1848 3043
47 97 106 123 1473

581 92 652 120 CUM
670 91 810 119 MANETE
833 90 1101 118 llAZliESlAliClM.

1582 88 1652 116 ΜΗ

44 156 134 185 dinem,
149 152 192 186 qui
208 152 275 178 inter
288 151 378 186 justos
393 156 590 179 enumerantur
606 152 674 185 (42),
691 159 751 178 eum
772 151 813 177 lex
830 155 851 181 Α
867 150 974 185 piamus
988 158 1018 176 ex
1037 149 1089 182 his,
1103 156 1195 176 eorum
1208 156 1268 183 qurc
1283 147 1381 174 habere
1392 152 1418 174 te
1429 147 1508 181 dicis;
1525 152 1554 174 ut
1565 149 1586 174 si
1601 150 1657 176 ha‘c

44 208 90 228 non
101 204 167 226 esset
177 197 271 233 Moysi,
290 206 351 224 cum
369 198 508 232 prophetae
528 198 618 224 oborti
640 205 693 224 non
713 202 815 229 essent,

45 254 87 273 nec
98 244 240 279 prophetia:
254 252 355 270 munus
369 244 545 278 implessent?
556 243 650 270 Nonne
664 243 731 277 justi
753 243 817 269 elle-

43 292 74 318 cti
88 295 193 318 suntex
208 297 239 315 eo
250 290 322 324 quod
339 290 422 323 legem
442 289 590 324 implebant
608 298 615 316 :
637 299 646 314 (
666 289 817 316 Ostendens

44 334 223 368 unusquisque
237 341 331 360 eorum
342 341 410 367 opus
424 334 491 368 legis
506 335 635 368 scriptum
651 334 707 369 (45)
723 335 748 360 in
760 342 818 361 cor-

42 380 113 407 dibus
132 379 202 411 suis,
230 379 414 405 testimonium
436 379 565 406 reddente
587 380 627 407 cis
649 380 817 407 conscientia

43 433 85 453 sua
100 425 137 452 “'1’
155 434 164 450 ι
181 425 248 451 Cum
265 425 336 451 enim
351 425 412 460 quis
427 425 512 460 legem
528 433 580 452 non
596 426 714 458 habens,
737 432 818 453 natu-

43 471 135 502 raliter,
152 478 211 504 qua:
230 470 296 505 legis
313 475 386 503 sunt,
406 470 489 504 facit;
512 470 556 497 hic
580 471 664 506 legem
690 479 743 498 non
769 472 818 498 lia-

42 517 110 549 bcus,
124 517 179 550 ipse
195 516 246 544 sibi
265 521 306 543 est
322 517 374 543 lex.
392 516 424 543 Et
440 517 545 544 intuere
561 517 760 544 multitudinem
780 517 818 544 lc-

44 570 98 596 gum
114 569 159 596 per
170 561 289 596 singulos
309 562 399 596 justos
412 582 419 593 ,
437 563 482 596 qui
501 562 577 589 ’benc
595 563 710 598 agebant
734 563 817 589 vitam

43 615 124 640 suam,
138 615 209 634 nunc
224 615 255 634 cx
274 608 427 643 semetipsis
450 608 620 642 proferentcs
644 609 670 634 in
689 609 818 636 cordibus

42 654 93 680 suis
108 653 213 680 insitam
233 653 278 680 Dei
297 654 393 688 legem,
410 662 483 681 nunc
497 662 511 680 a
526 654 644 689 propriis
661 655 819 689 parentibus

42 699 200 734 inquirentes
215 721 222 733 ,
246 700 393 734 aliquanth
416 701 497 727 etiam
515 700 549 726 ab
568 700 769 734 antiquioribus
793 705 820 727 ct

41 745 185 772 senioribus
200 745 381 772 addiscentes.
397 745 501 772 'V'erum
517 746 580 780 quia
592 745 671 780 pauci
687 752 734 779 per
747 746 820 772 lumc

41 790 142 816 modum
160 790 216 825 (ii)
229 795 353 824 poterant
367 790 399 817 ad
412 790 525 825 iustitiae
540 790 646 817 culmen
662 790 818 823 ascendere,

42 835 129 867 idest,
150 843 198 869 per
221 839 362 869 parentum
386 835 562 868 traditiones,
586 835 658 861 nulla
680 835 707 861 in
726 835 821 862 litteris

40 880 91 915 lege
103 880 254 915 conscripta
269 889 276 913 ;
295 880 440 908 miseratus
457 886 498 908 est
520 881 590 908 Deus
605 881 753 907 humanum
777 888 821 915 ge-

40 934 95 957 nus,
107 931 133 952 et
146 926 275 960 scriptam
289 927 373 961 legem
386 935 434 962 per
444 927 552 962 Moysen
568 927 652 953 voluit
665 927 821 954 hominibus

39 971 108 1002 dare,
127 972 256 1006 quoniam
282 972 391 1006 quidem
419 980 471 999 non
496 973 618 1007 apprime
642 971 668 998 in
694 972 822 999 cordibus

40 1025 127 1043 eorum
144 1017 277 1044 naturalis
292 1017 359 1052 legis
376 1018 491 1052 a3quitas
504 1017 680 1044 retinebatur.
695 1017 821 1044 Consona

38 1064 114 1098 igitur
130 1064 224 1098 prima?
239 1064 370 1091 creationi
386 1064 511 1090 humanae
538 1064 566 1090 lit
585 1064 610 1089 in
626 1063 720 1090 litteris
742 1063 823 1098 legis-

40 1110 98 1136 latio
110 1129 117 1141 ,
138 1117 199 1144 qua:
215 1117 262 1144 per
275 1108 384 1144 Moysen
399 1109 479 1136 datur
492 1109 587 1135 salutis
600 1116 682 1135 causa
696 1109 823 1143 plurimo-

37 1163 102 1182 rum.
118 1155 146 1182 Si
167 1157 241 1182 enim
266 1155 434 1182 :estimamus
455 1155 593 1182 hominem
614 1155 673 1181 sine
696 1155 823 1189 operibus

39 1201 99 1236 legis
115 1201 270 1236 justiticari,
291 1206 318 1228 ct
339 1201 476 1228 Abraham
501 1206 640 1236 reputattts
661 1206 702 1228 cst
721 1201 822 1235 justus;

37 1251 134 1280 quanto
148 1246 238 1280 magis
255 1246 272 1272 ii
283 1246 329 1281 qui
347 1245 553 1280 adimpleverint
568 1245 667 1279 legem,
683 1244 824 1271 continen-

39 1297 87 1318 tem
100 1300 131 1319 ea
146 1300 209 1326 qua:
224 1291 380 1319 hominibus
397 1291 554 1325 expediunt,
569 1290 703 1325 justitiam
720 1296 814 1316 conse-

38 1337 168 1370 quentur?
185 1336 220 1363 Et
236 1337 365 1372 quoniam
381 1336 462 1362 trium
479 1336 650 1362 solummodo
665 1342 821 1362 sermonum

39 1382 196 1410 mentionem
227 1382 336 1415 fecisti,
357 1381 391 1408 de
418 1382 518 1416 quibus
540 1381 686 1416 Apostolus
712 1381 780 1407 dixit
816 1390 821 1408 :

40 1437 48 1453 ι
63 1428 240 1456 Ministerium
256 1430 352 1456 mortis
368 1429 524 1463 esselegem
540 1428 574 1459 5°,
593 1437 601 1452 ι
618 1431 645 1454 et
661 1436 670 1452 ι
685 1426 823 1454 Christum

38 1475 180 1502 redemisse
195 1483 248 1502 nos
271 1475 303 1502 de
326 1474 471 1501 maledicto
500 1473 568 1508 legis
588 1473 626 1506 °‘,
646 1477 673 1500 et
693 1473 821 1508 quoniam

39 1531 47 1546 ι
66 1521 154 1549 Virtus
169 1522 275 1556 peccati
290 1526 331 1549 est
348 1521 390 1548 lex
409 1521 451 1554 H;
479 1530 488 1546 ι
511 1521 580 1548 adde
603 1521 691 1548 adhuc
706 1541 713 1553 ,
735 1525 761 1548 et
782 1521 825 1548 die

36 1572 245 1602 quantacunque
267 1567 315 1594 tibi
340 1567 466 1594 videntur
490 1567 619 1594 adversus
649 1567 734 1602 legem
766 1575 826 1594 esse

37 1614 201 1649 conscripta.

68 1659 163 1686 XXIX.
182 1659 276 1686 Manes
289 1660 357 1686 dixit
376 1669 386 1687 :
403 1660 500 1687 Annon
516 1659 586 1686 idem
602 1663 658 1692 est,
681 1659 753 1694 quod
780 1658 823 1686 Je~

36 1713 79 1732 sus
91 1705 124 1732 ad
135 1705 287 1740 discipulos
298 1706 398 1739 aiebat,
415 1706 571 1733 incredulos
583 1713 630 1733 eos
641 1713 701 1733 esse
713 1706 827 1732 demon-

36 1755 147 1778 strans:
167 1760 177 1777 ‹
199 1751 255 1779 Vos
268 1759 300 1778 ex
316 1757 390 1786 patre
413 1752 521 1779 diabolo
538 1753 620 1785 estis,
645 1756 672 1779 et
693 1753 825 1779 desideria

36 1797 117 1829 patris
139 1797 225 1824 vestri
241 1796 330 1824 lacere
345 1797 428 1825 vultis
444 1797 479 1822 “‘I
505 1807 514 1823 ι
540 1797 597 1825 lloc
623 1798 715 1832 utique
740 1798 825 1829 dicit,

36 1841 97 1875 quia
113 1848 220 1876 quanta
233 1842 350 1870 voluerit
363 1843 497 1878 malignus
511 1844 635 1878 princeps
651 1843 733 1878 hujus
747 1851 828 1870 muti-

36 1889 72 1923 di,
82 1894 109 1917 et
117 1894 224 1925 quanta
237 1889 441 1923 desideraverit,
455 1898 502 1925 per
514 1890 623 1926 Moysen
642 1890 792 1925 scripserit,
801 1895 827 1918 et

34 1934 139 1962 dederit
158 1934 319 1962 hominibus
332 1935 464 1962 iacienda.
494 1945 503 1960 ι
528 1936 574 1963 ille
596 1936 668 1962 enim
691 1935 827 1962 homicida

36 1985 76 2007 est
89 1981 124 2008 ab
133 1980 227 2013 initio,
236 1986 261 2008 et
276 1981 301 2007 in
319 1982 431 2008 veritate
445 1989 497 2008 non
514 1982 600 2015 stetit,
611 1981 740 2016 quoniam
753 1982 827 2008 γει-1η

32 2031 72 2052 las
88 2026 116 2053 in
141 2034 176 2054 eo
195 2035 251 2054 non
271 2031 329 2060 est;
352 2035 414 2054 cum
435 2027 556 2062 loquitur
578 2028 747 2055 mendacium
762 2048 769 2060 ,
794 2027 828 2054 de

32 2073 88 2100 suis
104 2075 228 2109 propriis
248 2074 368 2108 loquitur
386 2075 516 2108 quoniam
534 2076 650 2102 mendax
668 2080 729 2107 est,
757 2076 827 2102 sicut

30 2124 56 2146 et
72 2125 151 2154 pater
165 2120 230 2155 cjus
243 2120 277 2147 “.
293 2129 302 2145 ι
318 2120 460 2147 Archelaus
472 2121 540 2147 dixit
554 2128 563 2147 :
580 2121 683 2148 Sullicit
695 2121 741 2148 tibi
757 2121 825 2152 haec,

869 200 941 223 recte
955 196 1043 230 posita
1059 195 1161 221 fuerint
1174 195 1292 225 inventa,
1312 194 1392 219 etiam
1413 194 1517 228 reliqua
1533 201 1595 220 cum
1615 194 1657 221 his

868 246 1103 269 annumerentur:
1122 241 1164 267 sin
1183 240 1289 272 minus,
1310 247 1357 266 ero
1373 247 1422 273 ego
1439 239 1575 266 obnoxius
1595 246 1659 266 seu—

869 287 959 314 tentice
972 286 1108 321 judicum,
1126 285 1152 312 id
1168 284 1219 317 est,
1235 285 1298 312 victi
1313 284 1487 318 ignominiam
1500 283 1595 310 feram.
1611 283 1660 311 Ais

868 340 932 367 ergo
948 332 1128 359 ministerium
1145 331 1239 358 mortis
1255 338 1315 357 esse
1337 330 1421 364 legem
1432 351 1439 362 ,
1461 334 1488 356 et
1505 330 1657 364 principem

869 379 952 413 hujus
970 378 1063 405 mundi
1077 382 1202 408 mortem,
1223 384 1337 411 regnare
1352 376 1386 403 ab
1409 376 1493 402 Adam
1517 383 1603 410 usque
1624 375 1659 402 ad

869 423 998 458 Moysen;
1013 423 1144 457 scriptum
1159 427 1202 449 est
1215 422 1286 449 enim
1308 431 1314 448 :
1330 430 1338 446 ι
1357 423 1385 447 1ιι
1398 429 1445 448 eos
1459 422 1505 456 qui
1526 429 1579 448 non
1601 420 1657 456 (45)

868 473 1048 503 peccaverunt
1063 468 1096 494 ⁵⁸.
1118 477 1126 493 ι
1145 467 1235 493 Manes
1253 467 1322 493 dixit
1335 475 1344 493 :
1362 466 1433 501 Ergo
1449 474 1523 493 m0rs
1538 465 1661 501 regnavit

870 514 928 541 sine
945 513 1037 547 dubio,
1055 514 1118 548 quia
1136 513 1253 540 dualitas
1266 517 1317 545 est,
1332 521 1381 540 nec
1395 514 1482 544 aliter,
1502 513 1552 540 nisi
1568 517 1660 540 essent

870 559 1001 594 ingenita.
1029 559 1174 586 Archelaus
1198 559 1268 585 dixit
1296 567 1304 585 .'
1328 559 1361 586 Et
1380 559 1516 593 quomodo
1540 559 1660 594 ingenita

870 612 945 632 mors
962 609 1036 631 certo
1052 613 1084 631 ex
1102 611 1222 639 tempore
1246 605 1320 640 regni
1341 604 1424 631 sumit
1445 603 1607 631 exordium?
1625 604 1659 632 ab

869 650 956 677 Adam
971 651 1054 682 enim,
1070 650 1168 685 inquit.
1186 654 1212 677 el
1224 658 1278 678 non
1292 650 1360 677 dixit
1377 655 1439 676 ante
1452 649 1548 676 Adam.
1565 649 1658 676 Mune;

870 697 939 722 dia‘it
954 705 962 723 :
978 695 1121 728 Quomodo
1137 702 1211 726 vero.
1231 700 1258 722 et
1269 696 1422 730 justorum,
1439 699 1465 722 et
1486 700 1659 730 peccatorum

870 743 1021 770 obtinuerit
1044 750 1155 778 regnum
1179 742 1272 769 dicito.
1296 741 1440 768 Archelaus
1465 743 1532 768 diin
1554 750 1563 768 :
1587 742 1658 768 Cum

871 789 947 823 prius
962 788 1105 816 confessus
1120 787 1215 819 fueris,
1227 788 1289 823 quia
1304 795 1318 815 a
1336 795 1464 820 tempore.
1477 793 1503 815 et
1513 796 1566 815 non
1579 793 1656 815 Μαι·-

873 834 955 861 nitate
972 834 1103 869 regnavit,
1121 838 1176 860 tum
1193 834 1291 861 dicam.
1310 833 1401 860 Manes
1414 834 1482 860 dixit
1499 843 1507 860 :
1523 834 1658 868 Scriptum

872 885 913 907 est
929 880 990 911 hoe,
1006 880 1068 914 quia
1090 889 1098 904 ι
1126 880 1160 906 ab
1181 879 1267 906 Adam
1290 888 1373 914 usque
1393 880 1424 906 ad
1448 880 1539 907 Mosen
1562 888 1659 916 regna~

873 926 910 952 vit
922 927 954 952 ⁵ο.
976 936 984 951 ι
1005 926 1148 953 Archelaus
1164 926 1230 953 dixit
1248 935 1257 953 :
1272 926 1342 960 Ergo
1352 932 1375 953 et
1390 927 1468 953 linem
1484 927 1574 960 habet,
1589 927 1661 962 quod

877 971 959 1005 cmpit
974 979 1006 998 ex
1023 976 1142 1006 tempore
1158 971 1225 1006 (46);
1239 975 1265 997 et
1279 980 1373 998 verum
1388 977 1430 999 est
1447 972 1510 999 illud
1526 974 1597 1007 quod
1618 974 1661 1000 di-

873 1020 946 1043 ctum
963 1021 1014 1048 cst,
1035 1017 1098 1051 quia
1120 1026 1129 1042 ‹
1147 1017 1274 1051 absorpta
1288 1022 1329 1044 est
1344 1025 1416 1044 mors
1429 1018 1455 1044 in
1472 1019 1585 1045 victoria
1600 1020 1632 1047 ⁵⁷.
1649 1028 1659 1045 ι

874 1063 961 1090 Etiam
993 1063 1111 1098 ingenita
1131 1071 1184 1089 non
1206 1063 1276 1094 erit,
1303 1071 1362 1098 quae
1382 1068 1408 1090 et
1427 1064 1534 1091 initium
1563 1065 1662 1092 habere

874 1113 1052 1140 monstratur,
1069 1114 1095 1135 et
1110 1108 1201 1135 finem.
1219 1108 1310 1135 Manes
1325 1109 1392 1135 dixit
1405 1117 1414 1135 :
1430 1109 1502 1137 Deus
1519 1118 1583 1144 ergo
1602 1118 1661 1136 eam

874 1154 947 1181 fecit.
966 1154 1112 1181 Archelaus
1129 1155 1197 1181 dixit
1215 1163 1223 1180 :
1240 1154 1426 1190 Nequaquam,
1444 1156 1515 1182 absit
1536 1165 1542 1182 :
1561 1165 1570 1181 ‹
1591 1155 1662 1183 Deus

873 1201 946 1227 enim
962 1205 1077 1228 mortem
1095 1209 1149 1228 non
1167 1201 1239 1233 fecit,
1262 1209 1311 1228 nec
1335 1202 1440 1228 lmtatur
1461 1202 1487 1228 in
1510 1202 1662 1236 perditione.

873 1246 997 1273 vivorum
1011 1247 1044 1273 ⁵⁸.
1066 1255 1075 1272 ι
1095 1246 1186 1273 Manes
1208 1247 1277 1274 dixit
1297 1254 1306 1272 .'
1325 1246 1397 1274 Deus
1417 1255 1476 1274 eam
1501 1255 1555 1274 non
1582 1247 1661 1279 fecit;

875 1293 944 1320 facta
960 1298 1049 1319 tamen
1064 1297 1114 1326 est,
1130 1298 1160 1320 ut
1175 1294 1216 1320 ais
1233 1303 1240 1320 :
1256 1302 1271 1321 a
1289 1302 1343 1328 quo
1359 1294 1494 1329 acceperit
1507 1295 1662 1329 imperium,

874 1339 916 1367 vel
930 1341 1010 1374 a’quo
1023 1344 1114 1366 creata
1131 1340 1175 1372 sit,
1193 1340 1285 1366 dicito.
1303 1340 1447 1367 Archelaus
1460 1341 1528 1367 dixit
1542 1349 1551 1367 :
1568 1340 1596 1368 Si
1611 1341 1663 1368 hoc

876 1385 1032 1419 plenissime
1058 1384 1220 1416 ostendero,
1244 1386 1316 1419 quod
1333 1386 1514 1413 substantiam
1537 1386 1664 1421 ingenitae

876 1435 980 1457 naturae
992 1438 1066 1457 mors
1082 1430 1181 1457 habere
1198 1438 1251 1457 non
1269 1432 1363 1465 possit,
1380 1439 1470 1459 nonne
1492 1433 1663 1460 conﬁteberis

877 1485 960 1504 unum
978 1477 1060 1505 Deum
1077 1485 1147 1510 esse,
1163 1482 1190 1504 et
1207 1477 1280 1505 hunc
1293 1477 1455 1512 ingenitum?
1467 1477 1558 1505 Manes
1569 1479 1637 1505 dixit
1654 1487 1664 1505 .-

878 1523 1011 1557 Loquere,
1028 1523 1164 1550 subtiliter
1178 1523 1249 1550 enim
1261 1523 1302 1550 vis
1319 1524 1424 1558 discere
1440 1524 1506 1559 (47).
1520 1525 1663 1552 Archelaus

875 1568 967 1596 dixit:
991 1569 1060 1602 Quia
1078 1573 1107 1596 tu
1125 1569 1207 1596 verba
1231 1569 1275 1596 illa
1297 1569 1333 1596 ita
1357 1570 1514 1604 protulisti,
1534 1574 1663 1605 tanquam

877 1615 924 1642 tibi
948 1615 1111 1650 proficerent
1135 1616 1167 1643 ad
1193 1616 1376 1643 ostensionem
1398 1617 1522 1651 ingenitae
1540 1617 1662 1650 radicis;

877 1661 1112 1689 sullieiunttamcn
1127 1662 1207 1689 nobis
1215 1667 1240 1689 et
1251 1670 1282 1689 ea
1297 1669 1357 1696 qua!
1371 1670 1452 1696 supra
1466 1667 1578 1690 tractata
1588 1667 1663 1696 sunt,

877 1707 903 1734 in
919 1707 1019 1742 quibus
1034 1708 1191 1742 plenissime
1208 1708 1396 1739 ostendimus,
1415 1708 1584 1743 impossibile
1603 1717 1664 1736 esse

877 1753 993 1780 duarum
1008 1759 1071 1781 natu
1078 1762 1168 1781 rarum
1181 1754 1362 1790 ingenitarum
1371 1754 1502 1782 exsistere
1509 1762 1589 1789 posse
1601 1755 1667 1781 sult-

877 1799 1000 1826 stantias.
1479 1806 1481 1808 -

911 1844 996 1871 XXX.
1011 1844 1118 1872 Judices
1133 1846 1259 1872 dixerunt
1281 1854 1289 1872 :
1304 1845 1351 1872 D'c
1368 1845 1400 1872 ad
1427 1854 1457 1872 ea
1472 1866 1479 1878 ,
1505 1854 1566 1880 (prie
1582 1854 1668 1881 nuper

877 1891 1040 1925 proposuit,
1063 1891 1206 1919 Archelae.
1231 1891 1376 1918 Archelaus
1392 1892 1459 1918 dixit
1486 1899 1494 1918 :
1513 1891 1666 1926 Principem

854 1950 862 1958 ι
878 1936 981 1968 mundi,
998 1940 1025 1963 et
1041 1937 1200 1972 malignum,
1214 1943 1240 1964 et
1256 1937 1391 1970 tenebras,
1403 1942 1431 1963 et
1451 1942 1567 1964 mortem
1582 1946 1668 1964 unum

877 1983 1057 2017 eumdcmque
1069 1990 1129 2010 esse
1143 1983 1219 2015 dicit,
1235 1984 1375 2018 legemque
1390 1984 1423 2010 ab
1441 1992 1473 2010 eo
1485 1984 1589 2017 datam,
1602 1993 1666 2019 pro—

878 2034 936 2063 pter
953 2029 1004 2056 hoc
1022 2029 1093 2063 quod
1110 2030 1240 2064 scriptum
1263 2033 1306 2056 est
1333 2038 1339 2055 :
1363 2039 1371 2054 ι
1396 2029 1576 2056 Ministcrium
1595 2038 1668 2057 mor-

879 2075 914 2101 tis
927 2075 961 2106 ⁵⁵³,
981 2084 990 2100 ι
1008 2078 1043 2101 ct'
1057 2075 1159 2109 reliqua
1178 2083 1238 2109 qua:
1259 2074 1367 2109 obiecit.
1381 2074 1529 2107 Quoniam,
1544 2076 1666 2109 inquam,

879 2121 957 2156 (48),
989 2122 1060 2149 sicut
1090 2122 1214 2156 superius
1241 2121 1380 2153 diximus,
1408 2121 1543 2147 malorum
1569 2129 1669 2148 metue-

31 2168 174 2198 sunt,‘,an
192 2166 277 2193 habes
289 2169 316 2193 et
328 2166 458 2200 alia,quae
472 2167 560 2194 dicas?
570 2166 663 2193 Manes
678 2167 758 2193 dixit:
776 2166 827 2194 Πη-
844 2181 865 2207 D
877 2169 925 2195 τίω
950 2168 991 2194 lex
1012 2175 1066 2194 non
1090 2168 1232 2202 diligenter
1256 2167 1390 2199 haerebat,
1411 2168 1511 2202 scripta
1536 2169 1667 2195 naturali-

29 2211 80 2239 beo
93 2213 211 2248 quidem
221 2213 316 2245 multa,
328 2217 354 2239 et
370 2213 466 2239 horum
476 2213 589 2248 majora;
601 2213 648 2241 sed
660 2213 703 2240 his
713 2218 826 2241 conten-

31 2262 74 2287 tus
90 2259 316 2288 cro.‘Ar:helaus
328 2260 419 2287 dixit:
442 2259 602 2295 Exemplum
627 2260 730 2288 scilicet
753 2261 825 2287 acci»

357 2321 380 2335 ⁶⁰
402 2319 422 2346 11
440 2319 502 2346 Cor.
518 2327 559 2350 Ill,
577 2320 603 2346 7.

437 2355 460 2370 ⁵⁷
478 2354 488 2380 l
508 2354 571 2381 Cor.
591 2363 636 2387 xv,
656 2355 700 2382 5.5.

63 2319 86 2335 δί’
105 2320 190 2346 “om.
209 2327 237 2350 ll,
253 2320 296 2347 15.

31 2354 54 2370 ⁵⁵
70 2354 154 2382 liom.
169 2363 198 2388 ν,
213 2355 255 2382 li.
294 2355 316 2370 "
334 2356 402 2382 lbitl.

64 2425 123 2460 (4⁵2)
142 2423 173 2451 In
193 2424 287 2452 codice
303 2424 458 2451 Casinensi.
476 2433 484 2449 ι
500 2424 547 2459 qui
563 2433 612 2460 per
629 2425 764 2458 ordinem,
780 2425 826 2459 qui

28 2461 220 2494 intcr'justos.
239 2469 247 2484 ι

63 2493 123 2530 (45)
151 2495 181 2521 In
195 2495 290 2521 eodem
304 2493 396 2521 codice
413 2494 552 2527 scribitur,
573 2503 582 2520 ι
600 2502 668 2529 opus
682 2495 748 2530 legis
760 2495 828 2522 scri-

47 2536 119 2558 tura.
142 2540 151 2555 ι

142 2540 191 2601 ita
205 2564 312 2590 videtur
334 2563 487 2598 legentium,
506 2564 567 2601 licet
589 2564 615 2590 in
640 2564 732 2592 codice
749 2563 827 2592 Casi-

28 2599 108 2627 nensi
124 2599 276 2632 scribatur,
294 2608 302 2624 (
325 2607 372 2633 per
388 2600 459 2626 hunc
475 2600 617 2626 mundum.
639 2609 648 2624 ι

65 2635 126 2669 (45)
147 2634 270 2661 [renuens
283 2641 391 2668 quoque
406 2634 453 2660 lib.
473 2642 504 2660 ιιι
523 2635 587 2660 Adv.
613 2634 740 2666 Izwrescs,
763 2642 822 2669 cap.

28 2670 73 2701 '20,
90 2678 158 2697 cum
181 2669 315 2704 particula
337 2669 461 2704 negativa
476 2670 568 2696 laudat
594 2669 667 2696 hunc
691 2669 721 2696 Ι).
748 2669 826 2696 Pauli

28 2707 122 2733 locum
144 2714 152 2731 :
174 2703 248 2731 unde
260 2708 332 2738 patet
347 2703 378 2730 D.
392 2703 572 2738 Augustinum
591 2704 616 2731 in
633 2705 703 2731 libro
717 2704 755 2731 De
765 2713 826 2739 pec-

28 2746 82 2768 cat.
93 2740 245 2774 meritisﬁet
260 2739 375 2771 remiss.,
391 2739 463 2770 lib.r,
479 2747 538 2774 cap.
555 2740 598 2770 Η,
617 2745 687 2766 recte
701 2741 825 2767 censuis-

28 2784 67 2807 se,
85 2776 123 2802 ita
141 2775 178 2801 ad
196 2773 351 2809 Graecorum
369 2774 493 2801 codicum
506 2774 585 2801 tidem
599 2775 741 2809 legendum
754 2783 824 2806 esse,

28 2811 93 2838 licet
110 2811 140 2837 in
160 2808 261 2842 majori
276 2808 434 2835 Latinorum
451 2810 574 2837 codicum
588 2808 663 2844 parte
681 2811 738 2836 sine
764 2818 825 2844 par-

656 2321 678 2339 "
701 2320 759 2347 Gal.
788 2327 830 2351 In,
846 2319 890 2346 15.
945 2319 967 2334 ⁸³
982 2319 991 2344 l
1008 2319 1069 2345 Cor.
1083 2326 1128 2349 xv,
1143 2319 1188 2345 56.

656 2355 700 2382 5.5.
739 2355 762 2370 ⁸⁸
777 2354 840 2390 Sap.
864 2363 883 2387 I,
905 2355 948 2381 15.
984 2354 1007 2370 στ’
1025 2353 1046 2379 ll
1061 2352 1126 2381 Cor.
1147 2361 1188 2385 ιιι,
1207 2354 1232 2380 7.

879 2219 920 2241 ter
940 2214 967 2241 in
983 2214 1110 2241 cordibus
1126 2221 1219 2240 eorum
1242 2213 1275 2246 6°;
1291 2221 1380 2247 neque
1396 2213 1466 2248 apud
1479 2214 1600 2241 seniores
1611 2220 1670 2241 erat

880 2259 947 2287 satis
957 2258 1036 2286 ﬁrma
1052 2259 1171 2291 traditio,
1191 2267 1253 2286 cum
1268 2259 1308 2286 eis
1322 2259 1430 2286 inimica
1446 2266 1553 2294 semper
1565 2268 1669 2288 memo-

945 2319 967 2334 “
982 2318 991 2344 l
1008 2319 1069 2345 Cor.
1083 2326 1128 2349 xv,
1143 2318 1188 2345 56.
1244 2319 1267 2334 ⁸³
1281 2318 1360 2345 Joan.
1378 2326 1438 2349 rm,
1450 2318 1495 2344 Μ.
1551 2319 1575 2335 ⁵⁸
1601 2319 1667 2347 Ibid.

1270 2354 1292 2369 ⁶⁰
1316 2353 1395 2380 Rom.
1415 2361 1446 2385 ιι,
1471 2353 1512 2380 15.

878 2424 958 2451 ticula
975 2424 1100 2458 negativa
1125 2424 1269 2459 legeretur.
1290 2423 1366 2450 lianc
1386 2427 1493 2459 tamen“
1504 2428 1668 2457 postremam

877 2457 1023 2486 lectionem
1033 2459 1126 2486 multis
1145 2457 1284 2486 contendit
1299 2467 1390 2486 veram
1402 2466 1463 2485 esse
1474 2457 1592 2486 llilarius
1610 2460 1671 2485 dia-

876 2502 963 2521 conus
985 2495 1011 2520 in
1039 2494 1242 2521 commentariis
1265 2494 1298 2521 ad
1324 2502 1385 2521 eum
1413 2493 1488 2519 Pauli
1515 2494 1603 2520 locum
1626 2495 1668 2520 in-

876 2534 918 2556 tct'
934 2528 965 2554 D.
983 2529 1121 2555 Ambrosii
1139 2529 1226 2564 Opera
1243 2539 1249 2556 :
1263 2530 1308 2556 sed
1324 2529 1382 2563 ejus
1394 2529 1560 2564 opinionem,
1577 2534 1670 2563 utpote

876 2564 1000 2598 originali
1030 2569 1141 2598 peccato
1166 2563 1357 2591 adversantem
1372 2584 1378 2593 .
1406 2563 1502 2594 reiecit
1524 2564 1645 2590 Ecclesia
1660 2583 1669 2596 ,

876 2607 936 2635 qua:
957 2599 1156 2635 probatamyD,
1169 2599 1322 2633 Augustino
1344 2600 1485 2626 lectionem
1511 2600 1538 2625 in
1564 2598 1670 2635 Latinis

877 2633 985 2670 quoque
997 2641 1082 2661 sacra:
1099 2633 1247 2669 Scripturte
1260 2635 1400 2662 codicibus
1420 2635 1473 2660 huc
1494 2641 1581 2669 usque
1603 2633 1669 2661 reti-

877 2669 947 2696 nuit.

914 2703 969 2739 (46)
989 2703 1016 2730 ln
1033 2704 1126 2732 codice
1138 2704 1281 2732 Casinensi
1297 2705 1441 2732 Inanil‘esto
1456 2712 1550 2733 errore
1569 2703 1668 2732 scribi—

879 2745 933 2767 tur.
956 2750 965 2763 ι
980 2739 1104 2773 exemplo
1116 2747 1154 2766 re.
1171 2749 1180 2765 ι

915 2773 971 2808 (ft?)
987 2773 1124 2807 Fortasse,
1143 2784 1152 2799 ι
1170 2775 1269 2802 dicere.
1293 2785 1302 2801 ι

915 2808 971 2844 (48)
990 2808 1017 2835 lu
1034 2809 1128 2837 codice
1143 2810 1282 2837 Casinensi
1296 2814 1376 2842 male,
1399 2820 1407 2835 ι
1427 2811 1558 2845 iniquam.
1583 2819 1593 2835 ι
