  <div class='ocr_page' id='page_1' title='image "/cluster/home/n/w/nwhite01/storage/ocr_20150623/10/njp.32101077772406/811.png"; bbox 0 0 1848 3043; ppageno 0'>
   <div class='ocr_carea' id='block_1_1' title="bbox 202 74 272 102">
    <p class='ocr_par' dir='ltr' id='par_1_1' title="bbox 202 74 272 102">
     <span class='ocr_line' id='line_1_1' title="bbox 202 74 272 102; baseline -0.029 0"><span class='ocrx_word' id='word_1_1' title='bbox 202 74 272 102; x_wconf 76' lang='lat'><strong>“75</strong></span> 
     </span>
    </p>
   </div>
   <div class='ocr_carea' id='block_1_2' title="bbox 200 135 620 171">
    <p class='ocr_par' dir='ltr' id='par_1_2' title="bbox 200 135 620 171">
     <span class='ocr_line' id='line_1_2' title="bbox 200 135 620 171; baseline -0.002 -8"><span class='ocrx_word' id='word_1_2' title='bbox 200 136 249 163; x_wconf 72' lang='lat' dir='ltr'><strong>rite</strong></span> <span class='ocrx_word' id='word_1_3' title='bbox 265 135 418 163; x_wconf 63' lang='lat' dir='ltr'><strong>inhaesisset</strong></span> <span class='ocrx_word' id='word_1_4' title='bbox 432 135 600 171; x_wconf 64' lang='lat' dir='ltr'><strong>oblivio‘(49)</strong></span> <span class='ocrx_word' id='word_1_5' title='bbox 614 145 620 167; x_wconf 84' lang='lat'><strong>;</strong></span> 
     </span>
    </p>
   </div>
   <div class='ocr_carea' id='block_1_3' title="bbox 199 181 993 218">
    <p class='ocr_par' dir='ltr' id='par_1_3' title="bbox 199 181 993 218">
     <span class='ocr_line' id='line_1_3' title="bbox 199 181 993 218; baseline 0.003 -9"><span class='ocrx_word' id='word_1_6' title='bbox 199 189 215 209; x_wconf 85' lang='lat' dir='ltr'><strong>a</strong></span> <span class='ocrx_word' id='word_1_7' title='bbox 231 182 374 217; x_wconf 84' lang='lat' dir='ltr'><strong>magistro,</strong></span> <span class='ocrx_word' id='word_1_8' title='bbox 394 181 474 209; x_wconf 86' lang='lat' dir='ltr'><strong>aliter</strong></span> <span class='ocrx_word' id='word_1_9' title='bbox 494 189 509 208; x_wconf 93' lang='lat' dir='ltr'><strong>a</strong></span> <span class='ocrx_word' id='word_1_10' title='bbox 531 182 677 217; x_wconf 83' lang='lat' dir='ltr'><strong>semetipso</strong></span> <span class='ocrx_word' id='word_1_11' title='bbox 694 192 701 210; x_wconf 85' lang='lat'>:</span> <span class='ocrx_word' id='word_1_12' title='bbox 719 184 893 218; x_wconf 85' lang='lat' dir='ltr'><strong>perveniebat</strong></span> <span class='ocrx_word' id='word_1_13' title='bbox 914 184 993 211; x_wconf 84' lang='lat' dir='ltr'><strong>facile</strong></span> 
     </span>
    </p>
   </div>
   <div class='ocr_carea' id='block_1_4' title="bbox 200 228 994 265">
    <p class='ocr_par' dir='ltr' id='par_1_4' title="bbox 200 228 994 265">
     <span class='ocr_line' id='line_1_4' title="bbox 200 228 994 265; baseline 0.003 -10"><span class='ocrx_word' id='word_1_14' title='bbox 200 228 267 264; x_wconf 83' lang='lat' dir='ltr'><strong>legis</strong></span> <span class='ocrx_word' id='word_1_15' title='bbox 281 228 442 255; x_wconf 72' lang='lat' dir='ltr'><strong>naturaliter</strong></span> <span class='ocrx_word' id='word_1_16' title='bbox 459 228 567 263; x_wconf 55' lang='lat' dir='ltr'><strong>scriptae</strong></span> <span class='ocrx_word' id='word_1_17' title='bbox 586 229 776 263; x_wconf 84' lang='lat' dir='ltr'><strong>transgressio,</strong></span> <span class='ocrx_word' id='word_1_18' title='bbox 791 236 818 256; x_wconf 78' lang='lat' dir='ltr'><strong>et</strong></span> <span class='ocrx_word' id='word_1_19' title='bbox 837 238 869 257; x_wconf 80' lang='lat' dir='ltr'><strong>ex</strong></span> <span class='ocrx_word' id='word_1_20' title='bbox 890 238 994 265; x_wconf 72' lang='lat' dir='ltr'><strong>prawa-</strong></span> 
     </span>
    </p>
   </div>
   <div class='ocr_carea' id='block_1_5' title="bbox 199 274 992 308">
    <p class='ocr_par' dir='ltr' id='par_1_5' title="bbox 199 274 992 308">
     <span class='ocr_line' id='line_1_5' title="bbox 199 274 992 308; baseline 0.004 -8"><span class='ocrx_word' id='word_1_21' title='bbox 199 274 330 301; x_wconf 81' lang='lat' dir='ltr'><strong>ricatioue</strong></span> <span class='ocrx_word' id='word_1_22' title='bbox 349 274 538 301; x_wconf 83' lang='lat' dir='ltr'><strong>mandatorum</strong></span> <span class='ocrx_word' id='word_1_23' title='bbox 560 282 675 308; x_wconf 95' lang='lat' dir='ltr'><strong>regnum</strong></span> <span class='ocrx_word' id='word_1_24' title='bbox 698 282 773 302; x_wconf 87' lang='lat' dir='ltr'><strong>mors</strong></span> <span class='ocrx_word' id='word_1_25' title='bbox 790 275 816 301; x_wconf 89' lang='lat' dir='ltr'><strong>in</strong></span> <span class='ocrx_word' id='word_1_26' title='bbox 835 276 992 303; x_wconf 87' lang='lat' dir='ltr'><strong>hominibus</strong></span> 
     </span>
    </p>
   </div>
   <div class='ocr_carea' id='block_1_6' title="bbox 197 320 989 355">
    <p class='ocr_par' dir='ltr' id='par_1_6' title="bbox 197 320 989 355">
     <span class='ocr_line' id='line_1_6' title="bbox 197 320 989 355; baseline 0.004 -9"><span class='ocrx_word' id='word_1_27' title='bbox 197 320 347 353; x_wconf 74' lang='lat' dir='ltr'><strong>obtinebat;</strong></span> <span class='ocrx_word' id='word_1_28' title='bbox 364 320 553 355; x_wconf 82' lang='lat' dir='ltr'><strong>hujuscemodi</strong></span> <span class='ocrx_word' id='word_1_29' title='bbox 567 327 609 348; x_wconf 80' lang='lat' dir='ltr'><strong>est</strong></span> <span class='ocrx_word' id='word_1_30' title='bbox 627 321 700 348; x_wconf 89' lang='lat' dir='ltr'><strong>enim</strong></span> <span class='ocrx_word' id='word_1_31' title='bbox 725 329 812 354; x_wconf 81' lang='lat' dir='ltr'><strong>genus</strong></span> <span class='ocrx_word' id='word_1_32' title='bbox 834 322 989 354; x_wconf 86' lang='lat' dir='ltr'><strong>hominum,</strong></span> 
     </span>
    </p>
   </div>
   <div class='ocr_carea' id='block_1_7' title="bbox 197 366 990 402">
    <p class='ocr_par' dir='ltr' id='par_1_7' title="bbox 197 366 990 402">
     <span class='ocr_line' id='line_1_7' title="bbox 197 366 990 402; baseline 0.005 -11"><span class='ocrx_word' id='word_1_33' title='bbox 197 366 269 398; x_wconf 91' lang='lat' dir='ltr'><strong>quod</strong></span> <span class='ocrx_word' id='word_1_34' title='bbox 288 366 362 401; x_wconf 83' lang='lat' dir='ltr'><strong>virga</strong></span> <span class='ocrx_word' id='word_1_35' title='bbox 381 366 468 394; x_wconf 80' lang='lat' dir='ltr'><strong>ferrea</strong></span> <span class='ocrx_word' id='word_1_36' title='bbox 486 367 543 401; x_wconf 80' lang='lat' dir='ltr'><strong>regi</strong></span> <span class='ocrx_word' id='word_1_37' title='bbox 564 367 682 402; x_wconf 80' lang='lat' dir='ltr'><strong>indigeat</strong></span> <span class='ocrx_word' id='word_1_38' title='bbox 705 376 719 394; x_wconf 89' lang='lat' dir='ltr'><strong>a</strong></span> <span class='ocrx_word' id='word_1_39' title='bbox 740 367 805 394; x_wconf 84' lang='lat' dir='ltr'><strong>Deo.</strong></span> <span class='ocrx_word' id='word_1_40' title='bbox 831 367 990 395; x_wconf 80' lang='lat' dir='ltr'><strong>Exsultabat</strong></span> 
     </span>
    </p>
   </div>
   <div class='ocr_carea' id='block_1_8' title="bbox 195 413 989 448">
    <p class='ocr_par' dir='ltr' id='par_1_8' title="bbox 195 413 989 448">
     <span class='ocr_line' id='line_1_8' title="bbox 195 413 989 448; baseline 0.004 -10"><span class='ocrx_word' id='word_1_41' title='bbox 195 419 261 446; x_wconf 81' lang='lat' dir='ltr'><strong>ergo</strong></span> <span class='ocrx_word' id='word_1_42' title='bbox 274 419 358 444; x_wconf 88' lang='lat' dir='ltr'><strong>tuors,</strong></span> <span class='ocrx_word' id='word_1_43' title='bbox 375 417 401 438; x_wconf 89' lang='lat' dir='ltr'><strong>et</strong></span> <span class='ocrx_word' id='word_1_44' title='bbox 421 420 482 439; x_wconf 90' lang='lat' dir='ltr'><strong>cutn</strong></span> <span class='ocrx_word' id='word_1_45' title='bbox 498 413 572 439; x_wconf 90' lang='lat' dir='ltr'><strong>omni</strong></span> <span class='ocrx_word' id='word_1_46' title='bbox 591 417 723 448; x_wconf 81' lang='lat' dir='ltr'><strong>potestate</strong></span> <span class='ocrx_word' id='word_1_47' title='bbox 750 414 880 448; x_wconf 73' lang='lat' dir='ltr'><strong>regnabat</strong></span> <span class='ocrx_word' id='word_1_48' title='bbox 903 421 989 448; x_wconf 86' lang='lat' dir='ltr'><strong>usque</strong></span> 
     </span>
    </p>
   </div>
   <div class='ocr_carea' id='block_1_9' title="bbox 194 456 989 493">
    <p class='ocr_par' dir='ltr' id='par_1_9' title="bbox 194 456 989 493">
     <span class='ocr_line' id='line_1_9' title="bbox 194 456 989 493; baseline 0.003 -9"><span class='ocrx_word' id='word_1_49' title='bbox 194 457 228 484; x_wconf 86' lang='lat' dir='ltr'><strong>ad</strong></span> <span class='ocrx_word' id='word_1_50' title='bbox 243 456 363 492; x_wconf 84' lang='lat' dir='ltr'><strong>Moysen,</strong></span> <span class='ocrx_word' id='word_1_51' title='bbox 380 457 461 484; x_wconf 84' lang='lat' dir='ltr'><strong>etiam</strong></span> <span class='ocrx_word' id='word_1_52' title='bbox 478 458 504 484; x_wconf 93' lang='lat' dir='ltr'><strong>in</strong></span> <span class='ocrx_word' id='word_1_53' title='bbox 523 465 570 485; x_wconf 92' lang='lat' dir='ltr'><strong>eos</strong></span> <span class='ocrx_word' id='word_1_54' title='bbox 584 459 630 493; x_wconf 91' lang='lat' dir='ltr'><strong>qui</strong></span> <span class='ocrx_word' id='word_1_55' title='bbox 647 467 699 485; x_wconf 89' lang='lat' dir='ltr'><strong>nou</strong></span> <span class='ocrx_word' id='word_1_56' title='bbox 716 465 896 493; x_wconf 80' lang='lat' dir='ltr'><strong>peccaverant</strong></span> <span class='ocrx_word' id='word_1_57' title='bbox 907 480 915 492; x_wconf 90' lang='lat'><strong>,</strong></span> <span class='ocrx_word' id='word_1_58' title='bbox 938 460 989 487; x_wconf 85' lang='lat' dir='ltr'><strong>huc</strong></span> 
     </span>
    </p>
   </div>
   <div class='ocr_carea' id='block_1_10' title="bbox 195 502 988 540">
    <p class='ocr_par' dir='ltr' id='par_1_10' title="bbox 195 502 988 540">
     <span class='ocr_line' id='line_1_10' title="bbox 195 502 988 540; baseline 0.005 -12"><span class='ocrx_word' id='word_1_59' title='bbox 195 502 276 529; x_wconf 88' lang='lat' dir='ltr'><strong>tnodo</strong></span> <span class='ocrx_word' id='word_1_60' title='bbox 292 510 347 537; x_wconf 88' lang='lat' dir='ltr'><strong>qtto</strong></span> <span class='ocrx_word' id='word_1_61' title='bbox 360 503 490 535; x_wconf 70' lang='lat' dir='ltr'><strong>diximus;</strong></span> <span class='ocrx_word' id='word_1_62' title='bbox 505 511 587 538; x_wconf 81' lang='lat' dir='ltr'><strong>super</strong></span> <span class='ocrx_word' id='word_1_63' title='bbox 596 509 751 538; x_wconf 87' lang='lat' dir='ltr'><strong>peccatores</strong></span> <span class='ocrx_word' id='word_1_64' title='bbox 766 512 800 540; x_wconf 90' lang='lat' dir='ltr'><strong>qu</strong></span> <span class='ocrx_word' id='word_1_65' title='bbox 810 505 889 537; x_wconf 90' lang='lat' dir='ltr'><strong>idem,</strong></span> <span class='ocrx_word' id='word_1_66' title='bbox 905 506 988 532; x_wconf 78' lang='lat' dir='ltr'><strong>Veluti</strong></span> 
     </span>
    </p>
   </div>
   <div class='ocr_carea' id='block_1_11' title="bbox 195 548 984 584">
    <p class='ocr_par' dir='ltr' id='par_1_11' title="bbox 195 548 984 584">
     <span class='ocr_line' id='line_1_11' title="bbox 195 548 984 584; baseline 0.006 -11"><span class='ocrx_word' id='word_1_67' title='bbox 195 548 319 582; x_wconf 83' lang='lat' dir='ltr'><strong>proprius</strong></span> <span class='ocrx_word' id='word_1_68' title='bbox 333 548 438 583; x_wconf 78' lang='lat' dir='ltr'><strong>sibique</strong></span> <span class='ocrx_word' id='word_1_69' title='bbox 455 550 604 583; x_wconf 89' lang='lat' dir='ltr'><strong>subjectos,</strong></span> <span class='ocrx_word' id='word_1_70' title='bbox 621 550 692 577; x_wconf 89' lang='lat' dir='ltr'><strong>sicut</strong></span> <span class='ocrx_word' id='word_1_71' title='bbox 708 550 757 577; x_wconf 77' lang='lat' dir='ltr'><strong>fuit</strong></span> <span class='ocrx_word' id='word_1_72' title='bbox 771 550 838 577; x_wconf 87' lang='lat' dir='ltr'><strong>Cain</strong></span> <span class='ocrx_word' id='word_1_73' title='bbox 860 555 886 578; x_wconf 87' lang='lat' dir='ltr'><strong>et</strong></span> <span class='ocrx_word' id='word_1_74' title='bbox 903 550 984 584; x_wconf 83' lang='lat' dir='ltr'><strong>Juda;</strong></span> 
     </span>
    </p>
   </div>
   <div class='ocr_carea' id='block_1_12' title="bbox 193 593 986 630">
    <p class='ocr_par' dir='ltr' id='par_1_12' title="bbox 193 593 986 630">
     <span class='ocr_line' id='line_1_12' title="bbox 193 593 986 630; baseline 0.006 -11"><span class='ocrx_word' id='word_1_75' title='bbox 193 593 376 628; x_wconf 83' lang='lat' dir='ltr'><strong>superjuslos</strong></span> <span class='ocrx_word' id='word_1_76' title='bbox 398 602 462 621; x_wconf 89' lang='lat' dir='ltr'><strong>vero</strong></span> <span class='ocrx_word' id='word_1_77' title='bbox 476 599 584 629; x_wconf 80' lang='lat' dir='ltr'><strong>propter</strong></span> <span class='ocrx_word' id='word_1_78' title='bbox 603 595 666 626; x_wconf 85' lang='lat' dir='ltr'><strong>hoc,</strong></span> <span class='ocrx_word' id='word_1_79' title='bbox 684 595 756 630; x_wconf 89' lang='lat' dir='ltr'><strong>quod</strong></span> <span class='ocrx_word' id='word_1_80' title='bbox 771 603 825 623; x_wconf 88' lang='lat' dir='ltr'><strong>non</strong></span> <span class='ocrx_word' id='word_1_81' title='bbox 845 598 986 624; x_wconf 84' lang='lat' dir='ltr'><strong>consenti-</strong></span> 
     </span>
    </p>
   </div>
   <div class='ocr_carea' id='block_1_13' title="bbox 193 632 985 675">
    <p class='ocr_par' dir='ltr' id='par_1_13' title="bbox 193 632 985 675">
     <span class='ocr_line' id='line_1_13' title="bbox 193 632 985 675; baseline 0.006 -10"><span class='ocrx_word' id='word_1_82' title='bbox 193 644 252 666; x_wconf 89' lang='lat' dir='ltr'><strong>rent</strong></span> <span class='ocrx_word' id='word_1_83' title='bbox 264 632 300 671; x_wconf 66' lang='lat' dir='ltr'><strong>cii,</strong></span> <span class='ocrx_word' id='word_1_84' title='bbox 317 641 383 675; x_wconf 90' lang='lat' dir='ltr'><strong>qttin</strong></span> <span class='ocrx_word' id='word_1_85' title='bbox 400 642 489 675; x_wconf 88' lang='lat' dir='ltr'><strong>potius</strong></span> <span class='ocrx_word' id='word_1_86' title='bbox 509 642 682 675; x_wconf 75' lang='lat' dir='ltr'><strong>resisterent,</strong></span> <span class='ocrx_word' id='word_1_87' title='bbox 710 642 901 670; x_wconf 73' lang='lat' dir='ltr'><strong>absaindctttcs</strong></span> <span class='ocrx_word' id='word_1_88' title='bbox 917 651 933 670; x_wconf 93' lang='lat' dir='ltr'><strong>a</strong></span> <span class='ocrx_word' id='word_1_89' title='bbox 957 651 985 670; x_wconf 92' lang='lat' dir='ltr'><strong>se</strong></span> 
     </span>
    </p>
   </div>
   <div class='ocr_carea' id='block_1_14' title="bbox 193 685 984 723">
    <p class='ocr_par' dir='ltr' id='par_1_14' title="bbox 193 685 984 723">
     <span class='ocr_line' id='line_1_14' title="bbox 193 685 984 723; baseline 0.006 -12"><span class='ocrx_word' id='word_1_90' title='bbox 193 685 334 712; x_wconf 86' lang='lat' dir='ltr'><strong>libidinum</strong></span> <span class='ocrx_word' id='word_1_91' title='bbox 360 687 422 713; x_wconf 82' lang='lat' dir='ltr'><strong>vitia</strong></span> <span class='ocrx_word' id='word_1_92' title='bbox 440 692 467 714; x_wconf 89' lang='lat' dir='ltr'><strong>et</strong></span> <span class='ocrx_word' id='word_1_93' title='bbox 488 688 740 722; x_wconf 87' lang='lat' dir='ltr'><strong>concupiscentias,</strong></span> <span class='ocrx_word' id='word_1_94' title='bbox 763 689 846 716; x_wconf 88' lang='lat' dir='ltr'><strong>veluti</strong></span> <span class='ocrx_word' id='word_1_95' title='bbox 873 689 919 721; x_wconf 93' lang='lat' dir='ltr'><strong>bi,</strong></span> <span class='ocrx_word' id='word_1_96' title='bbox 938 689 984 723; x_wconf 86' lang='lat' dir='ltr'><strong>qui</strong></span> 
     </span>
    </p>
   </div>
   <div class='ocr_carea' id='block_1_15' title="bbox 193 732 984 768">
    <p class='ocr_par' dir='ltr' id='par_1_15' title="bbox 193 732 984 768">
     <span class='ocr_line' id='line_1_15' title="bbox 193 732 984 768; baseline 0.008 -12"><span class='ocrx_word' id='word_1_97' title='bbox 193 732 298 758; x_wconf 79' lang='lat' dir='ltr'><strong>fuerant</strong></span> <span class='ocrx_word' id='word_1_98' title='bbox 310 732 344 758; x_wconf 82' lang='lat' dir='ltr'><strong>ab</strong></span> <span class='ocrx_word' id='word_1_99' title='bbox 358 732 436 765; x_wconf 78' lang='lat' dir='ltr'><strong>Abel,</strong></span> <span class='ocrx_word' id='word_1_100' title='bbox 450 737 477 759; x_wconf 91' lang='lat' dir='ltr'><strong>et</strong></span> <span class='ocrx_word' id='word_1_101' title='bbox 491 741 578 768; x_wconf 80' lang='lat' dir='ltr'><strong>usque</strong></span> <span class='ocrx_word' id='word_1_102' title='bbox 591 733 622 760; x_wconf 86' lang='lat' dir='ltr'><strong>ad</strong></span> <span class='ocrx_word' id='word_1_103' title='bbox 641 733 802 762; x_wconf 83' lang='lat' dir='ltr'><strong>Zachariam</strong></span> <span class='ocrx_word' id='word_1_104' title='bbox 829 735 850 750; x_wconf 83' lang='grc'><strong>⁶¹</strong></span> <span class='ocrx_word' id='word_1_105' title='bbox 862 756 868 768; x_wconf 87' lang='grc'>,</span> <span class='ocrx_word' id='word_1_106' title='bbox 894 740 984 762; x_wconf 54' lang='lat' dir='ltr'><strong>trans-</strong></span> 
     </span>
    </p>
   </div>
   <div class='ocr_carea' id='block_1_16' title="bbox 191 775 981 815">
    <p class='ocr_par' dir='ltr' id='par_1_16' title="bbox 191 775 981 815">
     <span class='ocr_line' id='line_1_16' title="bbox 191 775 981 815; baseline 0.008 -13"><span class='ocrx_word' id='word_1_107' title='bbox 191 775 282 803; x_wconf 83' lang='lat' dir='ltr'><strong>ferens</strong></span> <span class='ocrx_word' id='word_1_108' title='bbox 305 785 413 812; x_wconf 80' lang='lat' dir='ltr'><strong>semper</strong></span> <span class='ocrx_word' id='word_1_109' title='bbox 436 786 523 812; x_wconf 82' lang='lat' dir='ltr'><strong>usque</strong></span> <span class='ocrx_word' id='word_1_110' title='bbox 539 779 572 805; x_wconf 87' lang='lat' dir='ltr'><strong>ad</strong></span> <span class='ocrx_word' id='word_1_111' title='bbox 593 785 700 815; x_wconf 82' lang='lat' dir='ltr'><strong>tempus</strong></span> <span class='ocrx_word' id='word_1_112' title='bbox 723 781 749 807; x_wconf 90' lang='lat' dir='ltr'><strong>itt</strong></span> <span class='ocrx_word' id='word_1_113' title='bbox 775 781 877 808; x_wconf 81' lang='lat' dir='ltr'><strong>similes</strong></span> <span class='ocrx_word' id='word_1_114' title='bbox 900 781 981 808; x_wconf 90' lang='lat' dir='ltr'><strong>illius.</strong></span> 
     </span>
    </p>
   </div>
   <div class='ocr_carea' id='block_1_17' title="bbox 703 75 1331 107">
    <p class='ocr_par' dir='ltr' id='par_1_17' title="bbox 703 75 1331 107">
     <span class='ocr_line' id='line_1_17' title="bbox 703 75 1331 107; baseline 0.008 -5"><span class='ocrx_word' id='word_1_115' title='bbox 703 75 796 104; x_wconf 81' lang='lat' dir='ltr'><strong>ACTA</strong></span> <span class='ocrx_word' id='word_1_116' title='bbox 822 75 1090 105; x_wconf 74' lang='lat' dir='ltr'><strong>DISPUTATIOMS</strong></span> <span class='ocrx_word' id='word_1_117' title='bbox 1107 79 1135 105; x_wconf 90' lang='lat' dir='ltr'><strong>S.</strong></span> <span class='ocrx_word' id='word_1_118' title='bbox 1157 78 1331 107; x_wconf 72' lang='lat' dir='ltr'><strong>ARCHELA!</strong></span> 
     </span>
    </p>
   </div>
   <div class='ocr_carea' id='block_1_18' title="bbox 641 136 1813 174">
    <p class='ocr_par' dir='ltr' id='par_1_18' title="bbox 641 136 1813 174">
     <span class='ocr_line' id='line_1_18' title="bbox 641 136 1813 174; baseline 0.002 -12"><span class='ocrx_word' id='word_1_119' title='bbox 641 140 668 162; x_wconf 90' lang='lat' dir='ltr'><strong>et</strong></span> <span class='ocrx_word' id='word_1_120' title='bbox 683 136 762 164; x_wconf 81' lang='lat' dir='ltr'><strong>aliter</strong></span> <span class='ocrx_word' id='word_1_121' title='bbox 779 137 842 172; x_wconf 87' lang='lat' dir='ltr'><strong>quis</strong></span> <span class='ocrx_word' id='word_1_122' title='bbox 866 138 989 165; x_wconf 89' lang='lat' dir='ltr'><strong>eruditur</strong></span> <span class='ocrx_word' id='word_1_123' title='bbox 1004 141 1025 169; x_wconf 81' lang='grc' dir='ltr'>Α</span> <span class='ocrx_word' id='word_1_124' title='bbox 1040 138 1087 172; x_wconf 92' lang='lat' dir='ltr'><strong>qui</strong></span> <span class='ocrx_word' id='word_1_125' title='bbox 1100 138 1177 165; x_wconf 82' lang='lat' dir='ltr'><strong>missi</strong></span> <span class='ocrx_word' id='word_1_126' title='bbox 1192 143 1271 166; x_wconf 83' lang='lat' dir='ltr'><strong>erant</strong></span> <span class='ocrx_word' id='word_1_127' title='bbox 1285 149 1300 166; x_wconf 84' lang='lat' dir='ltr'><strong>a</strong></span> <span class='ocrx_word' id='word_1_128' title='bbox 1317 139 1372 166; x_wconf 88' lang='lat' dir='ltr'><strong>Deo</strong></span> <span class='ocrx_word' id='word_1_129' title='bbox 1386 147 1473 174; x_wconf 87' lang='lat' dir='ltr'><strong>usque</strong></span> <span class='ocrx_word' id='word_1_130' title='bbox 1490 139 1525 166; x_wconf 88' lang='lat' dir='ltr'><strong>ad</strong></span> <span class='ocrx_word' id='word_1_131' title='bbox 1543 138 1714 165; x_wconf 83' lang='lat' dir='ltr'><strong>Zachariam</strong></span> <span class='ocrx_word' id='word_1_132' title='bbox 1728 147 1734 164; x_wconf 91' lang='lat'>:</span> <span class='ocrx_word' id='word_1_133' title='bbox 1749 137 1813 165; x_wconf 80' lang='lat' dir='ltr'><strong>Domi-</strong></span> 
     </span>
    </p>
   </div>
   <div class='ocr_carea' id='block_1_19' title="bbox 1767 61 1840 106">
    <p class='ocr_par' dir='ltr' id='par_1_19' title="bbox 1767 61 1840 106">
     <span class='ocr_line' id='line_1_19' title="bbox 1767 61 1840 106; baseline 0.014 -1"><span class='ocrx_word' id='word_1_134' title='bbox 1767 79 1813 106; x_wconf 65' lang='lat' dir='ltr'><strong>ttts</strong></span> <span class='ocrx_word' id='word_1_135' title='bbox 1839 61 1840 64; x_wconf 32' lang='grc'><em>“</em></span> 
     </span>
    </p>
   </div>
   <div class='ocr_carea' id='block_1_20' title="bbox 1045 184 1813 220">
    <p class='ocr_par' dir='ltr' id='par_1_20' title="bbox 1045 184 1813 220">
     <span class='ocr_line' id='line_1_20' title="bbox 1045 184 1813 220; baseline 0.001 -9"><span class='ocrx_word' id='word_1_136' title='bbox 1045 193 1097 211; x_wconf 89' lang='lat' dir='ltr'><strong>ttus</strong></span> <span class='ocrx_word' id='word_1_137' title='bbox 1114 189 1204 212; x_wconf 89' lang='lat' dir='ltr'><strong>autem</strong></span> <span class='ocrx_word' id='word_1_138' title='bbox 1218 193 1294 212; x_wconf 92' lang='lat' dir='ltr'><strong>meus</strong></span> <span class='ocrx_word' id='word_1_139' title='bbox 1304 185 1395 217; x_wconf 81' lang='lat' dir='ltr'><strong>Jesus,</strong></span> <span class='ocrx_word' id='word_1_140' title='bbox 1410 186 1548 220; x_wconf 83' lang='lat' dir='ltr'><strong>justitiam</strong></span> <span class='ocrx_word' id='word_1_141' title='bbox 1565 184 1658 219; x_wconf 77' lang='lat' dir='ltr'><strong>Moysi</strong></span> <span class='ocrx_word' id='word_1_142' title='bbox 1672 185 1734 219; x_wconf 85' lang='lat' dir='ltr'><strong>legis</strong></span> <span class='ocrx_word' id='word_1_143' title='bbox 1748 191 1813 212; x_wconf 76' lang='lat' dir='ltr'><strong>wsto—</strong></span> 
     </span>
    </p>
   </div>
   <div class='ocr_carea' id='block_1_21' title="bbox 1043 230 1814 265">
    <p class='ocr_par' dir='ltr' id='par_1_21' title="bbox 1043 230 1814 265">
     <span class='ocr_line' id='line_1_21' title="bbox 1043 230 1814 265; baseline 0.004 -9"><span class='ocrx_word' id='word_1_144' title='bbox 1043 230 1133 263; x_wconf 89' lang='lat' dir='ltr'><strong>diens,</strong></span> <span class='ocrx_word' id='word_1_145' title='bbox 1150 230 1305 264; x_wconf 83' lang='lat' dir='ltr'><strong>indignatus</strong></span> <span class='ocrx_word' id='word_1_146' title='bbox 1322 232 1452 259; x_wconf 88' lang='lat' dir='ltr'><strong>adversus</strong></span> <span class='ocrx_word' id='word_1_147' title='bbox 1466 237 1587 259; x_wconf 89' lang='lat' dir='ltr'><strong>mortem</strong></span> <span class='ocrx_word' id='word_1_148' title='bbox 1614 239 1668 265; x_wconf 89' lang='lat' dir='ltr'><strong>pro</strong></span> <span class='ocrx_word' id='word_1_149' title='bbox 1684 239 1728 265; x_wconf 77' lang='lat' dir='ltr'><strong>pra</strong></span> <span class='ocrx_word' id='word_1_150' title='bbox 1736 232 1814 259; x_wconf 77' lang='lat' dir='ltr'><strong>varica-</strong></span> 
     </span>
    </p>
   </div>
   <div class='ocr_carea' id='block_1_22' title="bbox 1041 275 1812 311">
    <p class='ocr_par' dir='ltr' id='par_1_22' title="bbox 1041 275 1812 311">
     <span class='ocr_line' id='line_1_22' title="bbox 1041 275 1812 311; baseline 0 -9"><span class='ocrx_word' id='word_1_151' title='bbox 1041 275 1116 303; x_wconf 82' lang='lat' dir='ltr'><strong>tione</strong></span> <span class='ocrx_word' id='word_1_152' title='bbox 1128 276 1199 310; x_wconf 79' lang='lat' dir='ltr'><strong>pacti</strong></span> <span class='ocrx_word' id='word_1_153' title='bbox 1219 276 1286 311; x_wconf 76' lang='lat'><strong>(52),</strong></span> <span class='ocrx_word' id='word_1_154' title='bbox 1300 281 1326 303; x_wconf 89' lang='lat' dir='ltr'><strong>et</strong></span> <span class='ocrx_word' id='word_1_155' title='bbox 1343 277 1425 304; x_wconf 85' lang='lat' dir='ltr'><strong>totius</strong></span> <span class='ocrx_word' id='word_1_156' title='bbox 1443 278 1518 304; x_wconf 88' lang='lat' dir='ltr'><strong>illitts</strong></span> <span class='ocrx_word' id='word_1_157' title='bbox 1534 277 1700 307; x_wconf 76' lang='lat' dir='ltr'><strong>ministctii,</strong></span> <span class='ocrx_word' id='word_1_158' title='bbox 1712 278 1812 305; x_wconf 62' lang='lat' dir='ltr'><strong>advenire</strong></span> 
     </span>
    </p>
   </div>
   <div class='ocr_carea' id='block_1_23' title="bbox 1042 323 1811 358">
    <p class='ocr_par' dir='ltr' id='par_1_23' title="bbox 1042 323 1811 358">
     <span class='ocr_line' id='line_1_23' title="bbox 1042 323 1811 358; baseline -0.001 -7"><span class='ocrx_word' id='word_1_159' title='bbox 1042 324 1170 358; x_wconf 81' lang='lat' dir='ltr'><strong>dignatus</strong></span> <span class='ocrx_word' id='word_1_160' title='bbox 1186 328 1227 351; x_wconf 87' lang='lat' dir='ltr'><strong>est</strong></span> <span class='ocrx_word' id='word_1_161' title='bbox 1244 324 1270 350; x_wconf 93' lang='lat' dir='ltr'><strong>in</strong></span> <span class='ocrx_word' id='word_1_162' title='bbox 1288 323 1406 350; x_wconf 83' lang='lat' dir='ltr'><strong>hominis</strong></span> <span class='ocrx_word' id='word_1_163' title='bbox 1423 331 1551 358; x_wconf 89' lang='lat' dir='ltr'><strong>corpore,</strong></span> <span class='ocrx_word' id='word_1_164' title='bbox 1571 323 1761 350; x_wconf 70' lang='lat' dir='ltr'><strong>vindicaturus</strong></span> <span class='ocrx_word' id='word_1_165' title='bbox 1776 331 1811 350; x_wconf 79' lang='lat' dir='ltr'><strong>nun</strong></span> 
     </span>
    </p>
   </div>
   <div class='ocr_carea' id='block_1_24' title="bbox 1041 366 1813 402">
    <p class='ocr_par' dir='ltr' id='par_1_24' title="bbox 1041 366 1813 402">
     <span class='ocr_line' id='line_1_24' title="bbox 1041 366 1813 402; baseline 0.003 -9"><span class='ocrx_word' id='word_1_166' title='bbox 1041 367 1228 401; x_wconf 84' lang='lat' dir='ltr'><strong>semetipsum,</strong></span> <span class='ocrx_word' id='word_1_167' title='bbox 1242 367 1288 394; x_wconf 88' lang='lat' dir='ltr'><strong>sed</strong></span> <span class='ocrx_word' id='word_1_168' title='bbox 1306 366 1425 401; x_wconf 77' lang='lat' dir='ltr'><strong>Moysen,</strong></span> <span class='ocrx_word' id='word_1_169' title='bbox 1440 373 1466 394; x_wconf 86' lang='lat' dir='ltr'><strong>et</strong></span> <span class='ocrx_word' id='word_1_170' title='bbox 1476 375 1525 394; x_wconf 88' lang='lat' dir='ltr'><strong>eus</strong></span> <span class='ocrx_word' id='word_1_171' title='bbox 1543 367 1596 402; x_wconf 88' lang='lat' dir='ltr'><strong>qui</strong></span> <span class='ocrx_word' id='word_1_172' title='bbox 1612 375 1645 393; x_wconf 81' lang='lat' dir='ltr'><strong>ex</strong></span> <span class='ocrx_word' id='word_1_173' title='bbox 1670 368 1757 393; x_wconf 69' lang='lat' dir='ltr'><strong>ordine</strong></span> <span class='ocrx_word' id='word_1_174' title='bbox 1772 375 1813 402; x_wconf 75' lang='lat' dir='ltr'><strong>post</strong></span> 
     </span>
    </p>
   </div>
   <div class='ocr_carea' id='block_1_25' title="bbox 1042 411 1812 447">
    <p class='ocr_par' dir='ltr' id='par_1_25' title="bbox 1042 411 1812 447">
     <span class='ocr_line' id='line_1_25' title="bbox 1042 411 1812 447; baseline 0.003 -10"><span class='ocrx_word' id='word_1_175' title='bbox 1042 411 1130 446; x_wconf 89' lang='lat' dir='ltr'><strong>ipsum</strong></span> <span class='ocrx_word' id='word_1_176' title='bbox 1149 411 1255 438; x_wconf 78' lang='lat' dir='ltr'><strong>fuerant</strong></span> <span class='ocrx_word' id='word_1_177' title='bbox 1273 411 1399 438; x_wconf 78' lang='lat' dir='ltr'><strong>violentia</strong></span> <span class='ocrx_word' id='word_1_178' title='bbox 1425 413 1523 438; x_wconf 81' lang='lat' dir='ltr'><strong>mortis</strong></span> <span class='ocrx_word' id='word_1_179' title='bbox 1541 413 1686 447; x_wconf 83' lang='lat' dir='ltr'><strong>oppressi.</strong></span> <span class='ocrx_word' id='word_1_180' title='bbox 1706 412 1812 447; x_wconf 66' lang='lat' dir='ltr'><strong>Maitgnus</strong></span> 
     </span>
    </p>
   </div>
   <div class='ocr_carea' id='block_1_26' title="bbox 1039 457 1814 492">
    <p class='ocr_par' dir='ltr' id='par_1_26' title="bbox 1039 457 1814 492">
     <span class='ocr_line' id='line_1_26' title="bbox 1039 457 1814 492; baseline 0.001 -9"><span class='ocrx_word' id='word_1_181' title='bbox 1039 465 1104 484; x_wconf 88' lang='lat' dir='ltr'><strong>vero</strong></span> <span class='ocrx_word' id='word_1_182' title='bbox 1118 458 1246 492; x_wconf 80' lang='lat' dir='ltr'><strong>ignorans</strong></span> <span class='ocrx_word' id='word_1_183' title='bbox 1259 457 1444 491; x_wconf 81' lang='lat' dir='ltr'><strong>hujuscemodi</strong></span> <span class='ocrx_word' id='word_1_184' title='bbox 1459 458 1713 492; x_wconf 77' lang='lat' dir='ltr'><strong>dispensationem,</strong></span> <span class='ocrx_word' id='word_1_185' title='bbox 1734 458 1814 491; x_wconf 53' lang='lat' dir='ltr'><strong>iturts-</strong></span> 
     </span>
    </p>
   </div>
   <div class='ocr_carea' id='block_1_27' title="bbox 1038 502 1813 538">
    <p class='ocr_par' dir='ltr' id='par_1_27' title="bbox 1038 502 1813 538">
     <span class='ocr_line' id='line_1_27' title="bbox 1038 502 1813 538; baseline -0.001 -8"><span class='ocrx_word' id='word_1_186' title='bbox 1038 511 1085 530; x_wconf 88' lang='lat' dir='ltr'><strong>sus</strong></span> <span class='ocrx_word' id='word_1_187' title='bbox 1098 508 1138 530; x_wconf 87' lang='lat' dir='ltr'><strong>est</strong></span> <span class='ocrx_word' id='word_1_188' title='bbox 1149 502 1246 530; x_wconf 83' lang='lat' dir='ltr'><strong>Judatn</strong></span> <span class='ocrx_word' id='word_1_189' title='bbox 1265 509 1293 530; x_wconf 92' lang='lat' dir='ltr'><strong>ut</strong></span> <span class='ocrx_word' id='word_1_190' title='bbox 1308 512 1354 537; x_wconf 88' lang='lat' dir='ltr'><strong>per</strong></span> <span class='ocrx_word' id='word_1_191' title='bbox 1370 504 1458 538; x_wconf 88' lang='lat' dir='ltr'><strong>ipsutn</strong></span> <span class='ocrx_word' id='word_1_192' title='bbox 1474 504 1649 530; x_wconf 57' lang='lat' dir='ltr'><strong>interﬁceret</strong></span> <span class='ocrx_word' id='word_1_193' title='bbox 1664 511 1740 534; x_wconf 80' lang='lat' dir='ltr'><strong>eum,</strong></span> <span class='ocrx_word' id='word_1_194' title='bbox 1760 504 1813 530; x_wconf 73' lang='grc' dir='ltr'><strong>ςὶςυι</strong></span> 
     </span>
    </p>
   </div>
   <div class='ocr_carea' id='block_1_28' title="bbox 1038 549 1812 584">
    <p class='ocr_par' dir='ltr' id='par_1_28' title="bbox 1038 549 1812 584">
     <span class='ocr_line' id='line_1_28' title="bbox 1038 549 1812 584; baseline 0 -8"><span class='ocrx_word' id='word_1_195' title='bbox 1038 554 1118 576; x_wconf 83' lang='lat' dir='ltr'><strong>antea</strong></span> <span class='ocrx_word' id='word_1_196' title='bbox 1132 550 1197 577; x_wconf 84' lang='lat' dir='ltr'><strong>Abel</strong></span> <span class='ocrx_word' id='word_1_197' title='bbox 1216 549 1517 584; x_wconf 79' lang='lat' dir='ltr'><strong>interfeceratjustum.</strong></span> <span class='ocrx_word' id='word_1_198' title='bbox 1546 550 1603 576; x_wconf 67' lang='lat' dir='ltr'><strong>Sed</strong></span> <span class='ocrx_word' id='word_1_199' title='bbox 1620 558 1685 576; x_wconf 88' lang='lat' dir='ltr'><strong>cum</strong></span> <span class='ocrx_word' id='word_1_200' title='bbox 1710 550 1812 576; x_wconf 59' lang='lat' dir='ltr'><strong>iturassct</strong></span> 
     </span>
    </p>
   </div>
   <div class='ocr_carea' id='block_1_29' title="bbox 1040 594 1812 630">
    <p class='ocr_par' dir='ltr' id='par_1_29' title="bbox 1040 594 1812 630">
     <span class='ocr_line' id='line_1_29' title="bbox 1040 594 1812 630; baseline 0.001 -9"><span class='ocrx_word' id='word_1_201' title='bbox 1040 594 1066 620; x_wconf 88' lang='lat' dir='ltr'><strong>itt</strong></span> <span class='ocrx_word' id='word_1_202' title='bbox 1084 594 1193 626; x_wconf 86' lang='lat' dir='ltr'><strong>Judam,</strong></span> <span class='ocrx_word' id='word_1_203' title='bbox 1213 596 1370 630; x_wconf 71' lang='lat' dir='ltr'><strong>pmnitentia</strong></span> <span class='ocrx_word' id='word_1_204' title='bbox 1388 596 1504 627; x_wconf 81' lang='lat' dir='ltr'><strong>ductus,</strong></span> <span class='ocrx_word' id='word_1_205' title='bbox 1529 604 1562 623; x_wconf 86' lang='lat' dir='ltr'><strong>se</strong></span> <span class='ocrx_word' id='word_1_206' title='bbox 1586 596 1647 629; x_wconf 72' lang='lat' dir='ltr'><strong>ipse</strong></span> <span class='ocrx_word' id='word_1_207' title='bbox 1672 597 1812 630; x_wconf 61' lang='lat' dir='ltr'><strong>suspendit:</strong></span> 
     </span>
    </p>
   </div>
   <div class='ocr_carea' id='block_1_30' title="bbox 1037 640 1814 675">
    <p class='ocr_par' dir='ltr' id='par_1_30' title="bbox 1037 640 1814 675">
     <span class='ocr_line' id='line_1_30' title="bbox 1037 640 1814 675; baseline 0.001 -8"><span class='ocrx_word' id='word_1_208' title='bbox 1037 645 1146 675; x_wconf 88' lang='lat' dir='ltr'><strong>propter</strong></span> <span class='ocrx_word' id='word_1_209' title='bbox 1160 641 1231 675; x_wconf 88' lang='lat' dir='ltr'><strong>quod</strong></span> <span class='ocrx_word' id='word_1_210' title='bbox 1245 641 1284 667; x_wconf 90' lang='lat' dir='ltr'><strong>ait</strong></span> <span class='ocrx_word' id='word_1_211' title='bbox 1300 649 1388 668; x_wconf 82' lang='lat' dir='ltr'><strong>sermo</strong></span> <span class='ocrx_word' id='word_1_212' title='bbox 1403 640 1513 668; x_wconf 76' lang='lat' dir='ltr'><strong>ditinus</strong></span> <span class='ocrx_word' id='word_1_213' title='bbox 1530 651 1536 668; x_wconf 94' lang='lat'>:</span> <span class='ocrx_word' id='word_1_214' title='bbox 1560 651 1569 666; x_wconf 75' lang='grc' dir='ltr'><strong><em>ι</em></strong></span> <span class='ocrx_word' id='word_1_215' title='bbox 1597 641 1650 668; x_wconf 92' lang='lat' dir='ltr'><strong>Ubi</strong></span> <span class='ocrx_word' id='word_1_216' title='bbox 1669 647 1727 673; x_wconf 72' lang='lat' dir='ltr'><strong>est,</strong></span> <span class='ocrx_word' id='word_1_217' title='bbox 1749 651 1814 674; x_wconf 80' lang='lat' dir='ltr'><strong>mars,</strong></span> 
     </span>
    </p>
   </div>
   <div class='ocr_carea' id='block_1_31' title="bbox 1035 685 1814 717">
    <p class='ocr_par' dir='ltr' id='par_1_31' title="bbox 1035 685 1814 717">
     <span class='ocr_line' id='line_1_31' title="bbox 1035 685 1814 717; baseline 0.004 -6"><span class='ocrx_word' id='word_1_218' title='bbox 1035 685 1148 712; x_wconf 87' lang='lat' dir='ltr'><strong>victoria</strong></span> <span class='ocrx_word' id='word_1_219' title='bbox 1164 685 1232 712; x_wconf 89' lang='lat' dir='ltr'><strong>tua?</strong></span> <span class='ocrx_word' id='word_1_220' title='bbox 1248 686 1293 712; x_wconf 88' lang='lat' dir='ltr'><strong>ubi</strong></span> <span class='ocrx_word' id='word_1_221' title='bbox 1310 690 1368 716; x_wconf 83' lang='lat' dir='ltr'><strong>est.</strong></span> <span class='ocrx_word' id='word_1_222' title='bbox 1385 693 1473 717; x_wconf 83' lang='lat' dir='ltr'><strong>mors,</strong></span> <span class='ocrx_word' id='word_1_223' title='bbox 1499 686 1618 713; x_wconf 73' lang='lat' dir='ltr'><strong>aculeus</strong></span> <span class='ocrx_word' id='word_1_224' title='bbox 1642 687 1727 714; x_wconf 80' lang='lat' dir='ltr'><strong>tuus?</strong></span> <span class='ocrx_word' id='word_1_225' title='bbox 1745 698 1753 712; x_wconf 75' lang='grc' dir='ltr'>ι</span> <span class='ocrx_word' id='word_1_226' title='bbox 1768 687 1792 714; x_wconf 76' lang='lat' dir='ltr'><strong>L&#39;t</strong></span> <span class='ocrx_word' id='word_1_227' title='bbox 1809 697 1814 714; x_wconf 92' lang='lat'><strong><em>:</em></strong></span> 
     </span>
    </p>
   </div>
   <div class='ocr_carea' id='block_1_32' title="bbox 1037 730 1816 768">
    <p class='ocr_par' dir='ltr' id='par_1_32' title="bbox 1037 730 1816 768">
     <span class='ocr_line' id='line_1_32' title="bbox 1037 730 1816 768; baseline 0.004 -11"><span class='ocrx_word' id='word_1_228' title='bbox 1037 739 1047 755; x_wconf 85' lang='grc'><em>‹</em></span> <span class='ocrx_word' id='word_1_229' title='bbox 1063 730 1195 765; x_wconf 86' lang='lat' dir='ltr'><strong>Absorpta</strong></span> <span class='ocrx_word' id='word_1_230' title='bbox 1211 736 1253 758; x_wconf 88' lang='lat' dir='ltr'><strong>est</strong></span> <span class='ocrx_word' id='word_1_231' title='bbox 1275 739 1349 758; x_wconf 90' lang='lat' dir='ltr'><strong>tnors</strong></span> <span class='ocrx_word' id='word_1_232' title='bbox 1366 732 1392 758; x_wconf 88' lang='lat' dir='ltr'><strong>in</strong></span> <span class='ocrx_word' id='word_1_233' title='bbox 1409 731 1523 758; x_wconf 87' lang='lat' dir='ltr'><strong>victoria</strong></span> <span class='ocrx_word' id='word_1_234' title='bbox 1545 733 1579 758; x_wconf 74' lang='lat'><strong>“.</strong></span> <span class='ocrx_word' id='word_1_235' title='bbox 1600 742 1609 757; x_wconf 73' lang='grc' dir='ltr'><strong><em>ι</em></strong></span> <span class='ocrx_word' id='word_1_236' title='bbox 1635 732 1695 759; x_wconf 84' lang='lat' dir='ltr'><strong>llae</strong></span> <span class='ocrx_word' id='word_1_237' title='bbox 1718 741 1773 768; x_wconf 66' lang='lat' dir='ltr'><strong>ergo</strong></span> <span class='ocrx_word' id='word_1_238' title='bbox 1791 742 1816 760; x_wconf 78' lang='lat' dir='ltr'><strong>et</strong></span> 
     </span>
    </p>
   </div>
   <div class='ocr_carea' id='block_1_33' title="bbox 1035 777 1815 814">
    <p class='ocr_par' dir='ltr' id='par_1_33' title="bbox 1035 777 1815 814">
     <span class='ocr_line' id='line_1_33' title="bbox 1035 777 1815 814; baseline 0.004 -11"><span class='ocrx_word' id='word_1_239' title='bbox 1035 783 1118 803; x_wconf 86' lang='lat' dir='ltr'><strong>causa</strong></span> <span class='ocrx_word' id='word_1_240' title='bbox 1143 777 1318 803; x_wconf 82' lang='lat' dir='ltr'><strong>ministerium</strong></span> <span class='ocrx_word' id='word_1_241' title='bbox 1338 778 1431 804; x_wconf 82' lang='lat' dir='ltr'><strong>mortis</strong></span> <span class='ocrx_word' id='word_1_242' title='bbox 1454 778 1592 812; x_wconf 72' lang='lat' dir='ltr'><strong>appeliata</strong></span> <span class='ocrx_word' id='word_1_243' title='bbox 1616 784 1660 806; x_wconf 80' lang='lat' dir='ltr'><strong>est</strong></span> <span class='ocrx_word' id='word_1_244' title='bbox 1688 781 1747 811; x_wconf 77' lang='lat' dir='ltr'><strong>lex,</strong></span> <span class='ocrx_word' id='word_1_245' title='bbox 1767 781 1815 814; x_wconf 78' lang='lat' dir='ltr'><strong>quia</strong></span> 
     </span>
    </p>
   </div>
   <div class='ocr_carea' id='block_1_34' title="bbox 191 820 1814 860">
    <p class='ocr_par' dir='ltr' id='par_1_34' title="bbox 191 820 1814 860">
     <span class='ocr_line' id='line_1_34' title="bbox 191 820 1814 860; baseline 0.004 -13"><span class='ocrx_word' id='word_1_246' title='bbox 191 821 259 848; x_wconf 83' lang='lat' dir='ltr'><strong>Cant</strong></span> <span class='ocrx_word' id='word_1_247' title='bbox 279 829 343 848; x_wconf 79' lang='lat' dir='ltr'><strong>vero</strong></span> <span class='ocrx_word' id='word_1_248' title='bbox 360 822 493 850; x_wconf 77' lang='lat' dir='ltr'><strong>adfuisset</strong></span> <span class='ocrx_word' id='word_1_249' title='bbox 508 822 627 859; x_wconf 78' lang='lat' dir='ltr'><strong>Moyses,</strong></span> <span class='ocrx_word' id='word_1_250' title='bbox 641 830 668 852; x_wconf 88' lang='lat' dir='ltr'><strong>et</strong></span> <span class='ocrx_word' id='word_1_251' title='bbox 681 826 765 860; x_wconf 67' lang='lat' dir='ltr'><strong>legem</strong></span> <span class='ocrx_word' id='word_1_252' title='bbox 784 826 903 853; x_wconf 85' lang='lat' dir='ltr'><strong>dedisset</strong></span> <span class='ocrx_word' id='word_1_253' title='bbox 919 827 981 854; x_wconf 81' lang='lat' dir='ltr'><strong>[iliis</strong></span> <span class='ocrx_word' id='word_1_254' title='bbox 1000 820 1020 846; x_wconf 87' lang='grc' dir='ltr'><strong><em>Β</em></strong></span> <span class='ocrx_word' id='word_1_255' title='bbox 1034 828 1176 857; x_wconf 83' lang='lat' dir='ltr'><strong>peccantes</strong></span> <span class='ocrx_word' id='word_1_256' title='bbox 1193 825 1400 858; x_wconf 75' lang='lat' dir='ltr'><strong>prtevaricautes</strong></span> <span class='ocrx_word' id='word_1_257' title='bbox 1413 825 1495 851; x_wconf 85' lang='lat' dir='ltr'><strong>morti</strong></span> <span class='ocrx_word' id='word_1_258' title='bbox 1515 826 1663 859; x_wconf 82' lang='lat' dir='ltr'><strong>tradebat;</strong></span> <span class='ocrx_word' id='word_1_259' title='bbox 1691 833 1814 854; x_wconf 59' lang='lat' dir='ltr'><strong>serv-antas</strong></span> 
     </span>
    </p>
   </div>
   <div class='ocr_carea' id='block_1_35' title="bbox 191 868 984 907">
    <p class='ocr_par' dir='ltr' id='par_1_35' title="bbox 191 868 984 907">
     <span class='ocr_line' id='line_1_35' title="bbox 191 868 984 907; baseline 0.008 -13"><span class='ocrx_word' id='word_1_260' title='bbox 191 868 286 901; x_wconf 78' lang='lat' dir='ltr'><strong>Israel,</strong></span> <span class='ocrx_word' id='word_1_261' title='bbox 305 873 331 895; x_wconf 88' lang='lat' dir='ltr'><strong>et</strong></span> <span class='ocrx_word' id='word_1_262' title='bbox 343 877 497 896; x_wconf 86' lang='lat' dir='ltr'><strong>revocasset</strong></span> <span class='ocrx_word' id='word_1_263' title='bbox 508 871 550 898; x_wconf 89' lang='lat' dir='ltr'><strong>eis</strong></span> <span class='ocrx_word' id='word_1_264' title='bbox 565 872 590 898; x_wconf 90' lang='lat' dir='ltr'><strong>itt</strong></span> <span class='ocrx_word' id='word_1_265' title='bbox 604 873 762 899; x_wconf 88' lang='lat' dir='ltr'><strong>memoriam</strong></span> <span class='ocrx_word' id='word_1_266' title='bbox 786 880 882 900; x_wconf 90' lang='lat' dir='ltr'><strong>onmcs</strong></span> <span class='ocrx_word' id='word_1_267' title='bbox 901 873 984 907; x_wconf 82' lang='lat' dir='ltr'><strong>justi-</strong></span> 
     </span>
    </p>
   </div>
   <div class='ocr_carea' id='block_1_36' title="bbox 191 915 984 954">
    <p class='ocr_par' dir='ltr' id='par_1_36' title="bbox 191 915 984 954">
     <span class='ocr_line' id='line_1_36' title="bbox 191 915 984 954; baseline 0.005 -12"><span class='ocrx_word' id='word_1_268' title='bbox 191 916 332 942; x_wconf 86' lang='lat' dir='ltr'><strong>lieatioues</strong></span> <span class='ocrx_word' id='word_1_269' title='bbox 342 915 418 950; x_wconf 73' lang='lat' dir='ltr'><strong>legis,</strong></span> <span class='ocrx_word' id='word_1_270' title='bbox 426 925 596 953; x_wconf 67' lang='lat' dir='ltr'><strong>qumcunque</strong></span> <span class='ocrx_word' id='word_1_271' title='bbox 605 919 750 945; x_wconf 81' lang='lat' dir='ltr'><strong>observare</strong></span> <span class='ocrx_word' id='word_1_272' title='bbox 758 919 899 954; x_wconf 86' lang='lat' dir='ltr'><strong>oportebat</strong></span> <span class='ocrx_word' id='word_1_273' title='bbox 907 925 932 946; x_wconf 90' lang='lat' dir='ltr'><strong>et</strong></span> <span class='ocrx_word' id='word_1_274' title='bbox 942 920 984 946; x_wconf 84' lang='lat' dir='ltr'><strong>l&#39;a-</strong></span> 
     </span>
    </p>
   </div>
   <div class='ocr_carea' id='block_1_37' title="bbox 189 961 982 998">
    <p class='ocr_par' dir='ltr' id='par_1_37' title="bbox 189 961 982 998">
     <span class='ocr_line' id='line_1_37' title="bbox 189 961 982 998; baseline 0.003 -11"><span class='ocrx_word' id='word_1_275' title='bbox 189 969 262 994; x_wconf 90' lang='lat' dir='ltr'><strong>cere,</strong></span> <span class='ocrx_word' id='word_1_276' title='bbox 271 968 318 988; x_wconf 91' lang='lat' dir='ltr'><strong>eos</strong></span> <span class='ocrx_word' id='word_1_277' title='bbox 327 969 390 988; x_wconf 87' lang='lat' dir='ltr'><strong>vero</strong></span> <span class='ocrx_word' id='word_1_278' title='bbox 398 961 472 988; x_wconf 88' lang='lat' dir='ltr'><strong>solos</strong></span> <span class='ocrx_word' id='word_1_279' title='bbox 481 963 527 996; x_wconf 92' lang='lat' dir='ltr'><strong>qui</strong></span> <span class='ocrx_word' id='word_1_280' title='bbox 542 963 887 998; x_wconf 63' lang='lat' dir='ltr'><strong>prmvaricareuturtegent,</strong></span> <span class='ocrx_word' id='word_1_281' title='bbox 900 963 982 991; x_wconf 87' lang='lat' dir='ltr'><strong>morti</strong></span> 
     </span>
    </p>
   </div>
   <div class='ocr_carea' id='block_1_38' title="bbox 190 1006 980 1043">
    <p class='ocr_par' dir='ltr' id='par_1_38' title="bbox 190 1006 980 1043">
     <span class='ocr_line' id='line_1_38' title="bbox 190 1006 980 1043; baseline 0.005 -11"><span class='ocrx_word' id='word_1_282' title='bbox 190 1009 316 1039; x_wconf 82' lang='lat' dir='ltr'><strong>traderet;</strong></span> <span class='ocrx_word' id='word_1_283' title='bbox 327 1006 454 1033; x_wconf 84' lang='lat' dir='ltr'><strong>intercisa</strong></span> <span class='ocrx_word' id='word_1_284' title='bbox 463 1012 504 1034; x_wconf 88' lang='lat' dir='ltr'><strong>est</strong></span> <span class='ocrx_word' id='word_1_285' title='bbox 512 1016 595 1040; x_wconf 87' lang='lat' dir='ltr'><strong>mors,</strong></span> <span class='ocrx_word' id='word_1_286' title='bbox 606 1016 638 1035; x_wconf 90' lang='lat' dir='ltr'><strong>ne</strong></span> <span class='ocrx_word' id='word_1_287' title='bbox 648 1015 962 1043; x_wconf 78' lang='lat' dir='ltr'><strong>superomnesregnaret</strong></span> <span class='ocrx_word' id='word_1_288' title='bbox 974 1019 980 1036; x_wconf 94' lang='lat'>:</span> 
     </span>
    </p>
   </div>
   <div class='ocr_carea' id='block_1_39' title="bbox 189 1053 980 1089">
    <p class='ocr_par' dir='ltr' id='par_1_39' title="bbox 189 1053 980 1089">
     <span class='ocr_line' id='line_1_39' title="bbox 189 1053 980 1089; baseline 0.003 -9"><span class='ocrx_word' id='word_1_289' title='bbox 189 1053 321 1087; x_wconf 76' lang='lat' dir='ltr'><strong>regnabat</strong></span> <span class='ocrx_word' id='word_1_290' title='bbox 346 1053 418 1079; x_wconf 87' lang='lat' dir='ltr'><strong>enim</strong></span> <span class='ocrx_word' id='word_1_291' title='bbox 447 1060 529 1088; x_wconf 87' lang='lat' dir='ltr'><strong>super</strong></span> <span class='ocrx_word' id='word_1_292' title='bbox 545 1058 700 1089; x_wconf 86' lang='lat' dir='ltr'><strong>peccatores</strong></span> <span class='ocrx_word' id='word_1_293' title='bbox 716 1054 800 1088; x_wconf 87' lang='lat' dir='ltr'><strong>solos,</strong></span> <span class='ocrx_word' id='word_1_294' title='bbox 814 1055 919 1082; x_wconf 89' lang='lat' dir='ltr'><strong>dicenle</strong></span> <span class='ocrx_word' id='word_1_295' title='bbox 929 1056 980 1082; x_wconf 89' lang='lat' dir='ltr'><strong>sibi</strong></span> 
     </span>
    </p>
   </div>
   <div class='ocr_carea' id='block_1_40' title="bbox 188 1097 979 1134">
    <p class='ocr_par' dir='ltr' id='par_1_40' title="bbox 188 1097 979 1134">
     <span class='ocr_line' id='line_1_40' title="bbox 188 1097 979 1134; baseline 0.005 -11"><span class='ocrx_word' id='word_1_296' title='bbox 188 1098 257 1132; x_wconf 79' lang='lat' dir='ltr'><strong>lege:</strong></span> <span class='ocrx_word' id='word_1_297' title='bbox 269 1097 308 1125; x_wconf 80' lang='lat' dir='ltr'><strong>Ne</strong></span> <span class='ocrx_word' id='word_1_298' title='bbox 321 1099 467 1132; x_wconf 78' lang='lat' dir='ltr'><strong>contigeris</strong></span> <span class='ocrx_word' id='word_1_299' title='bbox 479 1101 528 1127; x_wconf 83' lang='lat' dir='ltr'><strong>bos</strong></span> <span class='ocrx_word' id='word_1_300' title='bbox 540 1101 585 1134; x_wconf 87' lang='lat' dir='ltr'><strong>qui</strong></span> <span class='ocrx_word' id='word_1_301' title='bbox 600 1107 658 1127; x_wconf 87' lang='lat' dir='ltr'><strong>mea</strong></span> <span class='ocrx_word' id='word_1_302' title='bbox 670 1104 802 1134; x_wconf 67' lang='lat' dir='ltr'><strong>praecepta</strong></span> <span class='ocrx_word' id='word_1_303' title='bbox 813 1101 979 1128; x_wconf 79' lang='lat' dir='ltr'><strong>Custodiunt.</strong></span> 
     </span>
    </p>
   </div>
   <div class='ocr_carea' id='block_1_41' title="bbox 188 1142 978 1180">
    <p class='ocr_par' dir='ltr' id='par_1_41' title="bbox 188 1142 978 1180">
     <span class='ocr_line' id='line_1_41' title="bbox 188 1142 978 1180; baseline 0.006 -12"><span class='ocrx_word' id='word_1_304' title='bbox 188 1142 275 1177; x_wconf 85' lang='lat' dir='ltr'><strong>llujus</strong></span> <span class='ocrx_word' id='word_1_305' title='bbox 288 1151 352 1178; x_wconf 86' lang='lat' dir='ltr'><strong>ergo</strong></span> <span class='ocrx_word' id='word_1_306' title='bbox 366 1143 442 1171; x_wconf 86' lang='lat' dir='ltr'><strong>verbi</strong></span> <span class='ocrx_word' id='word_1_307' title='bbox 458 1146 640 1172; x_wconf 83' lang='lat' dir='ltr'><strong>ministerium</strong></span> <span class='ocrx_word' id='word_1_308' title='bbox 655 1145 762 1180; x_wconf 83' lang='lat' dir='ltr'><strong>Moyses</strong></span> <span class='ocrx_word' id='word_1_309' title='bbox 776 1146 873 1173; x_wconf 87' lang='lat' dir='ltr'><strong>detulit</strong></span> <span class='ocrx_word' id='word_1_310' title='bbox 889 1147 978 1179; x_wconf 86' lang='lat' dir='ltr'><strong>morti,</strong></span> 
     </span>
    </p>
   </div>
   <div class='ocr_carea' id='block_1_42' title="bbox 188 1190 980 1226">
    <p class='ocr_par' dir='ltr' id='par_1_42' title="bbox 188 1190 980 1226">
     <span class='ocr_line' id='line_1_42' title="bbox 188 1190 980 1226; baseline 0.004 -11"><span class='ocrx_word' id='word_1_311' title='bbox 188 1190 307 1224; x_wconf 81' lang='lat' dir='ltr'><strong>reliquos</strong></span> <span class='ocrx_word' id='word_1_312' title='bbox 326 1197 423 1218; x_wconf 80' lang='lat' dir='ltr'><strong>omnes</strong></span> <span class='ocrx_word' id='word_1_313' title='bbox 449 1192 669 1225; x_wconf 77' lang='lat' dir='ltr'><strong>pra-varicatores</strong></span> <span class='ocrx_word' id='word_1_314' title='bbox 690 1191 756 1226; x_wconf 78' lang='lat' dir='ltr'><strong>legis</strong></span> <span class='ocrx_word' id='word_1_315' title='bbox 778 1191 900 1218; x_wconf 84' lang='lat' dir='ltr'><strong>interitui</strong></span> <span class='ocrx_word' id='word_1_316' title='bbox 925 1197 980 1218; x_wconf 83' lang='lat' dir='ltr'><strong>tra-</strong></span> 
     </span>
    </p>
   </div>
   <div class='ocr_carea' id='block_1_43' title="bbox 186 1234 979 1270">
    <p class='ocr_par' dir='ltr' id='par_1_43' title="bbox 186 1234 979 1270">
     <span class='ocr_line' id='line_1_43' title="bbox 186 1234 979 1270; baseline 0.004 -10"><span class='ocrx_word' id='word_1_317' title='bbox 186 1235 253 1262; x_wconf 85' lang='lat' dir='ltr'><strong>dens</strong></span> <span class='ocrx_word' id='word_1_318' title='bbox 268 1234 322 1269; x_wconf 79' lang='grc'>(50)</span> <span class='ocrx_word' id='word_1_319' title='bbox 340 1243 347 1261; x_wconf 87' lang='lat'>:</span> <span class='ocrx_word' id='word_1_320' title='bbox 363 1243 418 1262; x_wconf 86' lang='lat' dir='ltr'><strong>non</strong></span> <span class='ocrx_word' id='word_1_321' title='bbox 439 1236 511 1263; x_wconf 88' lang='lat' dir='ltr'><strong>ettim</strong></span> <span class='ocrx_word' id='word_1_322' title='bbox 529 1244 577 1270; x_wconf 91' lang='lat' dir='ltr'><strong>pro</strong></span> <span class='ocrx_word' id='word_1_323' title='bbox 591 1243 634 1269; x_wconf 90' lang='lat' dir='ltr'><strong>eo,</strong></span> <span class='ocrx_word' id='word_1_324' title='bbox 646 1241 676 1263; x_wconf 90' lang='lat' dir='ltr'><strong>ut</strong></span> <span class='ocrx_word' id='word_1_325' title='bbox 694 1235 806 1263; x_wconf 88' lang='lat' dir='ltr'><strong>omnino</strong></span> <span class='ocrx_word' id='word_1_326' title='bbox 822 1244 896 1264; x_wconf 91' lang='lat' dir='ltr'><strong>mors</strong></span> <span class='ocrx_word' id='word_1_327' title='bbox 908 1237 979 1264; x_wconf 87' lang='lat' dir='ltr'><strong>nulla</strong></span> 
     </span>
    </p>
   </div>
   <div class='ocr_carea' id='block_1_44' title="bbox 187 1281 979 1318">
    <p class='ocr_par' dir='ltr' id='par_1_44' title="bbox 187 1281 979 1318">
     <span class='ocr_line' id='line_1_44' title="bbox 187 1281 979 1318; baseline 0.005 -13"><span class='ocrx_word' id='word_1_328' title='bbox 187 1289 219 1306; x_wconf 72' lang='lat' dir='ltr'><strong>rx</strong></span> <span class='ocrx_word' id='word_1_329' title='bbox 236 1286 312 1314; x_wconf 83' lang='lat' dir='ltr'><strong>parte</strong></span> <span class='ocrx_word' id='word_1_330' title='bbox 323 1285 462 1316; x_wconf 81' lang='lat' dir='ltr'><strong>regnaret,</strong></span> <span class='ocrx_word' id='word_1_331' title='bbox 478 1281 585 1318; x_wconf 79' lang='lat' dir='ltr'><strong>Moyses</strong></span> <span class='ocrx_word' id='word_1_332' title='bbox 597 1282 717 1313; x_wconf 81' lang='lat' dir='ltr'><strong>advenit,</strong></span> <span class='ocrx_word' id='word_1_333' title='bbox 733 1289 795 1308; x_wconf 92' lang='lat' dir='ltr'><strong>cum</strong></span> <span class='ocrx_word' id='word_1_334' title='bbox 813 1282 905 1317; x_wconf 89' lang='lat' dir='ltr'><strong>utique</strong></span> <span class='ocrx_word' id='word_1_335' title='bbox 919 1283 979 1317; x_wconf 91' lang='lat' dir='ltr'><strong>plu-</strong></span> 
     </span>
    </p>
   </div>
   <div class='ocr_carea' id='block_1_45' title="bbox 186 1327 978 1364">
    <p class='ocr_par' dir='ltr' id='par_1_45' title="bbox 186 1327 978 1364">
     <span class='ocr_line' id='line_1_45' title="bbox 186 1327 978 1364; baseline 0.005 -12"><span class='ocrx_word' id='word_1_336' title='bbox 186 1327 247 1354; x_wconf 86' lang='lat' dir='ltr'><strong>rimi</strong></span> <span class='ocrx_word' id='word_1_337' title='bbox 264 1329 344 1355; x_wconf 85' lang='lat' dir='ltr'><strong>etiam</strong></span> <span class='ocrx_word' id='word_1_338' title='bbox 359 1333 420 1362; x_wconf 77' lang='lat' dir='ltr'><strong>post</strong></span> <span class='ocrx_word' id='word_1_339' title='bbox 435 1328 544 1364; x_wconf 73' lang='lat' dir='ltr'><strong>Moysen</strong></span> <span class='ocrx_word' id='word_1_340' title='bbox 565 1329 615 1355; x_wconf 89' lang='lat' dir='ltr'><strong>sub</strong></span> <span class='ocrx_word' id='word_1_341' title='bbox 630 1329 725 1355; x_wconf 90' lang='lat' dir='ltr'><strong>tnortis</strong></span> <span class='ocrx_word' id='word_1_342' title='bbox 737 1329 840 1356; x_wconf 89' lang='lat' dir='ltr'><strong>ditione</strong></span> <span class='ocrx_word' id='word_1_343' title='bbox 853 1334 978 1356; x_wconf 85' lang='lat' dir='ltr'><strong>teneren-</strong></span> 
     </span>
    </p>
   </div>
   <div class='ocr_carea' id='block_1_46' title="bbox 187 1373 975 1409">
    <p class='ocr_par' dir='ltr' id='par_1_46' title="bbox 187 1373 975 1409">
     <span class='ocr_line' id='line_1_46' title="bbox 187 1373 975 1409; baseline 0.004 -9"><span class='ocrx_word' id='word_1_344' title='bbox 187 1379 241 1401; x_wconf 80' lang='lat' dir='ltr'><strong>tur.</strong></span> <span class='ocrx_word' id='word_1_345' title='bbox 267 1373 306 1401; x_wconf 72' lang='lat' dir='ltr'><strong>Ex</strong></span> <span class='ocrx_word' id='word_1_346' title='bbox 329 1375 381 1402; x_wconf 91' lang='lat' dir='ltr'><strong>hoc</strong></span> <span class='ocrx_word' id='word_1_347' title='bbox 402 1375 579 1401; x_wconf 76' lang='lat' dir='ltr'><strong>ministerium</strong></span> <span class='ocrx_word' id='word_1_348' title='bbox 605 1375 697 1401; x_wconf 85' lang='lat' dir='ltr'><strong>martis</strong></span> <span class='ocrx_word' id='word_1_349' title='bbox 725 1375 886 1409; x_wconf 89' lang='lat' dir='ltr'><strong>appellatum</strong></span> <span class='ocrx_word' id='word_1_350' title='bbox 913 1381 975 1408; x_wconf 87' lang='lat' dir='ltr'><strong>est,</strong></span> 
     </span>
    </p>
   </div>
   <div class='ocr_carea' id='block_1_47' title="bbox 187 1421 976 1457">
    <p class='ocr_par' dir='ltr' id='par_1_47' title="bbox 187 1421 976 1457">
     <span class='ocr_line' id='line_1_47' title="bbox 187 1421 976 1457; baseline 0.004 -11"><span class='ocrx_word' id='word_1_351' title='bbox 187 1421 316 1455; x_wconf 85' lang='lat' dir='ltr'><strong>quoniam</strong></span> <span class='ocrx_word' id='word_1_352' title='bbox 334 1421 382 1449; x_wconf 87' lang='lat' dir='ltr'><strong>soli</strong></span> <span class='ocrx_word' id='word_1_353' title='bbox 398 1425 615 1456; x_wconf 81' lang='lat' dir='ltr'><strong>transgressores</strong></span> <span class='ocrx_word' id='word_1_354' title='bbox 629 1421 696 1455; x_wconf 82' lang='lat' dir='ltr'><strong>legis</strong></span> <span class='ocrx_word' id='word_1_355' title='bbox 713 1422 894 1455; x_wconf 88' lang='lat' dir='ltr'><strong>puniebantur</strong></span> <span class='ocrx_word' id='word_1_356' title='bbox 911 1423 976 1457; x_wconf 76' lang='grc'>(51),</span> 
     </span>
    </p>
   </div>
   <div class='ocr_carea' id='block_1_48' title="bbox 187 1467 976 1502">
    <p class='ocr_par' dir='ltr' id='par_1_48' title="bbox 187 1467 976 1502">
     <span class='ocr_line' id='line_1_48' title="bbox 187 1467 976 1502; baseline 0.001 -9"><span class='ocrx_word' id='word_1_357' title='bbox 187 1475 240 1494; x_wconf 86' lang='lat' dir='ltr'><strong>non</strong></span> <span class='ocrx_word' id='word_1_358' title='bbox 257 1467 339 1494; x_wconf 86' lang='lat' dir='ltr'><strong>etiam</strong></span> <span class='ocrx_word' id='word_1_359' title='bbox 354 1472 569 1499; x_wconf 84' lang='lat' dir='ltr'><strong>conservatores,</strong></span> <span class='ocrx_word' id='word_1_360' title='bbox 588 1467 658 1495; x_wconf 83' lang='lat' dir='ltr'><strong>sicut</strong></span> <span class='ocrx_word' id='word_1_361' title='bbox 671 1467 737 1494; x_wconf 85' lang='lat' dir='ltr'><strong>Abel</strong></span> <span class='ocrx_word' id='word_1_362' title='bbox 751 1467 854 1495; x_wconf 83' lang='lat' dir='ltr'><strong>iaciens</strong></span> <span class='ocrx_word' id='word_1_363' title='bbox 867 1476 897 1495; x_wconf 87' lang='lat' dir='ltr'><strong>ea</strong></span> <span class='ocrx_word' id='word_1_364' title='bbox 915 1476 976 1502; x_wconf 73' lang='lat' dir='ltr'><strong>qua:</strong></span> 
     </span>
    </p>
   </div>
   <div class='ocr_carea' id='block_1_49' title="bbox 185 1513 974 1552">
    <p class='ocr_par' dir='ltr' id='par_1_49' title="bbox 185 1513 974 1552">
     <span class='ocr_line' id='line_1_49' title="bbox 185 1513 974 1552; baseline 0 -12"><span class='ocrx_word' id='word_1_365' title='bbox 185 1513 252 1548; x_wconf 81' lang='lat' dir='ltr'><strong>legis</strong></span> <span class='ocrx_word' id='word_1_366' title='bbox 268 1518 333 1540; x_wconf 90' lang='lat' dir='ltr'><strong>sunt</strong></span> <span class='ocrx_word' id='word_1_367' title='bbox 349 1519 375 1540; x_wconf 92' lang='lat' dir='ltr'><strong>et</strong></span> <span class='ocrx_word' id='word_1_368' title='bbox 390 1514 548 1552; x_wconf 73' lang='lat' dir='ltr'><strong>custodiens</strong></span> <span class='ocrx_word' id='word_1_369' title='bbox 560 1534 567 1546; x_wconf 92' lang='lat'><strong>,</strong></span> <span class='ocrx_word' id='word_1_370' title='bbox 589 1521 671 1548; x_wconf 87' lang='lat' dir='ltr'><strong>quem</strong></span> <span class='ocrx_word' id='word_1_371' title='bbox 695 1514 761 1541; x_wconf 86' lang='lat' dir='ltr'><strong>Cain</strong></span> <span class='ocrx_word' id='word_1_372' title='bbox 772 1535 780 1547; x_wconf 90' lang='lat'><strong>,</strong></span> <span class='ocrx_word' id='word_1_373' title='bbox 797 1522 843 1542; x_wconf 87' lang='lat' dir='ltr'><strong>vas</strong></span> <span class='ocrx_word' id='word_1_374' title='bbox 863 1514 974 1548; x_wconf 74' lang='lat' dir='ltr'><strong>maligni</strong></span> 
     </span>
    </p>
   </div>
   <div class='ocr_carea' id='block_1_50' title="bbox 183 1559 973 1595">
    <p class='ocr_par' dir='ltr' id='par_1_50' title="bbox 183 1559 973 1595">
     <span class='ocr_line' id='line_1_50' title="bbox 183 1559 973 1595; baseline 0.001 -9"><span class='ocrx_word' id='word_1_375' title='bbox 183 1560 312 1592; x_wconf 72' lang='lat' dir='ltr'><strong>enectus,</strong></span> <span class='ocrx_word' id='word_1_376' title='bbox 332 1559 478 1586; x_wconf 88' lang='lat' dir='ltr'><strong>interemit.</strong></span> <span class='ocrx_word' id='word_1_377' title='bbox 501 1559 600 1586; x_wconf 80' lang='lat' dir='ltr'><strong>Verum</strong></span> <span class='ocrx_word' id='word_1_378' title='bbox 618 1560 698 1586; x_wconf 82' lang='lat' dir='ltr'><strong>etiam</strong></span> <span class='ocrx_word' id='word_1_379' title='bbox 723 1565 783 1595; x_wconf 87' lang='lat' dir='ltr'><strong>post</strong></span> <span class='ocrx_word' id='word_1_380' title='bbox 807 1561 865 1588; x_wconf 69' lang='lat' dir='ltr'><strong>ltazc</strong></span> <span class='ocrx_word' id='word_1_381' title='bbox 887 1560 973 1588; x_wconf 87' lang='lat' dir='ltr'><strong>voluit</strong></span> 
     </span>
    </p>
   </div>
   <div class='ocr_carea' id='block_1_51' title="bbox 184 1605 968 1642">
    <p class='ocr_par' dir='ltr' id='par_1_51' title="bbox 184 1605 968 1642">
     <span class='ocr_line' id='line_1_51' title="bbox 184 1605 968 1642; baseline 0.001 -10"><span class='ocrx_word' id='word_1_382' title='bbox 184 1614 259 1633; x_wconf 89' lang='lat' dir='ltr'><strong>mors</strong></span> <span class='ocrx_word' id='word_1_383' title='bbox 275 1611 383 1640; x_wconf 86' lang='lat' dir='ltr'><strong>pactum</strong></span> <span class='ocrx_word' id='word_1_384' title='bbox 400 1605 471 1640; x_wconf 89' lang='lat' dir='ltr'><strong>quod</strong></span> <span class='ocrx_word' id='word_1_385' title='bbox 490 1606 578 1633; x_wconf 76' lang='lat' dir='ltr'><strong>fuerat</strong></span> <span class='ocrx_word' id='word_1_386' title='bbox 593 1614 640 1640; x_wconf 83' lang='lat' dir='ltr'><strong>per</strong></span> <span class='ocrx_word' id='word_1_387' title='bbox 655 1605 765 1642; x_wconf 80' lang='lat' dir='ltr'><strong>Moysen</strong></span> <span class='ocrx_word' id='word_1_388' title='bbox 779 1607 910 1640; x_wconf 82' lang='lat' dir='ltr'><strong>positum,</strong></span> <span class='ocrx_word' id='word_1_389' title='bbox 929 1615 968 1634; x_wconf 83' lang='lat' dir='ltr'><strong>re-</strong></span> 
     </span>
    </p>
   </div>
   <div class='ocr_carea' id='block_1_52' title="bbox 183 1651 973 1686">
    <p class='ocr_par' dir='ltr' id='par_1_52' title="bbox 183 1651 973 1686">
     <span class='ocr_line' id='line_1_52' title="bbox 183 1651 973 1686; baseline 0 -8"><span class='ocrx_word' id='word_1_390' title='bbox 183 1651 318 1683; x_wconf 75' lang='lat' dir='ltr'><strong>scindere,</strong></span> <span class='ocrx_word' id='word_1_391' title='bbox 331 1655 358 1678; x_wconf 89' lang='lat' dir='ltr'><strong>et</strong></span> <span class='ocrx_word' id='word_1_392' title='bbox 373 1659 488 1685; x_wconf 83' lang='lat' dir='ltr'><strong>regnare</strong></span> <span class='ocrx_word' id='word_1_393' title='bbox 500 1652 590 1678; x_wconf 82' lang='lat' dir='ltr'><strong>denuo</strong></span> <span class='ocrx_word' id='word_1_394' title='bbox 610 1659 692 1686; x_wconf 84' lang='lat' dir='ltr'><strong>super</strong></span> <span class='ocrx_word' id='word_1_395' title='bbox 711 1651 800 1686; x_wconf 83' lang='lat' dir='ltr'><strong>justas</strong></span> <span class='ocrx_word' id='word_1_396' title='bbox 825 1660 831 1678; x_wconf 74' lang='grc' dir='ltr'>ε</span> <span class='ocrx_word' id='word_1_397' title='bbox 849 1656 876 1678; x_wconf 85' lang='lat' dir='ltr'><strong>et</strong></span> <span class='ocrx_word' id='word_1_398' title='bbox 894 1652 973 1678; x_wconf 82' lang='lat' dir='ltr'><strong>irruit</strong></span> 
     </span>
    </p>
   </div>
   <div class='ocr_carea' id='block_1_53' title="bbox 183 1689 972 1731">
    <p class='ocr_par' dir='ltr' id='par_1_53' title="bbox 183 1689 972 1731">
     <span class='ocr_line' id='line_1_53' title="bbox 183 1689 972 1731; baseline 0.003 -8"><span class='ocrx_word' id='word_1_399' title='bbox 183 1689 293 1731; x_wconf 85' lang='lat' dir='ltr'><strong>quidem</strong></span> <span class='ocrx_word' id='word_1_400' title='bbox 316 1696 343 1723; x_wconf 92' lang='lat' dir='ltr'><strong>in</strong></span> <span class='ocrx_word' id='word_1_401' title='bbox 368 1695 531 1730; x_wconf 88' lang='lat' dir='ltr'><strong>prophetas,</strong></span> <span class='ocrx_word' id='word_1_402' title='bbox 554 1696 720 1723; x_wconf 88' lang='lat' dir='ltr'><strong>interlieiens</strong></span> <span class='ocrx_word' id='word_1_403' title='bbox 736 1700 763 1723; x_wconf 90' lang='lat' dir='ltr'><strong>et</strong></span> <span class='ocrx_word' id='word_1_404' title='bbox 787 1696 909 1730; x_wconf 88' lang='lat' dir='ltr'><strong>lapidans</strong></span> <span class='ocrx_word' id='word_1_405' title='bbox 925 1705 972 1725; x_wconf 81' lang='lat' dir='ltr'><strong>eos</strong></span> 
     </span>
    </p>
   </div>
   <div class='ocr_carea' id='block_1_54' title="bbox 217 1764 798 1798">
    <p class='ocr_par' dir='ltr' id='par_1_54' title="bbox 217 1764 798 1798">
     <span class='ocr_line' id='line_1_54' title="bbox 217 1764 798 1798; baseline 0.002 -7"><span class='ocrx_word' id='word_1_406' title='bbox 217 1764 239 1781; x_wconf 72' lang='grc'><strong>⁸⁸</strong></span> <span class='ocrx_word' id='word_1_407' title='bbox 269 1765 360 1793; x_wconf 86' lang='lat' dir='ltr'><strong>Matth.</strong></span> <span class='ocrx_word' id='word_1_408' title='bbox 379 1773 458 1797; x_wconf 69' lang='lat' dir='ltr'><strong>smn,</strong></span> <span class='ocrx_word' id='word_1_409' title='bbox 472 1765 517 1792; x_wconf 80' lang='grc'><strong>55.</strong></span> <span class='ocrx_word' id='word_1_410' title='bbox 555 1766 577 1781; x_wconf 81' lang='grc'><strong>⁶¹</strong></span> <span class='ocrx_word' id='word_1_411' title='bbox 592 1764 601 1791; x_wconf 90' lang='grc'><strong>1</strong></span> <span class='ocrx_word' id='word_1_412' title='bbox 618 1765 681 1792; x_wconf 69' lang='lat' dir='ltr'><strong>(lor.</strong></span> <span class='ocrx_word' id='word_1_413' title='bbox 697 1773 740 1798; x_wconf 82' lang='lat' dir='ltr'><strong>xv,</strong></span> <span class='ocrx_word' id='word_1_414' title='bbox 755 1765 798 1792; x_wconf 67' lang='grc'><strong>54.</strong></span> 
     </span>
    </p>
   </div>
   <div class='ocr_carea' id='block_1_55' title="bbox 218 1851 974 1886">
    <p class='ocr_par' dir='ltr' id='par_1_55' title="bbox 218 1851 974 1886">
     <span class='ocr_line' id='line_1_55' title="bbox 218 1851 974 1886; baseline 0.001 -9"><span class='ocrx_word' id='word_1_415' title='bbox 218 1851 274 1884; x_wconf 67' lang='grc' dir='ltr'>(ω)</span> <span class='ocrx_word' id='word_1_416' title='bbox 289 1851 328 1878; x_wconf 88' lang='lat' dir='ltr'><strong>lta</strong></span> <span class='ocrx_word' id='word_1_417' title='bbox 350 1851 505 1878; x_wconf 86' lang='lat' dir='ltr'><strong>necessario</strong></span> <span class='ocrx_word' id='word_1_418' title='bbox 525 1851 694 1878; x_wconf 89' lang='lat' dir='ltr'><strong>emendanda</strong></span> <span class='ocrx_word' id='word_1_419' title='bbox 711 1851 770 1878; x_wconf 85' lang='lat' dir='ltr'><strong>visa</strong></span> <span class='ocrx_word' id='word_1_420' title='bbox 793 1855 835 1877; x_wconf 79' lang='lat' dir='ltr'><strong>est</strong></span> <span class='ocrx_word' id='word_1_421' title='bbox 853 1851 974 1886; x_wconf 79' lang='lat' dir='ltr'><strong>ejusdem</strong></span> 
     </span>
    </p>
   </div>
   <div class='ocr_carea' id='block_1_56' title="bbox 181 1886 976 1920">
    <p class='ocr_par' dir='ltr' id='par_1_56' title="bbox 181 1886 976 1920">
     <span class='ocr_line' id='line_1_56' title="bbox 181 1886 976 1920; baseline 0.001 -7"><span class='ocrx_word' id='word_1_422' title='bbox 181 1886 284 1914; x_wconf 86' lang='lat' dir='ltr'><strong>codicis</strong></span> <span class='ocrx_word' id='word_1_423' title='bbox 300 1886 390 1917; x_wconf 85' lang='lat' dir='ltr'><strong>lectio.</strong></span> <span class='ocrx_word' id='word_1_424' title='bbox 405 1886 431 1912; x_wconf 89' lang='lat' dir='ltr'><strong>itt</strong></span> <span class='ocrx_word' id='word_1_425' title='bbox 446 1895 500 1920; x_wconf 91' lang='lat' dir='ltr'><strong>qtto</strong></span> <span class='ocrx_word' id='word_1_426' title='bbox 517 1887 654 1916; x_wconf 86' lang='lat' dir='ltr'><strong>scribitur,</strong></span> <span class='ocrx_word' id='word_1_427' title='bbox 679 1896 687 1911; x_wconf 80' lang='grc' dir='ltr'>ι</span> <span class='ocrx_word' id='word_1_428' title='bbox 712 1894 773 1913; x_wconf 85' lang='lat' dir='ltr'><strong>cum</strong></span> <span class='ocrx_word' id='word_1_429' title='bbox 795 1894 842 1914; x_wconf 87' lang='lat' dir='ltr'><strong>eas</strong></span> <span class='ocrx_word' id='word_1_430' title='bbox 866 1887 976 1914; x_wconf 84' lang='lat' dir='ltr'><strong>inimica</strong></span> 
     </span>
    </p>
   </div>
   <div class='ocr_carea' id='block_1_57' title="bbox 180 1921 787 1954">
    <p class='ocr_par' dir='ltr' id='par_1_57' title="bbox 180 1921 787 1954">
     <span class='ocr_line' id='line_1_57' title="bbox 180 1921 787 1954; baseline -0.003 -6"><span class='ocrx_word' id='word_1_431' title='bbox 180 1929 288 1954; x_wconf 69' lang='lat' dir='ltr'><strong>semper</strong></span> <span class='ocrx_word' id='word_1_432' title='bbox 304 1921 441 1948; x_wconf 75' lang='lat' dir='ltr'><strong>memoria:</strong></span> <span class='ocrx_word' id='word_1_433' title='bbox 454 1922 568 1949; x_wconf 85' lang='lat' dir='ltr'><strong>iucresis</strong></span> <span class='ocrx_word' id='word_1_434' title='bbox 585 1922 631 1948; x_wconf 90' lang='lat' dir='ltr'><strong>scd</strong></span> <span class='ocrx_word' id='word_1_435' title='bbox 648 1921 758 1948; x_wconf 87' lang='lat' dir='ltr'><strong>oblivio.</strong></span> <span class='ocrx_word' id='word_1_436' title='bbox 779 1931 787 1946; x_wconf 78' lang='grc' dir='ltr'>ι</span> 
     </span>
    </p>
   </div>
   <div class='ocr_carea' id='block_1_58' title="bbox 218 1955 966 1997">
    <p class='ocr_par' dir='ltr' id='par_1_58' title="bbox 218 1955 966 1997">
     <span class='ocr_line' id='line_1_58' title="bbox 218 1955 966 1997; baseline -0.001 -14"><span class='ocrx_word' id='word_1_437' title='bbox 292 1957 319 1982; x_wconf 83' lang='grc' dir='ltr'><strong>1η</strong></span> <span class='ocrx_word' id='word_1_438' title='bbox 333 1956 475 1997; x_wconf 55' lang='lat' dir='ltr'><strong>Casiuettsi</strong></span> <span class='ocrx_word' id='word_1_439' title='bbox 491 1957 594 1988; x_wconf 86' lang='lat' dir='ltr'><strong>codice,</strong></span> <span class='ocrx_word' id='word_1_440' title='bbox 622 1965 630 1982; x_wconf 81' lang='grc' dir='ltr'>ι</span> <span class='ocrx_word' id='word_1_441' title='bbox 652 1957 744 1984; x_wconf 84' lang='lat' dir='ltr'><strong>interit</strong></span> <span class='ocrx_word' id='word_1_442' title='bbox 765 1961 794 1983; x_wconf 91' lang='lat' dir='ltr'><strong>ut</strong></span> <span class='ocrx_word' id='word_1_443' title='bbox 816 1955 936 1990; x_wconf 85' lang='lat' dir='ltr'><strong>tradens,</strong></span> <span class='ocrx_word' id='word_1_444' title='bbox 957 1966 966 1982; x_wconf 79' lang='grc' dir='ltr'><strong><em>ι</em></strong></span> 
     </span>
    </p>
   </div>
   <div class='ocr_carea' id='block_1_59' title="bbox 181 1991 562 2019">
    <p class='ocr_par' dir='ltr' id='par_1_59' title="bbox 181 1991 562 2019">
     <span class='ocr_line' id='line_1_59' title="bbox 181 1991 562 2019; baseline 0 -1"><span class='ocrx_word' id='word_1_445' title='bbox 181 1991 343 2018; x_wconf 79' lang='lat' dir='ltr'><strong>manifestus</strong></span> <span class='ocrx_word' id='word_1_446' title='bbox 359 1991 460 2018; x_wconf 87' lang='lat' dir='ltr'><strong>librarii</strong></span> <span class='ocrx_word' id='word_1_447' title='bbox 476 1999 562 2019; x_wconf 89' lang='lat' dir='ltr'><strong>error.</strong></span> 
     </span>
    </p>
   </div>
   <div class='ocr_carea' id='block_1_60' title="bbox 215 2025 963 2061">
    <p class='ocr_par' dir='ltr' id='par_1_60' title="bbox 215 2025 963 2061">
     <span class='ocr_line' id='line_1_60' title="bbox 215 2025 963 2061; baseline -0.001 -8"><span class='ocrx_word' id='word_1_448' title='bbox 215 2027 271 2061; x_wconf 75' lang='lat' dir='ltr'><strong>(5i)</strong></span> <span class='ocrx_word' id='word_1_449' title='bbox 288 2027 360 2053; x_wconf 80' lang='lat' dir='ltr'><strong>Scite</strong></span> <span class='ocrx_word' id='word_1_450' title='bbox 376 2027 507 2053; x_wconf 88' lang='lat' dir='ltr'><strong>adversus</strong></span> <span class='ocrx_word' id='word_1_451' title='bbox 519 2026 692 2057; x_wconf 79' lang='lat' dir='ltr'><strong>Maniclueos,</strong></span> <span class='ocrx_word' id='word_1_452' title='bbox 707 2030 737 2052; x_wconf 89' lang='lat' dir='ltr'><strong>ut</strong></span> <span class='ocrx_word' id='word_1_453' title='bbox 751 2026 869 2057; x_wconf 78' lang='lat' dir='ltr'><strong>videtur,</strong></span> <span class='ocrx_word' id='word_1_454' title='bbox 884 2025 963 2053; x_wconf 81' lang='lat' dir='ltr'><strong>Joan.</strong></span> 
     </span>
    </p>
   </div>
   <div class='ocr_carea' id='block_1_61' title="bbox 180 2061 965 2097">
    <p class='ocr_par' dir='ltr' id='par_1_61' title="bbox 180 2061 965 2097">
     <span class='ocr_line' id='line_1_61' title="bbox 180 2061 965 2097; baseline 0 -10"><span class='ocrx_word' id='word_1_455' title='bbox 180 2061 393 2097; x_wconf 81' lang='lat' dir='ltr'><strong>Chrysostotuus</strong></span> <span class='ocrx_word' id='word_1_456' title='bbox 411 2062 437 2087; x_wconf 93' lang='lat' dir='ltr'><strong>iu</strong></span> <span class='ocrx_word' id='word_1_457' title='bbox 456 2062 528 2089; x_wconf 89' lang='lat' dir='ltr'><strong>ltuttc</strong></span> <span class='ocrx_word' id='word_1_458' title='bbox 544 2062 574 2088; x_wconf 82' lang='grc' dir='ltr'><strong>Ι).</strong></span> <span class='ocrx_word' id='word_1_459' title='bbox 593 2062 666 2088; x_wconf 76' lang='lat' dir='ltr'><strong>I’auli</strong></span> <span class='ocrx_word' id='word_1_460' title='bbox 681 2062 781 2092; x_wconf 82' lang='lat' dir='ltr'><strong>locum,</strong></span> <span class='ocrx_word' id='word_1_461' title='bbox 795 2062 905 2088; x_wconf 88' lang='lat' dir='ltr'><strong>ltotnilia</strong></span> <span class='ocrx_word' id='word_1_462' title='bbox 925 2062 938 2088; x_wconf 91' lang='lat'><strong>7</strong></span> <span class='ocrx_word' id='word_1_463' title='bbox 958 2071 965 2088; x_wconf 89' lang='lat'>:</span> 
     </span>
    </p>
   </div>
   <div class='ocr_carea' id='block_1_62' title="bbox 183 2096 966 2131">
    <p class='ocr_par' dir='ltr' id='par_1_62' title="bbox 183 2096 966 2131">
     <span class='ocr_line' id='line_1_62' title="bbox 183 2096 966 2131; baseline 0.001 -9"><span class='ocrx_word' id='word_1_464' title='bbox 183 2106 192 2122; x_wconf 78' lang='grc' dir='ltr'>ι</span> <span class='ocrx_word' id='word_1_465' title='bbox 219 2097 269 2123; x_wconf 88' lang='lat' dir='ltr'><strong>Per</strong></span> <span class='ocrx_word' id='word_1_466' title='bbox 286 2097 381 2123; x_wconf 86' lang='lat' dir='ltr'><strong>mortis</strong></span> <span class='ocrx_word' id='word_1_467' title='bbox 399 2101 489 2123; x_wconf 88' lang='lat' dir='ltr'><strong>autent</strong></span> <span class='ocrx_word' id='word_1_468' title='bbox 517 2097 696 2124; x_wconf 66' lang='lat' dir='ltr'><strong>ministerium</strong></span> <span class='ocrx_word' id='word_1_469' title='bbox 723 2096 806 2129; x_wconf 84' lang='lat' dir='ltr'><strong>lcgctn</strong></span> <span class='ocrx_word' id='word_1_470' title='bbox 832 2096 966 2131; x_wconf 83' lang='lat' dir='ltr'><strong>intelligit.</strong></span> 
     </span>
    </p>
   </div>
   <div class='ocr_carea' id='block_1_63' title="bbox 839 1765 1074 1799">
    <p class='ocr_par' dir='ltr' id='par_1_63' title="bbox 839 1765 1074 1799">
     <span class='ocr_line' id='line_1_63' title="bbox 839 1765 1074 1799; baseline 0 -7"><span class='ocrx_word' id='word_1_471' title='bbox 839 1765 860 1780; x_wconf 79' lang='lat'><strong>°&#39;</strong></span> <span class='ocrx_word' id='word_1_472' title='bbox 873 1765 959 1793; x_wconf 85' lang='lat' dir='ltr'><strong>Galat.</strong></span> <span class='ocrx_word' id='word_1_473' title='bbox 977 1766 1074 1799; x_wconf 75' lang='lat'><strong>111,15.</strong></span> 
     </span>
    </p>
   </div>
   <div class='ocr_carea' id='block_1_64' title="bbox 1034 869 1815 902">
    <p class='ocr_par' dir='ltr' id='par_1_64' title="bbox 1034 869 1815 902">
     <span class='ocr_line' id='line_1_64' title="bbox 1034 869 1815 902; baseline 0.005 -7"><span class='ocrx_word' id='word_1_474' title='bbox 1034 873 1124 896; x_wconf 88' lang='lat' dir='ltr'><strong>autem</strong></span> <span class='ocrx_word' id='word_1_475' title='bbox 1140 877 1185 901; x_wconf 86' lang='lat' dir='ltr'><strong>se,</strong></span> <span class='ocrx_word' id='word_1_476' title='bbox 1205 869 1365 896; x_wconf 83' lang='lat' dir='ltr'><strong>delendcbat</strong></span> <span class='ocrx_word' id='word_1_477' title='bbox 1387 877 1402 896; x_wconf 90' lang='lat' dir='ltr'><strong>a</strong></span> <span class='ocrx_word' id='word_1_478' title='bbox 1423 875 1529 902; x_wconf 89' lang='lat' dir='ltr'><strong>morte,</strong></span> <span class='ocrx_word' id='word_1_479' title='bbox 1553 875 1579 897; x_wconf 90' lang='lat' dir='ltr'><strong>et</strong></span> <span class='ocrx_word' id='word_1_480' title='bbox 1601 872 1782 899; x_wconf 81' lang='lat' dir='ltr'><strong>constituebat</strong></span> <span class='ocrx_word' id='word_1_481' title='bbox 1798 875 1815 900; x_wconf 72' lang='lat' dir='ltr'><strong>is</strong></span> 
     </span>
    </p>
   </div>
   <div class='ocr_carea' id='block_1_65' title="bbox 1033 915 1814 951">
    <p class='ocr_par' dir='ltr' id='par_1_65' title="bbox 1033 915 1814 951">
     <span class='ocr_line' id='line_1_65' title="bbox 1033 915 1814 951; baseline 0.006 -10"><span class='ocrx_word' id='word_1_482' title='bbox 1033 915 1129 950; x_wconf 80' lang='lat' dir='ltr'><strong>gloria,</strong></span> <span class='ocrx_word' id='word_1_483' title='bbox 1143 923 1194 950; x_wconf 89' lang='lat' dir='ltr'><strong>0pc</strong></span> <span class='ocrx_word' id='word_1_484' title='bbox 1213 921 1295 951; x_wconf 81' lang='lat' dir='ltr'><strong>atque</strong></span> <span class='ocrx_word' id='word_1_485' title='bbox 1313 916 1415 942; x_wconf 75' lang='lat' dir='ltr'><strong>auxilio</strong></span> <span class='ocrx_word' id='word_1_486' title='bbox 1432 915 1541 942; x_wconf 90' lang='lat' dir='ltr'><strong>Domini</strong></span> <span class='ocrx_word' id='word_1_487' title='bbox 1558 917 1650 944; x_wconf 84' lang='lat' dir='ltr'><strong>nostri</strong></span> <span class='ocrx_word' id='word_1_488' title='bbox 1670 916 1736 945; x_wconf 68' lang='lat' dir='ltr'><strong>Iesu</strong></span> <span class='ocrx_word' id='word_1_489' title='bbox 1753 919 1814 946; x_wconf 85' lang='lat' dir='ltr'><strong>Citri-</strong></span> 
     </span>
    </p>
   </div>
   <div class='ocr_carea' id='block_1_66' title="bbox 1033 961 1079 988">
    <p class='ocr_par' dir='ltr' id='par_1_66' title="bbox 1033 961 1079 988">
     <span class='ocr_line' id='line_1_66' title="bbox 1033 961 1079 988; baseline -0.043 0"><span class='ocrx_word' id='word_1_490' title='bbox 1033 961 1079 988; x_wconf 90' lang='lat' dir='ltr'><strong>sti.</strong></span> 
     </span>
    </p>
   </div>
   <div class='ocr_carea' id='block_1_67' title="bbox 1069 1005 1814 1042">
    <p class='ocr_par' dir='ltr' id='par_1_67' title="bbox 1069 1005 1814 1042">
     <span class='ocr_line' id='line_1_67' title="bbox 1069 1005 1814 1042; baseline 0.007 -10"><span class='ocrx_word' id='word_1_491' title='bbox 1069 1005 1163 1033; x_wconf 77' lang='grc' dir='ltr'><strong>ΧΧΧΙ.</strong></span> <span class='ocrx_word' id='word_1_492' title='bbox 1181 1006 1249 1033; x_wconf 78' lang='lat' dir='ltr'><strong>Audi</strong></span> <span class='ocrx_word' id='word_1_493' title='bbox 1269 1007 1361 1039; x_wconf 82' lang='lat' dir='ltr'><strong>etiam,</strong></span> <span class='ocrx_word' id='word_1_494' title='bbox 1377 1011 1403 1033; x_wconf 88' lang='lat' dir='ltr'><strong>et</strong></span> <span class='ocrx_word' id='word_1_495' title='bbox 1420 1007 1454 1034; x_wconf 89' lang='lat' dir='ltr'><strong>de</strong></span> <span class='ocrx_word' id='word_1_496' title='bbox 1476 1015 1519 1040; x_wconf 89' lang='lat' dir='ltr'><strong>eo,</strong></span> <span class='ocrx_word' id='word_1_497' title='bbox 1544 1008 1620 1042; x_wconf 89' lang='lat' dir='ltr'><strong>quod</strong></span> <span class='ocrx_word' id='word_1_498' title='bbox 1643 1009 1749 1036; x_wconf 86' lang='lat' dir='ltr'><strong>dictum</strong></span> <span class='ocrx_word' id='word_1_499' title='bbox 1764 1015 1796 1036; x_wconf 77' lang='lat' dir='ltr'><strong>est</strong></span> <span class='ocrx_word' id='word_1_500' title='bbox 1811 1020 1814 1037; x_wconf 92' lang='lat'>:</span> 
     </span>
    </p>
   </div>
   <div class='ocr_carea' id='block_1_68' title="bbox 1036 1052 1812 1089">
    <p class='ocr_par' dir='ltr' id='par_1_68' title="bbox 1036 1052 1812 1089">
     <span class='ocr_line' id='line_1_68' title="bbox 1036 1052 1812 1089; baseline 0.005 -11"><span class='ocrx_word' id='word_1_501' title='bbox 1036 1062 1045 1078; x_wconf 74' lang='grc' dir='ltr'>ι</span> <span class='ocrx_word' id='word_1_502' title='bbox 1064 1052 1115 1085; x_wconf 76' lang='lat' dir='ltr'><strong>Qui</strong></span> <span class='ocrx_word' id='word_1_503' title='bbox 1130 1052 1242 1079; x_wconf 85' lang='lat' dir='ltr'><strong>redemit</strong></span> <span class='ocrx_word' id='word_1_504' title='bbox 1255 1060 1303 1079; x_wconf 88' lang='lat' dir='ltr'><strong>nos</strong></span> <span class='ocrx_word' id='word_1_505' title='bbox 1315 1053 1348 1080; x_wconf 87' lang='lat' dir='ltr'><strong>de</strong></span> <span class='ocrx_word' id='word_1_506' title='bbox 1359 1054 1504 1081; x_wconf 85' lang='lat' dir='ltr'><strong>maledicto</strong></span> <span class='ocrx_word' id='word_1_507' title='bbox 1518 1054 1587 1089; x_wconf 74' lang='lat' dir='ltr'><strong>legis</strong></span> <span class='ocrx_word' id='word_1_508' title='bbox 1612 1054 1745 1082; x_wconf 84' lang='lat' dir='ltr'><strong>Christus</strong></span> <span class='ocrx_word' id='word_1_509' title='bbox 1766 1057 1791 1082; x_wconf 82' lang='lat'><strong>&quot;.</strong></span> <span class='ocrx_word' id='word_1_510' title='bbox 1806 1067 1812 1082; x_wconf 77' lang='grc' dir='ltr'><strong><em>ι</em></strong></span> 
     </span>
    </p>
   </div>
   <div class='ocr_carea' id='block_1_69' title="bbox 1033 1096 1814 1134">
    <p class='ocr_par' dir='ltr' id='par_1_69' title="bbox 1033 1096 1814 1134">
     <span class='ocr_line' id='line_1_69' title="bbox 1033 1096 1814 1134; baseline 0.005 -11"><span class='ocrx_word' id='word_1_511' title='bbox 1033 1096 1089 1124; x_wconf 84' lang='lat' dir='ltr'><strong>lloe</strong></span> <span class='ocrx_word' id='word_1_512' title='bbox 1116 1098 1142 1124; x_wconf 94' lang='lat' dir='ltr'><strong>in</strong></span> <span class='ocrx_word' id='word_1_513' title='bbox 1173 1097 1232 1125; x_wconf 88' lang='lat' dir='ltr'><strong>loco</strong></span> <span class='ocrx_word' id='word_1_514' title='bbox 1255 1098 1403 1132; x_wconf 81' lang='lat' dir='ltr'><strong>pervideo,</strong></span> <span class='ocrx_word' id='word_1_515' title='bbox 1431 1099 1611 1134; x_wconf 78' lang='lat' dir='ltr'><strong>magniﬁcum</strong></span> <span class='ocrx_word' id='word_1_516' title='bbox 1638 1099 1689 1126; x_wconf 84' lang='lat' dir='ltr'><strong>Dei</strong></span> <span class='ocrx_word' id='word_1_517' title='bbox 1704 1100 1814 1128; x_wconf 75' lang='lat' dir='ltr'><strong>fatnulum</strong></span> 
     </span>
    </p>
   </div>
   <div class='ocr_carea' id='block_1_70' title="bbox 1031 1143 1815 1180">
    <p class='ocr_par' dir='ltr' id='par_1_70' title="bbox 1031 1143 1815 1180">
     <span class='ocr_line' id='line_1_70' title="bbox 1031 1143 1815 1180; baseline 0.004 -10"><span class='ocrx_word' id='word_1_518' title='bbox 1031 1143 1139 1178; x_wconf 76' lang='lat' dir='ltr'><strong>Moysen</strong></span> <span class='ocrx_word' id='word_1_519' title='bbox 1156 1144 1343 1178; x_wconf 87' lang='lat' dir='ltr'><strong>imaginariam</strong></span> <span class='ocrx_word' id='word_1_520' title='bbox 1359 1144 1415 1179; x_wconf 78' lang='grc'>(55)</span> <span class='ocrx_word' id='word_1_521' title='bbox 1433 1145 1517 1180; x_wconf 78' lang='lat' dir='ltr'><strong>legem</strong></span> <span class='ocrx_word' id='word_1_522' title='bbox 1531 1145 1585 1177; x_wconf 84' lang='lat' dir='ltr'><strong>bis,</strong></span> <span class='ocrx_word' id='word_1_523' title='bbox 1603 1146 1653 1177; x_wconf 87' lang='lat' dir='ltr'><strong>qui</strong></span> <span class='ocrx_word' id='word_1_524' title='bbox 1672 1147 1815 1173; x_wconf 65' lang='lat' dir='ltr'><strong>rectetelitt</strong></span> 
     </span>
    </p>
   </div>
   <div class='ocr_carea' id='block_1_71' title="bbox 1034 1190 1814 1225">
    <p class='ocr_par' dir='ltr' id='par_1_71' title="bbox 1034 1190 1814 1225">
     <span class='ocr_line' id='line_1_71' title="bbox 1034 1190 1814 1225; baseline 0.004 -9"><span class='ocrx_word' id='word_1_525' title='bbox 1034 1190 1125 1216; x_wconf 85' lang='lat' dir='ltr'><strong>videre</strong></span> <span class='ocrx_word' id='word_1_526' title='bbox 1141 1190 1197 1225; x_wconf 68' lang='grc'>(54)</span> <span class='ocrx_word' id='word_1_527' title='bbox 1211 1190 1363 1224; x_wconf 85' lang='lat' dir='ltr'><strong>tradidisse,</strong></span> <span class='ocrx_word' id='word_1_528' title='bbox 1380 1196 1407 1218; x_wconf 88' lang='lat' dir='ltr'><strong>et</strong></span> <span class='ocrx_word' id='word_1_529' title='bbox 1428 1191 1513 1225; x_wconf 86' lang='lat' dir='ltr'><strong>legem</strong></span> <span class='ocrx_word' id='word_1_530' title='bbox 1529 1199 1640 1218; x_wconf 82' lang='lat' dir='ltr'><strong>veram.</strong></span> <span class='ocrx_word' id='word_1_531' title='bbox 1661 1191 1739 1219; x_wconf 88' lang='lat' dir='ltr'><strong>Sicut</strong></span> <span class='ocrx_word' id='word_1_532' title='bbox 1759 1195 1814 1220; x_wconf 67' lang='lat' dir='ltr'><strong>enim</strong></span> 
     </span>
    </p>
   </div>
   <div class='ocr_carea' id='block_1_72' title="bbox 1033 1236 1814 1273">
    <p class='ocr_par' dir='ltr' id='par_1_72' title="bbox 1033 1236 1814 1273">
     <span class='ocr_line' id='line_1_72' title="bbox 1033 1236 1814 1273; baseline 0.004 -10"><span class='ocrx_word' id='word_1_533' title='bbox 1033 1236 1103 1264; x_wconf 87' lang='lat' dir='ltr'><strong>Deus</strong></span> <span class='ocrx_word' id='word_1_534' title='bbox 1120 1244 1182 1264; x_wconf 92' lang='lat' dir='ltr'><strong>cutn</strong></span> <span class='ocrx_word' id='word_1_535' title='bbox 1207 1236 1315 1264; x_wconf 81' lang='lat' dir='ltr'><strong>fecisset</strong></span> <span class='ocrx_word' id='word_1_536' title='bbox 1336 1237 1489 1269; x_wconf 90' lang='lat' dir='ltr'><strong>mundum,</strong></span> <span class='ocrx_word' id='word_1_537' title='bbox 1509 1242 1536 1264; x_wconf 88' lang='lat' dir='ltr'><strong>et</strong></span> <span class='ocrx_word' id='word_1_538' title='bbox 1555 1238 1653 1264; x_wconf 83' lang='lat' dir='ltr'><strong>omnia</strong></span> <span class='ocrx_word' id='word_1_539' title='bbox 1672 1247 1735 1273; x_wconf 70' lang='lat' dir='ltr'><strong>quae</strong></span> <span class='ocrx_word' id='word_1_540' title='bbox 1749 1240 1772 1266; x_wconf 87' lang='lat' dir='ltr'><strong>iu</strong></span> <span class='ocrx_word' id='word_1_541' title='bbox 1791 1248 1814 1266; x_wconf 59' lang='lat' dir='ltr'><strong>ea</strong></span> 
     </span>
    </p>
   </div>
   <div class='ocr_carea' id='block_1_73' title="bbox 1029 1282 1814 1318">
    <p class='ocr_par' dir='ltr' id='par_1_73' title="bbox 1029 1282 1814 1318">
     <span class='ocr_line' id='line_1_73' title="bbox 1029 1282 1814 1318; baseline 0.003 -10"><span class='ocrx_word' id='word_1_542' title='bbox 1029 1287 1103 1314; x_wconf 86' lang='lat' dir='ltr'><strong>sunt,</strong></span> <span class='ocrx_word' id='word_1_543' title='bbox 1116 1282 1142 1308; x_wconf 89' lang='lat' dir='ltr'><strong>itt</strong></span> <span class='ocrx_word' id='word_1_544' title='bbox 1159 1290 1205 1310; x_wconf 75' lang='lat' dir='ltr'><strong>sex</strong></span> <span class='ocrx_word' id='word_1_545' title='bbox 1221 1283 1326 1314; x_wconf 82' lang='lat' dir='ltr'><strong>diebus,</strong></span> <span class='ocrx_word' id='word_1_546' title='bbox 1343 1283 1477 1317; x_wconf 83' lang='lat' dir='ltr'><strong>requievit</strong></span> <span class='ocrx_word' id='word_1_547' title='bbox 1493 1284 1519 1309; x_wconf 92' lang='lat' dir='ltr'><strong>in</strong></span> <span class='ocrx_word' id='word_1_548' title='bbox 1531 1283 1577 1310; x_wconf 90' lang='lat' dir='ltr'><strong>die</strong></span> <span class='ocrx_word' id='word_1_549' title='bbox 1592 1285 1715 1318; x_wconf 85' lang='lat' dir='ltr'><strong>septima</strong></span> <span class='ocrx_word' id='word_1_550' title='bbox 1729 1286 1759 1311; x_wconf 85' lang='lat' dir='ltr'><strong>ab</strong></span> <span class='ocrx_word' id='word_1_551' title='bbox 1771 1294 1814 1311; x_wconf 84' lang='lat' dir='ltr'><strong>om-</strong></span> 
     </span>
    </p>
   </div>
   <div class='ocr_carea' id='block_1_74' title="bbox 1030 1328 1813 1364">
    <p class='ocr_par' dir='ltr' id='par_1_74' title="bbox 1030 1328 1813 1364">
     <span class='ocr_line' id='line_1_74' title="bbox 1030 1328 1813 1364; baseline 0.006 -10"><span class='ocrx_word' id='word_1_552' title='bbox 1030 1328 1111 1355; x_wconf 86' lang='lat' dir='ltr'><strong>nibus</strong></span> <span class='ocrx_word' id='word_1_553' title='bbox 1121 1328 1248 1362; x_wconf 76' lang='lat' dir='ltr'><strong>operibus</strong></span> <span class='ocrx_word' id='word_1_554' title='bbox 1262 1328 1331 1361; x_wconf 88' lang='lat' dir='ltr'><strong>suis;</strong></span> <span class='ocrx_word' id='word_1_555' title='bbox 1346 1336 1400 1355; x_wconf 88' lang='lat' dir='ltr'><strong>non</strong></span> <span class='ocrx_word' id='word_1_556' title='bbox 1415 1329 1488 1361; x_wconf 80' lang='lat' dir='ltr'><strong>dico,</strong></span> <span class='ocrx_word' id='word_1_557' title='bbox 1506 1329 1572 1363; x_wconf 89' lang='lat' dir='ltr'><strong>quia</strong></span> <span class='ocrx_word' id='word_1_558' title='bbox 1593 1330 1759 1364; x_wconf 81' lang='lat' dir='ltr'><strong>requieverit</strong></span> <span class='ocrx_word' id='word_1_559' title='bbox 1772 1331 1813 1358; x_wconf 56' lang='lat' dir='ltr'><strong>iiii</strong></span> 
     </span>
    </p>
   </div>
   <div class='ocr_carea' id='block_1_75' title="bbox 1029 1374 1813 1409">
    <p class='ocr_par' dir='ltr' id='par_1_75' title="bbox 1029 1374 1813 1409">
     <span class='ocr_line' id='line_1_75' title="bbox 1029 1374 1813 1409; baseline 0.004 -10"><span class='ocrx_word' id='word_1_560' title='bbox 1029 1374 1174 1409; x_wconf 74' lang='lat' dir='ltr'><strong>fatigatus,</strong></span> <span class='ocrx_word' id='word_1_561' title='bbox 1201 1374 1247 1401; x_wconf 88' lang='lat' dir='ltr'><strong>sed</strong></span> <span class='ocrx_word' id='word_1_562' title='bbox 1273 1374 1402 1408; x_wconf 86' lang='lat' dir='ltr'><strong>quoniam</strong></span> <span class='ocrx_word' id='word_1_563' title='bbox 1435 1375 1469 1401; x_wconf 88' lang='lat' dir='ltr'><strong>ad</strong></span> <span class='ocrx_word' id='word_1_564' title='bbox 1492 1375 1648 1408; x_wconf 78' lang='lat' dir='ltr'><strong>perfectum</strong></span> <span class='ocrx_word' id='word_1_565' title='bbox 1683 1377 1813 1403; x_wconf 74' lang='lat' dir='ltr'><strong>adduxerat</strong></span> 
     </span>
    </p>
   </div>
   <div class='ocr_carea' id='block_1_76' title="bbox 1028 1419 1812 1455">
    <p class='ocr_par' dir='ltr' id='par_1_76' title="bbox 1028 1419 1812 1455">
     <span class='ocr_line' id='line_1_76' title="bbox 1028 1419 1812 1455; baseline 0.003 -9"><span class='ocrx_word' id='word_1_566' title='bbox 1028 1428 1136 1447; x_wconf 83' lang='lat' dir='ltr'><strong>onmem</strong></span> <span class='ocrx_word' id='word_1_567' title='bbox 1152 1428 1233 1455; x_wconf 90' lang='lat' dir='ltr'><strong>quam</strong></span> <span class='ocrx_word' id='word_1_568' title='bbox 1251 1419 1340 1447; x_wconf 78' lang='lat' dir='ltr'><strong>facere</strong></span> <span class='ocrx_word' id='word_1_569' title='bbox 1350 1421 1536 1454; x_wconf 86' lang='lat' dir='ltr'><strong>disposuerat.</strong></span> <span class='ocrx_word' id='word_1_570' title='bbox 1551 1427 1716 1449; x_wconf 85' lang='lat' dir='ltr'><strong>creaturam</strong></span> <span class='ocrx_word' id='word_1_571' title='bbox 1734 1432 1740 1449; x_wconf 88' lang='lat'><strong>:</strong></span> <span class='ocrx_word' id='word_1_572' title='bbox 1754 1423 1812 1449; x_wconf 65' lang='lat' dir='ltr'><strong>deiu-</strong></span> 
     </span>
    </p>
   </div>
   <div class='ocr_carea' id='block_1_77' title="bbox 1029 1465 1811 1503">
    <p class='ocr_par' dir='ltr' id='par_1_77' title="bbox 1029 1465 1811 1503">
     <span class='ocr_line' id='line_1_77' title="bbox 1029 1465 1811 1503; baseline 0.001 -10"><span class='ocrx_word' id='word_1_573' title='bbox 1029 1474 1081 1500; x_wconf 86' lang='lat' dir='ltr'><strong>que</strong></span> <span class='ocrx_word' id='word_1_574' title='bbox 1097 1467 1134 1493; x_wconf 89' lang='lat' dir='ltr'><strong>ait</strong></span> <span class='ocrx_word' id='word_1_575' title='bbox 1147 1476 1154 1492; x_wconf 69' lang='grc' dir='ltr'><strong>ε</strong></span> <span class='ocrx_word' id='word_1_576' title='bbox 1174 1476 1182 1491; x_wconf 80' lang='lat' dir='ltr'><strong>t</strong></span> <span class='ocrx_word' id='word_1_577' title='bbox 1199 1465 1279 1493; x_wconf 88' lang='lat' dir='ltr'><strong>Pater</strong></span> <span class='ocrx_word' id='word_1_578' title='bbox 1293 1474 1368 1493; x_wconf 90' lang='lat' dir='ltr'><strong>meus</strong></span> <span class='ocrx_word' id='word_1_579' title='bbox 1384 1473 1472 1500; x_wconf 84' lang='lat' dir='ltr'><strong>usque</strong></span> <span class='ocrx_word' id='word_1_580' title='bbox 1487 1467 1570 1493; x_wconf 91' lang='lat' dir='ltr'><strong>modo</strong></span> <span class='ocrx_word' id='word_1_581' title='bbox 1582 1473 1730 1501; x_wconf 77' lang='lat' dir='ltr'><strong>operatur,</strong></span> <span class='ocrx_word' id='word_1_582' title='bbox 1743 1474 1766 1494; x_wconf 84' lang='lat' dir='ltr'><strong>et</strong></span> <span class='ocrx_word' id='word_1_583' title='bbox 1775 1477 1811 1503; x_wconf 58' lang='lat' dir='ltr'><strong>ego</strong></span> 
     </span>
    </p>
   </div>
   <div class='ocr_carea' id='block_1_78' title="bbox 1028 1511 1811 1546">
    <p class='ocr_par' dir='ltr' id='par_1_78' title="bbox 1028 1511 1811 1546">
     <span class='ocr_line' id='line_1_78' title="bbox 1028 1511 1811 1546; baseline 0.001 -7"><span class='ocrx_word' id='word_1_584' title='bbox 1028 1520 1123 1546; x_wconf 89' lang='lat' dir='ltr'><strong>operor</strong></span> <span class='ocrx_word' id='word_1_585' title='bbox 1139 1512 1171 1538; x_wconf 63' lang='grc'><strong>⁵³.</strong></span> <span class='ocrx_word' id='word_1_586' title='bbox 1197 1521 1206 1537; x_wconf 82' lang='grc' dir='ltr'><strong><em>ι</em></strong></span> <span class='ocrx_word' id='word_1_587' title='bbox 1220 1511 1412 1546; x_wconf 81' lang='lat' dir='ltr'><strong>Nunquidnam</strong></span> <span class='ocrx_word' id='word_1_588' title='bbox 1430 1513 1531 1539; x_wconf 75' lang='lat' dir='ltr'><strong>rmlum</strong></span> <span class='ocrx_word' id='word_1_589' title='bbox 1554 1512 1642 1545; x_wconf 80' lang='lat' dir='ltr'><strong>facit,</strong></span> <span class='ocrx_word' id='word_1_590' title='bbox 1666 1519 1716 1540; x_wconf 83' lang='lat' dir='ltr'><strong>aut</strong></span> <span class='ocrx_word' id='word_1_591' title='bbox 1734 1515 1811 1543; x_wconf 63' lang='lat' dir='ltr'><strong>solem.</strong></span> 
     </span>
    </p>
   </div>
   <div class='ocr_carea' id='block_1_79' title="bbox 1027 1558 1811 1594">
    <p class='ocr_par' dir='ltr' id='par_1_79' title="bbox 1027 1558 1811 1594">
     <span class='ocr_line' id='line_1_79' title="bbox 1027 1558 1811 1594; baseline 0.001 -10"><span class='ocrx_word' id='word_1_592' title='bbox 1027 1562 1073 1585; x_wconf 87' lang='lat' dir='ltr'><strong>aut</strong></span> <span class='ocrx_word' id='word_1_593' title='bbox 1087 1558 1235 1590; x_wconf 87' lang='lat' dir='ltr'><strong>hominem,</strong></span> <span class='ocrx_word' id='word_1_594' title='bbox 1247 1563 1293 1584; x_wconf 84' lang='lat' dir='ltr'><strong>aut</strong></span> <span class='ocrx_word' id='word_1_595' title='bbox 1309 1558 1456 1589; x_wconf 76' lang='lat' dir='ltr'><strong>animalia,</strong></span> <span class='ocrx_word' id='word_1_596' title='bbox 1478 1564 1525 1586; x_wconf 91' lang='lat' dir='ltr'><strong>aut</strong></span> <span class='ocrx_word' id='word_1_597' title='bbox 1541 1559 1665 1594; x_wconf 86' lang='lat' dir='ltr'><strong>virgulta</strong></span> <span class='ocrx_word' id='word_1_598' title='bbox 1676 1580 1685 1590; x_wconf 84' lang='lat'><strong>,</strong></span> <span class='ocrx_word' id='word_1_599' title='bbox 1714 1567 1757 1586; x_wconf 87' lang='lat' dir='ltr'><strong>aut</strong></span> <span class='ocrx_word' id='word_1_600' title='bbox 1774 1561 1811 1586; x_wconf 65' lang='lat' dir='ltr'><strong>ta&#39;e</strong></span> 
     </span>
    </p>
   </div>
   <div class='ocr_carea' id='block_1_80' title="bbox 1028 1598 1811 1639">
    <p class='ocr_par' dir='ltr' id='par_1_80' title="bbox 1028 1598 1811 1639">
     <span class='ocr_line' id='line_1_80' title="bbox 1028 1598 1811 1639; baseline 0 -10"><span class='ocrx_word' id='word_1_601' title='bbox 1028 1603 1127 1637; x_wconf 84' lang='lat' dir='ltr'><strong>aliquid</strong></span> <span class='ocrx_word' id='word_1_602' title='bbox 1140 1603 1151 1630; x_wconf 85' lang='lat'><strong>?</strong></span> <span class='ocrx_word' id='word_1_603' title='bbox 1167 1603 1218 1630; x_wconf 87' lang='lat' dir='ltr'><strong>Sed</strong></span> <span class='ocrx_word' id='word_1_604' title='bbox 1233 1603 1275 1630; x_wconf 91' lang='lat' dir='ltr'><strong>his</strong></span> <span class='ocrx_word' id='word_1_605' title='bbox 1292 1598 1402 1637; x_wconf 87' lang='lat' dir='ltr'><strong>quidem</strong></span> <span class='ocrx_word' id='word_1_606' title='bbox 1417 1603 1577 1630; x_wconf 89' lang='lat' dir='ltr'><strong>visibilibus</strong></span> <span class='ocrx_word' id='word_1_607' title='bbox 1595 1612 1638 1639; x_wconf 87' lang='lat' dir='ltr'><strong>pet</strong></span> <span class='ocrx_word' id='word_1_608' title='bbox 1648 1604 1740 1635; x_wconf 61' lang='lat' dir='ltr'><strong>rectis,</strong></span> <span class='ocrx_word' id='word_1_609' title='bbox 1754 1613 1767 1630; x_wconf 73' lang='grc' dir='ltr'><strong>ει</strong></span> <span class='ocrx_word' id='word_1_610' title='bbox 1778 1606 1811 1630; x_wconf 78' lang='lat' dir='ltr'><strong>lal.</strong></span> 
     </span>
    </p>
   </div>
   <div class='ocr_carea' id='block_1_81' title="bbox 1023 1649 1814 1684">
    <p class='ocr_par' dir='ltr' id='par_1_81' title="bbox 1023 1649 1814 1684">
     <span class='ocr_line' id='line_1_81' title="bbox 1023 1649 1814 1684; baseline 0.001 -8"><span class='ocrx_word' id='word_1_611' title='bbox 1023 1657 1103 1684; x_wconf 82' lang='lat' dir='ltr'><strong>opere</strong></span> <span class='ocrx_word' id='word_1_612' title='bbox 1115 1649 1290 1684; x_wconf 89' lang='lat' dir='ltr'><strong>conquievit;</strong></span> <span class='ocrx_word' id='word_1_613' title='bbox 1314 1649 1462 1677; x_wconf 81' lang='lat' dir='ltr'><strong>invisibilia</strong></span> <span class='ocrx_word' id='word_1_614' title='bbox 1481 1655 1577 1677; x_wconf 88' lang='lat' dir='ltr'><strong>autem</strong></span> <span class='ocrx_word' id='word_1_615' title='bbox 1590 1671 1597 1682; x_wconf 94' lang='lat'><strong>,</strong></span> <span class='ocrx_word' id='word_1_616' title='bbox 1611 1655 1640 1676; x_wconf 86' lang='lat' dir='ltr'><strong>et</strong></span> <span class='ocrx_word' id='word_1_617' title='bbox 1667 1651 1814 1677; x_wconf 71' lang='lat' dir='ltr'><strong>intriusmts</strong></span> 
     </span>
    </p>
   </div>
   <div class='ocr_carea' id='block_1_82' title="bbox 1023 1694 1814 1731">
    <p class='ocr_par' dir='ltr' id='par_1_82' title="bbox 1023 1694 1814 1731">
     <span class='ocr_line' id='line_1_82' title="bbox 1023 1694 1814 1731; baseline -0.001 -9"><span class='ocrx_word' id='word_1_618' title='bbox 1023 1694 1080 1730; x_wconf 82' lang='lat'><strong>(56)</strong></span> <span class='ocrx_word' id='word_1_619' title='bbox 1095 1702 1182 1729; x_wconf 86' lang='lat' dir='ltr'><strong>usque</strong></span> <span class='ocrx_word' id='word_1_620' title='bbox 1204 1695 1284 1722; x_wconf 89' lang='lat' dir='ltr'><strong>tnodo</strong></span> <span class='ocrx_word' id='word_1_621' title='bbox 1303 1702 1421 1730; x_wconf 87' lang='lat' dir='ltr'><strong>operatts</strong></span> <span class='ocrx_word' id='word_1_622' title='bbox 1435 1715 1442 1729; x_wconf 84' lang='lat'><strong>,</strong></span> <span class='ocrx_word' id='word_1_623' title='bbox 1466 1695 1567 1723; x_wconf 85' lang='lat' dir='ltr'><strong>salvat.</strong></span> <span class='ocrx_word' id='word_1_624' title='bbox 1600 1696 1641 1723; x_wconf 71' lang='lat' dir='ltr'><strong>lia</strong></span> <span class='ocrx_word' id='word_1_625' title='bbox 1664 1704 1732 1731; x_wconf 80' lang='lat' dir='ltr'><strong>ergo</strong></span> <span class='ocrx_word' id='word_1_626' title='bbox 1749 1703 1814 1723; x_wconf 74' lang='lat' dir='ltr'><strong>etiam</strong></span> 
     </span>
    </p>
   </div>
   <div class='ocr_carea' id='block_1_83' title="bbox 1114 1763 1335 1800">
    <p class='ocr_par' dir='ltr' id='par_1_83' title="bbox 1114 1763 1335 1800">
     <span class='ocr_line' id='line_1_83' title="bbox 1114 1763 1335 1800; baseline 0.005 -9"><span class='ocrx_word' id='word_1_627' title='bbox 1114 1764 1136 1780; x_wconf 77' lang='lat'><strong>“</strong></span> <span class='ocrx_word' id='word_1_628' title='bbox 1158 1763 1237 1792; x_wconf 78' lang='lat' dir='ltr'><strong>Joan.</strong></span> <span class='ocrx_word' id='word_1_629' title='bbox 1252 1773 1279 1800; x_wconf 77' lang='grc' dir='ltr'><strong>ν,</strong></span> <span class='ocrx_word' id='word_1_630' title='bbox 1293 1765 1335 1792; x_wconf 74' lang='grc'><strong>17.</strong></span> 
     </span>
    </p>
   </div>
   <div class='ocr_carea' id='block_1_84' title="bbox 1030 1850 1810 1885">
    <p class='ocr_par' dir='ltr' id='par_1_84' title="bbox 1030 1850 1810 1885">
     <span class='ocr_line' id='line_1_84' title="bbox 1030 1850 1810 1885; baseline -0.003 -7"><span class='ocrx_word' id='word_1_631' title='bbox 1030 1851 1110 1878; x_wconf 87' lang='lat' dir='ltr'><strong>modo</strong></span> <span class='ocrx_word' id='word_1_632' title='bbox 1132 1850 1176 1878; x_wconf 90' lang='lat' dir='ltr'><strong>hic</strong></span> <span class='ocrx_word' id='word_1_633' title='bbox 1199 1858 1308 1885; x_wconf 89' lang='lat' dir='ltr'><strong>quoque</strong></span> <span class='ocrx_word' id='word_1_634' title='bbox 1322 1858 1374 1877; x_wconf 87' lang='lat' dir='ltr'><strong>non</strong></span> <span class='ocrx_word' id='word_1_635' title='bbox 1392 1850 1434 1877; x_wconf 85' lang='lat' dir='ltr'><strong>lex</strong></span> <span class='ocrx_word' id='word_1_636' title='bbox 1449 1855 1521 1881; x_wconf 81' lang='lat' dir='ltr'><strong>erat,</strong></span> <span class='ocrx_word' id='word_1_637' title='bbox 1536 1858 1603 1884; x_wconf 72' lang='lat' dir='ltr'><strong>quae</strong></span> <span class='ocrx_word' id='word_1_638' title='bbox 1626 1858 1725 1877; x_wconf 72' lang='lat' dir='ltr'><strong>necem</strong></span> <span class='ocrx_word' id='word_1_639' title='bbox 1740 1850 1810 1876; x_wconf 71' lang='lat' dir='ltr'><strong>silm-</strong></span> 
     </span>
    </p>
   </div>
   <div class='ocr_carea' id='block_1_85' title="bbox 1029 1886 1815 1920">
    <p class='ocr_par' dir='ltr' id='par_1_85' title="bbox 1029 1886 1815 1920">
     <span class='ocr_line' id='line_1_85' title="bbox 1029 1886 1815 1920; baseline -0.004 -7"><span class='ocrx_word' id='word_1_640' title='bbox 1029 1887 1084 1919; x_wconf 87' lang='lat' dir='ltr'><strong>bal;</strong></span> <span class='ocrx_word' id='word_1_641' title='bbox 1099 1886 1145 1912; x_wconf 89' lang='lat' dir='ltr'><strong>sed</strong></span> <span class='ocrx_word' id='word_1_642' title='bbox 1162 1891 1301 1920; x_wconf 88' lang='lat' dir='ltr'><strong>peceatuut</strong></span> <span class='ocrx_word' id='word_1_643' title='bbox 1319 1886 1409 1920; x_wconf 88' lang='lat' dir='ltr'><strong>ipsutn</strong></span> <span class='ocrx_word' id='word_1_644' title='bbox 1429 1887 1591 1920; x_wconf 53' lang='lat' dir='ltr'><strong>eratkquod</strong></span> <span class='ocrx_word' id='word_1_645' title='bbox 1606 1891 1635 1912; x_wconf 84' lang='lat' dir='ltr'><strong>et</strong></span> <span class='ocrx_word' id='word_1_646' title='bbox 1654 1886 1815 1912; x_wconf 68' lang='lat' dir='ltr'><strong>itttemuebat</strong></span> 
     </span>
    </p>
   </div>
   <div class='ocr_carea' id='block_1_86' title="bbox 1028 1921 1311 1949">
    <p class='ocr_par' dir='ltr' id='par_1_86' title="bbox 1028 1921 1311 1949">
     <span class='ocr_line' id='line_1_86' title="bbox 1028 1921 1311 1949; baseline -0.007 0"><span class='ocrx_word' id='word_1_647' title='bbox 1028 1926 1055 1949; x_wconf 88' lang='lat' dir='ltr'><strong>et</strong></span> <span class='ocrx_word' id='word_1_648' title='bbox 1074 1921 1280 1948; x_wconf 87' lang='lat' dir='ltr'><strong>condemnabat.</strong></span> <span class='ocrx_word' id='word_1_649' title='bbox 1303 1930 1311 1946; x_wconf 78' lang='grc' dir='ltr'><strong><em>ι</em></strong></span> 
     </span>
    </p>
   </div>
   <div class='ocr_carea' id='block_1_87' title="bbox 1060 1955 1816 1991">
    <p class='ocr_par' dir='ltr' id='par_1_87' title="bbox 1060 1955 1816 1991">
     <span class='ocr_line' id='line_1_87' title="bbox 1060 1955 1816 1991; baseline -0.003 -8"><span class='ocrx_word' id='word_1_650' title='bbox 1060 1957 1116 1991; x_wconf 78' lang='lat'><strong>(5&#39;2)</strong></span> <span class='ocrx_word' id='word_1_651' title='bbox 1135 1956 1162 1982; x_wconf 92' lang='lat' dir='ltr'><strong>In</strong></span> <span class='ocrx_word' id='word_1_652' title='bbox 1176 1956 1269 1983; x_wconf 87' lang='lat' dir='ltr'><strong>codice</strong></span> <span class='ocrx_word' id='word_1_653' title='bbox 1283 1955 1425 1982; x_wconf 82' lang='lat' dir='ltr'><strong>Casiucusi</strong></span> <span class='ocrx_word' id='word_1_654' title='bbox 1437 1959 1490 1991; x_wconf 82' lang='lat' dir='ltr'><strong>est,</strong></span> <span class='ocrx_word' id='word_1_655' title='bbox 1508 1964 1517 1979; x_wconf 76' lang='grc' dir='ltr'>ι</span> <span class='ocrx_word' id='word_1_656' title='bbox 1538 1955 1609 1988; x_wconf 86' lang='lat' dir='ltr'><strong>acti,</strong></span> <span class='ocrx_word' id='word_1_657' title='bbox 1632 1965 1641 1980; x_wconf 71' lang='grc' dir='ltr'><strong><em>ι</em></strong></span> <span class='ocrx_word' id='word_1_658' title='bbox 1660 1957 1737 1990; x_wconf 85' lang='lat' dir='ltr'><strong>quod</strong></span> <span class='ocrx_word' id='word_1_659' title='bbox 1749 1957 1816 1983; x_wconf 71' lang='lat' dir='ltr'><strong>etiam</strong></span> 
     </span>
    </p>
   </div>
   <div class='ocr_carea' id='block_1_88' title="bbox 1022 1990 1552 2018">
    <p class='ocr_par' dir='ltr' id='par_1_88' title="bbox 1022 1990 1552 2018">
     <span class='ocr_line' id='line_1_88' title="bbox 1022 1990 1552 2018; baseline -0.004 0"><span class='ocrx_word' id='word_1_660' title='bbox 1022 1990 1168 2018; x_wconf 73' lang='lat' dir='ltr'><strong>manil‘eSIa</strong></span> <span class='ocrx_word' id='word_1_661' title='bbox 1183 1995 1225 2017; x_wconf 80' lang='lat' dir='ltr'><strong>est</strong></span> <span class='ocrx_word' id='word_1_662' title='bbox 1238 1991 1341 2017; x_wconf 88' lang='lat' dir='ltr'><strong>librarii</strong></span> <span class='ocrx_word' id='word_1_663' title='bbox 1362 1990 1552 2017; x_wconf 87' lang='lat' dir='ltr'><strong>halluciuatio.</strong></span> 
     </span>
    </p>
   </div>
   <div class='ocr_carea' id='block_1_89' title="bbox 1060 2025 1817 2060">
    <p class='ocr_par' dir='ltr' id='par_1_89' title="bbox 1060 2025 1817 2060">
     <span class='ocr_line' id='line_1_89' title="bbox 1060 2025 1817 2060; baseline -0.003 -8"><span class='ocrx_word' id='word_1_664' title='bbox 1060 2026 1116 2060; x_wconf 76' lang='lat'><strong>(55}</strong></span> <span class='ocrx_word' id='word_1_665' title='bbox 1130 2025 1332 2060; x_wconf 79' lang='lat' dir='ltr'><strong>Intugiuariam.</strong></span> <span class='ocrx_word' id='word_1_666' title='bbox 1350 2025 1501 2052; x_wconf 82' lang='lat' dir='ltr'><strong>Archelaus</strong></span> <span class='ocrx_word' id='word_1_667' title='bbox 1515 2029 1599 2052; x_wconf 87' lang='lat' dir='ltr'><strong>vocat</strong></span> <span class='ocrx_word' id='word_1_668' title='bbox 1614 2025 1708 2060; x_wconf 78' lang='lat' dir='ltr'><strong>legem</strong></span> <span class='ocrx_word' id='word_1_669' title='bbox 1720 2048 1727 2057; x_wconf 85' lang='lat'><strong>,</strong></span> <span class='ocrx_word' id='word_1_670' title='bbox 1749 2025 1817 2051; x_wconf 62' lang='lat' dir='ltr'><strong>Vetus</strong></span> 
     </span>
    </p>
   </div>
   <div class='ocr_carea' id='block_1_90' title="bbox 1023 2061 1815 2095">
    <p class='ocr_par' dir='ltr' id='par_1_90' title="bbox 1023 2061 1815 2095">
     <span class='ocr_line' id='line_1_90' title="bbox 1023 2061 1815 2095; baseline -0.005 -8"><span class='ocrx_word' id='word_1_671' title='bbox 1023 2061 1228 2088; x_wconf 77' lang='lat' dir='ltr'><strong>&#39;l‘estamentutu</strong></span> <span class='ocrx_word' id='word_1_672' title='bbox 1242 2080 1250 2090; x_wconf 84' lang='lat'><strong>,</strong></span> <span class='ocrx_word' id='word_1_673' title='bbox 1271 2062 1343 2095; x_wconf 91' lang='lat' dir='ltr'><strong>quod</strong></span> <span class='ocrx_word' id='word_1_674' title='bbox 1366 2065 1445 2095; x_wconf 86' lang='lat' dir='ltr'><strong>typus</strong></span> <span class='ocrx_word' id='word_1_675' title='bbox 1462 2065 1544 2095; x_wconf 66' lang='lat' dir='ltr'><strong>esset</strong></span> <span class='ocrx_word' id='word_1_676' title='bbox 1560 2066 1589 2086; x_wconf 89' lang='lat' dir='ltr'><strong>ct</strong></span> <span class='ocrx_word' id='word_1_677' title='bbox 1619 2061 1717 2095; x_wconf 80' lang='lat' dir='ltr'><strong>imago</strong></span> <span class='ocrx_word' id='word_1_678' title='bbox 1736 2061 1815 2087; x_wconf 59' lang='lat' dir='ltr'><strong>lutum</strong></span> 
     </span>
    </p>
   </div>
   <div class='ocr_carea' id='block_1_91' title="bbox 1022 2094 1816 2130">
    <p class='ocr_par' dir='ltr' id='par_1_91' title="bbox 1022 2094 1816 2130">
     <span class='ocr_line' id='line_1_91' title="bbox 1022 2094 1816 2130; baseline 0.001 -9"><span class='ocrx_word' id='word_1_679' title='bbox 1022 2104 1098 2122; x_wconf 74' lang='lat' dir='ltr'><strong>nova:</strong></span> <span class='ocrx_word' id='word_1_680' title='bbox 1112 2095 1194 2130; x_wconf 84' lang='lat' dir='ltr'><strong>legis.</strong></span> <span class='ocrx_word' id='word_1_681' title='bbox 1225 2094 1318 2123; x_wconf 26' lang='lat' dir='ltr'><strong>Sic’et</strong></span> <span class='ocrx_word' id='word_1_682' title='bbox 1342 2094 1451 2122; x_wconf 72' lang='lat' dir='ltr'><strong>Petrum</strong></span> <span class='ocrx_word' id='word_1_683' title='bbox 1468 2095 1501 2121; x_wconf 90' lang='lat' dir='ltr'><strong>de</strong></span> <span class='ocrx_word' id='word_1_684' title='bbox 1524 2094 1623 2122; x_wconf 81' lang='lat' dir='ltr'><strong>Vincis</strong></span> <span class='ocrx_word' id='word_1_685' title='bbox 1654 2094 1695 2122; x_wconf 21' lang='lat' dir='ltr'><strong>in,</strong></span> <span class='ocrx_word' id='word_1_686' title='bbox 1709 2099 1816 2130; x_wconf 60' lang='lat' dir='ltr'><strong>(‘pisloas</strong></span> 
     </span>
    </p>
   </div>
   <div class='ocr_carea' id='block_1_92' title="bbox 178 2131 1816 2168">
    <p class='ocr_par' dir='ltr' id='par_1_92' title="bbox 178 2131 1816 2168">
     <span class='ocr_line' id='line_1_92' title="bbox 178 2131 1816 2168; baseline -0.002 -10"><span class='ocrx_word' id='word_1_687' title='bbox 178 2131 267 2166; x_wconf 86' lang='lat' dir='ltr'><strong>Atque</strong></span> <span class='ocrx_word' id='word_1_688' title='bbox 282 2132 389 2158; x_wconf 79' lang='lat' dir='ltr'><strong>interim</strong></span> <span class='ocrx_word' id='word_1_689' title='bbox 403 2132 576 2168; x_wconf 27' lang='lat' dir='ltr'><strong>videtqttam</strong></span> <span class='ocrx_word' id='word_1_690' title='bbox 596 2132 691 2168; x_wconf 88' lang='lat' dir='ltr'><strong>sedulo</strong></span> <span class='ocrx_word' id='word_1_691' title='bbox 711 2131 737 2157; x_wconf 91' lang='lat' dir='ltr'><strong>in</strong></span> <span class='ocrx_word' id='word_1_692' title='bbox 757 2132 808 2158; x_wconf 88' lang='lat' dir='ltr'><strong>ista</strong></span> <span class='ocrx_word' id='word_1_693' title='bbox 823 2138 968 2166; x_wconf 86' lang='lat' dir='ltr'><strong>compara-</strong></span> <span class='ocrx_word' id='word_1_694' title='bbox 984 2139 1007 2168; x_wconf 79' lang='grc' dir='ltr'>ι)</span> <span class='ocrx_word' id='word_1_695' title='bbox 1021 2132 1079 2158; x_wconf 89' lang='lat' dir='ltr'><strong>suis</strong></span> <span class='ocrx_word' id='word_1_696' title='bbox 1093 2139 1146 2168; x_wconf 84' lang='lat' dir='ltr'><strong>non</strong></span> <span class='ocrx_word' id='word_1_697' title='bbox 1160 2132 1252 2168; x_wconf 80' lang='lat' dir='ltr'><strong>semel,</strong></span> <span class='ocrx_word' id='word_1_698' title='bbox 1268 2140 1277 2156; x_wconf 77' lang='grc' dir='ltr'><strong><em>ι</em></strong></span> <span class='ocrx_word' id='word_1_699' title='bbox 1298 2131 1524 2168; x_wconf 43' lang='lat' dir='ltr'><strong>imaginarium}</strong></span> <span class='ocrx_word' id='word_1_700' title='bbox 1543 2131 1706 2168; x_wconf 28' lang='lat' dir='ltr'><strong>hominem“</strong></span> <span class='ocrx_word' id='word_1_701' title='bbox 1721 2140 1816 2158; x_wconf 60' lang='lat' dir='ltr'><strong>ton»:</strong></span> 
     </span>
    </p>
   </div>
   <div class='ocr_carea' id='block_1_93' title="bbox 178 2167 964 2200">
    <p class='ocr_par' dir='ltr' id='par_1_93' title="bbox 178 2167 964 2200">
     <span class='ocr_line' id='line_1_93' title="bbox 178 2167 964 2200; baseline 0.001 -8"><span class='ocrx_word' id='word_1_702' title='bbox 178 2167 253 2193; x_wconf 83' lang='lat' dir='ltr'><strong>tione</strong></span> <span class='ocrx_word' id='word_1_703' title='bbox 269 2172 377 2199; x_wconf 82' lang='lat' dir='ltr'><strong>caveat,</strong></span> <span class='ocrx_word' id='word_1_704' title='bbox 401 2175 434 2193; x_wconf 88' lang='lat' dir='ltr'><strong>ne</strong></span> <span class='ocrx_word' id='word_1_705' title='bbox 456 2167 538 2193; x_wconf 91' lang='lat' dir='ltr'><strong>ullam</strong></span> <span class='ocrx_word' id='word_1_706' title='bbox 556 2167 690 2193; x_wconf 75' lang='lat' dir='ltr'><strong>lttct&#39;cticis</strong></span> <span class='ocrx_word' id='word_1_707' title='bbox 713 2173 810 2193; x_wconf 83' lang='lat' dir='ltr'><strong>ausam</strong></span> <span class='ocrx_word' id='word_1_708' title='bbox 834 2168 964 2200; x_wconf 62' lang='lat' dir='ltr'><strong>prxbcat.</strong></span> 
     </span>
    </p>
   </div>
   <div class='ocr_carea' id='block_1_94' title="bbox 177 2199 967 2234">
    <p class='ocr_par' dir='ltr' id='par_1_94' title="bbox 177 2199 967 2234">
     <span class='ocr_line' id='line_1_94' title="bbox 177 2199 967 2234; baseline -0.001 -6"><span class='ocrx_word' id='word_1_709' title='bbox 177 2201 236 2228; x_wconf 83' lang='lat' dir='ltr'><strong>Non</strong></span> <span class='ocrx_word' id='word_1_710' title='bbox 252 2203 324 2229; x_wconf 91' lang='lat' dir='ltr'><strong>enim</strong></span> <span class='ocrx_word' id='word_1_711' title='bbox 337 2199 477 2234; x_wconf 76' lang='lat' dir='ltr'><strong>dixit,Lex</strong></span> <span class='ocrx_word' id='word_1_712' title='bbox 490 2208 603 2229; x_wconf 86' lang='lat' dir='ltr'><strong>mortem</strong></span> <span class='ocrx_word' id='word_1_713' title='bbox 612 2201 701 2232; x_wconf 78' lang='lat' dir='ltr'><strong>edicit,</strong></span> <span class='ocrx_word' id='word_1_714' title='bbox 712 2201 773 2232; x_wconf 87' lang='lat' dir='ltr'><strong>sed,</strong></span> <span class='ocrx_word' id='word_1_715' title='bbox 786 2199 967 2229; x_wconf 79' lang='lat' dir='ltr'><strong>Mortistnini-</strong></span> 
     </span>
    </p>
   </div>
   <div class='ocr_carea' id='block_1_95' title="bbox 179 2237 964 2268">
    <p class='ocr_par' dir='ltr' id='par_1_95' title="bbox 179 2237 964 2268">
     <span class='ocr_line' id='line_1_95' title="bbox 179 2237 964 2268; baseline -0.001 -4"><span class='ocrx_word' id='word_1_716' title='bbox 179 2237 274 2264; x_wconf 85' lang='lat' dir='ltr'><strong>stratio</strong></span> <span class='ocrx_word' id='word_1_717' title='bbox 289 2242 340 2264; x_wconf 89' lang='lat' dir='ltr'><strong>est.</strong></span> <span class='ocrx_word' id='word_1_718' title='bbox 357 2237 468 2264; x_wconf 81' lang='lat' dir='ltr'><strong>Mortem</strong></span> <span class='ocrx_word' id='word_1_719' title='bbox 482 2238 553 2263; x_wconf 71' lang='lat' dir='ltr'><strong>enim</strong></span> <span class='ocrx_word' id='word_1_720' title='bbox 578 2237 752 2263; x_wconf 87' lang='lat' dir='ltr'><strong>ministrabat</strong></span> <span class='ocrx_word' id='word_1_721' title='bbox 766 2256 773 2268; x_wconf 89' lang='lat'><strong>_.</strong></span> <span class='ocrx_word' id='word_1_722' title='bbox 798 2244 852 2262; x_wconf 80' lang='lat' dir='ltr'><strong>non</strong></span> <span class='ocrx_word' id='word_1_723' title='bbox 875 2241 964 2263; x_wconf 82' lang='lat' dir='ltr'><strong>autent</strong></span> 
     </span>
    </p>
   </div>
   <div class='ocr_carea' id='block_1_96' title="bbox 178 2271 961 2306">
    <p class='ocr_par' dir='ltr' id='par_1_96' title="bbox 178 2271 961 2306">
     <span class='ocr_line' id='line_1_96' title="bbox 178 2271 961 2306; baseline -0.003 -8"><span class='ocrx_word' id='word_1_724' title='bbox 178 2272 310 2306; x_wconf 77' lang='lat' dir='ltr'><strong>pariebat.</strong></span> <span class='ocrx_word' id='word_1_725' title='bbox 330 2272 395 2298; x_wconf 84' lang='lat' dir='ltr'><strong>Nam</strong></span> <span class='ocrx_word' id='word_1_726' title='bbox 415 2276 554 2306; x_wconf 85' lang='lat' dir='ltr'><strong>peccatum</strong></span> <span class='ocrx_word' id='word_1_727' title='bbox 569 2272 594 2298; x_wconf 87' lang='lat' dir='ltr'><strong>id</strong></span> <span class='ocrx_word' id='word_1_728' title='bbox 609 2277 677 2303; x_wconf 80' lang='lat' dir='ltr'><strong>erat,</strong></span> <span class='ocrx_word' id='word_1_729' title='bbox 695 2272 765 2305; x_wconf 82' lang='lat' dir='ltr'><strong>quod</strong></span> <span class='ocrx_word' id='word_1_730' title='bbox 779 2276 891 2297; x_wconf 87' lang='lat' dir='ltr'><strong>mortem</strong></span> <span class='ocrx_word' id='word_1_731' title='bbox 906 2271 961 2297; x_wconf 36' lang='lat' dir='ltr'><strong>elli-v</strong></span> 
     </span>
    </p>
   </div>
   <div class='ocr_carea' id='block_1_97' title="bbox 178 2307 964 2340">
    <p class='ocr_par' dir='ltr' id='par_1_97' title="bbox 178 2307 964 2340">
     <span class='ocr_line' id='line_1_97' title="bbox 178 2307 964 2340; baseline -0.001 -7"><span class='ocrx_word' id='word_1_732' title='bbox 178 2307 275 2334; x_wconf 84' lang='lat' dir='ltr'><strong>ciebat.</strong></span> <span class='ocrx_word' id='word_1_733' title='bbox 291 2307 344 2333; x_wconf 84' lang='lat' dir='ltr'><strong>Lex</strong></span> <span class='ocrx_word' id='word_1_734' title='bbox 361 2312 449 2334; x_wconf 83' lang='lat' dir='ltr'><strong>autem</strong></span> <span class='ocrx_word' id='word_1_735' title='bbox 465 2313 577 2334; x_wconf 87' lang='lat' dir='ltr'><strong>mortem</strong></span> <span class='ocrx_word' id='word_1_736' title='bbox 593 2307 752 2338; x_wconf 85' lang='lat' dir='ltr'><strong>invehebat,</strong></span> <span class='ocrx_word' id='word_1_737' title='bbox 773 2314 805 2333; x_wconf 88' lang='lat' dir='ltr'><strong>ac</strong></span> <span class='ocrx_word' id='word_1_738' title='bbox 825 2311 964 2340; x_wconf 84' lang='lat' dir='ltr'><strong>peccatum</strong></span> 
     </span>
    </p>
   </div>
   <div class='ocr_carea' id='block_1_98' title="bbox 179 2341 965 2375">
    <p class='ocr_par' dir='ltr' id='par_1_98' title="bbox 179 2341 965 2375">
     <span class='ocr_line' id='line_1_98' title="bbox 179 2341 965 2375; baseline 0 -7"><span class='ocrx_word' id='word_1_739' title='bbox 179 2342 327 2373; x_wconf 83' lang='lat' dir='ltr'><strong>indicabat;</strong></span> <span class='ocrx_word' id='word_1_740' title='bbox 341 2350 393 2368; x_wconf 91' lang='lat' dir='ltr'><strong>non</strong></span> <span class='ocrx_word' id='word_1_741' title='bbox 409 2347 498 2368; x_wconf 89' lang='lat' dir='ltr'><strong>autettt</strong></span> <span class='ocrx_word' id='word_1_742' title='bbox 513 2342 636 2369; x_wconf 80' lang='lat' dir='ltr'><strong>faciebat.</strong></span> <span class='ocrx_word' id='word_1_743' title='bbox 650 2341 748 2368; x_wconf 86' lang='lat' dir='ltr'><strong>Malunt</strong></span> <span class='ocrx_word' id='word_1_744' title='bbox 760 2341 832 2368; x_wconf 88' lang='lat' dir='ltr'><strong>enim</strong></span> <span class='ocrx_word' id='word_1_745' title='bbox 846 2348 902 2375; x_wconf 74' lang='lat' dir='ltr'><strong>apes</strong></span> <span class='ocrx_word' id='word_1_746' title='bbox 912 2341 965 2368; x_wconf 85' lang='lat' dir='ltr'><strong>tius</strong></span> 
     </span>
    </p>
   </div>
   <div class='ocr_carea' id='block_1_99' title="bbox 178 2375 966 2411">
    <p class='ocr_par' dir='ltr' id='par_1_99' title="bbox 178 2375 966 2411">
     <span class='ocr_line' id='line_1_99' title="bbox 178 2375 966 2411; baseline -0.003 -8"><span class='ocrx_word' id='word_1_747' title='bbox 178 2377 320 2410; x_wconf 67' lang='lat' dir='ltr'><strong>detegebat.</strong></span> <span class='ocrx_word' id='word_1_748' title='bbox 342 2385 373 2404; x_wconf 88' lang='lat' dir='ltr'><strong>ac</strong></span> <span class='ocrx_word' id='word_1_749' title='bbox 397 2377 540 2411; x_wconf 83' lang='lat' dir='ltr'><strong>plcctcbat,</strong></span> <span class='ocrx_word' id='word_1_750' title='bbox 559 2384 611 2403; x_wconf 90' lang='lat' dir='ltr'><strong>non</strong></span> <span class='ocrx_word' id='word_1_751' title='bbox 629 2381 719 2402; x_wconf 88' lang='lat' dir='ltr'><strong>atttent</strong></span> <span class='ocrx_word' id='word_1_752' title='bbox 735 2376 767 2402; x_wconf 88' lang='lat' dir='ltr'><strong>ad</strong></span> <span class='ocrx_word' id='word_1_753' title='bbox 790 2376 890 2402; x_wconf 88' lang='lat' dir='ltr'><strong>malum</strong></span> <span class='ocrx_word' id='word_1_754' title='bbox 914 2375 966 2402; x_wconf 91' lang='lat' dir='ltr'><strong>im-</strong></span> 
     </span>
    </p>
   </div>
   <div class='ocr_carea' id='block_1_100' title="bbox 178 2411 966 2446">
    <p class='ocr_par' dir='ltr' id='par_1_100' title="bbox 178 2411 966 2446">
     <span class='ocr_line' id='line_1_100' title="bbox 178 2411 966 2446; baseline -0.003 -8"><span class='ocrx_word' id='word_1_755' title='bbox 178 2413 306 2446; x_wconf 84' lang='lat' dir='ltr'><strong>pellebat.</strong></span> <span class='ocrx_word' id='word_1_756' title='bbox 322 2411 413 2446; x_wconf 80' lang='lat' dir='ltr'><strong>Neque</strong></span> <span class='ocrx_word' id='word_1_757' title='bbox 429 2412 461 2438; x_wconf 91' lang='lat' dir='ltr'><strong>ad</strong></span> <span class='ocrx_word' id='word_1_758' title='bbox 478 2412 503 2438; x_wconf 86' lang='lat' dir='ltr'><strong>id</strong></span> <span class='ocrx_word' id='word_1_759' title='bbox 520 2412 702 2442; x_wconf 86' lang='lat' dir='ltr'><strong>ministrabat,</strong></span> <span class='ocrx_word' id='word_1_760' title='bbox 721 2415 750 2437; x_wconf 89' lang='lat' dir='ltr'><strong>ut</strong></span> <span class='ocrx_word' id='word_1_761' title='bbox 766 2416 906 2445; x_wconf 84' lang='lat' dir='ltr'><strong>peccatum</strong></span> <span class='ocrx_word' id='word_1_762' title='bbox 919 2411 966 2437; x_wconf 86' lang='lat' dir='ltr'><strong>lie-</strong></span> 
     </span>
    </p>
   </div>
   <div class='ocr_carea' id='block_1_101' title="bbox 178 2445 964 2480">
    <p class='ocr_par' dir='ltr' id='par_1_101' title="bbox 178 2445 964 2480">
     <span class='ocr_line' id='line_1_101' title="bbox 178 2445 964 2480; baseline -0.003 -7"><span class='ocrx_word' id='word_1_763' title='bbox 178 2445 229 2477; x_wconf 78' lang='lat' dir='ltr'><strong>i&#39;ct,</strong></span> <span class='ocrx_word' id='word_1_764' title='bbox 247 2453 294 2474; x_wconf 85' lang='lat' dir='ltr'><strong>aut</strong></span> <span class='ocrx_word' id='word_1_765' title='bbox 311 2445 383 2474; x_wconf 84' lang='lat' dir='ltr'><strong>mors</strong></span> <span class='ocrx_word' id='word_1_766' title='bbox 398 2447 548 2479; x_wconf 80' lang='lat' dir='ltr'><strong>exsisteret;</strong></span> <span class='ocrx_word' id='word_1_767' title='bbox 563 2447 608 2473; x_wconf 81' lang='lat' dir='ltr'><strong>sed</strong></span> <span class='ocrx_word' id='word_1_768' title='bbox 625 2451 655 2473; x_wconf 91' lang='lat' dir='ltr'><strong>ut</strong></span> <span class='ocrx_word' id='word_1_769' title='bbox 670 2453 765 2480; x_wconf 66' lang='lat' dir='ltr'><strong>poenas</strong></span> <span class='ocrx_word' id='word_1_770' title='bbox 779 2446 901 2477; x_wconf 75' lang='lat' dir='ltr'><strong>daretis,</strong></span> <span class='ocrx_word' id='word_1_771' title='bbox 916 2445 964 2479; x_wconf 91' lang='lat' dir='ltr'><strong>qui</strong></span> 
     </span>
    </p>
   </div>
   <div class='ocr_carea' id='block_1_102' title="bbox 177 2482 965 2516">
    <p class='ocr_par' dir='ltr' id='par_1_102' title="bbox 177 2482 965 2516">
     <span class='ocr_line' id='line_1_102' title="bbox 177 2482 965 2516; baseline -0.004 -7"><span class='ocrx_word' id='word_1_772' title='bbox 177 2488 326 2516; x_wconf 80' lang='lat' dir='ltr'><strong>peccasset;</strong></span> <span class='ocrx_word' id='word_1_773' title='bbox 341 2490 373 2509; x_wconf 88' lang='lat' dir='ltr'><strong>ac</strong></span> <span class='ocrx_word' id='word_1_774' title='bbox 389 2482 503 2516; x_wconf 88' lang='lat' dir='ltr'><strong>proinde</strong></span> <span class='ocrx_word' id='word_1_775' title='bbox 520 2482 570 2508; x_wconf 87' lang='lat' dir='ltr'><strong>hac</strong></span> <span class='ocrx_word' id='word_1_776' title='bbox 584 2489 690 2515; x_wconf 87' lang='lat' dir='ltr'><strong>quoque</strong></span> <span class='ocrx_word' id='word_1_777' title='bbox 706 2482 810 2507; x_wconf 85' lang='lat' dir='ltr'><strong>ratione</strong></span> <span class='ocrx_word' id='word_1_778' title='bbox 824 2485 965 2515; x_wconf 80' lang='lat' dir='ltr'><strong>peccatum</strong></span> 
     </span>
    </p>
   </div>
   <div class='ocr_carea' id='block_1_103' title="bbox 177 2515 964 2551">
    <p class='ocr_par' dir='ltr' id='par_1_103' title="bbox 177 2515 964 2551">
     <span class='ocr_line' id='line_1_103' title="bbox 177 2515 964 2551; baseline -0.004 -7"><span class='ocrx_word' id='word_1_779' title='bbox 177 2515 293 2544; x_wconf 76' lang='lat' dir='ltr'><strong>dolebat.</strong></span> <span class='ocrx_word' id='word_1_780' title='bbox 307 2517 373 2544; x_wconf 84' lang='lat' dir='ltr'><strong>Nam</strong></span> <span class='ocrx_word' id='word_1_781' title='bbox 387 2515 451 2544; x_wconf 85' lang='lat' dir='ltr'><strong>dum</strong></span> <span class='ocrx_word' id='word_1_782' title='bbox 473 2517 530 2551; x_wconf 86' lang='lat' dir='ltr'><strong>ipsa</strong></span> <span class='ocrx_word' id='word_1_783' title='bbox 552 2521 692 2550; x_wconf 81' lang='lat' dir='ltr'><strong>peccatum</strong></span> <span class='ocrx_word' id='word_1_784' title='bbox 720 2516 787 2542; x_wconf 86' lang='lat' dir='ltr'><strong>adeo</strong></span> <span class='ocrx_word' id='word_1_785' title='bbox 813 2515 964 2551; x_wconf 77' lang='lat' dir='ltr'><strong>formidan-</strong></span> 
     </span>
    </p>
   </div>
   <div class='ocr_carea' id='block_1_104' title="bbox 178 2550 966 2585">
    <p class='ocr_par' dir='ltr' id='par_1_104' title="bbox 178 2550 966 2585">
     <span class='ocr_line' id='line_1_104' title="bbox 178 2550 966 2585; baseline -0.003 -7"><span class='ocrx_word' id='word_1_786' title='bbox 178 2552 242 2578; x_wconf 89' lang='lat' dir='ltr'><strong>dutn</strong></span> <span class='ocrx_word' id='word_1_787' title='bbox 256 2560 317 2579; x_wconf 84' lang='lat' dir='ltr'><strong>esse</strong></span> <span class='ocrx_word' id='word_1_788' title='bbox 336 2553 500 2583; x_wconf 87' lang='lat' dir='ltr'><strong>ostenderet,</strong></span> <span class='ocrx_word' id='word_1_789' title='bbox 515 2552 608 2585; x_wconf 83' lang='lat' dir='ltr'><strong>prOcul</strong></span> <span class='ocrx_word' id='word_1_790' title='bbox 623 2552 705 2578; x_wconf 90' lang='lat' dir='ltr'><strong>dubio</strong></span> <span class='ocrx_word' id='word_1_791' title='bbox 720 2552 770 2576; x_wconf 88' lang='lat' dir='ltr'><strong>hoc</strong></span> <span class='ocrx_word' id='word_1_792' title='bbox 784 2551 866 2577; x_wconf 88' lang='lat' dir='ltr'><strong>etiam</strong></span> <span class='ocrx_word' id='word_1_793' title='bbox 882 2550 966 2577; x_wconf 77' lang='lat' dir='ltr'><strong>facie-</strong></span> 
     </span>
    </p>
   </div>
   <div class='ocr_carea' id='block_1_105' title="bbox 180 2585 964 2622">
    <p class='ocr_par' dir='ltr' id='par_1_105' title="bbox 180 2585 964 2622">
     <span class='ocr_line' id='line_1_105' title="bbox 180 2585 964 2622; baseline -0.003 -10"><span class='ocrx_word' id='word_1_794' title='bbox 180 2586 234 2619; x_wconf 79' lang='lat' dir='ltr'><strong>bat,</strong></span> <span class='ocrx_word' id='word_1_795' title='bbox 251 2591 279 2613; x_wconf 87' lang='lat' dir='ltr'><strong>ut</strong></span> <span class='ocrx_word' id='word_1_796' title='bbox 302 2588 389 2622; x_wconf 90' lang='lat' dir='ltr'><strong>ipsntn</strong></span> <span class='ocrx_word' id='word_1_797' title='bbox 406 2587 562 2621; x_wconf 81' lang='lat' dir='ltr'><strong>fugiendum</strong></span> <span class='ocrx_word' id='word_1_798' title='bbox 582 2594 642 2613; x_wconf 86' lang='lat' dir='ltr'><strong>esse</strong></span> <span class='ocrx_word' id='word_1_799' title='bbox 664 2586 810 2612; x_wconf 80' lang='lat' dir='ltr'><strong>videretur.</strong></span> <span class='ocrx_word' id='word_1_800' title='bbox 827 2585 964 2622; x_wconf 82' lang='lat' dir='ltr'><strong>Quemad-</strong></span> 
     </span>
    </p>
   </div>
   <div class='ocr_carea' id='block_1_106' title="bbox 179 2620 966 2657">
    <p class='ocr_par' dir='ltr' id='par_1_106' title="bbox 179 2620 966 2657">
     <span class='ocr_line' id='line_1_106' title="bbox 179 2620 966 2657; baseline 0 -11"><span class='ocrx_word' id='word_1_801' title='bbox 179 2623 290 2649; x_wconf 90' lang='lat' dir='ltr'><strong>modum</strong></span> <span class='ocrx_word' id='word_1_802' title='bbox 310 2620 391 2657; x_wconf 78' lang='lat' dir='ltr'><strong>igitur</strong></span> <span class='ocrx_word' id='word_1_803' title='bbox 411 2620 494 2656; x_wconf 26' lang='lat' dir='ltr'><strong>is’qui</strong></span> <span class='ocrx_word' id='word_1_804' title='bbox 518 2629 609 2648; x_wconf 87' lang='lat' dir='ltr'><strong>ensem</strong></span> <span class='ocrx_word' id='word_1_805' title='bbox 633 2621 658 2647; x_wconf 93' lang='lat' dir='ltr'><strong>itt</strong></span> <span class='ocrx_word' id='word_1_806' title='bbox 686 2628 788 2657; x_wconf 80' lang='lat' dir='ltr'><strong>manus</strong></span> <span class='ocrx_word' id='word_1_807' title='bbox 809 2620 911 2657; x_wconf 86' lang='lat' dir='ltr'><strong>sumit,</strong></span> <span class='ocrx_word' id='word_1_808' title='bbox 934 2628 966 2646; x_wconf 88' lang='lat' dir='ltr'><strong>ac</strong></span> 
     </span>
    </p>
   </div>
   <div class='ocr_carea' id='block_1_107' title="bbox 179 2656 962 2692">
    <p class='ocr_par' dir='ltr' id='par_1_107' title="bbox 179 2656 962 2692">
     <span class='ocr_line' id='line_1_107' title="bbox 179 2656 962 2692; baseline -0.001 -10"><span class='ocrx_word' id='word_1_809' title='bbox 179 2657 249 2683; x_wconf 81' lang='lat' dir='ltr'><strong>sonti</strong></span> <span class='ocrx_word' id='word_1_810' title='bbox 267 2663 347 2692; x_wconf 89' lang='lat' dir='ltr'><strong>caput</strong></span> <span class='ocrx_word' id='word_1_811' title='bbox 360 2661 491 2691; x_wconf 79' lang='lat' dir='ltr'><strong>amputat,</strong></span> <span class='ocrx_word' id='word_1_812' title='bbox 505 2657 589 2690; x_wconf 89' lang='lat' dir='ltr'><strong>judici</strong></span> <span class='ocrx_word' id='word_1_813' title='bbox 604 2656 790 2692; x_wconf 78' lang='lat' dir='ltr'><strong>pronuntianti</strong></span> <span class='ocrx_word' id='word_1_814' title='bbox 805 2656 962 2692; x_wconf 86' lang='lat' dir='ltr'><strong>ministrum</strong></span> 
     </span>
    </p>
   </div>
   <div class='ocr_carea' id='block_1_108' title="bbox 180 2690 960 2726">
    <p class='ocr_par' dir='ltr' id='par_1_108' title="bbox 180 2690 960 2726">
     <span class='ocr_line' id='line_1_108' title="bbox 180 2690 960 2726; baseline -0.004 -7"><span class='ocrx_word' id='word_1_815' title='bbox 180 2698 210 2726; x_wconf 60' lang='lat' dir='ltr'><strong>se</strong></span> <span class='ocrx_word' id='word_1_816' title='bbox 224 2690 332 2725; x_wconf 68' lang='lat' dir='ltr'><strong>praebet.</strong></span> <span class='ocrx_word' id='word_1_817' title='bbox 349 2690 436 2726; x_wconf 85' lang='lat' dir='ltr'><strong>neque</strong></span> <span class='ocrx_word' id='word_1_818' title='bbox 452 2692 509 2726; x_wconf 86' lang='lat' dir='ltr'><strong>ipse</strong></span> <span class='ocrx_word' id='word_1_819' title='bbox 527 2696 568 2718; x_wconf 87' lang='lat' dir='ltr'><strong>est</strong></span> <span class='ocrx_word' id='word_1_820' title='bbox 586 2692 632 2726; x_wconf 89' lang='lat' dir='ltr'><strong>qui</strong></span> <span class='ocrx_word' id='word_1_821' title='bbox 657 2691 787 2717; x_wconf 88' lang='lat' dir='ltr'><strong>interimit</strong></span> <span class='ocrx_word' id='word_1_822' title='bbox 799 2710 806 2721; x_wconf 86' lang='lat'><strong>,</strong></span> <span class='ocrx_word' id='word_1_823' title='bbox 833 2690 914 2717; x_wconf 88' lang='lat' dir='ltr'><strong>etiam</strong></span> <span class='ocrx_word' id='word_1_824' title='bbox 938 2690 960 2726; x_wconf 79' lang='lat' dir='ltr'><strong>si</strong></span> 
     </span>
    </p>
   </div>
   <div class='ocr_carea' id='block_1_109' title="bbox 180 2725 964 2762">
    <p class='ocr_par' dir='ltr' id='par_1_109' title="bbox 180 2725 964 2762">
     <span class='ocr_line' id='line_1_109' title="bbox 180 2725 964 2762; baseline -0.001 -10"><span class='ocrx_word' id='word_1_825' title='bbox 180 2725 280 2761; x_wconf 88' lang='lat' dir='ltr'><strong>alioqui</strong></span> <span class='ocrx_word' id='word_1_826' title='bbox 295 2728 352 2761; x_wconf 87' lang='lat' dir='ltr'><strong>ipse</strong></span> <span class='ocrx_word' id='word_1_827' title='bbox 364 2725 400 2754; x_wconf 79' lang='lat' dir='ltr'><strong>sit</strong></span> <span class='ocrx_word' id='word_1_828' title='bbox 411 2725 553 2762; x_wconf 34' lang='lat' dir='ltr'><strong>quiicaput</strong></span> <span class='ocrx_word' id='word_1_829' title='bbox 574 2726 708 2753; x_wconf 85' lang='lat' dir='ltr'><strong>abscindit</strong></span> <span class='ocrx_word' id='word_1_830' title='bbox 725 2734 731 2752; x_wconf 92' lang='lat'><strong>:</strong></span> <span class='ocrx_word' id='word_1_831' title='bbox 758 2734 806 2762; x_wconf 85' lang='lat' dir='ltr'><strong>uec</strong></span> <span class='ocrx_word' id='word_1_832' title='bbox 828 2733 924 2752; x_wconf 85' lang='lat' dir='ltr'><strong>rursus</strong></span> <span class='ocrx_word' id='word_1_833' title='bbox 942 2725 964 2762; x_wconf 80' lang='lat' dir='ltr'><strong>is</strong></span> 
     </span>
    </p>
   </div>
   <div class='ocr_carea' id='block_1_110' title="bbox 179 2760 963 2796">
    <p class='ocr_par' dir='ltr' id='par_1_110' title="bbox 179 2760 963 2796">
     <span class='ocr_line' id='line_1_110' title="bbox 179 2760 963 2796; baseline -0.003 -9"><span class='ocrx_word' id='word_1_834' title='bbox 179 2761 226 2795; x_wconf 92' lang='lat' dir='ltr'><strong>qui</strong></span> <span class='ocrx_word' id='word_1_835' title='bbox 238 2760 396 2789; x_wconf 81' lang='lat' dir='ltr'><strong>sententiam</strong></span> <span class='ocrx_word' id='word_1_836' title='bbox 409 2760 522 2796; x_wconf 80' lang='lat' dir='ltr'><strong>profert,</strong></span> <span class='ocrx_word' id='word_1_837' title='bbox 540 2769 572 2788; x_wconf 90' lang='lat' dir='ltr'><strong>ac</strong></span> <span class='ocrx_word' id='word_1_838' title='bbox 590 2767 697 2788; x_wconf 86' lang='lat' dir='ltr'><strong>sontem</strong></span> <span class='ocrx_word' id='word_1_839' title='bbox 712 2761 889 2792; x_wconf 84' lang='lat' dir='ltr'><strong>condemnat;</strong></span> <span class='ocrx_word' id='word_1_840' title='bbox 917 2760 963 2786; x_wconf 82' lang='lat' dir='ltr'><strong>sed</strong></span> 
     </span>
    </p>
   </div>
   <div class='ocr_carea' id='block_1_111' title="bbox 179 2796 962 2833">
    <p class='ocr_par' dir='ltr' id='par_1_111' title="bbox 179 2796 962 2833">
     <span class='ocr_line' id='line_1_111' title="bbox 179 2796 962 2833; baseline -0.003 -10"><span class='ocrx_word' id='word_1_841' title='bbox 179 2796 240 2832; x_wconf 84' lang='lat' dir='ltr'><strong>ejus</strong></span> <span class='ocrx_word' id='word_1_842' title='bbox 250 2798 282 2824; x_wconf 83' lang='lat' dir='ltr'><strong>de</strong></span> <span class='ocrx_word' id='word_1_843' title='bbox 292 2805 346 2832; x_wconf 79' lang='lat' dir='ltr'><strong>quo</strong></span> <span class='ocrx_word' id='word_1_844' title='bbox 357 2797 517 2833; x_wconf 85' lang='lat' dir='ltr'><strong>supplicium</strong></span> <span class='ocrx_word' id='word_1_845' title='bbox 534 2797 661 2830; x_wconf 82' lang='lat' dir='ltr'><strong>sumitur,</strong></span> <span class='ocrx_word' id='word_1_846' title='bbox 677 2796 852 2831; x_wconf 77' lang='lat' dir='ltr'><strong>improbitas:</strong></span> <span class='ocrx_word' id='word_1_847' title='bbox 868 2796 962 2822; x_wconf 86' lang='lat' dir='ltr'><strong>eodem</strong></span> 
     </span>
    </p>
   </div>
   <div class='ocr_carea' id='block_1_112' title="bbox 1021 2165 1815 2200">
    <p class='ocr_par' dir='ltr' id='par_1_112' title="bbox 1021 2165 1815 2200">
     <span class='ocr_line' id='line_1_112' title="bbox 1021 2165 1815 2200; baseline -0.003 -8"><span class='ocrx_word' id='word_1_848' title='bbox 1021 2167 1147 2193; x_wconf 88' lang='lat' dir='ltr'><strong>nuntium</strong></span> <span class='ocrx_word' id='word_1_849' title='bbox 1163 2174 1210 2193; x_wconf 88' lang='lat' dir='ltr'><strong>sett</strong></span> <span class='ocrx_word' id='word_1_850' title='bbox 1220 2166 1336 2200; x_wconf 81' lang='lat' dir='ltr'><strong>legatum</strong></span> <span class='ocrx_word' id='word_1_851' title='bbox 1347 2168 1475 2192; x_wconf 87' lang='lat' dir='ltr'><strong>observat</strong></span> <span class='ocrx_word' id='word_1_852' title='bbox 1486 2165 1614 2196; x_wconf 74' lang='lat' dir='ltr'><strong>Cangius</strong></span> <span class='ocrx_word' id='word_1_853' title='bbox 1634 2166 1664 2192; x_wconf 88' lang='lat' dir='ltr'><strong>in</strong></span> <span class='ocrx_word' id='word_1_854' title='bbox 1684 2165 1815 2194; x_wconf 61' lang='lat' dir='ltr'><strong>Classem,</strong></span> 
     </span>
    </p>
   </div>
   <div class='ocr_carea' id='block_1_113' title="bbox 1020 2201 1815 2235">
    <p class='ocr_par' dir='ltr' id='par_1_113' title="bbox 1020 2201 1815 2235">
     <span class='ocr_line' id='line_1_113' title="bbox 1020 2201 1815 2235; baseline 0 -8"><span class='ocrx_word' id='word_1_855' title='bbox 1020 2203 1093 2235; x_wconf 87' lang='lat' dir='ltr'><strong>qttod</strong></span> <span class='ocrx_word' id='word_1_856' title='bbox 1112 2201 1186 2227; x_wconf 90' lang='lat' dir='ltr'><strong>illum</strong></span> <span class='ocrx_word' id='word_1_857' title='bbox 1197 2209 1210 2227; x_wconf 86' lang='lat' dir='ltr'><strong>a</strong></span> <span class='ocrx_word' id='word_1_858' title='bbox 1226 2209 1279 2235; x_wconf 90' lang='lat' dir='ltr'><strong>quo</strong></span> <span class='ocrx_word' id='word_1_859' title='bbox 1294 2201 1395 2227; x_wconf 85' lang='lat' dir='ltr'><strong>missus</strong></span> <span class='ocrx_word' id='word_1_860' title='bbox 1411 2201 1509 2235; x_wconf 71' lang='lat' dir='ltr'><strong>inerat,</strong></span> <span class='ocrx_word' id='word_1_861' title='bbox 1523 2203 1815 2234; x_wconf 42' lang='lat' dir='ltr'><strong>reprxsentctwtrjm</strong></span> 
     </span>
    </p>
   </div>
   <div class='ocr_carea' id='block_1_114' title="bbox 1021 2234 1814 2270">
    <p class='ocr_par' dir='ltr' id='par_1_114' title="bbox 1021 2234 1814 2270">
     <span class='ocr_line' id='line_1_114' title="bbox 1021 2234 1814 2270; baseline -0.003 -9"><span class='ocrx_word' id='word_1_862' title='bbox 1021 2234 1093 2262; x_wconf 72' lang='lat' dir='ltr'><strong>velut</strong></span> <span class='ocrx_word' id='word_1_863' title='bbox 1110 2234 1255 2270; x_wconf 82' lang='lat' dir='ltr'><strong>imaginem</strong></span> <span class='ocrx_word' id='word_1_864' title='bbox 1276 2236 1386 2262; x_wconf 82' lang='lat' dir='ltr'><strong>referat.</strong></span> <span class='ocrx_word' id='word_1_865' title='bbox 1405 2234 1497 2261; x_wconf 88' lang='lat' dir='ltr'><strong>Utitttr</strong></span> <span class='ocrx_word' id='word_1_866' title='bbox 1507 2240 1535 2261; x_wconf 90' lang='lat' dir='ltr'><strong>et</strong></span> <span class='ocrx_word' id='word_1_867' title='bbox 1555 2236 1611 2261; x_wconf 80' lang='lat' dir='ltr'><strong>hac</strong></span> <span class='ocrx_word' id='word_1_868' title='bbox 1627 2244 1700 2262; x_wconf 72' lang='lat' dir='ltr'><strong>vace</strong></span> <span class='ocrx_word' id='word_1_869' title='bbox 1725 2237 1814 2269; x_wconf 64' lang='lat' dir='ltr'><strong>Eugnt</strong></span> 
     </span>
    </p>
   </div>
   <div class='ocr_carea' id='block_1_115' title="bbox 1020 2271 1815 2305">
    <p class='ocr_par' dir='ltr' id='par_1_115' title="bbox 1020 2271 1815 2305">
     <span class='ocr_line' id='line_1_115' title="bbox 1020 2271 1815 2305; baseline 0.001 -9"><span class='ocrx_word' id='word_1_870' title='bbox 1020 2271 1145 2297; x_wconf 79' lang='lat' dir='ltr'><strong>monachi</strong></span> <span class='ocrx_word' id='word_1_871' title='bbox 1169 2276 1245 2297; x_wconf 74' lang='lat' dir='ltr'><strong>vetus</strong></span> <span class='ocrx_word' id='word_1_872' title='bbox 1263 2271 1394 2304; x_wconf 78' lang='lat' dir='ltr'><strong>interpres</strong></span> <span class='ocrx_word' id='word_1_873' title='bbox 1416 2271 1442 2297; x_wconf 88' lang='lat' dir='ltr'><strong>itt</strong></span> <span class='ocrx_word' id='word_1_874' title='bbox 1460 2271 1663 2304; x_wconf 76' lang='lat' dir='ltr'><strong>Disputatione</strong></span> <span class='ocrx_word' id='word_1_875' title='bbox 1687 2271 1815 2305; x_wconf 66' lang='lat' dir='ltr'><strong>Theupm</strong></span> 
     </span>
    </p>
   </div>
   <div class='ocr_carea' id='block_1_116' title="bbox 1019 2305 1815 2340">
    <p class='ocr_par' dir='ltr' id='par_1_116' title="bbox 1019 2305 1815 2340">
     <span class='ocr_line' id='line_1_116' title="bbox 1019 2305 1815 2340; baseline 0.003 -8"><span class='ocrx_word' id='word_1_876' title='bbox 1019 2306 1139 2340; x_wconf 83' lang='lat' dir='ltr'><strong>episcopi</strong></span> <span class='ocrx_word' id='word_1_877' title='bbox 1163 2306 1337 2332; x_wconf 77' lang='lat' dir='ltr'><strong>Alcxandrint</strong></span> <span class='ocrx_word' id='word_1_878' title='bbox 1360 2313 1420 2332; x_wconf 91' lang='lat' dir='ltr'><strong>cum</strong></span> <span class='ocrx_word' id='word_1_879' title='bbox 1440 2306 1555 2332; x_wconf 73' lang='lat' dir='ltr'><strong>Simone</strong></span> <span class='ocrx_word' id='word_1_880' title='bbox 1577 2305 1683 2332; x_wconf 68' lang='lat' dir='ltr'><strong>.Iudteo</strong></span> <span class='ocrx_word' id='word_1_881' title='bbox 1708 2315 1764 2340; x_wconf 64' lang='lat' dir='ltr'><strong>cap,</strong></span> <span class='ocrx_word' id='word_1_882' title='bbox 1784 2306 1815 2334; x_wconf 69' lang='lat'><strong>13.</strong></span> 
     </span>
    </p>
   </div>
   <div class='ocr_carea' id='block_1_117' title="bbox 1020 2340 1814 2375">
    <p class='ocr_par' dir='ltr' id='par_1_117' title="bbox 1020 2340 1814 2375">
     <span class='ocr_line' id='line_1_117' title="bbox 1020 2340 1814 2375; baseline -0.001 -8"><span class='ocrx_word' id='word_1_883' title='bbox 1020 2341 1063 2375; x_wconf 68' lang='lat' dir='ltr'><strong>ubi</strong></span> <span class='ocrx_word' id='word_1_884' title='bbox 1081 2340 1201 2367; x_wconf 81' lang='lat' dir='ltr'><strong>Sabbata</strong></span> <span class='ocrx_word' id='word_1_885' title='bbox 1218 2350 1227 2366; x_wconf 75' lang='grc' dir='ltr'><strong><em>ι</em></strong></span> <span class='ocrx_word' id='word_1_886' title='bbox 1248 2341 1436 2375; x_wconf 83' lang='lat' dir='ltr'><strong>imaginariam</strong></span> <span class='ocrx_word' id='word_1_887' title='bbox 1448 2341 1573 2374; x_wconf 68' lang='lat' dir='ltr'><strong>requiem</strong></span> <span class='ocrx_word' id='word_1_888' title='bbox 1588 2350 1598 2365; x_wconf 72' lang='grc' dir='ltr'><strong><em>ι</em></strong></span> <span class='ocrx_word' id='word_1_889' title='bbox 1613 2346 1700 2367; x_wconf 76' lang='lat' dir='ltr'><strong>\Ocat</strong></span> <span class='ocrx_word' id='word_1_890' title='bbox 1710 2347 1814 2375; x_wconf 67' lang='lat' dir='ltr'><strong>septima</strong></span> 
     </span>
    </p>
   </div>
   <div class='ocr_carea' id='block_1_118' title="bbox 1019 2373 1814 2410">
    <p class='ocr_par' dir='ltr' id='par_1_118' title="bbox 1019 2373 1814 2410">
     <span class='ocr_line' id='line_1_118' title="bbox 1019 2373 1814 2410; baseline 0.001 -10"><span class='ocrx_word' id='word_1_891' title='bbox 1019 2373 1091 2403; x_wconf 87' lang='lat' dir='ltr'><strong>illius</strong></span> <span class='ocrx_word' id='word_1_892' title='bbox 1104 2376 1167 2406; x_wconf 87' lang='lat' dir='ltr'><strong>diei,</strong></span> <span class='ocrx_word' id='word_1_893' title='bbox 1185 2377 1210 2402; x_wconf 90' lang='lat' dir='ltr'><strong>itt</strong></span> <span class='ocrx_word' id='word_1_894' title='bbox 1227 2384 1282 2410; x_wconf 90' lang='lat' dir='ltr'><strong>qtta</strong></span> <span class='ocrx_word' id='word_1_895' title='bbox 1300 2373 1394 2407; x_wconf 78' lang='lat' dir='ltr'><strong>Deum,</strong></span> <span class='ocrx_word' id='word_1_896' title='bbox 1410 2373 1504 2402; x_wconf 82' lang='lat' dir='ltr'><strong>mundi</strong></span> <span class='ocrx_word' id='word_1_897' title='bbox 1524 2377 1678 2402; x_wconf 78' lang='lat' dir='ltr'><strong>creatione</strong></span> <span class='ocrx_word' id='word_1_898' title='bbox 1692 2373 1814 2403; x_wconf 51' lang='lat' dir='ltr'><strong>absona.</strong></span> 
     </span>
    </p>
   </div>
   <div class='ocr_carea' id='block_1_119' title="bbox 1020 2410 1813 2446">
    <p class='ocr_par' dir='ltr' id='par_1_119' title="bbox 1020 2410 1813 2446">
     <span class='ocr_line' id='line_1_119' title="bbox 1020 2410 1813 2446; baseline -0.003 -9"><span class='ocrx_word' id='word_1_899' title='bbox 1020 2411 1186 2446; x_wconf 53' lang='lat' dir='ltr'><strong>t‘equievisse</strong></span> <span class='ocrx_word' id='word_1_900' title='bbox 1201 2411 1297 2446; x_wconf 84' lang='lat' dir='ltr'><strong>pagina</strong></span> <span class='ocrx_word' id='word_1_901' title='bbox 1314 2418 1391 2446; x_wconf 83' lang='lat' dir='ltr'><strong>sacra</strong></span> <span class='ocrx_word' id='word_1_902' title='bbox 1409 2415 1539 2437; x_wconf 86' lang='lat' dir='ltr'><strong>testatur.</strong></span> <span class='ocrx_word' id='word_1_903' title='bbox 1554 2410 1653 2443; x_wconf 81' lang='lat' dir='ltr'><strong>Quare</strong></span> <span class='ocrx_word' id='word_1_904' title='bbox 1670 2412 1813 2438; x_wconf 60' lang='grc' dir='ltr'><strong>Αι-ιτιιεῐςηιε</strong></span> 
     </span>
    </p>
   </div>
   <div class='ocr_carea' id='block_1_120' title="bbox 1019 2445 1814 2480">
    <p class='ocr_par' dir='ltr' id='par_1_120' title="bbox 1019 2445 1814 2480">
     <span class='ocr_line' id='line_1_120' title="bbox 1019 2445 1814 2480; baseline 0 -10"><span class='ocrx_word' id='word_1_905' title='bbox 1019 2445 1046 2470; x_wconf 89' lang='lat' dir='ltr'><strong>itt</strong></span> <span class='ocrx_word' id='word_1_906' title='bbox 1070 2446 1247 2480; x_wconf 79' lang='lat' dir='ltr'><strong>responsione</strong></span> <span class='ocrx_word' id='word_1_907' title='bbox 1270 2447 1302 2472; x_wconf 85' lang='lat' dir='ltr'><strong>ad</strong></span> <span class='ocrx_word' id='word_1_908' title='bbox 1328 2445 1478 2472; x_wconf 83' lang='lat' dir='ltr'><strong>Diodorum</strong></span> <span class='ocrx_word' id='word_1_909' title='bbox 1507 2448 1733 2480; x_wconf 80' lang='lat' dir='ltr'><strong>presbyterum,</strong></span> <span class='ocrx_word' id='word_1_910' title='bbox 1757 2447 1814 2472; x_wconf 74' lang='lat' dir='ltr'><strong>intr:</strong></span> 
     </span>
    </p>
   </div>
   <div class='ocr_carea' id='block_1_121' title="bbox 1018 2480 1815 2515">
    <p class='ocr_par' dir='ltr' id='par_1_121' title="bbox 1018 2480 1815 2515">
     <span class='ocr_line' id='line_1_121' title="bbox 1018 2480 1815 2515; baseline 0 -9"><span class='ocrx_word' id='word_1_911' title='bbox 1018 2488 1078 2515; x_wconf 84' lang='lat' dir='ltr'><strong>cap.</strong></span> <span class='ocrx_word' id='word_1_912' title='bbox 1096 2481 1141 2513; x_wconf 72' lang='grc'><strong>41,</strong></span> <span class='ocrx_word' id='word_1_913' title='bbox 1156 2485 1228 2515; x_wconf 69' lang='lat' dir='ltr'><strong>totus</strong></span> <span class='ocrx_word' id='word_1_914' title='bbox 1243 2485 1285 2507; x_wconf 88' lang='lat' dir='ltr'><strong>est</strong></span> <span class='ocrx_word' id='word_1_915' title='bbox 1300 2481 1325 2506; x_wconf 91' lang='lat' dir='ltr'><strong>itt</strong></span> <span class='ocrx_word' id='word_1_916' title='bbox 1341 2480 1572 2512; x_wconf 83' lang='lat' dir='ltr'><strong>demonstrando,</strong></span> <span class='ocrx_word' id='word_1_917' title='bbox 1596 2489 1654 2507; x_wconf 87' lang='lat' dir='ltr'><strong>non</strong></span> <span class='ocrx_word' id='word_1_918' title='bbox 1679 2490 1742 2508; x_wconf 69' lang='lat' dir='ltr'><strong>esse</strong></span> <span class='ocrx_word' id='word_1_919' title='bbox 1764 2482 1815 2513; x_wconf 62' lang='lat' dir='ltr'><strong>rrjr</strong></span> 
     </span>
    </p>
   </div>
   <div class='ocr_carea' id='block_1_122' title="bbox 1018 2514 1815 2550">
    <p class='ocr_par' dir='ltr' id='par_1_122' title="bbox 1018 2514 1815 2550">
     <span class='ocr_line' id='line_1_122' title="bbox 1018 2514 1815 2550; baseline 0.001 -9"><span class='ocrx_word' id='word_1_920' title='bbox 1018 2515 1144 2542; x_wconf 77' lang='lat' dir='ltr'><strong>ciendum</strong></span> <span class='ocrx_word' id='word_1_921' title='bbox 1164 2514 1246 2542; x_wconf 83' lang='lat' dir='ltr'><strong>Vetus</strong></span> <span class='ocrx_word' id='word_1_922' title='bbox 1267 2515 1487 2547; x_wconf 80' lang='lat' dir='ltr'><strong>Testamentum,</strong></span> <span class='ocrx_word' id='word_1_923' title='bbox 1511 2517 1581 2549; x_wconf 85' lang='lat' dir='ltr'><strong>quia</strong></span> <span class='ocrx_word' id='word_1_924' title='bbox 1607 2523 1745 2550; x_wconf 79' lang='lat' dir='ltr'><strong>tanquam</strong></span> <span class='ocrx_word' id='word_1_925' title='bbox 1763 2524 1815 2548; x_wconf 66' lang='lat' dir='ltr'><strong>sps-</strong></span> 
     </span>
    </p>
   </div>
   <div class='ocr_carea' id='block_1_123' title="bbox 1018 2550 1814 2586">
    <p class='ocr_par' dir='ltr' id='par_1_123' title="bbox 1018 2550 1814 2586">
     <span class='ocr_line' id='line_1_123' title="bbox 1018 2550 1814 2586; baseline 0 -10"><span class='ocrx_word' id='word_1_926' title='bbox 1018 2551 1109 2576; x_wconf 89' lang='lat' dir='ltr'><strong>cultttn</strong></span> <span class='ocrx_word' id='word_1_927' title='bbox 1127 2558 1217 2586; x_wconf 51' lang='lat' dir='ltr'><strong>feram</strong></span> <span class='ocrx_word' id='word_1_928' title='bbox 1234 2551 1313 2577; x_wconf 88' lang='lat' dir='ltr'><strong>ttobis</strong></span> <span class='ocrx_word' id='word_1_929' title='bbox 1330 2550 1458 2584; x_wconf 83' lang='lat' dir='ltr'><strong>exprimit</strong></span> <span class='ocrx_word' id='word_1_930' title='bbox 1476 2558 1556 2577; x_wconf 69' lang='lat' dir='ltr'><strong>nova:</strong></span> <span class='ocrx_word' id='word_1_931' title='bbox 1572 2552 1646 2586; x_wconf 79' lang='lat' dir='ltr'><strong>legis</strong></span> <span class='ocrx_word' id='word_1_932' title='bbox 1668 2553 1814 2586; x_wconf 65' lang='lat' dir='ltr'><strong>ituagiacttt.</strong></span> 
     </span>
    </p>
   </div>
   <div class='ocr_carea' id='block_1_124' title="bbox 1054 2585 1487 2619">
    <p class='ocr_par' dir='ltr' id='par_1_124' title="bbox 1054 2585 1487 2619">
     <span class='ocr_line' id='line_1_124' title="bbox 1054 2585 1487 2619; baseline -0.002 -8"><span class='ocrx_word' id='word_1_933' title='bbox 1054 2585 1110 2619; x_wconf 71' lang='grc'>(54)</span> <span class='ocrx_word' id='word_1_934' title='bbox 1126 2585 1215 2618; x_wconf 79' lang='lat' dir='ltr'><strong>Forte,</strong></span> <span class='ocrx_word' id='word_1_935' title='bbox 1234 2594 1243 2610; x_wconf 73' lang='grc' dir='ltr'>ι</span> <span class='ocrx_word' id='word_1_936' title='bbox 1261 2586 1343 2611; x_wconf 82' lang='lat' dir='ltr'><strong>velint</strong></span> <span class='ocrx_word' id='word_1_937' title='bbox 1356 2586 1458 2612; x_wconf 78' lang='lat' dir='ltr'><strong>vivere.</strong></span> <span class='ocrx_word' id='word_1_938' title='bbox 1477 2595 1487 2610; x_wconf 75' lang='grc' dir='ltr'>ι</span> 
     </span>
    </p>
   </div>
   <div class='ocr_carea' id='block_1_125' title="bbox 1053 2618 1812 2654">
    <p class='ocr_par' dir='ltr' id='par_1_125' title="bbox 1053 2618 1812 2654">
     <span class='ocr_line' id='line_1_125' title="bbox 1053 2618 1812 2654; baseline -0.001 -8"><span class='ocrx_word' id='word_1_939' title='bbox 1053 2621 1108 2654; x_wconf 82' lang='grc'>(55)</span> <span class='ocrx_word' id='word_1_940' title='bbox 1125 2620 1154 2646; x_wconf 90' lang='lat' dir='ltr'><strong>ln</strong></span> <span class='ocrx_word' id='word_1_941' title='bbox 1170 2620 1312 2647; x_wconf 80' lang='lat' dir='ltr'><strong>Casiuensi</strong></span> <span class='ocrx_word' id='word_1_942' title='bbox 1327 2626 1380 2652; x_wconf 80' lang='lat' dir='ltr'><strong>est,</strong></span> <span class='ocrx_word' id='word_1_943' title='bbox 1399 2629 1408 2645; x_wconf 75' lang='grc' dir='ltr'>ι</span> <span class='ocrx_word' id='word_1_944' title='bbox 1430 2620 1528 2654; x_wconf 70' lang='lat' dir='ltr'><strong>requie</strong></span> <span class='ocrx_word' id='word_1_945' title='bbox 1543 2620 1729 2654; x_wconf 84' lang='lat' dir='ltr'><strong>requieverit;</strong></span> <span class='ocrx_word' id='word_1_946' title='bbox 1750 2629 1760 2645; x_wconf 65' lang='grc' dir='ltr'><em>υ</em></span> <span class='ocrx_word' id='word_1_947' title='bbox 1776 2618 1812 2646; x_wconf 69' lang='lat' dir='ltr'><strong>sai</strong></span> 
     </span>
    </p>
   </div>
   <div class='ocr_carea' id='block_1_126' title="bbox 1018 2655 1813 2690">
    <p class='ocr_par' dir='ltr' id='par_1_126' title="bbox 1018 2655 1813 2690">
     <span class='ocr_line' id='line_1_126' title="bbox 1018 2655 1813 2690; baseline -0.003 -9"><span class='ocrx_word' id='word_1_948' title='bbox 1018 2662 1049 2681; x_wconf 89' lang='lat' dir='ltr'><strong>ea</strong></span> <span class='ocrx_word' id='word_1_949' title='bbox 1067 2655 1145 2681; x_wconf 80' lang='lat' dir='ltr'><strong>lectio</strong></span> <span class='ocrx_word' id='word_1_950' title='bbox 1167 2656 1245 2682; x_wconf 77' lang='lat' dir='ltr'><strong>nobis</strong></span> <span class='ocrx_word' id='word_1_951' title='bbox 1259 2655 1319 2690; x_wconf 83' lang='lat' dir='ltr'><strong>visa</strong></span> <span class='ocrx_word' id='word_1_952' title='bbox 1331 2660 1373 2681; x_wconf 82' lang='lat' dir='ltr'><strong>est</strong></span> <span class='ocrx_word' id='word_1_953' title='bbox 1392 2655 1478 2682; x_wconf 87' lang='lat' dir='ltr'><strong>unius</strong></span> <span class='ocrx_word' id='word_1_954' title='bbox 1492 2655 1685 2690; x_wconf 79' lang='lat' dir='ltr'><strong>ejusdemque</strong></span> <span class='ocrx_word' id='word_1_955' title='bbox 1701 2656 1772 2682; x_wconf 71' lang='lat' dir='ltr'><strong>vocis</strong></span> <span class='ocrx_word' id='word_1_956' title='bbox 1783 2662 1813 2680; x_wconf 70' lang='lat' dir='ltr'><strong>fr</strong></span> 
     </span>
    </p>
   </div>
   <div class='ocr_carea' id='block_1_127' title="bbox 1019 2689 1539 2724">
    <p class='ocr_par' dir='ltr' id='par_1_127' title="bbox 1019 2689 1539 2724">
     <span class='ocr_line' id='line_1_127' title="bbox 1019 2689 1539 2724; baseline 0 -8"><span class='ocrx_word' id='word_1_957' title='bbox 1019 2690 1122 2724; x_wconf 78' lang='lat' dir='ltr'><strong>petitio,</strong></span> <span class='ocrx_word' id='word_1_958' title='bbox 1138 2690 1292 2724; x_wconf 74' lang='lat' dir='ltr'><strong>nisipotius</strong></span> <span class='ocrx_word' id='word_1_959' title='bbox 1308 2689 1475 2717; x_wconf 69' lang='lat' dir='ltr'><strong>Grtecisutus</strong></span> <span class='ocrx_word' id='word_1_960' title='bbox 1491 2692 1539 2717; x_wconf 84' lang='lat' dir='ltr'><strong>sit.</strong></span> 
     </span>
    </p>
   </div>
   <div class='ocr_carea' id='block_1_128' title="bbox 1057 2723 1811 2760">
    <p class='ocr_par' dir='ltr' id='par_1_128' title="bbox 1057 2723 1811 2760">
     <span class='ocr_line' id='line_1_128' title="bbox 1057 2723 1811 2760; baseline -0.001 -9"><span class='ocrx_word' id='word_1_961' title='bbox 1057 2725 1114 2760; x_wconf 74' lang='lat'><strong>(56)</strong></span> <span class='ocrx_word' id='word_1_962' title='bbox 1128 2723 1286 2760; x_wconf 69' lang='lat' dir='ltr'><strong>(Iasitieusis</strong></span> <span class='ocrx_word' id='word_1_963' title='bbox 1300 2725 1390 2756; x_wconf 86' lang='lat' dir='ltr'><strong>habet,</strong></span> <span class='ocrx_word' id='word_1_964' title='bbox 1408 2734 1418 2750; x_wconf 79' lang='grc' dir='ltr'>ι</span> <span class='ocrx_word' id='word_1_965' title='bbox 1438 2725 1578 2752; x_wconf 80' lang='lat' dir='ltr'><strong>invisibili</strong></span> <span class='ocrx_word' id='word_1_966' title='bbox 1591 2730 1689 2753; x_wconf 83' lang='lat' dir='ltr'><strong>autent</strong></span> <span class='ocrx_word' id='word_1_967' title='bbox 1709 2729 1735 2752; x_wconf 83' lang='lat' dir='ltr'><strong>et</strong></span> <span class='ocrx_word' id='word_1_968' title='bbox 1756 2723 1811 2760; x_wconf 63' lang='lat' dir='ltr'><strong>trinj</strong></span> 
     </span>
    </p>
   </div>
   <div class='ocr_carea' id='block_1_129' title="bbox 1017 2757 1809 2794">
    <p class='ocr_par' dir='ltr' id='par_1_129' title="bbox 1017 2757 1809 2794">
     <span class='ocr_line' id='line_1_129' title="bbox 1017 2757 1809 2794; baseline 0 -8"><span class='ocrx_word' id='word_1_969' title='bbox 1017 2757 1110 2786; x_wconf 66' lang='lat' dir='ltr'><strong>secus.</strong></span> <span class='ocrx_word' id='word_1_970' title='bbox 1125 2769 1134 2784; x_wconf 77' lang='grc' dir='ltr'><strong><em>ι</em></strong></span> <span class='ocrx_word' id='word_1_971' title='bbox 1151 2759 1206 2787; x_wconf 88' lang='lat' dir='ltr'><strong>Sed</strong></span> <span class='ocrx_word' id='word_1_972' title='bbox 1223 2760 1366 2794; x_wconf 82' lang='lat' dir='ltr'><strong>legendum</strong></span> <span class='ocrx_word' id='word_1_973' title='bbox 1382 2761 1505 2794; x_wconf 86' lang='lat' dir='ltr'><strong>videtur,</strong></span> <span class='ocrx_word' id='word_1_974' title='bbox 1520 2767 1552 2788; x_wconf 86' lang='lat' dir='ltr'><strong>ut</strong></span> <span class='ocrx_word' id='word_1_975' title='bbox 1569 2763 1680 2788; x_wconf 86' lang='lat' dir='ltr'><strong>editam</strong></span> <span class='ocrx_word' id='word_1_976' title='bbox 1698 2766 1755 2791; x_wconf 80' lang='lat' dir='ltr'><strong>est,</strong></span> <span class='ocrx_word' id='word_1_977' title='bbox 1778 2757 1809 2782; x_wconf 69' lang='lat' dir='ltr'><strong>vd</strong></span> 
     </span>
    </p>
   </div>
   <div class='ocr_carea' id='block_1_130' title="bbox 1021 2794 1807 2829">
    <p class='ocr_par' dir='ltr' id='par_1_130' title="bbox 1021 2794 1807 2829">
     <span class='ocr_line' id='line_1_130' title="bbox 1021 2794 1807 2829; baseline 0 -8"><span class='ocrx_word' id='word_1_978' title='bbox 1021 2804 1029 2820; x_wconf 86' lang='lat' dir='ltr'><strong>t</strong></span> <span class='ocrx_word' id='word_1_979' title='bbox 1047 2795 1190 2822; x_wconf 84' lang='lat' dir='ltr'><strong>invisibilia</strong></span> <span class='ocrx_word' id='word_1_980' title='bbox 1206 2801 1295 2822; x_wconf 86' lang='lat' dir='ltr'><strong>autem</strong></span> <span class='ocrx_word' id='word_1_981' title='bbox 1313 2795 1497 2823; x_wconf 85' lang='lat' dir='ltr'><strong>intrinsecus.</strong></span> <span class='ocrx_word' id='word_1_982' title='bbox 1518 2806 1528 2822; x_wconf 72' lang='grc' dir='ltr'><strong><em>ι</em></strong></span> <span class='ocrx_word' id='word_1_983' title='bbox 1547 2797 1625 2825; x_wconf 86' lang='lat' dir='ltr'><strong>Deus</strong></span> <span class='ocrx_word' id='word_1_984' title='bbox 1637 2798 1722 2829; x_wconf 84' lang='lat' dir='ltr'><strong>enim,</strong></span> <span class='ocrx_word' id='word_1_985' title='bbox 1739 2794 1807 2821; x_wconf 80' lang='lat' dir='ltr'><strong>utin-</strong></span> 
     </span>
    </p>
   </div>
  </div>
