1848 3043
46 82 58 109 (
65 81 110 110 177

574 80 644 108 CUM
664 79 804 107 MANETE
824 79 1090 108 ll/ERESIARCIIA.

1576 81 1643 109 H78

46 144 251 171 unumquemque
267 140 401 169 nostrum,
415 134 485 164 sicut
503 135 560 171 ipse
574 136 645 163 Dens
658 140 715 168 est,
734 135 809 162 inde-
824 141 846 168 Α
864 146 872 162 ε
887 137 973 163 virtus
988 137 1090 171 peccati
1102 136 1172 163 dicta
1186 136 1220 163 sit
1234 136 1276 163 lex
1290 137 1323 168 δ’,
1337 146 1346 162 ι
1365 143 1414 171 pro
1427 136 1531 164 viribus
1542 141 1645 165 nostris

43 188 151 210 smenter
164 183 226 209 huic
241 183 315 217 operi
335 183 472 217 legislator
490 182 548 209 vult
569 189 629 209 esse
646 181 810 214 devinctum;

44 237 57 255 a
67 230 229 256 saeclilaribus
240 229 317 264 jubet
333 230 457 264 protinus
469 229 673 263 conquiescere,
688 233 713 255 et
724 228 812 254 omni-

44 281 76 300 no
86 275 177 301 nullum
191 282 259 309 opus
273 282 364 309 gerere
376 275 585 307 mundanum;et
599 274 651 301 hoc
663 274 812 308 appellatur

44 319 187 347 Sabbatum.
202 320 311 347 Addidit
327 320 408 348 etiam
424 321 475 347 hoc
490 321 516 347 in
537 321 605 355 lege,
621 319 689 346 nihil
715 319 812 346 absur-

43 364 102 390 dum
114 364 165 391 Iieri
180 364 288 396 debere;
305 365 352 391 sed
369 365 512 392 observare
523 372 583 394 nos.
602 368 628 390 et
642 363 759 397 dirigere
770 364 811 390 vi-

41 415 93 437 tam
107 415 219 437 nostram
234 417 264 436 ex
283 417 360 444 aequo
379 415 405 436 et
418 410 503 444 justo.
521 410 553 436 Et
578 410 737 439 imminebat
755 413 811 439 haec

41 456 90 488 lex,
103 456 225 483 acerrime
237 455 408 482 maledictum
423 456 542 482 inferens
555 456 596 482 his
609 457 654 491 qui
668 465 727 484 eam
744 457 810 484 fuis-

40 507 96 529 sent
108 504 279 536 transgressi;
294 502 339 529 sed
354 503 481 536 quoniam
495 503 619 530 homines
632 508 708 531 erant
724 509 749 531 et
762 505 809 538 illi,

38 552 64 574 et
77 547 142 574 sicut
154 547 233 574 etiam
247 548 325 574 nobis
342 547 496 582 frequenter
516 549 631 580 accidit,
654 554 811 576 controver-

39 593 83 620 sia:
96 593 255 626 oriebantur,
269 598 297 620 et
308 594 497 628 irrogabantur
518 594 640 628 injuriae;
659 600 685 622 et
697 596 737 622 lex
754 601 809 622 sta-

39 638 84 665 tim
99 639 319 666 districtissimam
333 640 462 666 ultionem
481 648 561 673 quam
579 639 698 674 fecerat,
722 646 809 668 retor-

37 685 131 718 quebat
151 684 221 719 (57);
240 685 276 711 ita
299 689 328 711 ut
350 685 372 712 si
390 686 452 720 quis
468 694 614 720 pauperum
629 687 758 714 voluisset
782 688 807 714 in

37 730 148 757 Sahbato
164 730 261 758 fascem
280 731 344 765 ligni
359 731 495 766 colligere,
512 732 563 759 sub
583 733 726 760 maledicto
742 734 808 768 legis

34 777 149 807 eﬂcctus.
165 777 243 804 morti
266 777 395 804 continuo
414 777 603 811 subjiceretur.
626 778 807 805 Arctabantur

863 182 980 209 breviter
996 189 1173 216 exponemus.
1199 182 1334 217 Scriptum
1352 188 1392 209 est
1418 183 1510 209 enim:
1538 193 1547 209 ι
1575 184 1644 216 Quia

861 227 935 260 justo
950 227 993 253 lex
1013 234 1065 253 non
1083 233 1124 253 est
1140 228 1238 262 posita,
1255 228 1301 254 sed
1317 227 1437 262 injustis,
1453 233 1480 254 et
1497 237 1550 255 non
1577 230 1638 256 sub-

862 272 935 305 ditis,
961 272 1051 307 impiis
1066 277 1092 299 et
1111 273 1233 301 scelestis
1249 275 1282 300 "°.
1303 284 1312 299 ›
1340 274 1398 301 Non
1418 282 1483 309 ergo
1495 280 1553 302 erat
1580 281 1645 302 tunc

862 318 903 345 lex
936 318 1031 345 littera:
1055 319 1142 353 posita
1176 320 1397 354 delinquentibus
1426 325 1487 347 ante
1513 320 1642 357 Moysen,

863 363 933 390 unde
949 367 975 390 et
994 363 1101 391 Pharao
1119 364 1249 398 ignorans
1268 365 1392 392 virtutem
1412 366 1515 400 peccati
1530 385 1538 398 ,
1555 367 1643 393 delini-

862 410 961 444 quebat
977 409 1097 444 affligens
1114 410 1221 445 injustis
1238 411 1365 438 oneribus
1378 412 1448 438 filios
1462 412 1556 443 Israel,
1568 411 1643 438 Divi-

863 456 946 482 nitate
961 456 1081 490 neglecta.
1095 476 1103 488 ,
1118 464 1171 483 non
1189 457 1276 483 solum
1293 457 1360 491 ipse,
1377 457 1422 484 sed
1438 462 1465 484 et
1478 465 1573 485 omnes
1595 458 1644 492 qui

861 508 922 527 cum
945 508 978 528 eo
992 506 1079 528 erant.
1104 493 1215 534 Verum,
1242 510 1275 529 ne
1290 507 1351 529 tltar
1367 503 1488 538 longiore
1509 504 1643 536 circuitu,

860 547 968 574 brevius
985 547 1083 574 dicam.
1097 547 1181 574 Erant
1194 549 1304 582 quidam
1326 548 1515 584 Egyptiorum
1534 550 1640 576 admisti

860 600 922 620 cum
944 594 1040 627 populo
1057 593 1153 628 Moysi,
1166 602 1227 620 cum
1239 594 1273 620 ab
1287 602 1319 621 eo
1336 599 1472 629 regeretur
1485 596 1600 630 populus
1614 597 1640 622 iu

859 639 983 672 deserto;
1001 644 1028 666 et
1041 647 1102 666 cum
1119 639 1224 675 Moyses
1240 640 1342 674 positus
1354 645 1425 667 esset
1441 641 1466 667 iu
1480 646 1581 674 monte,
1595 650 1642 676 pro

859 690 892 710 eo
906 687 935 710 ut
953 683 1086 716 acciperet
1107 684 1203 719 legem.
1228 684 1372 718 impatiens
1387 686 1512 719 populus,
1529 694 1580 712 non
1599 687 1643 713 ille

859 729 905 763 qui
923 737 985 756 vere
1008 734 1066 756 erat
1092 729 1211 756 Israelita
1234 730 1300 764 (58),
1315 731 1360 757 sed
1379 731 1424 765 qui
1450 739 1481 757 ex
1508 730 1642 766 [Egyptiis

863 774 950 802 fuerat
964 776 1108 807 admistus,
1122 776 1236 802 vitulum
1252 776 1302 802 sibi
1318 777 1457 802 constituit
1472 776 1574 810 Deum,
1597 785 1642 804 se-

33 829 97 856 ergo
105 821 478 857 cuercitionelegishomines,
489 823 603 857 quicum
612 823 744 859 [Egypriis
755 824 812 851 rue-
828 809 850 838 Β
863 819 980 846 cundum
994 820 1137 854 pristinum
1153 827 1253 845 morem
1271 827 1325 854 quo
1349 819 1470 846 coluerat
1486 819 1641 850 simulacra,

33 872 94 893 tant
102 867 201 894 educati
214 868 301 901 “,uec
312 873 436 902 poterant
448 876 541 903 pinnas
550 869 615 903 legis
632 874 658 896 et
669 870 809 898 maledicta

33 913 152 939 tolerare.
171 912 290 940 Rursum
306 917 396 940 autem
424 914 469 940 ille
486 914 530 948 qui
554 923 660 949 semper
686 915 810 943 Salvator

31 962 80 990 est,
96 957 169 985 Jesus
184 955 316 985 Dominus
333 963 423 986 noster
437 960 582 988 adveniens
593 981 600 994 ,
619 961 742 988 liberavit
762 969 809 989 eos

30 1012 62 1030 cx
76 1003 259 1038 hujuscemodi
278 1005 446 1032 cruciatibus
463 1006 530 1040 legis
542 1011 623 1040 atque
647 1007 808 1040 maledictis,

29 1050 133 1076 donans
145 1050 183 1077 eis
197 1050 320 1084 injurias.
338 1051 404 1083 Nec,
422 1051 493 1078 sicut
518 1051 623 1087 Moyses
636 1073 643 1085 ,
667 1053 810 1080 severitate

29 1104 99 1123 usus
112 1100 152 1123 est
165 1096 242 1131 legis,
260 1097 326 1123 nulli
351 1097 515 1131 indulgendo
536 1098 682 1132 injuriam;
701 1098 747 1125 sed
766 1098 810 1125 hic

27 1143 107 1174 dixit,
122 1142 143 1170 si
157 1143 217 1176 quis
231 1151 327 1177 passus
340 1144 420 1171 fuerit
435 1152 448 1171 a
464 1144 590 1179 proximo
602 1152 653 1171 suo
670 1145 808 1179 injuriam,

28 1189 164 1224 indulgeat
176 1197 229 1216 non
245 1190 328 1216 semel
348 1195 469 1223 tantum,
488 1190 535 1218 sed
559 1195 584 1217 et
604 1198 653 1218 nee
678 1191 808 1224 secundo,

27 1241 78 1261 nec
93 1234 178 1266 tertio,
195 1241 245 1261 nec
258 1234 345 1261 solum
363 1235 472 1269 septies,
498 1235 545 1261 sed
568 1237 750 1270 septuagesics
767 1243 810 1263 εο-

26 1280 98 1315 pties
115 1280 136 1295 ⁵⁶
150 1289 156 1307 :
169 1280 240 1314 quod
255 1280 278 1307 si
292 1285 351 1314 post
363 1281 419 1308 hcce
435 1280 562 1315 injuriam
579 1282 757 1315 permanserit
771 1282 808 1308 ir-

26 1325 158 1360 rogando,
179 1328 245 1352 tunc
259 1325 367 1352 demum
383 1326 432 1360 legi
448 1334 509 1352 eum
523 1326 621 1353 debere
632 1327 809 1354 succumbere

26 1371 124 1406 Moysi,
136 1378 185 1397 nec
201 1371 272 1398 ultra
287 1372 393 1398 veniam
409 1371 468 1399 dari
487 1372 510 1399 ei
523 1371 569 1406 qui
585 1372 611 1398 in
627 1372 733 1406 injuriis
749 1380 809 1406 per-

861 865 887 891 in
904 872 958 899 quo
973 874 1021 892 nec
1041 865 1172 892 scelerum
1191 873 1284 899 pmnas
1300 864 1447 899 aliquando
1466 865 1642 899 rependet-et;

861 914 887 936 et
901 910 961 936 ideo
983 910 1110 937 virtutem
1135 910 1236 944 pecrati
1262 909 1303 936 sui
1334 910 1440 944 penitus
1458 910 1641 944 ignorabant:

860 962 920 989 qum
936 963 997 981 cum
1024 962 1163 989 regressus
1186 955 1340 989 agnovisset
1366 953 1492 989 Moyses,
1518 955 1644 989 praecepit

860 1009 906 1028 eos
917 1001 1014 1036 gladiis
1026 1001 1166 1032 trucidari,
1180 1008 1211 1026 ex
1227 1008 1281 1034 quo
1296 1000 1401 1026 initium
1415 999 1515 1026 factum
1529 1005 1570 1026 est
1582 1007 1644 1027 sen-

861 1047 911 1074 tire
929 1055 975 1075 cos
994 1047 1119 1073 virtutem
1137 1046 1237 1080 peccati
1257 1054 1302 1079 per
1316 1046 1399 1079 legem
1415 1045 1511 1080 Moysi,
1529 1051 1555 1072 et
1576 1053 1643 1080 pro-

859 1097 950 1128 pterea
977 1101 986 1118 ‹
1004 1093 1090 1119 virtus
1106 1091 1207 1126 peccati
1227 1101 1237 1117 ι
1254 1092 1387 1125 appellata
1412 1095 1453 1118 est
1470 1092 1522 1117 lex.

894 1147 1002 1174 XXXII.
1017 1147 1055 1174 De
1074 1155 1106 1174 eo
1122 1154 1196 1178 vero,
1211 1146 1282 1180 quod
1300 1146 1326 1172 in
1344 1146 1488 1180 Evangelio
1511 1146 1640 1180 scriptum

859 1197 918 1220 est:
937 1203 945 1217 ε
966 1192 1019 1219 Vos
1042 1193 1074 1218 de
1089 1197 1164 1226 patre
1187 1191 1294 1218 diabolo
1310 1192 1375 1218 estis
1397 1192 1429 1222 7‘,
1448 1201 1457 1216 ›
1473 1195 1499 1217 et
1526 1192 1641 1225 reliqua,

859 1239 976 1266 breviter
1003 1237 1135 1269 dicimus,
1154 1237 1217 1272 quia
1238 1242 1279 1264 est
1295 1236 1420 1263 diabolus
1445 1236 1590 1270 inoperans
1614 1236 1641 1262 in

859 1284 947 1316 nobis,
962 1284 1007 1318 qui
1023 1285 1065 1310 sui
1080 1283 1184 1309 arbitrii
1205 1287 1336 1317 potestate
1361 1282 1428 1308 tales
1457 1289 1518 1309 esse
1543 1281 1641 1309 voluit.

859 1331 930 1357 Deus
945 1330 1016 1357 cuitu
1033 1330 1124 1356 omnia
1137 1337 1197 1363 qua:
1212 1329 1284 1361 fecit,
1303 1329 1373 1355 bona
1387 1328 1462 1355 valde
1475 1327 1547 1361 fecit,
1565 1328 1642 1354 liberi

859 1376 964 1402 arbitrii
981 1383 1091 1402 sensum
1106 1374 1252 1408 unicuique
1265 1374 1348 1406 dedit,
1372 1382 1424 1408 qua
1441 1373 1545 1401 ratione
1560 1374 1641 1400 etiam

25 1421 133 1445 εθνυνδι
144 1439 152 1451 9
177 1426 238 1446 cum
267 1419 317 1445 Sibi
342 1419 524 1453 septuagesies
546 1418 645 1453 εθριίεε
670 1419 750 1445 fuerit
767 1419 807 1444 in-
821 1413 841 1441 θ
859 1421 1047 1457 legemjudicii
1059 1421 1158 1455 posuit.
1171 1420 1288 1447 Peccare
1304 1425 1426 1447 nostrum
1441 1424 1497 1451 est;
1512 1424 1540 1446 ut
1552 1423 1641 1445 autem

25 1465 142 1492 dultum.
158 1464 216 1492 Non
232 1466 317 1493 solum
335 1470 424 1492 autem
440 1466 521 1497 huic,
540 1466 586 1492 sed
610 1465 691 1491 etiam
707 1465 729 1492 si
746 1465 808 1499 quis

25 1511 96 1538 Filio
103 1511 220 1538 hominis
228 1511 363 1538 intulisset
371 1511 616 1546 injuriam,veniam
624 1510 737 1538 dedit.Si
745 1517 809 1537 vero

25 1557 140 1592 Spiritui
155 1562 261 1589 sancto,
274 1558 381 1584 duobus
394 1565 455 1584 eum
468 1557 590 1584 subdidit
601 1557 762 1588 maledictis,
783 1556 809 1583 id

25 1609 65 1630 est
74 1602 242 1637 Moysilegis,
255 1608 356 1635 etsute;
365 1601 563 1637 Moysiquitlcm
576 1602 602 1628 in
611 1602 744 1636 praesenti,
755 1609 811 1629 sua:

25 1657 90 1676 rero
104 1648 130 1675 in
143 1649 236 1683 judicii
249 1653 385 1682 tempore;
399 1649 436 1675 ait
447 1649 518 1675 enim
530 1648 566 1674 ita
581 1657 601 1675 ε(
617 1647 707 1682 Neque
719 1649 744 1674 in
760 1649 811 1674 hoc

25 1695 136 1727 saeculo,
154 1702 240 1729 neque
252 1695 278 1721 in
290 1694 380 1721 futuro
391 1695 541 1721 remittetur
550 1694 573 1721 ei
584 1694 616 1721 “7.
633 1704 642 1719 ι
653 1694 735 1729 Moysi
747 1701 810 1728 ergo

25 1744 65 1768 ‘ex
87 1745 129 1768 est
141 1761 148 1772 ,
169 1748 230 1775 quae
244 1741 270 1767 in
284 1741 410 1775 praesenti
428 1741 528 1768 saeculo
554 1741 620 1767 nulli
638 1741 742 1768 veniam
763 1741 811 1768 tri-

28 1788 100 1819 iuit;
122 1786 223 1814 Christi
250 1795 314 1814 vero
340 1792 397 1820 est,
421 1795 482 1821 qua:
503 1787 623 1814 vindicat
649 1787 675 1813 in
706 1787 809 1814 futuro.

25 1832 59 1859 Ex
76 1832 130 1859 lioc
140 1832 245 1859 intuere
256 1832 484 1867 quemadmodum
497 1831 639 1859 confirmat
648 1831 744 1865 legem,
755 1839 809 1858 non

25 1877 114 1904 ;olum
128 1885 182 1904 non
197 1878 307 1905 solvens
321 1886 393 1911 eam,
409 1878 455 1905 sed
470 1878 594 1912 implens.
611 1877 734 1904 Redemit
747 1886 810 1913 ergo

25 1930 69 1950 :os
82 1923 119 1949 ab
130 1930 174 1955 eo,
189 1923 262 1957 quod
277 1924 303 1949 in
317 1923 441 1958 praesenti
454 1924 573 1958 positum
585 1927 654 1955 erat,
666 1922 810 1950 maledicto

25 1969 102 2004 egis,
116 1977 149 1996 ex
162 1977 216 2004 quo
229 1978 239 1994 ι
255 1969 426 1996 maledictum
439 1969 505 2004 legis
522 1979 531 1995 ι
547 1969 711 2003 appellatum
725 1973 767 1995 est
778 1969 809 1996 ⁸⁸.

25 2015 86 2044 iaac
108 2016 201 2043 omnis
225 2016 307 2050 hujus
325 2016 460 2043 sermonis
484 2019 527 2042 est
548 2015 628 2042 ratio.
646 2016 701 2043 Cur
718 2021 808 2043 autem

341 2073 363 2088 ⁸⁸
387 2072 481 2100 Matth.
507 2081 594 2106 xvm,
616 2073 661 2100 21.

305 2108 327 2123 ⁷¹
344 2107 422 2136 Joan.
440 2116 498 2139 vui,
514 2109 559 2135 44.

58 2071 84 2087 ⁸³
95 2071 180 2100 Num.
197 2081 242 2103 xv.
259 2073 303 2099 3'2.

25 2109 37 2124 °
68 2107 78 2134 1
98 2107 172 2134 Tim.
189 2116 208 2140 ι,
223 2108 250 2135 9.

708 2075 729 2089 ⁸⁷
744 2074 838 2101 Matth.
867 2083 915 2108 xu,
945 2074 988 2101 52.

614 2109 636 2124 ⁷²
649 2109 744 2136 Matth.
761 2118 817 2142 xIx,
835 2110 878 2136 17.

861 1476 914 1495 non
929 1475 1081 1502 peccemus,
1096 1467 1141 1493 Dei
1156 1467 1256 1493 donum
1271 1471 1322 1497 est,
1338 1474 1370 1492 ex
1381 1473 1412 1492 eo
1424 1465 1494 1499 quod
1506 1466 1532 1491 in
1548 1470 1642 1492 nostra

862 1513 896 1540 sit
910 1513 1022 1540 arbitrio
1039 1512 1215 1539 constitutum
1238 1520 1349 1546 peccare
1360 1532 1368 1544 ,
1381 1511 1422 1537 vel
1438 1518 1490 1538 non
1513 1518 1641 1544 peccare;

863 1560 933 1586 sicut
948 1559 1028 1586 etiam
1043 1563 1069 1586 tu
1088 1559 1145 1586 sine
1161 1558 1242 1585 dubio
1260 1558 1346 1589 nosti,
1363 1565 1378 1583 ο
1395 1556 1496 1588 Manes,
1509 1557 1532 1583 si
1552 1561 1641 1582 tamen

863 1604 1072 1640 congregansjn
1087 1612 1170 1631 unum
1184 1603 1331 1637 discipulos
1344 1608 1416 1632 tuos.
1432 1607 1458 1629 et
1469 1610 1514 1630 eos
1526 1610 1644 1628 commu-

862 1659 929 1678 nens
945 1651 1000 1685 (59)
1013 1658 1046 1677 ne
1059 1650 1225 1684 delinquant,
1239 1657 1304 1676 neve
1316 1649 1416 1683 aliquid
1428 1649 1526 1683 injn_~.te
1537 1654 1642 1684 gerant,

860 1696 954 1731 judicii
982 1696 1066 1730 legem
1086 1695 1275 1730 unusquisque
1302 1703 1394 1722 eorum
1419 1695 1503 1729 possit
1517 1695 1642 1722 evadere.

863 1743 895 1769 Et
907 1746 978 1769 certe
997 1742 1042 1776 qui
1059 1741 1205 1774 voluerint,
1218 1741 1365 1768 observant
1387 1741 1512 1767 mandata
1535 1741 1575 1773 7';
1597 1741 1645 1775 qui

862 1795 926 1815 vero
940 1787 1152 1822 contempserint
1164 1791 1191 1814 et
1206 1787 1232 1813 in
1251 1794 1407 1821 perversum
1433 1787 1642 1817 declinaveriut,

863 1835 921 1861 sine
937 1834 1020 1860 dubio
1035 1834 1118 1868 legem
1133 1832 1228 1867 judicii
1252 1832 1347 1860 ferent.
1364 1832 1401 1859 Ex
1429 1833 1481 1860 hoc
1498 1833 1578 1860 etiam
1596 1840 1641 1859 an-

864 1880 985 1915 gelorum
998 1879 1119 1914 quidam,
1136 1879 1262 1906 mandato
1276 1878 1321 1905 Dei
1342 1886 1394 1906 non
1419 1879 1531 1912 subditi,
1547 1879 1645 1905 volun-

864 1926 911 1952 tati
927 1925 986 1960 ejus
1002 1925 1159 1952 restiterunt
1173 1935 1178 1951 :
1201 1929 1228 1951 et
1251 1925 1350 1960 aliquis
1373 1925 1481 1960 quidem
1504 1926 1537 1952 de
1553 1926 1622 1953 casio
1635 1945 1643 1952 .

864 1976 993 2006 tanquam
1006 1971 1094 2005 fulgur
1109 1970 1178 2006 ignis
1193 1970 1226 2003 ⁷³,
1242 1971 1338 1998 cecidit
1360 1979 1440 2006 super
1464 1977 1580 2003 terram;
1599 1973 1644 1998 alii

863 2025 928 2044 vero
943 2017 970 2043 in
984 2016 1112 2043 felicitate
1137 2016 1276 2043 hominum
1293 2016 1399 2043 ﬁliabus
1411 2016 1519 2044 admisti
1535 2017 1591 2052 (60)
1604 2036 1613 2050 ,
1629 2025 1644 2044 a

1044 2075 1066 2090 ⁸⁸
1084 2074 1171 2102 Galat.
1201 2082 1243 2107 ιιι,
1272 2074 1316 2101 15.
1372 2074 1494 2102 "lCor.
1524 2083 1568 2108 xv,
1598 2075 1643 2104 56.

932 2110 955 2125 ’³
970 2110 1036 2136 Luc.
1054 2117 1081 2141 ιι,
1100 2110 1142 2136 18.

25 2179 79 2212 iuit
97 2179 133 2206 D.
150 2180 320 2215 Augustinus
334 2180 361 2206 in
377 2180 446 2207 libro
460 2180 497 2206 De
513 2179 606 2207 Gratia
627 2179 736 2213 Christi,
749 2188 807 2215 cap.
825 2183 847 2210 D
862 2185 888 2207 et
903 2180 946 2208 isti
974 2180 1094 2207 fecerunt
1107 2200 1114 2212 ,
1138 2184 1165 2207 et
1180 2180 1206 2206 in
1221 2186 1303 2206 causa
1321 2179 1447 2215 fuerunt,
1475 2183 1503 2204 ut
1527 2179 1643 2213 populus

25 2215 62 2246 L4,
83 2221 142 2241 non
158 2214 216 2249 lege
234 2219 315 2249 atque
329 2216 450 2242 doctrina
474 2215 618 2242 insonante
639 2214 808 2249 forinsecus;

25 2250 65 2278 ed
80 2250 194 2276 interna
209 2254 290 2285 atque
304 2251 407 2277 occulta
425 2250 542 2277 mirabili
558 2257 589 2277 ac
614 2250 741 2277 inell'abili
763 2258 812 2284 po-

25 2289 124 2313 estate
139 2290 270 2317 operatur
293 2285 320 2312 in
336 2285 464 2312 cordibus
484 2286 624 2312 hominum
642 2292 695 2311 non
722 2285 810 2312 solum

27 2327 101 2348 eras
117 2320 308 2352 revelationes.
326 2321 373 2347 sed
389 2321 468 2347 etiam
488 2320 573 2347 bonas
588 2321 752 2347 voluntates.
767 2319 811 2347 Si-

29 2355 97 2382 iilia
114 2354 235 2381 inculcat
252 2361 309 2382 tum
322 2356 348 2382 in
367 2356 454 2390 capite
465 2356 570 2382 decimo
583 2356 662 2382 tertio
687 2355 810 2390 ejusdem

26 2391 124 2426 periis,
133 2394 200 2426 _tun_1
215 2390 277 2417 alibi
294 2390 405 2425 passim.

48 2425 116 2459 (57)
133 2424 163 2451 ln
178 2424 321 2452 CasinenSi
338 2426 440 2456 codice,
460 2434 469 2450 ι
495 2425 624 2452 ultionem
650 2424 750 2452 fecerat
764 2432 810 2452 re-

25 2459 184 2494 )rquebat.
198 2470 207 2485 i
225 2460 276 2486 Sed
292 2461 445 2488 necessaria
461 2460 519 2487 visa
535 2465 575 2486 est
584 2461 687 2487 relativi
701 2460 808 2487 articuli

25 2495 145 2529 dditio,
156 2502 190 2522 ne
203 2503 298 2522 sensus
312 2496 366 2522 ulla
380 2504 412 2522 ex
425 2500 499 2529 parte
516 2499 632 2522 nutaret.

49 2529 117 2564 (58)
136 2528 198 2556 Non
216 2538 300 2564 pauca
313 2528 456 2565 primitivaa
470 2530 597 2558 Ecclesiae
609 2530 701 2558 Patres
713 2538 744 2557 ex
761 2529 810 2558 Ju-

26 2572 148 2592 δέοι-ιω]
167 2566 300 2591 sententia
319 2566 506 2599 loquebantur,
522 2569 550 2591 ut
562 2573 594 2592 ex
609 2565 652 2592 his
665 2566 710 2599 qui
724 2566 750 2592 in
767 2574 809 2593 ca-

26 2601 70 2627 ite
88 2601 222 2634 sequenti
239 2605 265 2626 et
282 2601 313 2627 ad
331 2600 474 2634 Theophili
495 2600 669 2627 Alexandrini
685 2601 807 2634 disputa-

29 2642 126 2662 onem
144 2642 210 2662 cum
225 2635 336 2662 Simone
362 2634 456 2662 Judzeo
474 2643 532 2670 cap.
549 2635 581 2661 15
601 2637 807 2667 annotavimus,

25 2670 110 2705 reide
129 2675 256 2704 apparet.
279 2670 365 2705 llujus
383 2671 488 2705 generis
502 2670 582 2696 etiam
607 2675 648 2696 est
664 2673 736 2704 quod
766 2671 809 2698 hic

25 2713 42 2732 ε
70 2704 221 2740 Εεγριίἱε
237 2705 314 2732 vituli
331 2704 406 2732 aurei
421 2705 654 2732 construetoribus
668 2709 695 2732 et
710 2706 808 2740 adora-

26 2739 143 2767 )ribus”
157 2741 240 2767 tradit
259 2740 424 2772 Archelaus;
443 2748 503 2767 nam
524 2741 549 2767 in
568 2740 692 2766 Scemoth
716 2739 808 2767 Babba

25 2783 77 2810 ag.
103 2775 173 2807 157,
190 2775 242 2802 col.
260 2776 273 2801 1
288 2783 294 2801 :
314 2785 323 2801 ι
340 2775 373 2802 Et
389 2775 433 2803 isti
452 2775 559 2810 (nempe
579 2774 697 2810 [Egyptii
716 2783 805 2808 prose-

25 2812 61 2843 ,‘li
75 2810 89 2844 )
107 2810 240 2838 fecerunt
259 2810 384 2845 vitulum,
401 2810 464 2845 quia
480 2811 603 2838 colebant
617 2811 806 2842 idololatriam,

861 2220 994 2250 peccaret.
1010 2214 1076 2242 Vide
1090 2215 1154 2250 quid
1168 2215 1298 2248 scriptum
1311 2215 1345 2241 sit
1362 2213 1455 2250 Exodi
1466 2221 1551 2245 xxx",
1571 2222 1641 2241 vers.

860 2249 887 2277 It.
903 2250 961 2277 Non
981 2254 1022 2277 est
1040 2251 1169 2284 scriptum
1188 2250 1251 2276 hic:
1268 2249 1312 2275 lsti
1339 2254 1403 2275 sunt
1420 2249 1456 2284 dii
1470 2249 1573 2284 nostri,
1595 2250 1643 2275 sed

860 2286 905 2312 isti
923 2290 982 2311 sunt
997 2286 1035 2311 dii
1054 2286 1111 2311 mi:
1136 2285 1207 2319 quod
1224 2284 1376 2319 proselyti,
1394 2283 1439 2317 qui
1465 2291 1527 2309 cum
1551 2283 1643 2318 Moyse

860 2321 1048 2350 ascenderant,
1062 2320 1111 2354 ipsi
1126 2320 1247 2346 fecerunt
1258 2318 1344 2349 illum,
1357 2323 1382 2345 et
1392 2320 1519 2345 dixerunt
1530 2318 1621 2345 lsraeli
1634 2327 1641 2346 :

861 2355 913 2382 Isti
936 2360 997 2381 sunt
1014 2355 1052 2381 dii
1070 2355 1117 2381 iui.
1148 2355 1250 2381 idcirco
1268 2354 1339 2381 Deus
1362 2359 1471 2380 sanctus
1486 2354 1643 2381 benedictus

862 2390 932 2417 dixit
944 2390 1029 2422 Moysi
1042 2399 1048 2417 ς
1064 2389 1146 2422 Vade,
1159 2389 1302 2420 descende,
1316 2389 1379 2422 quia
1391 2388 1512 2422 corrupit
1528 2389 1643 2422 populus

864 2433 936 2452 tuus.
951 2435 960 2451 ι
975 2422 1041 2452 Vide
1049 2424 1221 2451 Salomonem
1235 2423 1327 2451 Jarelii
1340 2424 1366 2450 in
1380 2423 1503 2449 eumdem
1513 2422 1595 2450 Exodi
1605 2423 1644 2450 lo-

863 2468 924 2487 cum
933 2468 1003 2487 vers.
1019 2460 1050 2492 8;
1060 2460 1134 2486 Aben
1150 2459 1218 2486 Ezra
1229 2460 1294 2486 ibid.
1308 2467 1378 2486 vers.
1389 2458 1644 2490 22,etAbarbanel-

863 2495 917 2522 lum
931 2494 999 2528 .ibid.
1019 2502 1090 2522 vers.
1109 2495 1152 2521 11.
1168 2496 1203 2521 At
1217 2494 1257 2522 vel
1270 2502 1302 2521 ex
1315 2494 1384 2520 nuda
1401 2493 1470 2519 sacri
1485 2497 1573 2528 textus
1587 2493 1642 2520 Iec-

863 2531 945 2562 tione,
961 2534 987 2556 et
1001 2537 1034 2556 ex
1060 2529 1129 2555 LXX
1147 2530 1322 2563 interpretum
1337 2528 1467 2563 versione
1485 2527 1554 2554 hanc
1570 2528 1644 2554 rabi-

861 2572 958 2591 norum
972 2564 1157 2598 conjecturam
1169 2562 1245 2591 valde
1262 2565 1392 2592 incertam
1410 2562 1569 2597 futilemque
1581 2570 1642 2590 esse

861 2601 933 2627 clare
946 2600 1090 2634 colligitur.

893 2635 949 2670 (51.))
969 2635 1004 2670 lta
1014 2632 1215 2670 restituendam
1231 2632 1392 2670 censuimus
1413 2632 1550 2670 depravati
1567 2632 1642 2659 codi-

858 2667 1070 2697 cis'Casineusis
1086 2669 1240 2699 lectionem,
1260 2669 1287 2694 in
1302 2676 1356 2702 quo
1373 2668 1412 2694 sic
1425 2667 1568 2700 scribitur,
1586 2676 1596 2692 ι
1614 2671 1642 2694 et

857 2704 1011 2732 communis
1027 2711 1070 2734 ne,
1092 2713 1102 2729 ι
1118 2709 1180 2737 etc.,
1193 2704 1245 2731 nisi
1262 2704 1323 2738 quis
1336 2703 1471 2734 maluerit,
1490 2711 1500 2728 ι
1516 2710 1640 2730 commu-

858 2747 944 2766 mens.
961 2748 971 2764 )

893 2773 950 2809 (60)
967 2773 1006 2800 En
1030 2773 1098 2800 alter
1110 2773 1235 2809 Archelai
1254 2773 1341 2804 locus,
1356 2781 1388 2800 ex
1406 2780 1460 2807 quo
1477 2773 1504 2809 id
1521 2772 1594 2808 quod
1612 2771 1638 2799 in

857 2809 1017 2844 praecedenti
1033 2809 1120 2843 capite
1130 2809 1163 2836 de
1184 2808 1357 2836 Hebr-urorum
1370 2808 1545 2842 opinionibus
1556 2816 1570 2835 a
1585 2808 1640 2842 pri-
