1848 3043
198 75 210 102 I
217 74 267 103 A79

693 76 782 104 ACTA
804 76 1069 105 DISPUTATIONIS
1089 77 1118 104 S.
1139 77 1311 104 ARCllEL.‘.I
1767 77 1811 103 li".

198 135 319 163 dracone
336 137 439 169 alliieti,
457 137 528 172 ignis
548 137 640 164 :eterni
658 145 765 172 puniant
782 138 921 173 suscipere
937 147 993 165 nic-
1009 141 1029 167 Α
1044 146 1139 165 omnes
1153 142 1284 165 creatura:
1304 138 1423 165 visibiles
1442 139 1496 165 sint
1519 145 1637 165 necesse
1649 140 1707 168 est,
1722 138 1812 164 coelum.

197 187 323 210 ruerunt.
338 182 384 210 llle
398 183 480 218 igitur
491 183 518 210 in
531 187 631 210 terram
642 183 769 212 decidens
783 192 833 211 nec
846 184 914 210 ultra
927 184 988 211 cceli

198 230 356 264 regionibus
373 230 521 261 admissus,
538 230 609 257 inter
627 230 752 258 homines
776 231 923 262 volutatur,
939 230 987 257 de-

197 275 302 310 cipiens
328 282 397 306 eos,
417 279 499 308 atque
526 275 695 308 persuadens
724 275 774 302 sibi
803 275 907 302 similes
920 274 988 302 effici

198 326 427 355 transgressores,
447 324 474 346 ct
489 328 575 355 usque
596 321 622 348 in
639 321 800 348 hodiernum
817 321 989 348 a.lvcrsarius

197 371 239 394 est
264 366 401 394 mandatis
428 367 484 393 Dei.
505 367 557 393 Sed
578 375 630 393 non
657 375 752 394 omnes
769 367 873 401 lapsum
902 367 989 394 ruina:

198 412 259 447 ejus
270 416 430 446 scquenltlt‘,
445 420 493 447 pro
505 420 537 439 co
552 413 624 447 quod
638 413 784 448 unicuique
799 413 909 440 libertas
918 412 989 440 arbi-

198 458 241 485 trii
256 462 317 485 est:
335 466 369 485 ex
386 458 437 485 hoe
449 458 521 485 enim
544 464 570 485 et
585 459 736 493 appellatus
750 464 792 486 est
808 459 942 492 diabolus,
956 467 988 486 eo

196 504 269 539 quod
295 505 439 532 transitum
459 504 555 531 fecerit
569 505 602 531 de
628 505 786 532 crelestibns
803 525 808 536 ,
825 506 933 540 etquod
961 505 987 532 in

197 551 276 578 terris
290 551 418 578 mandato
442 550 488 577 Dei
502 551 666 578 obtrectator
684 551 836 578 exsisteret.
854 551 922 583 Quia
938 559 988 577 au-

196 602 251 624 tem
269 597 340 624 Deus
354 597 390 624 sit
402 597 448 632 qui
465 597 540 632 prius
554 598 710 624 mandatum
724 598 808 630 dedit,
825 606 884 632 ipse.
897 598 988 624 Domi-

196 651 249 670 nus
260 642 340 671 Jesus
356 644 393 670 ait
405 644 438 671 ad
458 644 614 671 diabolum:
631 654 639 669 ‹
658 644 732 671 Valle
756 649 817 679 post
834 653 885 675 ιηει,
910 644 988 671 Sata-

196 697 231 717 na
246 690 290 723 7‘;
312 699 321 716 i
341 695 368 717 et
385 690 444 717 sine
459 690 542 717 dubio
560 690 600 717 ire
616 695 675 725 post
690 692 785 723 licunt,
804 690 873 716 servi
889 695 944 723 cst;
963 694 990 716 et

196 735 295 761 iterum
309 736 380 769 quod
410 736 447 762 ait
461 736 494 762 ad
511 744 573 762 eum
588 745 594 762 :
614 746 622 760 ι
642 736 787 762 Dominum
804 735 887 762 Deum
912 741 988 762 tnuni

195 781 322 808 adorabis
337 786 363 808 et
379 782 428 816 ipsi
444 782 495 808 soli
515 782 617 809 servies
630 782 664 809 ⁷⁵.
684 792 692 808 i
708 782 842 814 Quoniam
859 790 923 816 ergo
939 782 988 807 ob-

196 827 384 862 temperabant
397 828 508 862 quidam
524 828 666 855 hominum
686 828 874 854 voluntatibus
890 827 986 861 ipsius,

195 873 341 900 audierunt
354 882 368 900 a
382 873 524 901 Salvatore
538 883 543 901 :
561 883 571 900 ι
586 873 641 901 Vos
654 882 685 901 ex
702 879 775 908 patre
789 874 896 900 diabolo
908 873 986 905 estis,

194 924 222 946 ct
237 919 370 947 desideria
388 920 474 954 patris
485 920 570 947 vestri
586 920 674 947 facere
688 921 769 946 vultis
781 920 814 946 ⁷⁸.
831 930 839 946 ι
856 919 987 954 Denique,

194 974 257 994 cuni
278 966 378 1004 ~faciant
394 957 547 994 voluntates
572 967 642 1004 ejus,
659 967 792 994 audiunt:
815 976 824 991 ι
843 965 988 993 Generatio

194 1013 362 1047 viperarum,
376 1012 438 1047 quis
453 1012 529 1040 vobis
541 1013 659 1039 ostendit
683 1013 776 1047 iugere
788 1012 822 1039 ab
838 1013 877 1038 ira
892 1016 988 1038 ventu-

195 1060 245 1087 ra?
262 1058 354 1086 Facite
375 1067 440 1094 ergo
464 1059 583 1086 fructum
600 1059 712 1094 digitum
738 1058 903 1094 pieniteutia:
918 1058 950 1084 ⁷⁷.
974 1067 983 1084 ι

194 1104 234 1132 Ex
252 1105 303 1132 hoc
325 1113 389 1140 ergo
403 1105 512 1140 pervide
530 1110 632 1141 quanta
648 1106 688 1132 vis
707 1106 741 1133 sit
754 1106 893 1132 hominem
909 1105 986 1133 liberi

193 1159 255 1178 esse
268 1151 392 1178 atbitrii:
420 1151 492 1178 dicat
508 1156 598 1178 tamen
622 1151 703 1178 etiam
723 1151 790 1186 ipse,
810 1152 832 1177 si
850 1156 891 1178 est
913 1151 987 1186 judi-

193 1198 265 1225 cium
282 1198 389 1232 piorutn
414 1198 610 1232 ctinipiorum.
628 1197 718 1224 Manes
734 1198 804 1224 dixit
823 1205 831 1223 :
849 1197 897 1225 Est
911 1198 986 1232 judi-

194 1245 280 1272 cium.
306 1243 452 1271 Archelaus
471 1244 559 1270 dixit:
589 1243 658 1270 Puto
678 1251 738 1279 qure
750 1251 766 1270 a
781 1244 860 1271 nobis
876 1244 932 1279 (tit)
954 1244 987 1271 de

193 1290 304 1318 diabolo
318 1290 390 1317 dicta
407 1295 482 1321 sunt,
500 1299 554 1318 non
580 1298 676 1325 parum
703 1290 817 1318 rationis
833 1293 860 1317 et
876 1290 985 1325 pietatis

194 1337 330 1364 obtinent.
348 1336 435 1364 Habet
449 1337 520 1364 enim
537 1342 563 1365 et
581 1346 752 1373 unaquaeque
767 1342 893 1365 creatura
910 1338 985 1365 ordi-

193 1391 255 1410 nem
269 1390 370 1410 suum:
398 1388 425 1410 et
442 1384 511 1411 alius
535 1384 644 1418 quidem
662 1384 730 1411 ordo
740 1388 782 1411 est
806 1383 919 1410 humani
940 1391 986 1419 ge-

193 1431 278 1462 neris,
301 1435 328 1457 et
339 1430 409 1458 alius
428 1430 588 1457 animalium
606 1435 666 1463 est,
693 1434 775 1465 atque
789 1429 859 1456 alius
872 1429 984 1464 angelo-

195 1485 274 1504 rum:
293 1484 347 1503 una
372 1484 436 1504 vero
458 1481 484 1503 ct
505 1476 560 1503 sola
586 1476 802 1503 inconvertibilis
828 1479 869 1503 est
893 1475 983 1502 divina
1000 1492 1019 1520 ε

194 1523 346 1550 substantia
357 1542 364 1554 ,
378 1527 478 1549 aeterna
497 1527 524 1549 et
547 1522 706 1555 invisibilis,
729 1523 801 1549 sicut
816 1525 842 1548 et
857 1521 985 1548 omnibus

193 1572 289 1595 notum
311 1573 371 1601 est,
395 1567 546 1594 sccundutn
571 1567 636 1594 illud
663 1567 734 1602 quod
764 1567 895 1600 scriptum
924 1569 984 1593 est:

196 1623 206 1640 ι
219 1614 362 1641 Dominum
377 1613 432 1648 (6‘2)
445 1621 525 1640 nemo
538 1613 603 1640 vidit
618 1621 750 1647 unquam,
763 1613 815 1639 nisi
831 1612 987 1647 unigenitus

192 1659 280 1686 Filius
300 1659 347 1694 qui
362 1663 403 1686 est
418 1659 444 1685 iii
462 1658 522 1685 sinu
535 1658 624 1686 Patris
636 1659 666 1683 ⁷⁸.
685 1668 693 1684 i
709 1657 831 1693 Reliqua:
850 1665 915 1693 ergo
930 1658 986 1693 (65)

228 1736 251 1752 ⁷⁸
265 1735 411 1770 Mattli.-iv,
431 1737 473 1763 I0.
520 1737 542 1752 ⁷³
559 1736 626 1764 Ibid.
673 1737 695 1752 7°
708 1737 850 1769 Joaii.v1ii,
866 1737 909 1764 Li.

192 1819 295 1847 mitivze
310 1818 439 1846 Ecclesia:
451 1819 576 1847 Pati‘ibus
594 1820 727 1848 interdum
746 1821 924 1856 propugnatis
935 1821 979 1848 di-

192 1856 286 1892 ximus
297 1874 303 1886 ,
329 1860 421 1892 aperte
434 1856 622 1884 confirmatur.
646 1856 723 1888 Quod
740 1857 811 1883 enim
829 1861 861 1883 de
877 1857 980 1892 angelis

193 1898 255 1917 cum
273 1889 382 1916 feminis
396 1891 640 1924 concunibciilibus
658 1892 737 1918 tradit
753 1889 979 1925 Archelausfjam

192 1933 281 1959 lisque
296 1933 310 1951 a
329 1924 451 1951 Philonis
466 1925 569 1953 Hebraei
585 1931 611 1953 ct
626 1926 736 1960 .iosepiii
752 1924 979 1960 temporibiis'Ju-

193 1961 312 1987 datorum
326 1961 419 1996 opinio
433 1967 482 1992 est,
502 1970 582 1994 quam
609 1962 689 1988 etiam
705 1968 858 1996 sequuntur
874 1962 980 1989 Tertul-

192 1996 284 2022 lianus
296 2016 303 2028 ,
321 1995 446 2022 Justinus
461 2017 467 2029 ,
484 1997 610 2023 Clemens
623 1995 824 2024 Alexandrinus
839 2017 846 2030 ,
862 1998 981 2024 Athona-

193 2039 283 2065 goras,
304 2031 467 2064 liluttioilius,
483 2033 652 2066 Cyprianus,
672 2031 830 2059 Lactantius
844 2053 851 2063 ι
879 2038 908 2060 ut
928 2034 981 2059 late

192 2067 288 2100 probat
299 2066 435 2098 Paiuclius
449 2067 474 2093 in
487 2067 646 2094 Tertulliani
661 2068 800 2101 paradoxo
816 2075 823 2094 i
839 2072 866 2094 et
879 2068 981 2094 Feuar-

192 2102 301 2128 (lentius
313 2102 338 2127 in
355 2102 425 2128 notis
439 2105 470 2128 ad
489 2102 617 2128 li'entcuni
637 2103 759 2137 ejusdem
785 2104 922 2136 opinionis
938 2111 981 2130 as-

193 2137 292 2164 seclam
310 2137 355 2163 lib.
373 2145 409 2169 iv,
424 2146 483 2172 cap.
498 2137 540 2163 70.
559 2137 659 2163 llorum
680 2143 769 2164 tamen
788 2137 898 2164 l'atruin
916 2146 983 2164 non-

193 2172 259 2198 nulli
274 2172 359 2198 bouos
377 2181 392 2198 ει
404 2175 481 2199 iiialis
495 2173 597 2206 angelis
609 2174 745 2207 deceptos,
759 2174 879 2199 nonnulli
894 2174 980 2201 malos
998 2177 1019 2204 D

194 2207 305 2241 angelos
328 2215 389 2233 eum
414 2208 553 2234 hominum
577 2208 684 2235 tiliabus
708 2208 868 2235 commistos
896 2209 981 2236 fuisse

192 2243 350 2278 credidere;
368 2243 414 2269 sed
429 2248 572 2278 utramque
588 2243 744 2278 opinionem
769 2244 908 2269 communi
926 2244 981 2270 cal-

193 2277 255 2302 culo
266 2277 392 2310 rejiciunt
404 2278 448 2304 alii
457 2277 562 2310 Patres,
574 2283 600 2304 et
609 2277 777 2305 recentiores
788 2286 884 2305 omnes
895 2287 980 2305 sacra:

195 2311 343 2346 Scriptura:
371 2313 529 2346 interpretes
544 2332 551 2344 ,
564 2321 680 2347 quorum
701 2315 854 2347 catalogum
879 2319 979 2347 texere,

191 2354 254 2374 cum
273 2355 315 2374 res
327 2348 514 2382 viilgatis‘sinia
526 2350 570 2379 sit,
585 2349 826 2382 prreterinittimus.

229 2383 284 2416 (lii)
298 2382 325 2408 ln
342 2383 484 2409 Casiiiensi
498 2384 594 2417 legitur
609 2385 746 2410 contrario
759 2392 841 2410 sensu
854 2404 860 2416 ,
877 2393 886 2408 ε
902 2391 917 2410 a
934 2391 980 2411 v0-

192 2417 245 2449 bis,
265 2427 274 2442 ›
291 2418 361 2451 quod
382 2423 470 2444 tamen
487 2419 512 2444 in
528 2422 599 2445 hunc
618 2419 706 2445 locum
721 2427 773 2445 non
789 2420 914 2452 quadrat.

228 2453 284 2485 (6'2)
303 2453 380 2479 lianc
402 2453 491 2479 locum
520 2453 616 2480 iisdem
632 2453 723 2480 verbis
746 2454 839 2480 laudat
860 2453 979 2481 itenaius

190 2490 256 2516 Adv.
269 2491 374 2519 literas”
389 2487 437 2516 lib.
448 2495 488 2520 ιιι,
498 2496 523 2515 c.
538 2489 581 2522 Η,
593 2489 655 2515 licet
669 2489 732 2515 alibi
745 2488 866 2523 Vulgata:
878 2497 980 2515 versi..—

193 2531 253 2550 IICIII
273 2529 413 2556 sequatur.

229 2558 285 2592 (65)
303 2559 451 2585 Archelaus
468 2558 510 2585 hic
525 2562 644 2585 veterum
672 2558 852 2593 quorumdam
868 2559 978 2585 Patrum

193 2598 355 2619 sententiam
371 2595 561 2627 amplectitur,
579 2595 625 2628 qui
641 2595 727 2621 solum
745 2594 829 2620 Deum
855 2595 980 2628 ineorpo-

193 2635 281 2658 reum,
301 2630 405 2662 l'ciitluﬁ
419 2636 480 2655 VCI'U
495 2635 584 2655 creata
597 2631 688 2655 omnia
709 2637 839 2664 ρονιιυνυίι
854 2638 915 2655 €550
932 2638 979 2664 [JU-

195 2666 283 2689 tarunt
303 2684 309 2694 ,
327 2663 400 2698 qtiod
420 2671 513 2698 nempe
528 2666 587 2691 loco
607 2665 823 2698 circumscripta,
838 2665 864 2690 in
879 2663 976 2699 seip'sis

194 2698 386 2734 subsisterent;
402 2699 463 2725 licet
490 2700 575 2725 nostri
593 2705 713 2734 respectu
729 2719 736 2730 ,
762 2701 809 2734 qui
836 2707 928 2726 crassa
954 2705 979 2726 et

193 2732 407 2769 deiisaheorpora
424 2734 564 2766 habemus,
581 2732 755 2768 incorporeus
771 2732 825 2761 dici
842 2739 977 2769 putarent.

197 2766 261 2804 \i'ide
274 2766 430 2802 Dionysium
448 2769 586 2795 l’etavini.)
599 2766 672 2796 tonio
684 2771 763 2796 tertio
775 2766 979 2804 t/ieot'ogicoruut

194 2802 356 2837 dogmatum,
375 2804 421 2829 lib.
443 2812 460 2835 i,
479 2813 538 2838 cap.
555 2805 580 2836 2,
614 2809 639 2832 el
662 2805 849 2840 sequentibus,
862 2802 922 2832 "ubi
938 2805 977 2831 la-

949 1738 970 1752 ⁷⁷
984 1737 1078 1763 Matth.
1094 1744 1134 1765 in,
1156 1735 1181 1761 7.

1042 188 1114 210 terra
1127 203 1134 215 ,
1160 191 1236 210 mare
1249 204 1256 214 ,
1273 184 1398 210 homines
1408 203 1415 214 ,
1430 183 1519 216 angeli
1529 202 1537 214 ,
1564 181 1742 217 archangeli:
1763 181 1813 207 Dea.

1041 237 1116 262 vero,
1133 237 1194 256 cuin
1218 237 1232 256 a
1250 230 1323 256 nullo
1348 237 1467 264 unquam
1495 229 1576 255 visus
1602 229 1656 260 sit,
1674 228 1738 262 quid
1750 228 1770 254 ci
1785 236 1814 260 ιιιη

1041 279 1094 302 test
1119 283 1151 302 ex
1177 276 1236 302 istis
1254 276 1385 303 creaturis
1410 283 1470 303 esse
1494 275 1690 302 homousiou?
1714 274 1781 302 Unde
1797 283 1813 301 επ

1041 320 1146 356 singula
1161 329 1275 356 quteque
1291 322 1443 350 secundum
1460 322 1591 350 ordinem
1606 329 1689 349 suum
1702 326 1813 357 propriam

1040 366 1158 394 dicimus
1178 367 1278 394 habere
1295 369 1488 397 substantiam.
1503 369 1546 396 Tu
1560 378 1628 397 vero
1643 378 1677 397 ex
1693 379 1743 397 uno
1757 380 1815 397 nim.»-

1040 412 1141 439 animal
1156 415 1228 448 quod
1250 419 1383 447 movetur,
1402 415 1506 442 factum
1522 416 1606 448 dicis,
1621 421 1648 442 et
1661 417 1815 444 substantiam

1040 465 1055 484 a
1069 457 1123 485 Deo
1134 459 1271 493 accepisse
1285 460 1352 487 dicis
1363 460 1491 494 similem,
1505 467 1532 488 et
1546 469 1631 496 posse
1643 469 1704 488 eam
1717 471 1816 497 pec-are,

1040 509 1123 538 atque
1136 505 1169 531 ad
1185 505 1317 538 judicium
1331 506 1440 538 venire;
1459 511 1486 533 et
1505 514 1571 533 cum
1588 515 1646 534 non
1665 507 1707 534 vis
1722 509 1796 541 iccige
1808 518 1818 535 ε

1041 556 1194 575 sermonem
1208 550 1352 582 dicentem,
1367 550 1506 577 diabolum
1519 552 1653 585 angelum
1668 551 1758 583 fuisse,
1768 559 1788 579 e1
1798 555 1817 579 ia

1040 595 1263 629 praevaricatione
1279 596 1428 630 decidisse,
1441 602 1468 624 et
1486 605 1542 624 non
1559 606 1624 625 esse
1638 598 1758 632 ejusdem
1770 607 1816 626 euri

1041 639 1096 667 Deo
1104 641 1272 668 substantim.
1282 643 1439 670 ltiterimere
1452 644 1494 670 del
1506 644 1644 678 esjuditii
1660 645 1799 671 rationes:
1813 667 1818 674 .

1042 691 1071 712 nt
1085 687 1147 721 quis
1162 693 1284 714 n0strum
1299 688 1375 715 fallat
1393 695 1532 724 appareat.
1548 690 1576 717 Si
1592 691 1670 717 enim
1687 699 1739 717 non
1754 698 1818 725 pem

1042 734 1117 767 quia
1135 735 1189 762 Deo
1205 740 1313 763 creatus
1336 740 1377 764 est
1406 738 1536 772 angelus,
1569 738 1597 764 in
1620 740 1818 773 transgressione

1040 780 1175 813 decidere,
1193 782 1330 815 quomodo
1348 787 1437 816 potest
1454 791 1518 817 pars
1531 783 1579 810 Dei
1596 783 1693 810 anitiia
1710 787 1817 818 pert-arat

1004 822 1024 849 Β
1041 825 1069 853 Si
1084 834 1148 853 vero
1158 827 1292 861 judicium
1316 835 1376 855 esse
1391 829 1460 855 dicis
1472 829 1652 863 peccantium
1673 830 1816 861 animarum,

1039 876 1064 899 el
1078 872 1160 900 unius
1173 881 1219 900 eas
1235 881 1296 900 cum
1322 873 1376 901 Deo
1391 875 1460 902 dicis
1474 883 1536 902 esse
1553 875 1734 908 substituite,
1755 881 1776 902 ct
1790 881 1817 902 ta-

1039 926 1100 944 men
1115 926 1177 945 cum
1189 919 1222 946 de
1232 919 1322 946 divina
1330 928 1376 947 eas
1388 929 1498 949 asseras
1513 929 1575 948 esse
1592 927 1709 955 natura,
1719 922 1778 949 dic-is
1789 923 1817 948 ut

1039 965 1187 993 hilominus
1200 965 1246 993 Dei
1263 974 1316 993 non
1333 975 1443 994 servare
1455 968 1586 994 mandata
1605 968 1667 1003 (62S)
1681 977 1688 1000 ;
1706 969 1778 995 etiam
1791 978 1816 995 six:

1039 1010 1186 1044 plurimum
1207 1019 1283 1038 meus
1305 1020 1395 1039 sermo
1411 1013 1531 1046 procedit
1547 1012 1617 1048 (£56),
1640 1014 1739 1040 dicens
1753 1015 1817 1047 prim»

1038 1057 1189 1090 diabolum,
1205 1066 1237 1085 eo
1250 1059 1323 1092 quod
1337 1059 1495 1086 iiiaiidatnni
1510 1068 1564 1086 non
1581 1062 1748 1092 servaverit,
1762 1063 1818 1088 deri—

1037 1103 1130 1136 disse;
1159 1111 1213 1130 non
1237 1105 1309 1131 enim
1331 1110 1390 1132 erat
1406 1113 1438 1132 ex
1468 1105 1517 1132 Dei
1543 1107 1818 1134 sul.stantia:deei.i1

1038 1157 1092 1177 non
1107 1153 1160 1176 tam
1176 1155 1206 1176 ut
1218 1150 1327 1177 lmderet
1340 1151 1491 1178 liuniannni
1509 1160 1598 1187 genus
1611 1173 1618 1183 ,
1637 1153 1689 1180 sed
1708 1158 1737 1179 ut
1758 1155 1785 1180 ab

1037 1195 1129 1230 potius
1141 1195 1299 1222 illudcretur
1314 1204 1320 1222 :
1336 1196 1410 1223 dedit
1423 1197 1496 1223 enim
1510 1197 1595 1224 nobis
1607 1203 1770 1232 potestatein
1783 1202 1819 1225 ia?-

1037 1241 1116 1268 candi
1135 1249 1217 1276 super
1232 1247 1372 1277 serpentes
1386 1247 1413 1270 et
1422 1243 1598 1278 scorpiones,
1618 1247 1646 1272 et
1663 1253 1770 1272 omnem
1783 1254 1820 1270 κς-

1038 1292 1122 1315 tutem
1141 1288 1245 1316 inimici
1261 1289 1294 1315 ⁷⁸.

1071 1333 1192 1361 XXXIII.
1208 1333 1316 1361 Iudices
1328 1334 1469 1362 dixerunt:
1487 1336 1669 1364 SuiIicieiiter
1680 1338 1788 1364 ostendi:
1797 1338 1818 1364 de

1037 1382 1142 1416 origine
1159 1381 1270 1408 diaboli.
1287 1381 1355 1408 Cum
1372 1382 1444 1408 enim
1464 1386 1582 1417 utraque
1605 1391 1675 1415 pars
1696 1384 1817 1410 conﬁtetur

1037 1426 1159 1454 futurum
1188 1434 1250 1454 esse
1264 1427 1397 1461 judicium
1411 1448 1418 1459 ,
1437 1428 1599 1455 necessario
1626 1429 1710 1455 liberi
1736 1430 1777 1455 arb
1788 1430 1817 1454 irii

1038 1473 1228 1507 unusquisque
1251 1476 1435 1505 monstratur;
1461 1480 1518 1507 quo
1535 1473 1686 1500 evidenter
1711 1479 1816 1502 tisichtl.

1037 1519 1102 1545 nulli
1118 1518 1232 1544 dubium
1243 1523 1294 1551 est,
1306 1518 1377 1552 quod
1392 1519 1586 1553 unusquisque
1600 1520 1628 1546 in
1644 1528 1817 1555 qiianicuaqa:

1036 1566 1145 1601 elegerit
1163 1571 1266 1600 partetn
1281 1586 1288 1598 ,
1308 1566 1417 1600 propria
1437 1574 1506 1594 usus
1529 1566 1617 1593 fuerit
1636 1568 1746 1595 arbitrii
1763 1575 1796 1603 poi
1809 1581 1817 1586 -

1037 1617 1106 1638 state
1121 1611 1186 1646 (67).
1204 1611 1296 1637 Manes
1311 1611 1379 1637 dixit
1392 1619 1400 1637 :
1415 1610 1440 1638 Si
1457 1619 1471 1638 a
1487 1611 1545 1638 Deo
1559 1612 1669 1645 bonus,
1686 1619 1715 1640 ut

1039 1657 1196 1685 mendaeem
1213 1665 1273 1684 esse
1289 1657 1381 1684 dixisti
1392 1656 1486 1684 Jesum
1500 1657 1568 1694 (68).
1589 1659 1743 1686 Archelaus
1754 1664 1816 1686 dua.

1236 1735 1258 1750 ⁷⁸
1272 1734 1351 1762 Joan.
1366 1743 1386 1767 ι,
1405 1734 1449 1760 IS.
1505 1735 1529 1750 7"
1547 1735 1618 1762 Luc.
1637 1745 1666 1767 ς,
1687 1737 1730 1764 19.

1035 1821 1141 1848 tissime
1162 1819 1285 1847 omnium
1311 1819 1423 1845 I’ati'ntn
1448 1827 1479 1846 ea
1507 1819 1542 1845 de
1567 1827 1600 1846 re.
1625 1823 1776 1848 Sententias
1787 1830 1821 1848 ex-

1043 1856 1136 1882 tendit.

1034 1865 1220 1925 1M(It‘il‘iiIF‘ortc
1235 1899 1244 1914 (
1263 1889 1406 1920 tationem,
1427 1898 1436 1913 ι
1456 1893 1487 1915 ut
1501 1897 1606 1918 sensus
1621 1891 1658 1917 sit
1674 1900 1728 1918 non
1744 1893 1800 1919 dein

1035 1925 1167 1952 Manetein
1182 1925 1314 1962 judicium
1331 1925 1494 1962 admittere,
1505 1933 1570 1951 cum
1588 1927 1654 1959 ejus
1666 1928 1787 1962 dogmata
1800 1937 1819 1953 α

1035 1961 1146 1988 homine
1166 1965 1190 1986 et
1207 1959 1310 1994 angelis
1331 1960 1437 1993 judicio
1463 1961 1569 1987 advers
1583 1968 1664 1987 lllur.
1700 1959 1728 1989 lii
1749 1964 1821 1989 Gravi

1034 1997 1106 2023 enim
1123 2000 1198 2022 textu
1228 1995 1310 2029 hujus
1326 1995 1537 2028 disputationis,
1556 1998 1702 2031 ἀναιρεῖν,
1729 1998 1821 2025 ίίιΓίζιῐμπ

1035 2037 1166 2066 scriptum
1179 2034 1252 2061 erat;
1266 2030 1336 2064 quod
1349 2038 1411 2056 eum
1425 2031 1553 2066 occidere
1567 2039 1601 2064 pa
1608 2030 1679 2059 inter
1693 2041 1726 2059 ac
1736 2035 1821 2060 θιλίινω

1034 2071 1061 2093 et
1078 2065 1110 2093 de
1126 2066 1216 2092 medio
1233 2065 1325 2092 tollere
1351 2065 1496 2100 signiﬁcet,
1513 2074 1644 2100 priorem
1667 2076 1776 2095 sensum
1792 2083 1821 2094 τι·

1035 2106 1115 2139 cutus
1129 2106 1171 2139 est
1189 2109 1240 2127 non
1258 2102 1325 2127 satis
1337 2105 1494 2131 accuratus,
1512 2108 1658 2130 nec-satis
1675 2105 1781 2139 elegans
1791 2114 1821 2130 an

1036 2138 1127 2171 tiquus
1142 2136 1284 2170 inici-ptes.

1070 2172 1126 2206 (υὸ)
1144 2171 1234 2198 Series
1251 2175 1278 2198 et
1293 2170 1491 2206 consequentia
1505 2173 1657 2200 sermonis
1671 2175 1781 2201 omnino
1794 2175 1819 2199 vi-

1034 2207 1113 2233 detur
1127 2207 1266 2240 pzistulare
1279 2211 1308 2232 ut
1326 2206 1441 2239 legatur,
1459 2215 1467 2230 ‹
1484 2205 1532 2232 Dei
1550 2215 1610 2234 non
1628 2217 1744 2236 servare
1764 2218 1820 2235 nm:-

1033 2244 1109 2273 data,
1127 2254 1136 2267 ρ
1155 2242 1217 2268 licet
1234 2242 1260 2267 in
1272 2242 1417 2279 Casiiiensi
1433 2241 1529 2279 codice
1545 2244 1624 2269 desit
1641 2248 1764 2279 negaui:
1777 2253 1820 2278 ta:-

1034 2278 1131 2309 tieula;
1152 2278 1201 2304 nisi
1214 2278 1276 2311 quis
1293 2277 1382 2310 potius
1407 2277 1553 2310 legendum
1572 2284 1668 2311 putet,
1682 2277 1697 2304 ἶ
1725 2277 1820 2306 ticali:-

1034 2320 1107 2342 vare.
1123 2314 1162 2338 vrl
1177 2320 1230 2338 nou
1247 2320 1356 2338 scrvare
1370 2316 1499 2337 mandata
1511 2332 1518 2344 ,
1541 2321 1550 2337 ι
1571 2321 1626 2347 pro
1643 2316 1749 2342 artiiru
1763 2318 1819 2342 sti:-

1032 2353 1075 2374 cet
1092 2349 1225 2374 libertate.

1069 2385 1124 2418 (bii)
1139 2383 1167 2408 In
1186 2382 1340 2413 Casitiensi,
1355 2390 1363 2418 ι
1381 2382 1520 2418 praecedit.
1540 2392 1549 2407 ι

1069 2416 1124 2453 (67)
1151 2417 1179 2443 lu
1204 2418 1298 2443 eodeni
1315 2417 1410 2443 codice
1433 2416 1557 2451 legitur:
1591 2428 1601 2443 ι
1624 2418 1690 2452 Quo
1717 2421 1819 2446 videri:

1032 2459 1142 2490 ostenso
1158 2452 1224 2490 nulli
1242 2453 1352 2478 dubium
1368 2456 1411 2478 est
1425 2454 1627 2490 unusquisque.
1645 2465 1674 2481 in
1691 2464 1796 2490 quantu-
1812 2468 1818 2471 -

1033 2497 1085 2525 que
1097 2489 1208 2522 elegerit
1223 2491 1325 2525 partem
1339 2487 1448 2521 propria
1463 2491 1661 2525 ususurbitrii
1678 2487 1816 2525 μὸιιιεωιιλη

1031 2523 1086 2550 Nos
1101 2531 1134 2549 an
1149 2529 1220 2550 iecte
1237 2523 1325 2549 locum
1344 2524 1418 2548 hunc
1441 2523 1698 2553 einendavcrimus
1709 2546 1717 2558 ,
1733 2529 1819 2552 γιύῖμει

1032 2560 1143 2585 eruditi.

1068 2595 1122 2628 [(33)
1135 2593 1225 2620 Codex
1246 2592 1404 2620 Casinensis
1420 2591 1467 2618 hic
1483 2592 1520 2620 ita
1540 2602 1571 2622 se
1593 2595 1681 2623 habet
1698 2607 1704 2623 :
1727 2606 1736 2621 ί
1754 2595 1791 2622 SEc
1812 2603 1817 2617 ι

1034 2629 1088 2656 Deo
1111 2632 1198 2655 bonus
1222 2632 1250 2654 ut
1272 2636 1302 2654 as
1326 2628 1488 2654 mendaeem
1505 2636 1571 2657 esse
1597 2632 1696 2658 dixisti
1717 2631 1815 2657 .lrsusi

1032 2665 1201 2691 Abutebatur
1218 2667 1308 2690 autent
1330 2662 1446 2695 Manes,
1476 2669 1508 2690 ut
1534 2673 1622 2692 suuui
1640 2668 1677 2693 de
1699 2666 1817 2694 ιιωὶιιυευ

1032 2700 1130 2736 dogma
1141 2697 1406 2736 stutuei'et,_Joannis
1419 2697 1570 2734 Evangelii
1585 2702 1651 2728 loco
1664 2703 1691 2728 in
1705 2710 1752 2736 cap
1775 2708 1815 2736 vni.

1032 2735 1048 2761 5
1063 2732 1089 2760 et
1100 2734 1144 2765 44,
1159 2735 1190 2771 iii
1201 2741 1255 2771 quo
1269 2734 1308 2760 sic
1321 2732 1480 2771 I’haristeos
1492 2732 1642 2771 reuargnit
1655 2732 1752 2764 Jesllh-I
1765 2735 1815 2771 ut;

1032 2777 1065 2806 ex
1078 2769 1273 2806 patrcrdiabolo
1287 2769 1399 2806 es_ti_s,et
1407 2769 1552 2806 desideria
1562 2769 1654 2806 pati-is
1667 2769 1815 2799 γυδιτίὶκέΙέ)

1032 2805 1139 2837 facere;
1156 2805 1200 2832 ille
1223 2804 1358 2830 homicida
1380 2809 1441 2830 erat
1467 2805 1505 2832 ab
1525 2804 1622 2841 initio,
1642 2813 1669 2834 ct
1686 2809 1711 2834 in
1728 2808 1796 2833 utin
