1848 3043
65 143 122 170 Mill

591 141 666 170 CUM
682 141 821 170 ΜΛΝΕΤΕ
841 142 1110 170 HJERESIARCHA.

1599 146 1666 173 “Si

61 202 186 229 Conﬁtere
209 200 296 236 primo
309 221 316 233 ,
335 200 398 235 quia
413 208 475 228 vera
501 201 537 227 sit
562 201 630 228 ratio
647 209 742 228 eorum
769 209 830 236 qua:
844 205 866 232 Α
881 202 927 236 qui
946 209 1007 228 eum
1024 202 1051 228 in
1067 206 1144 228 utero
1157 201 1281 236 concepit
1294 205 1320 228 et
1332 202 1424 236 genuit
1438 207 1519 237 atque
1535 202 1562 229 in
1575 202 1664 230 lucem

62 255 126 274 nunc
138 247 307 278 adduximus,
321 251 347 273 et
363 247 572 274 tuncostendam
585 247 631 274 tibi
646 252 750 281 patrem
761 248 830 282 ejus.
869 276 871 282 ι

61 293 144 320 Manu
158 292 243 319 dixit:
264 292 292 318 Si
309 292 374 319 mihi
393 292 543 319 ostenderis
559 296 663 327 patrem
678 293 736 328 ejus
754 301 831 320 men—

59 340 155 370 dacem,
171 341 197 364 et
213 337 266 364 Deo
280 337 377 365 horum
394 338 462 364 nihil
473 338 642 373 ascripseris,
660 344 724 366 tunc
739 338 784 365 tibi
799 339 832 366 de

59 383 176 410 omnibus
201 383 450 411 accommodabitur
473 384 547 411 fides.
574 384 718 411 Archelaus
740 384 831 411 dixit:

58 429 130 455 Omni
140 429 243 456 ratione
256 429 289 456 de
308 429 415 456 diabolo
424 429 566 464 diligenter
581 431 716 464 exposita,
732 435 759 458 et
776 431 832 458 diss

57 475 206 509 pensatione
221 475 322 509 prolata
338 495 345 507 ,
365 475 435 502 sicut
456 475 597 503 hominum
620 477 690 511 viget
717 484 830 510 SellSttS,

57 519 129 546 etiam
151 521 220 554 apud
234 520 352 554 seipsum
365 524 453 555 potest
463 521 603 556 diligenter
615 522 830 557 advertere,quis

57 564 102 592 iste
114 565 158 597 sit,
175 566 220 600 qui
232 566 332 593 diaboli
343 567 492 601 appellatus
505 572 546 595 est
557 573 643 603 pater.
657 567 709 595 Sed
726 575 788 595 cum
805 572 830 594 te.

55 613 80 637 tu
92 609 254 638 Paraeletum
267 619 327 638 esse
338 611 413 639 dicas
423 632 430 644 ,
443 612 589 647 plurimum
617 613 664 640 tibi
688 613 768 640 etiam
796 612 830 639 ab

54 656 164 683 humana
175 657 249 684 deest
260 657 411 691 prudentia.
440 657 573 691 Quoniam
600 667 663 694 ergo
687 659 830 694 prodidisti

54 701 224 736 ignorantiam
243 707 329 735 tuam,
345 703 433 730 dicant
455 711 504 739 ego
521 705 585 739 quid
600 704 644 732 ille
658 705 693 733 sit
708 705 762 741 (69)
780 715 827 741 pa-

53 751 88 772 ter
96 747 203 774 diaboli.
217 747 307 775 Manes
319 749 386 775 dixit
398 758 407 776 :
419 770 425 777 .
440 769 446 776 .
457 770 464 776 .
478 770 484 776 .
501 750 577 782 dico;
591 754 617 777 et
631 751 747 786 adjecit:
760 752 826 778 0m-

51 791 89 818 nis
104 792 149 826 qui
166 793 289 820 conditor
304 798 355 825 est.
371 795 412 821 vel
433 799 541 822 creator
553 795 704 830 aliquorum
719 817 725 828 ,
753 802 828 831 pater

50 843 136 863 eorum
152 856 159 862 .
173 857 179 863 .
191 857 198 864 .
211 857 218 864 .
230 857 237 864 .
254 839 405 866 condiderit
421 840 570 874 appellatur
592 840 658 876 (70).
682 842 826 869 Archelaus

884 247 968 275 edidit
982 255 1109 282 serpens;
1127 247 1262 275 secundus
1277 255 1340 274 vero
1353 247 1430 280 Cain,
1443 248 1490 282 qui
1503 255 1551 282 per
1565 248 1666 283 iniqui-

883 299 951 321 tates
971 298 1114 328 conceptas
1127 314 1134 326 ,
1158 293 1266 320 dolores
1282 298 1309 320 et
1340 294 1515 328 parricidium
1545 295 1663 328 peperit;

883 340 1033 367 interfectio
1049 340 1149 367 etenim
1176 340 1369 374 iniquitatem,
1396 339 1556 374 injustitiam
1584 346 1665 376 atque

882 386 1048 421 impietatem
1074 386 1174 420 pariter
1202 386 1374 420 perpetravit.
1393 385 1444 413 Sed
1468 391 1495 413 et
1510 387 1665 421 quicunque

882 440 943 459 eum
960 432 1131 466 suscipiunt,
1155 436 1182 458 et
1199 432 1302 458 faciunt
1321 432 1380 465 ejus
1398 431 1541 464 desideria,
1567 431 1664 459 fratres

881 477 941 512 ejus
957 477 1119 505 eﬁiciuntur.
1138 476 1217 504 Pater
1239 477 1299 511 ejus
1313 477 1448 512 perfectus
1475 483 1516 504 est
1538 477 1664 511 Pharao;

881 527 957 558 pater
972 523 1031 558 ejus
1044 523 1196 550 efﬁciuntur
1212 523 1398 557 unusquisque
1411 523 1571 557 impiorum;
1590 529 1664 558 pater

880 568 939 603 ejus
953 568 1064 596 effectus
1077 573 1117 596 est
1133 568 1228 601 Judas,
1246 569 1310 602 quia
1328 570 1450 604 concepit
1466 569 1574 604 quidem
1588 578 1662 602 eum,

880 614 927 641 sed
943 614 1053 641 abortus
1065 619 1103 641 est
1115 622 1122 646 ;
1135 622 1187 641 non
1200 615 1271 641 enim
1288 614 1436 649 perfectum
1450 615 1533 642 edidit
1545 620 1662 649 partum,

879 660 942 695 quia
957 660 1086 694 majorem
1101 668 1242 695 personam
1263 668 1407 696 aggressus
1423 666 1465 689 est
1478 669 1524 696 prr
1547 661 1642 688 Judam
1653 682 1662 694 ,

878 708 904 732 et
921 705 981 732 ideo
997 706 1123 732 abortum
1140 705 1240 733 factum
1255 714 1316 733 esse
1330 707 1406 739 dico;
1421 707 1482 741 quia
1495 712 1623 742 tanquam
1638 709 1661 735 si

879 753 977 781 mulier
999 761 1090 782 semen
1109 754 1159 781 viri
1177 755 1321 789 concipiat,
1339 759 1421 789 atque
1443 755 1469 781 in
1494 763 1553 782 sese
1567 756 1659 790 quoti—

878 799 974 825 dianos
987 798 1102 832 accipiat
1118 798 1265 833 profectus,
1280 799 1315 825 ita
1328 803 1355 825 et
1369 798 1451 826 Judas
1465 800 1585 834 quotidie
1599 808 1663 835 pro-

879 844 985 871 ﬁciebat
1001 844 1027 871 in
1044 845 1122 879 pejus
1138 845 1207 880 (75),
1224 845 1415 873 occasionibus
1432 846 1483 872 sibi
1497 853 1512 872 a
1530 846 1660 881 maligno,

49 882 129 909 dixit:
144 882 227 910 Miror
241 886 377 918 quomodo
393 886 487 913 saltem
505 886 556 914 hoc
573 892 644 914 recta
659 888 765 916 ratione
783 897 825 916 re-
841 889 861 916 B
875 890 953 924 quasi
971 890 1130 922 seminibus,
1147 890 1227 917 datis.
1241 890 1275 917 Et
1289 891 1407 925 primum
1424 891 1534 925 quidem
1561 891 1611 918 fuit
1635 892 1661 919 ei

49 929 195 963 sponderis,
211 937 260 957 nec
277 931 407 958 celaveris
424 934 558 960 sermonis
571 934 652 968 hujus
673 934 824 971 intelligen-

49 973 106 999 tiam
121 974 161 1001 vel
178 979 313 1003 naturam.
330 976 398 1003 Audi
417 977 472 1012 jam
488 985 521 1005 ex
544 978 595 1006 hoc
622 980 684 1014 quis
701 980 736 1007 sit
750 986 825 1015 pater

47 1019 109 1052 ejus.
125 1019 193 1046 Cum
208 1028 240 1047 ex
256 1021 384 1048 emiorum
401 1031 483 1057 regno
496 1024 648 1056 cecidisset.
674 1029 732 1052 erat
744 1034 826 1060 super

46 1067 136 1096 terras,
151 1065 294 1093 intendens
305 1071 332 1094 et
345 1067 485 1102 inquirens
500 1069 542 1095 cui
568 1077 598 1096 se
621 1075 712 1104 posset
727 1071 824 1106 adjun-

45 1118 112 1144 gere,
130 1118 211 1146 quem
227 1119 260 1138 ex
275 1113 412 1140 consortio
424 1113 465 1140 sui
482 1115 639 1149 participem
653 1124 760 1151 quoque
778 1125 824 1144 ne-

43 1157 130 1191 quitiae
143 1164 200 1184 suae
212 1158 314 1185 valeret
327 1158 441 1186 edicere.
460 1159 492 1186 Et
516 1160 623 1194 quidem
641 1161 727 1189 donec
742 1161 823 1190 homo

43 1210 93 1229 non
110 1207 179 1236 erat,
196 1211 284 1238 neque
298 1204 342 1231 ille
366 1204 551 1239 appellabatur
564 1206 698 1234 homicida
712 1226 719 1239 ,
736 1215 823 1242 neque

41 1257 99 1276 cum
111 1254 185 1284 patre
197 1250 328 1283 mendax;
342 1255 402 1285 post
418 1250 474 1278 huic
486 1259 560 1284 vero,
574 1259 636 1278 cum
652 1252 739 1280 factus
751 1258 822 1281 esset

42 1295 128 1329 homo,
144 1304 176 1324 ac
190 1296 333 1323 mendacio
349 1296 408 1331 ejus
424 1296 520 1324 fuisset
546 1301 573 1325 et
592 1298 822 1328 circumventione

40 1341 174 1376 deceptus,
192 1350 254 1369 cum
270 1342 499 1370 seseinseruisset
510 1344 615 1378 corpori
632 1344 764 1379 serpentis
778 1354 822 1373 sa-

39 1387 175 1420 pientioris
194 1388 318 1416 omnium
338 1388 505 1421 bestiarum,
521 1393 586 1416 tunc
613 1390 762 1424 appellatus
780 1397 822 1419 est

38 1434 160 1465 mendax,
180 1442 236 1462 una
258 1441 324 1470 cum
338 1438 414 1469 patre
440 1442 500 1467 suo,
516 1440 542 1462 et
566 1435 622 1470 (71)
642 1435 766 1464 effectum
781 1442 822 1465 est

37 1485 88 1505 non
101 1478 190 1506 solum
208 1486 291 1513 super
306 1478 394 1513 ipsum
420 1479 554 1506 mendacii
573 1480 757 1514 maledictum,
773 1482 820 1509 sed

36 1529 61 1550 et
85 1532 167 1559 super
182 1530 286 1559 patrem
303 1525 370 1559 ejus.
387 1525 454 1552 Cum
469 1533 533 1560 ergo
548 1533 659 1561 serpens
674 1528 820 1562 recepisset

877 943 967 964 semen
981 935 1102 970 pecunia:
1111 936 1254 970 cupiditas,
1267 936 1463 964 incrementum
1473 945 1537 964 vero
1547 937 1662 971 furtum,

877 980 1019 1007 iurabatur
1033 980 1104 1008 enim
1119 987 1150 1007 ea
1162 988 1222 1015 quae
1235 980 1411 1007 mittebantur
1422 980 1448 1007 in
1463 980 1600 1013 loculum;
1612 981 1663 1008 do-

875 1026 946 1054 lores
962 1033 1025 1053 vero
1038 1030 1131 1061 partus
1147 1025 1266 1058 fuerunt,
1282 1031 1309 1053 et
1322 1027 1468 1054 collocutio
1481 1034 1544 1054 cum
1563 1026 1661 1055 Phari-

874 1072 945 1104 satis,
957 1075 984 1099 et
997 1072 1075 1107 pretii
1088 1071 1217 1099 scelerata
1227 1072 1386 1104 conventio;
1406 1072 1516 1100 abortus
1530 1077 1572 1100 est
1584 1080 1660 1106 vero,

875 1125 928 1145 non
944 1122 1048 1152 partus,
1073 1118 1187 1152 laqueus
1206 1118 1302 1145 mortis
1317 1117 1451 1145 informis.
1471 1117 1523 1146 Sed
1539 1123 1566 1145 et
1580 1123 1618 1150 tu,
1635 1119 1659 1146 si

875 1164 1023 1199 malignum
1038 1172 1071 1191 ex
1085 1169 1111 1191 te
1133 1163 1289 1199 protuleris,
1303 1168 1330 1191 et
1344 1163 1428 1192 facias
1444 1164 1504 1199 ejus
1526 1165 1658 1199 concupi-

871 1210 1008 1242 scentias,
1024 1209 1141 1244 genuisti
1154 1216 1232 1241 eum,
1246 1214 1273 1236 et
1291 1214 1367 1244 pater
1386 1209 1446 1244 ejus
1463 1216 1523 1237 esse
1540 1210 1656 1242 diceris;

873 1255 897 1283 si
913 1262 978 1282 vero
993 1254 1176 1290 paenitentiam
1202 1254 1318 1289 gesseris
1341 1258 1369 1281 et
1386 1255 1516 1290 abjeceris
1531 1255 1636 1290 pondus
1649 1276 1656 1287 ,

872 1301 945 1328 velut
959 1299 1102 1335 parturies.
1122 1298 1155 1326 Ut
1179 1299 1252 1326 enim
1277 1299 1304 1326 in
1320 1297 1392 1327 ludis
1416 1300 1608 1333 scholaribus,
1633 1301 1655 1327 si

872 1345 1005 1380 acceperit
1029 1345 1091 1380 quis
1121 1352 1137 1371 a
1175 1344 1304 1379 magistro
1333 1346 1472 1373 materiam
1493 1366 1500 1379 ,
1522 1346 1656 1381 reliquum

872 1399 971 1426 corpus
987 1391 1117 1418 orationis
1132 1398 1164 1418 ex
1188 1391 1334 1426 semetipso
1354 1396 1462 1426 generet
1474 1399 1506 1419 ac
1521 1397 1655 1427 procreet,

872 1445 967 1466 eorum
982 1445 1043 1473 quae
1059 1437 1181 1473 genuerit
1205 1437 1330 1464 conditor
1355 1438 1412 1473 ipse
1424 1438 1536 1472 dicitur;
1549 1440 1585 1466 ita
1609 1440 1656 1474 qui

871 1491 905 1511 ex
929 1491 1036 1511 summa
1074 1483 1177 1510 malitia
1203 1491 1298 1518 parum
1327 1483 1392 1518 quid
1422 1484 1547 1512 fermenti
1575 1493 1655 1513 acce-

873 1528 959 1563 perit,
987 1532 1062 1563 pater
1077 1533 1102 1555 et
1133 1527 1239 1562 genitor
1263 1527 1370 1554 dicatur
1386 1535 1496 1556 necesse
1512 1534 1553 1556 est
1570 1529 1654 1562 illius,

35 1577 93 1596 eum
110 1571 136 1596 in
152 1578 224 1603 sese,
236 1575 262 1597 et
273 1571 417 1605 recepisset
430 1570 598 1603 universum,
612 1576 738 1606 tanquam
751 1581 817 1607 prae-
832 1569 852 1597 C
870 1572 915 1607 qui
930 1573 964 1600 ab
980 1573 1058 1601 initio
1069 1572 1169 1600 restitit
1181 1572 1298 1600 veritati.
1315 1571 1392 1605 Quod
1408 1573 1489 1600 simili
1502 1575 1582 1601 modo
1594 1582 1655 1609 pro-

34 1623 117 1650 guans
129 1616 247 1645 effectus
261 1621 312 1650 est,
323 1617 439 1653 ingentis
452 1617 561 1645 malitia:
574 1617 675 1645 fascem
690 1623 815 1653 portans;

33 1666 58 1689 et
73 1668 132 1690 erat
148 1663 222 1691 sicut
239 1671 370 1698 puerpera
385 1671 444 1698 quae
468 1669 547 1699 partu
568 1668 678 1698 urgetur
689 1684 697 1696 ,
723 1665 816 1693 volens

31 1715 157 1736 evomere
187 1709 313 1744 malignae
343 1710 526 1745 suggestionis
543 1710 602 1744 ejus
621 1711 720 1747 agitata
746 1711 813 1747 (72).

30 1753 111 1781 Primi
135 1755 210 1782 enim
239 1754 355 1782 hominis
379 1755 491 1790 gloriam
517 1756 633 1791 graviter
648 1755 737 1784 ferens
758 1765 816 1784 ser-

29 1807 111 1834 pens,
133 1801 276 1836 ingressus
299 1802 468 1836 paradisum,
484 1806 510 1829 et
528 1803 664 1837 conceptis
679 1803 705 1829 in
722 1811 750 1830 se
765 1803 815 1830 do-

29 1845 143 1877 loribus,
158 1846 304 1873 mendaces
315 1847 397 1881 coepit
407 1854 535 1881 generare
548 1854 696 1880 sermones,
709 1852 735 1875 et
745 1855 815 1874 mor-

28 1895 80 1917 tem
96 1899 197 1926 parere
214 1891 372 1919 hominibus
383 1911 390 1923 ,
406 1891 480 1926 quia
496 1891 550 1918 Deo
565 1890 665 1918 fuerint
689 1892 794 1926 ﬁgurati
805 1913 813 1926 ,

26 1942 51 1964 et
63 1942 230 1973 acceperant
256 1938 348 1965 vitam.
372 1937 472 1964 Verum
501 1945 554 1964 non
572 1938 658 1972 potuit
685 1942 770 1965 totum
785 1946 815 1965 se

26 1983 206 2011 manifestum
222 1983 312 2011 facere
334 1991 382 2018 per
405 1988 573 2018 serpentem;
598 1984 645 2011 sed
667 1985 814 2012 reservavit

24 2029 223 2063 perfectionem
239 2036 327 2062 suam,
350 2037 431 2064 quam
448 2028 645 2056 demonstraret
657 2029 683 2056 in
694 2029 772 2062 Cain,
797 2037 813 2057 a

23 2083 78 2110 quo
95 2081 244 2112 generatus
257 2081 298 2103 est
315 2079 397 2103 totus.
415 2075 446 2102 Et
467 2083 514 2110 per
529 2081 680 2111 serpentem
704 2077 812 2112 quidem

24 2123 188 2158 hypocrises
201 2127 228 2150 et
244 2122 365 2150 fallacias
390 2122 423 2149 ad
440 2121 523 2149 Evam
538 2122 747 2155 demonstravit;
765 2131 813 2157 per

24 2167 88 2195 Cain
108 2176 178 2195 vero
198 2168 334 2195 homicidii
361 2167 502 2195 exordium
519 2167 613 2200 dedit,
638 2168 761 2195 inserens
783 2176 813 2195 se

24 2213 46 2240 in
60 2214 204 2248 primitias
223 2212 330 2247 frugum
344 2234 351 2246 ,
376 2220 445 2247 quas
460 2212 504 2239 ille
517 2212 587 2239 male
603 2212 749 2240 distribuit.
772 2212 811 2239 Ex

870 1619 962 1646 venire
978 1622 1066 1653 potest
1089 1618 1171 1644 etiam
1192 1617 1235 1644 his
1263 1617 1309 1652 qui
1331 1618 1423 1644 virtuti
1441 1619 1566 1651 student;
1589 1627 1654 1647 nam

869 1665 959 1692 audivi
979 1663 1143 1692 fortissimos
1158 1663 1232 1691 viros
1254 1663 1343 1691 dicere
1358 1664 1391 1691 ad
1409 1663 1492 1691 Deum
1512 1675 1518 1692 :
1540 1664 1655 1700 Propter

869 1712 993 1739 timorem
1008 1715 1084 1738 tuum
1099 1709 1241 1737 Dominum
1254 1709 1310 1745 (74)
1324 1709 1351 1736 in
1367 1714 1444 1737 utero
1459 1711 1651 1746 concepimus:

868 1762 895 1784 et
910 1756 1063 1788 doluimus,
1078 1761 1105 1782 et
1118 1755 1272 1790 peperimus
1288 1755 1412 1790 spiritum
1428 1755 1540 1790 salutis;
1570 1756 1607 1784 ita
1626 1763 1653 1784 et

868 1802 1024 1836 quicunque
1039 1801 1072 1828 de
1085 1801 1180 1828 timore
1194 1800 1304 1835 maligni
1319 1800 1485 1835 concipiunt,
1501 1805 1527 1828 et
1542 1802 1652 1836 pariunt

868 1847 993 1882 spiritum
1009 1845 1158 1880 iniquitatis
1170 1865 1177 1878 ,
1202 1845 1253 1880 ipsi
1271 1850 1362 1880 patres
1385 1846 1444 1880 ejus
1463 1846 1586 1874 dicantur
1602 1855 1650 1874 ne-

867 1899 945 1919 cesse
957 1895 1013 1925 est;
1026 1891 1073 1918 lilii
1087 1890 1158 1918 enim
1171 1890 1308 1922 dicuntur,
1321 1891 1385 1918 dum
1400 1891 1487 1918 adhuc
1500 1891 1650 1919 ministerio

867 1939 928 1973 ejus
940 1942 1052 1972 parent;
1066 1941 1157 1972 patres
1169 1944 1245 1970 vero,
1257 1938 1304 1972 qui
1318 1937 1351 1964 ad
1364 1936 1554 1971 perfectionem
1571 1938 1650 1965 mali-

866 1984 911 2010 tia:
925 1986 1114 2017 pervenerunt.
1134 1981 1173 2009 Ita
1187 1989 1304 2017 namque
1317 1987 1345 2009 et
1358 1982 1489 2010 Dominus
1505 1987 1597 2011 noster
1611 1984 1650 2010 ait

866 2029 900 2057 ad
913 2029 1063 2057 Pharisaeos
1075 2037 1083 2056 :
1100 2037 1109 2054 t
1123 2027 1178 2056 Vos
1190 2028 1224 2056 de
1236 2033 1312 2062 patre
1321 2027 1428 2055 diabolo
1438 2029 1503 2056 estis
1513 2029 1546 2060 υ,
1558 2038 1567 2055 ι
1579 2029 1648 2056 ﬁlios

865 2084 913 2104 eos
927 2076 1030 2103 faciens
1046 2075 1128 2109 illius,
1145 2075 1231 2102 donec
1251 2074 1339 2102 adhuc
1351 2074 1507 2102 conturbari
1520 2075 1648 2102 videban-

866 2126 920 2154 tur,
942 2127 969 2150 et
987 2122 1141 2157 cogitabant
1154 2122 1182 2149 in
1199 2121 1326 2150 cordibus
1340 2121 1398 2148 suis
1415 2121 1486 2148 mala
1500 2128 1549 2155 pro
1567 2121 1646 2150 bonis

865 2168 1009 2195 adversum
1030 2168 1129 2203 justos.
1152 2167 1223 2203 Ergo
1236 2167 1306 2202 apud
1329 2174 1359 2194 se
1376 2165 1440 2193 talia
1455 2167 1645 2201 cogitantibus,

865 2212 1004 2240 translatis
1020 2213 1048 2239 in
1065 2219 1094 2239 se
1107 2212 1231 2247 malignis
1244 2219 1338 2240 eorum
1354 2211 1577 2247 cogitationibus,
1595 2211 1645 2238 Ju-

24 2247 72 2286 boc
89 2258 233 2286 homicida
246 2259 395 2293 appellatus
408 2263 450 2286 est
463 2258 496 2285 ah
511 2258 605 2290 initio;
621 2258 736 2285 mendax
748 2265 813 2285 vero
828 2247 850 2274 D
864 2258 912 2286 das
924 2259 1059 2285 malorum
1073 2262 1162 2292 caput,
1177 2262 1205 2285 et
1218 2257 1252 2285 ad
1267 2256 1415 2292 perfectum
1428 2257 1578 2291 perducens
1594 2257 1646 2284 ini-

24 2306 155 2339 juoniam
173 2304 278 2337 fefellit,
293 2304 405 2331 dicens:
421 2313 430 2330 ι
447 2303 528 2330 Eritis
546 2308 674 2338 tauquam
691 2304 728 2330 dii
739 2303 778 2336 “;
800 2312 810 2329 ι

24 2350 98 2385 :jecti
114 2355 185 2379 sunt
199 2350 274 2389 enim
291 2355 384 2385 postea
399 2350 431 2377 de
449 2350 574 2385 paradiso
600 2350 638 2376 illi
660 2356 729 2384 quos
749 2349 813 2377 deos

25 2398 130 2425 'uturos
149 2397 218 2424 esse
226 2396 344 2424 fallebat.
362 2396 482 2423 Eﬁicitur
493 2403 558 2430 ergo
574 2395 647 2430 prior
656 2399 732 2430 pater
743 2395 813 2430 ejus,

68 2446 93 2461 ³⁸
109 2445 187 2473 Gen.
205 2452 244 2476 tu,
257 2444 284 2470 5.
338 2443 360 2459 ⁸¹
376 2443 452 2470 Joau.
467 2450 524 2474 vni,
540 2441 584 2469 44.

25 2500 70 2520 non
80 2492 162 2520 stetit
172 2511 180 2523 ,
197 2491 261 2525 quia
276 2498 329 2517 non
341 2494 383 2516 est
395 2490 496 2516 veritas
511 2489 538 2515 in
551 2496 600 2525 eo»;
616 2496 677 2515 cum
690 2488 810 2525 loquitur

25 2523 261 2557 nendacium‘,ex
277 2525 393 2559 propriis
405 2525 534 2558 loquitur,
548 2523 612 2557 quia
627 2523 742 2559 mendas
758 2528 809 2555 est,

25 2567 39 2589 ει
54 2567 138 2597 pater
152 2561 225 2597 ej_u_s.
250 2569 259 2585 ι
278 2558 368 2597 Quare
390 2561 441 2597 hoc
464 2563 622 2597 argumento
647 2558 809 2597 Archelaum

25 2593 62 2625 ιίὁ
73 2601 159 2631 urget
169 2593 370 2631 VMauesz—Si
382 2602 397 2620 a
411 2593 466 2621 Deo
477 2594 534 2631 sola
550 2597 711 2627 promanant
727 2593 808 2631 bona,

25 2627 133 2667 μεθηιῶ
151 2637 261 2667 summe
273 2629 420 2667 bonusest.
434 2628 590 2667 mendaeem
607 2632 713 2667 oportet
725 2627 810 2654 fuisse

26 2662 122 2699 esuin,
135 2665 188 2700 qui
201 2665 226 2691 in
237 2663 349 2691 Joannis
363 2663 517 2698 Evangelia,
529 2662 741 2700 d_iab_oli_patre_m
754 2669 808 2688 non

26 2702 98 2729 modo
111 2697 277 2728 mendacem
291 2706 362 2730 esse,
371 2699 417 2725 sed
433 2697 460 2725 et
472 2697 608 2725 mendacis
619 2697 718 2723 diaboli
728 2704 806 2723 crea-

26 2744 102 2763 orem
113 2735 259 2763 exstitisse
269 2732 449 2771 dici_t._—Hinc
456 2737 545 2760 autem
558 2737 631 2766 patet
639 2739 692 2771 no_n
706 2731 807 2771 impro-

26 2771 137 2798 audam
152 2777 217 2796 esse
229 2768 443 2795 emendationem
460 2773 580 2795 nostram
602 2775 654 2802 qua
670 2767 785 2802 legimus
798 2775 805 2792 :

37 2807 68 2833 Si
87 2814 106 2833 a
121 2805 184 2832 Deo
199 2805 296 2835 bonus,
306 2807 335 2830 ut
347 2804 458 2835 asseris,
474 2803 629 2830 mendaeetu
644 2809 704 2829 esse
714 2801 806 2828 dixisti

26 2849 119 2870 esum.
147 2849 158 2866 θ

162 2884 300 2915 Ρλτκοι..
323 2883 381 2914 Gn.
403 2884 441 2914 Χ.

862 2311 916 2338 qua
930 2303 1054 2334 consilia,
1067 2302 1178 2330 eﬁ‘ectus
1193 2307 1234 2329 est
1246 2302 1355 2330 sceleris
1367 2307 1452 2337 pater,
1468 2302 1645 2329 immanitatis

863 2356 919 2376 suae
937 2349 1048 2384 praemio
1072 2348 1106 2375 ab
1131 2348 1170 2375 eis
1193 2348 1303 2382 triginta
1326 2348 1459 2382 argenteis
1475 2348 1642 2380 honoratus;

862 2399 936 2422 totus
945 2396 1016 2422 enim
1034 2404 1043 2421 ι
1057 2395 1084 2422 in
1098 2402 1161 2422 eum
1176 2398 1236 2429 post
1246 2394 1395 2422 buccellam
1410 2394 1488 2429 panis
1506 2394 1644 2430 ingressus

897 2488 952 2523 (69)
970 2487 1061 2523 Forte.
1080 2497 1089 2514 ‹
1108 2487 1170 2522 quis
1185 2487 1290 2523 illersit.
1311 2496 1320 2513 ι

897 2521 954 2558 (Το)
972 2522 1088 2550 Lacuna:
1101 2521 1159 2558 istae
1181 2522 1259 2549 facile
1274 2521 1378 2558 impleri
1403 2529 1483 2558 posse
1498 2521 1642 2556 videntur,

860 2558 883 2593 si
894 2555 931 2585 ita
941 2555 1063 2593 legamus
1075 2566 1082 2584 ι
1098 2567 1106 2582 ι
1121 2557 1211 2584 Manes
1225 2558 1292 2584 dixit
1304 2565 1312 2583 :
1322 2555 1381 2583 lam
1395 2555 1455 2593 dico
1465 2561 1512 2593 ;7et
1525 2555 1640 2591 adjecit;

860 2590 1047 2626 0mnis,‘etc.,
1067 2598 1142 2627 pater
1158 2600 1252 2619 eorutn
1268 2599 1329 2627 quae
1347 2590 1507 2625 condiderit,
1524 2590 1637 2627 appella-

860 2632 916 2654 tur.
934 2637 944 2653 ι

894 2663 949 2697 (7t)
965 2662 993 2697 in
1009 2661 1102 2688 codice
1114 2661 1266 2697 Gasinensi,
1286 2671 1295 2687 ι
1313 2665 1352 2689 ut.
1370 2670 1381 2688 ι

968 2695 1084 2738 forte“:
1098 2696 1224 2738 cogitata.
1243 2706 1252 2722 ι

898 2731 955 2767 (75)
976 2731 1004 2758 ln
1021 2731 1113 2758 codice
1125 2731 1267 2759 Casinensi
1283 2737 1341 2765 est,
1356 2741 1366 2759 (
1382 2731 1540 2768 proﬁciebat
1555 2731 1642 2768 impo-

861 2772 952 2838 ωῖτῖί)
972 2801 1062 2835 Forte,
1081 2811 1089 2827 ι
1106 2801 1228 2829 Domine.
1249 2811 1258 2828 ι

1420 2880 1459 2909 Η
