1848 3043
179 128 246 155 “85

674 128 766 156 ACTA
784 129 1049 157 DlSPUTATIONlS
1069 129 1097 157 S.
1116 130 1287 161 ARCHELAI

1724 130 1783 159 ιιει

175 193 218 216 est
231 188 354 215 diabolus
368 189 400 216 ⁸¹.
419 198 428 214 ›
446 188 509 221 Sed,
522 194 551 216 ut
565 189 694 221 diximus,
708 195 852 225 postquam
868 196 961 218 uterus
976 193 999 222 Α
1012 196 1100 226 portet
1126 199 1222 218 nomen
1248 199 1336 218 meum
1363 191 1389 218 in
1416 197 1565 226 conspectu
1584 199 1678 226 regum
1691 195 1717 218 et
1729 199 1782 226 gen-

177 235 315 267 intumuit,
331 240 358 261 rt
374 234 496 262 dolorum
511 239 618 269 tempus
633 235 759 269 advenit,
783 237 906 263 abortum
922 236 961 264 fa-

176 287 249 308 scem
266 281 364 314 iniquae
383 281 569 316 conceptionis
585 283 690 315 ell‘udit,
715 286 741 309 et
759 282 819 310 ideo
838 290 888 310 nec
904 290 962 316 per-

175 325 244 353 fecte
263 331 338 360 pater
354 327 556 361 appellabatur,
580 329 634 356 nisi
655 336 687 356 eo
711 333 815 355 tantum
841 333 961 363 tempore

175 380 230 405 quo
252 376 397 406 conceptus
418 373 561 407 gerebatur
590 374 616 400 in
651 379 747 406 utero;
777 378 869 408 postea
896 381 961 401 vero

176 425 258 451 quam
274 418 396 452 confugit
412 418 445 445 ad
463 418 589 453 laqueum
600 440 607 451 ,
632 427 685 446 non
705 421 838 455 integrum
855 420 961 448 videtur

175 464 293 490 edidisse
309 468 432 498 partum,
448 465 510 499 quia
526 465 684 500 pmnitcntia
698 466 842 493 subsecuta
855 470 906 494 est.

210 508 330 535 XXXIV.
350 508 476 544 ignorare
507 518 554 538 vos
582 519 636 538 non
665 511 800 543 arbitror,
833 511 960 547 quoniam

175 558 250 588 pater
275 561 358 580 unum
384 555 493 588 quidem
517 556 553 582 sit
575 564 695 590 nomen,
725 558 847 586 diversos
870 563 960 586 tamen

176 598 256 626 habet
274 598 426 626 intellectus
443 608 449 624 :
470 599 540 627 alius
555 600 626 627 enim
645 607 721 636 pater
735 603 833 630 dicitur
855 611 960 636 eorum,

174 653 244 680 quos
265 646 423 673 naturaliter
441 647 563 682 genuerit
583 647 716 681 ﬁliorum;
739 648 808 676 alius
832 656 895 676 vero
915 657 962 676 eo-

176 698 248 724 rum,
267 699 336 726 quos
358 693 546 719 tantummodo
571 693 729 727 cnutrierit;
751 694 874 722 nonnulli
896 703 961 723 vero

176 736 305 770 temporis
320 741 401 772 atque
420 738 506 765 astatis
525 737 666 773 privilegio
683 747 690 765 :
706 739 778 766 unde
790 745 816 766 et
830 739 961 768 Dominus

177 787 269 809 noster
284 781 363 810 Jesus
382 783 513 818 plurimos
530 787 620 817 patres
634 784 734 812 habere
755 785 872 818 dicitur;
897 794 960 814 nam

175 831 202 854 ct
219 827 301 855 David
317 833 391 863 pater
405 829 464 863 ejus
478 829 627 863 appellatus
643 835 700 862 est,
717 835 745 858 et
766 830 864 866 Joseph
885 837 961 866 pater

1013 238 1078 264 litlm
1092 237 1125 264 ⁸⁸.
1146 247 1155 262 ι
1175 237 1233 272 lpse
1248 244 1356 271 quoque
1381 237 1406 263 in
1435 237 1523 272 prima
1540 236 1663 271 Epistula
1685 244 1731 264 sua
1746 244 1785 271 po-

1012 281 1066 307 suit
1079 300 1086 312 ,
1113 281 1228 308 dicens:
1248 290 1257 305 ι
1276 280 1427 308 Secundum
1452 282 1570 316 gratiam
1598 289 1660 316 qua:
1681 281 1738 309 data
1753 287 1786 308 est

1012 327 1077 353 mihi
1091 335 1106 353 a
1124 327 1195 359 Deo,
1222 331 1250 353 ut
1269 326 1319 354 sim
1344 326 1468 354 minister
1481 327 1583 354 Christi
1605 327 1632 354 in
1650 328 1767 362 gentibus
1779 347 1785 359 τ

1011 379 1173 399 eonseerans
1190 372 1362 407 Evangelium
1380 372 1427 399 Dei
1447 373 1480 399 ³⁸.
1509 372 1658 400 Veritatem
1681 373 1738 400 dico
1764 374 1785 399 in

1010 417 1129 449 Christo,
1147 425 1200 444 non
1214 419 1340 450 mentior,
1354 418 1540 445 testimonium
1555 419 1623 445 mihi
1641 419 1787 453 perhibente

1011 462 1176 490 conscientia
1199 471 1259 490 mea
1281 463 1307 490 in
1324 463 1424 498 Spiritu
1439 469 1536 490 sancto
1552 463 1586 490 ⁸⁷.
1606 473 1616 489 ι
1633 463 1668 490 Et
1690 472 1787 491 rursum

1011 508 1049 535 ait
1063 518 1070 535 ι
1086 518 1095 534 Ι
1110 507 1169 535 Non
1181 509 1252 536 enim
1269 509 1355 536 audeo
1367 509 1515 544 quidquam
1530 510 1605 544 loqui
1619 517 1726 540 eorum,
1739 518 1789 544 qua

1011 562 1058 588 per
1072 562 1115 581 me
1131 562 1184 582 non
1202 555 1289 582 ellecit
1302 555 1426 583 Christus
1446 556 1530 582 verbo
1548 560 1576 582 et
1592 555 1676 583 factis
1691 556 1723 583 ³⁸.
1743 555 1789 588 Ego

1010 600 1082 627 enim
1106 608 1164 627 sum
1189 600 1352 628 novissimus
1369 600 1425 636 (77)
1439 601 1561 627 omnium
1590 601 1788 635 apostolorum.

1011 645 1054 679 qui
1075 652 1127 672 non
1142 653 1201 672 sum
1219 645 1316 680 dignus
1330 646 1419 673 vocari
1433 646 1585 680 apostolus.
1599 645 1697 672 Gratia
1711 650 1788 672 autem

1011 690 1057 717 Dei
1071 698 1131 718 sum
1144 691 1169 717 id
1183 691 1255 725 quod
1271 699 1329 718 sum
1340 691 1373 717 ⁸³.
1385 700 1393 716 ι
1408 690 1440 717 Et
1456 698 1503 718 eos
1517 691 1564 725 qui
1580 691 1789 725 experimentum

1011 737 1168 771 quaerebant
1179 737 1249 771 ejus,
1267 737 1312 772 qui
1329 737 1355 764 in
1376 744 1408 764 eo
1421 737 1582 772 loquebatur
1593 737 1733 767 Christus,
1745 737 1792 763 vult

1011 788 1150 816 propterea
1173 783 1288 815 habere,
1314 782 1378 817 quia
1393 789 1463 810 esset
1484 783 1512 809 in
1531 782 1591 817 ipso
1619 783 1791 813 Paracletus.

1012 827 1090 862 cuius
1115 828 1236 855 muneris
1261 829 1374 863 gratiam
1392 834 1575 861 consecutus,
1603 833 1631 855 et
1658 828 1792 863 magniﬁco

175 874 235 907 ejus
249 862 358 908 putatus
375 862 425 907 est,
444 862 612 903 cuininullus
626 877 722 903 horum
741 882 817 911 pater
828 862 961 912 ejus-fue-
978 862 996 888 Β
1013 874 1113 901 honore
1128 874 1182 910 (78)
1204 874 1306 902 dilatus
1329 875 1387 902 ait:
1405 884 1414 900 (
1432 874 1483 902 Pro
1510 882 1564 909 quo
1590 879 1633 902 lel'
1655 875 1791 902 Dominum

177 921 212 946 rit
227 921 338 948 veritate
361 926 476 949 naturae.
499 922 566 949 Nam
587 922 670 950 David
686 928 761 958 pater
780 924 838 958 ejus
860 924 960 952 dicitur

175 965 263 992 relatis
279 973 309 992 ac
325 966 453 1000 temporis
470 967 626 1002 privilegio,
641 967 747 1003 IJoseph
762 976 826 996 vero
838 969 895 1003 lege
910 977 960 996 nu-

175 1011 290 1044 triendi;
316 1012 390 1039 solus
417 1017 506 1040 autem
530 1013 601 1041 Deus
619 1013 699 1041 Pater
716 1015 775 1049 ejus
791 1021 887 1043 natura
901 1021 959 1049 est,

176 1057 223 1092 qui
237 1058 328 1084 omnia
344 1066 391 1092 per
410 1058 525 1086 Verbum
541 1067 620 1087 suum
636 1059 766 1087 velociter
779 1060 858 1089 nobis
871 1062 959 1088 maui-

175 1103 274 1131 festare
285 1104 411 1138 dignatus
427 1110 477 1132 est.
502 1105 557 1133 Nec
574 1106 600 1133 in
625 1106 717 1141 aliquo
740 1112 890 1136 remoratus
905 1108 959 1135 Do-

175 1149 267 1176 minus
287 1154 379 1177 noster
391 1149 482 1182 Jesus,
496 1151 567 1178 intra
581 1151 638 1187 (75)
656 1152 737 1180 unius
757 1153 819 1180 anni
843 1154 959 1188 spatium

173 1193 360 1229 languentium
373 1196 559 1223 multitudines
574 1197 689 1224 reddidit
702 1197 821 1230 sanitati,
838 1204 960 1228 mortuos

173 1239 244 1273 luci;
258 1240 304 1275 qui
324 1241 401 1268 verbi
410 1242 452 1268 sui
466 1246 599 1276 potestate
613 1244 739 1271 universa
753 1244 893 1279 amplexus
908 1250 958 1278 est,

173 1284 203 1313 in
216 1293 271 1320 quo
287 1286 394 1313 tandem
408 1290 560 1314 remoratus
579 1291 630 1320 est,
649 1293 679 1314 ut
696 1287 722 1314 in
744 1288 882 1316 Paraeleto
896 1289 960 1316 mit-

174 1331 256 1357 tendo
271 1330 363 1357 tandiu
378 1339 440 1357 eum
461 1335 628 1358 remoratum
646 1332 799 1360 credamus.
821 1333 890 1366 Quin
911 1341 959 1366 po-

172 1375 240 1407 tius,
255 1381 285 1402 ut
296 1376 420 1410 superius
431 1376 533 1403 dictum
545 1381 597 1409 est,
612 1377 699 1404 adfuit
711 1379 801 1405 statim
813 1379 959 1413 plurimum

173 1422 290 1450 diffusus
306 1423 332 1450 in
351 1422 483 1456 Paulum,
505 1424 583 1458 cujus
598 1424 679 1451 etiam
697 1425 852 1452 testimonio
872 1424 960 1452 credi-

174 1471 264 1498 dimus
287 1471 385 1498 dicenti
403 1478 409 1498 .'
429 1481 438 1496 σ
457 1470 520 1498 Mihi
542 1476 631 1499 autem
655 1472 705 1500 soli
728 1473 790 1500 data
810 1477 851 1501 est
874 1473 958 1508 gratia

175 1517 232 1544 haec
247 1517 279 1543 ".
298 1527 307 1543 ι
326 1517 378 1550 Qui
395 1518 468 1553 prius
484 1519 592 1552 quidem
611 1518 663 1546 fuit
688 1523 845 1553 persecutor
866 1519 958 1546 Ecele-
971 1526 993 1556 ο

174 1563 222 1590 sia:
238 1563 294 1594 Dei,
309 1564 355 1590 sed
372 1571 480 1591 rursum
496 1563 683 1591 manifestatus
695 1568 738 1592 est
748 1565 884 1598 omnibus,
895 1564 959 1599 quia

175 1613 247 1636 esset
266 1609 352 1636 ﬁdelis
367 1608 500 1636 Paraclcti
517 1610 654 1642 minister;
669 1618 716 1644 per
729 1617 809 1644 quem
826 1610 959 1637 universis

175 1654 294 1682 innotuit
313 1655 459 1690 singularis
483 1655 542 1690 ejus
557 1655 715 1687 clementia,
738 1656 811 1690 quod
831 1660 857 1682 et
875 1663 960 1690 usque

174 1699 208 1726 ad
222 1706 273 1726 nos
298 1699 344 1733 qui
370 1699 513 1734 aliquando
537 1701 596 1727 sine
618 1707 666 1734 spe
688 1707 806 1732 eramus,
825 1699 959 1727 donorum

174 1743 234 1777 ejus
253 1743 364 1777 largitio
388 1744 519 1777 pervenit.
536 1744 602 1777 Quis
618 1744 690 1771 enim
713 1749 835 1771 nostrum
852 1751 960 1778 sperare

174 1793 281 1824 poterat
304 1794 502 1823 persecutorem
528 1789 642 1817 Paulum
658 1795 685 1818 et
700 1790 840 1818 inimicum
865 1790 958 1818 Eccle-

175 1835 232 1866 siae,
250 1834 422 1863 defensorem
437 1836 496 1870 ejus
516 1844 548 1864 ac
563 1841 678 1863 tutorem
695 1835 836 1864 futurum?
853 1836 886 1863 Et
904 1844 958 1863 non

175 1881 262 1907 solum
278 1881 339 1914 hoc,
351 1889 444 1908 verum
457 1882 537 1909 etiam
552 1887 579 1909 et
593 1881 763 1917 magistrum,
778 1882 958 1909 Ecclesiarum

174 1927 340 1955 conditorem
367 1933 394 1955 et
418 1928 637 1956 architectonem.
661 1928 727 1956 Post
751 1928 822 1956 hunc
836 1935 915 1961 ergo,
932 1933 959 1955 et

173 1978 234 2008 post
247 1981 295 2001 eos
311 1975 356 2008 qui
374 1981 435 2001 cum
453 1974 511 2009 ipso
526 1974 642 2006 fuerant,
660 1974 686 2002 id
703 1978 744 2001 est
767 1978 829 2008 post
841 1973 959 2007 discipu-

174 2019 227 2051 los,
244 2019 347 2046 nullum
360 2019 441 2046 alium
458 2019 548 2046 venire
561 2020 710 2047 secundum
725 2018 881 2053 Scripturas
896 2025 958 2052 spe-

172 2065 286 2091 randum
304 2069 361 2097 est;
377 2065 415 2092 ait
429 2065 499 2092 enim
515 2064 648 2092 Dominus
661 2068 755 2092 noster
768 2063 848 2091 Jesus
861 2063 894 2090 de
906 2062 958 2090 Pa-

172 2111 273 2137 racleto
288 2120 296 2137 ε
318 2120 326 2136 ι
344 2110 414 2144 Quia
436 2116 463 2138 et
480 2112 514 2138 de
535 2119 596 2138 meo
619 2111 733 2145 accipiet
746 2110 778 2138 ⁸⁸.
798 2119 807 2136 ›
825 2109 879 2136 Vas
893 2116 957 2144 ergo

172 2157 312 2191 probabile
335 2157 414 2192 elegit
433 2158 505 2184 hunc
528 2158 633 2189 virum,
658 2164 738 2192 quem
756 2156 830 2184 misit
851 2156 884 2183 ad
909 2163 958 2182 nos

172 2202 285 2230 Paulum
303 2203 329 2230 in
348 2203 465 2238 Spiritus
481 2203 587 2230 inﬂuxit
608 2203 725 2238 Spiritus
742 2203 797 2238 (76)
813 2223 821 2235 ,
838 2207 864 2229 et
887 2202 957 2229 sicut

172 2255 228 2275 non
244 2256 324 2283 super
339 2257 434 2277 omnes
451 2250 576 2277 homines
594 2250 711 2284 Spiritus
737 2249 859 2275 habitare
881 2252 956 2282 pote-

170 2298 223 2326 rat,
239 2294 291 2321 nisi
307 2303 387 2329 super
399 2303 460 2322 eum
478 2296 525 2330 qui
540 2296 572 2322 de
583 2295 667 2322 Maria
678 2295 723 2322 Dei
735 2295 865 2330 genitrice
878 2299 957 2321 natus

170 2345 222 2370 est,
245 2340 281 2367 ita
299 2346 326 2367 et
342 2341 370 2368 in
387 2342 489 2368 milium
505 2342 588 2368 alium
603 2341 721 2376 Spiritus
736 2341 893 2368 Paracletus
911 2347 958 2367 ve-

171 2385 230 2411 nire
245 2391 364 2419 poterat,
388 2387 438 2414 nisi
453 2394 534 2421 super
548 2388 699 2421 apostolos,
713 2391 740 2414 et
755 2394 836 2421 super
851 2387 958 2413 beatum

171 2430 295 2458 Paulum.
317 2442 325 2457 ι
346 2432 399 2459 Vas
412 2433 484 2460 enim
500 2434 649 2467 electionis,
664 2434 762 2468 inquit,
779 2432 846 2460 mihi
862 2436 912 2463 est,
931 2436 961 2459 ut

205 2499 319 2538 llfdoan.
333 2508 392 2538 xiii.
411 2500 473 2538 27._
493 2501 516 2538 '1’
532 2501 717 2538 Eplies.rnt,8.
733 2500 870 2538 r_“_Joan.
884 2507 939 2538 xv},

1032 2497 1055 2513 "‘
1063 2497 1121 2524 Aet.
1135 2496 1227 2538 Istius.
1254 2496 1381 2538 “altrim.
1397 2506 1441 2529 xv,
1459 2499 1557 2538 [5.15.

169 2533 193 2550 ⁸⁸
207 2534 272 2569 lbid.
289 2543 333 2567 xv,
349 2535 392 2562 l8.
430 2535 473 2562 ⁸²1
490 2532 561 2564 (Ξοῑί
573 2545 616 2569 xv,
629 2537 654 2564 9.
675 2532 715 2552 ’⁹⁰
730 2535 751 2563 ll
766 2536 829 2563 Cor.
848 2542 896 2565 xu,
910 2534 937 2560 9.
974 2534 995 2549 ἰ
1008 2532 1086 2559 Joan.
1101 2539 1156 2563 xw,
1174 2532 1217 2558 l6.
1254 2532 1277 2548 ⁹¹
1293 2532 1312 2558 ll
1325 2532 1452 2566 (lonxm,
1468 2534 1494 2561 5.

170 2569 193 2585 “
205 2568 270 2596 Ibid.
290 2571 332 2596 Η.

205 2626 260 2660 ('15)
280 2627 308 2652 In
325 2627 417 2653 codice
432 2632 487 2659 est,
511 2637 519 2653 ι
539 2628 617 2655 inter.
645 2638 654 2654 ι
675 2628 726 2656 Sed
743 2637 827 2655 unum
851 2635 953 2655 annum

168 2659 270 2687 Christi
287 2662 482 2695 prmdicationi,
497 2670 528 2689 ac
542 2663 679 2690 miraculis
697 2665 801 2691 videtur
819 2664 955 2691 ascribere

169 2695 319 2734 Archelaus
334 2703 394 2734 cum
410 2697 469 2724 aliis
479 2698 608 2734 _:_Intiquis
629 2699 754 2725 Patribus
779 2707 786 2725 :
813 2708 896 2734 quare
915 2699 954 2725 le-

168 2729 303 2768 gendum,
321 2739 329 2755 ι
352 2731 432 2758 intra.
451 2741 460 2756 ι
479 2731 545 2760 Vide
556 2729 634 2768 :irnl'ra
649 2742 708 2768 cap.
725 2734 769 2760 49.

207 2765 368 2803 (Ῑμλξιορυε
383 2771 535 2801 corruptus.
556 2766 646 2800 Forte,
668 2765 720 2795 (in
737 2768 849 2803 Spiritu.
872 2769 953 2796 lnllu-

171 2800 211 2825 xit
225 2798 351 2832 Spiritus,
370 2809 378 2825 ι
395 2805 446 2828 etc.
463 2798 484 2801 ”’
610 2802 612 2805 ’

205 2832 261 2869 (77)
280 2832 374 2861 Melius
391 2835 516 2870 Vulgata,
533 2846 542 2862 1
563 2837 710 2871 minimus,
729 2848 737 2864 ι
754 2838 846 2866 Graece
861 2839 952 2871 enim,

1011 920 1113 955 rogavi,
1133 924 1163 947 ut
1177 920 1354 948 discedereta
1374 929 1434 953 me;
1454 925 1481 947 et
1500 921 1568 948 dixit
1592 921 1661 948 mihi
1694 927 1703 946 :
1739 920 1792 948 Suf-

1011 964 1065 992 ﬁcit
1081 965 1128 992 tibi
1143 965 1225 1000 gratia
1238 973 1313 998 mea;
1327 973 1390 992 nam
1404 965 1491 993 virtus
1506 965 1533 992 in
1548 965 1710 993 inﬁrmitate
1724 969 1792 1000 perli-

1010 1009 1080 1036 citur
1093 1009 1127 1037 ’°.
1145 1019 1154 1035 ›
1170 1008 1299 1042 Rursum,
1320 1010 1382 1045 quia
1409 1018 1473 1038 vere
1502 1011 1560 1045 ipse
1581 1012 1618 1038 sit
1644 1010 1793 1039 Paracletu:

1010 1055 1056 1089 qui
1070 1058 1128 1081 erat
1149 1055 1175 1082 in
1190 1054 1285 1088 Paulo,
1301 1055 1338 1082 ait
1354 1055 1484 1083 Dominus
1511 1061 1605 1084 noster
1625 1056 1709 1085 Jesus
1724 1057 1792 1084 Chri-

1010 1104 1068 1127 stus
1080 1099 1106 1126 in
1122 1098 1267 1135 Evangelio
1282 1109 1289 1127 :
1308 1109 1318 1125 1
1337 1100 1366 1126 Si
1380 1100 1492 1135 diligitis
1518 1109 1571 1133 me,
1593 1103 1725 1129 mandata
1743 1110 1793 1129 mea

1010 1150 1124 1173 servate.
1152 1145 1183 1172 Et
1205 1153 1254 1179 ego
1280 1146 1381 1180 rogabo
1405 1145 1511 1173 Patrem
1537 1155 1649 1179 meum,
1665 1153 1694 1175 et
1719 1149 1793 1175 alium

1010 1189 1178 1216 Paracletum
1193 1189 1268 1217 dabit
1289 1190 1365 1217 vobis
1377 1191 1411 1217 ἰ.
1429 1200 1438 1217 ι
1467 1191 1496 1218 ln
1515 1199 1569 1226 quo
1583 1193 1708 1220 ostendit
1721 1195 1792 1220 etiam

1011 1233 1128 1267 seipsum
1149 1232 1316 1260 Paracletum
1329 1255 1336 1267 ,
1358 1243 1418 1262 cum
1445 1235 1509 1263 dicit
1527 1237 1623 1263 alium.
1651 1238 1730 1265 Unde
1747 1247 1792 1266 ere

1010 1277 1108 1305 dentes
1118 1277 1212 1310 Paulo,
1226 1279 1445 1307 audivimuseum
1459 1280 1593 1308 dicentem
1607 1291 1633 1309 ζ(
1654 1284 1711 1310 Aut
1724 1292 1794 1318 expe-

1010 1322 1154 1350 rimentum
1179 1324 1299 1358 quaeritis
1318 1325 1387 1359 ejus,
1403 1326 1449 1360 qui
1469 1326 1496 1353 in
1517 1335 1560 1353 me
1580 1327 1708 1363 loquitur
1724 1329 1794 1357 Chri—

1010 1373 1066 1396 stus
1080 1369 1117 1402 ";
1134 1378 1143 1395 ι
1164 1374 1190 1396 et
1213 1370 1308 1397 horum
1325 1371 1434 1403 similia,
1456 1372 1490 1399 de
1502 1373 1605 1407 quibus
1620 1376 1750 1409 superius
1763 1377 1794 1402 di-

1009 1413 1117 1447 ximus;
1147 1414 1218 1441 unde
1245 1420 1271 1442 et
1287 1420 1415 1450 tanquam
1436 1416 1561 1445 ﬁdelibus
1580 1419 1665 1447 nobis
1690 1419 1793 1446 haeredi-

1009 1459 1060 1487 bus
1074 1460 1131 1487 suis
1147 1460 1289 1495 consignat
1309 1465 1512 1493 testamentum,
1526 1470 1575 1490 sua
1591 1465 1625 1491 ad
1643 1464 1794 1494 Corinthios

1010 1505 1140 1541 Epistula,
1153 1507 1227 1534 velut
1247 1511 1324 1541 pater
1336 1507 1429 1535 dicens
1443 1517 1450 1535 :
1470 1518 1480 1534 ι
1497 1509 1610 1536 Tradidi
1628 1512 1706 1538 enim
1727 1513 1795 1540 vobis

1010 1551 1037 1578 in
1056 1551 1161 1586 primis,
1177 1552 1248 1586 quod
1265 1556 1292 1579 et
1320 1553 1428 1587 accepi,
1449 1554 1514 1588 quia
1530 1554 1662 1583 Christus
1682 1563 1795 1585 mortua

1009 1601 1051 1624 est
1073 1604 1122 1632 pro
1150 1597 1268 1630 peccatis
1292 1598 1393 1626 nostris
1410 1600 1559 1627 secundum
1582 1600 1760 1637 Scripturas;
1774 1609 1795 1630 et

1009 1643 1072 1678 quia
1088 1643 1208 1678 sepultus
1229 1648 1280 1677 est,
1302 1649 1328 1671 et
1340 1644 1404 1678 quia
1425 1647 1576 1673 resurrexit
1596 1649 1680 1675 tertia
1699 1649 1743 1676 die
1761 1657 1796 1675 se-

1009 1701 1126 1729 cundum
1141 1700 1308 1735 Seripluras;
1321 1705 1348 1728 et
1362 1701 1425 1736 quia
1438 1704 1565 1737 apparuit
1579 1703 1695 1739 Cepliaa.
1709 1706 1796 1733 deinde

1010 1748 1133 1774 undecim
1149 1749 1288 1782 apostolis,
1304 1753 1396 1783 postea
1415 1749 1534 1782 amplius
1546 1758 1629 1784 quam
1645 1751 1797 1786 quingentis

1009 1793 1137 1821 fratribus
1160 1793 1193 1821 de
1216 1794 1298 1821 semel
1321 1794 1376 1828 (79)
1389 1814 1396 1826 ,
1412 1803 1444 1822 ex
1463 1795 1564 1829 quibus
1579 1796 1696 1830 plurimi
1715 1798 1797 1824 adhuc

1010 1843 1123 1866 manent
1145 1847 1232 1874 usque
1264 1847 1355 1872 nunc;
1380 1840 1492 1874 quidam
1518 1846 1610 1868 autem
1634 1846 1665 1869 et
1686 1843 1798 1870 dormie-

1008 1888 1080 1911 runt.
1102 1883 1198 1911 Postea
1210 1889 1300 1911 autem
1317 1885 1391 1912 visus
1406 1889 1446 1912 est
1460 1884 1564 1913 Iacobo
1576 1895 1584 1919 ;
1598 1887 1702 1915 deinde
1715 1889 1799 1915 omni-

1009 1928 1059 1955 bus
1086 1929 1232 1963 apostolis;
1250 1930 1398 1958 novissime
1412 1935 1502 1958 autem
1513 1933 1654 1965 omnium,
1672 1938 1797 1968 tanquam

1007 1973 1139 2006 abovtivn,
1159 1974 1235 2001 visus
1246 1978 1288 2001 est
1309 1978 1334 2002 et
1352 1975 1417 2001 mihi
1433 1984 1439 2002 :
1456 1983 1508 2011 ego
1520 1976 1595 2003 enim
1611 1985 1676 2004 sum
1690 1979 1799 2005 novissi-

1008 2027 1069 2046 mus
1093 2019 1213 2046 omnium
1233 2019 1418 2054 apostolorum
1437 2020 1470 2047 ⁸³.
1497 2021 1562 2048 Sive
1579 2029 1648 2056 ergo
1668 2031 1732 2058 ego,
1748 2023 1798 2050 sire

1008 2065 1058 2098 illi,
1071 2065 1107 2092 ita
1121 2065 1343 2093 annuntiavimus
1357 2065 1390 2092 ".
1409 2075 1418 2091 ι
1436 2065 1468 2093 Et
1483 2074 1596 2094 rursum
1616 2069 1733 2096 tradens
1750 2069 1798 2096 lm-

1008 2110 1118 2138 redibus
1138 2118 1198 2137 eam
1222 2118 1303 2145 quam
1331 2111 1388 2146 ipse
1414 2112 1600 2140 hereditatem
1627 2116 1797 2149 promeruit,

1008 2154 1073 2182 dicit
1092 2164 1098 2181 :
1125 2165 1133 2180 ι
1155 2154 1247 2182 Timeo
1270 2159 1361 2183 autem
1377 2164 1411 2184 ne
1431 2155 1518 2190 forte,
1536 2157 1611 2185 sicut
1626 2167 1745 2195 serpens
1763 2169 1798 2187 δρα

973 2193 994 2219 Ῑ)
1008 2201 1086 2228 duxit
1107 2201 1189 2228 Evam
1212 2202 1310 2229 astutia
1326 2209 1391 2234 sua,
1413 2202 1449 2229 ita
1469 2211 1691 2239 corrumpantur
1708 2214 1798 2234 sensus

1005 2247 1107 2279 vestri,
1127 2251 1153 2274 et
1169 2247 1294 2274 excidant
1310 2255 1325 2274 a
1342 2248 1516 2283 simplicitate
1538 2249 1598 2286 (80)
1619 2257 1648 2279 et
1668 2253 1797 2282 castitate.

1006 2300 1066 2327 qua:
1082 2293 1108 2319 in
1123 2291 1231 2319 Christo
1252 2297 1301 2320 est.
1328 2292 1355 2320 Si
1377 2294 1448 2320 enim
1473 2294 1497 2321 is
1523 2295 1571 2329 qui
1600 2298 1700 2329 venit,
1721 2298 1797 2324 alium

1006 2338 1146 2365 Christum
1171 2338 1298 2372 praedicat
1316 2347 1396 2373 quem
1419 2347 1473 2366 non
1498 2341 1736 2374 prmdicavimus:
1758 2347 1798 2369 aut

1009 2384 1139 2420 Spiritum
1163 2384 1244 2411 alium
1262 2385 1420 2419 acceperitis
1444 2393 1526 2420 quem
1551 2394 1609 2414 non
1636 2391 1797 2424 accepistis;

1007 2435 1054 2457 aut
1069 2430 1142 2457 aliud
1157 2429 1330 2465 Evangelium
1342 2450 1349 2463 ,
1372 2431 1444 2465 quod
1461 2439 1516 2459 non
1535 2434 1708 2469 accepistis;
1738 2435 1797 2462 bene

1600 2502 1623 2518 ⁸⁷
1639 2501 1710 2529 Ibid.
1730 2511 1766 2533 Ix,
1776 2504 1796 2529 l.

1536 2536 1559 2551 "
1575 2535 1586 2562 Ι
1605 2537 1672 2564 Cor.
1687 2547 1730 2570 xv,
1747 2538 1795 2565 3-9.

1003 2626 1154 2667 ὲλάξκξσξτρς·

1041 2661 1096 2697 (78)
1117 2661 1271 2701 ln_codice_
1289 2661 1431 2701 Casinensi
1451 2667 1510 2701 est,
1542 2674 1552 2690 ‹
1581 2667 1731 2701 magniﬁco
1751 2667 1797 2693 he:

1004 2704 1065 2727 ore;
1091 2705 1100 2721 ι
1118 2696 1163 2723 sed
1179 2696 1319 2731 legendum
1337 2697 1430 2724 censui
1448 2709 1456 2722 ι
1478 2698 1596 2727 honore.
1615 2711 1625 2726 ›

1116 2731 1215 2768 Forte,
1233 2741 1242 2756 ι
1265 2732 1385 2768 insimul.
1406 2742 1415 2757 ι
1434 2732 1564 2768 Vulgata,
1585 2745 1595 2761 ι
1615 2736 1710 2763 simul.
1729 2746 1739 2761 ι

1040 2766 1095 2801 (80)
1114 2768 1143 2792 In
1156 2767 1307 2802 Casinensi,
1322 2776 1330 2792 ι
1344 2766 1563 2802 corrumpantur
1578 2779 1679 2798 sensus
1696 2770 1771 2797 vestri
1781 2776 1794 2796 ι

1005 2801 1187 2836 simplicitate.
1209 2811 1218 2827 ι
1238 2801 1289 2829 Sed
1307 2810 1357 2829 nos
1371 2811 1402 2828 ex
1422 2801 1541 2838 Vulgata
1557 2807 1754 2842 supplevimas.
