1848 3043
43 112 107 139 1485

594 116 664 144 CUM
682 115 821 143 MANETE
840 115 1104 145 HERESIARCHA.

1590 114 1658 146 M86

43 174 212 201 )ateremini.
229 173 298 202 Puto
313 175 384 202 enim
404 176 467 210 quia
484 176 551 203 nihil
567 177 656 205 minus
677 178 727 205 feci
750 178 824 205 vobis
839 180 860 207 A
875 183 950 210 slus;
975 182 1002 205 et
1023 179 1124 205 mullos
1148 177 1286 205 scilucent.
1301 176 1392 211 Quod
1410 177 1433 205 si
1454 177 1535 205 etiam
1559 177 1659 212 aliquis

64 221 174 248 caeteris
188 221 318 255 apostolis
335 222 367 248 ⁸⁵.
384 231 392 247 1

66 265 178 294 XXXV.
199 267 261 294 Η(ηο
281 272 371 294 autem
393 268 471 302 dixit,
488 270 633 297 ostendens
646 277 742 296 omnes
763 270 821 297 reli-

43 320 103 347 Lnos
124 313 171 347 qui
188 313 328 346 venerint,
348 312 429 340 falsos
451 315 605 349 apostolos,
629 315 738 342 dolosos
758 323 820 350 ope-

44 358 124 384 arios
134 379 142 391 ,
161 358 385 393 transﬁgurantes
398 366 427 385 se
443 359 469 386 in
483 361 620 394 apostolos
634 360 734 387 Christi
750 370 756 386 :
769 370 778 386 ι
789 360 821 387 Et

43 411 87 430 ton
102 403 220 436 mirum;
243 405 299 438 ipse
316 404 388 431 enim
405 404 520 433 Satanas
536 406 709 440 transﬁgurat
723 414 762 437 se,
779 414 822 433 ve-

43 455 73 476 lit.
97 450 224 484 angelum
241 450 310 477 lucis
325 449 391 485 (81).
416 450 485 483 Quid
506 459 570 486 ergo
585 459 730 486 magnum,
752 452 775 479 si
795 457 822 479 et

43 496 153 522 .iinistri
172 496 232 530 ejus
253 496 478 531 transﬁgurentur
491 497 516 524 in
534 498 673 525 ministros
683 497 795 532 iustitia:
812 508 819 526 :

48 548 152 567 norum
171 541 232 568 ﬁnis
248 541 298 568 erit
318 542 465 569 secundum
482 550 561 577 opera
577 550 669 570 eorum
683 543 725 569 9‘?
741 553 750 569 1
775 544 820 570 ln-

47 588 107 613 icat
119 591 209 614 autem
234 588 329 622 quales
343 593 446 621 essent,
469 593 496 616 et
517 597 531 616 a
546 589 645 623 quibus
670 589 821 616 circumve-

48 633 188 660 icbantur.
212 633 369 661 Voientibtts
389 639 479 662 autem
502 635 603 662 Calatis
622 636 656 662 ab
676 635 821 670 Evangelio

43 679 189 711 ransferri,
205 679 243 706 ait
262 689 268 706 :
289 689 298 705 (
316 679 398 707 Miror
414 681 485 716 quod
496 682 535 708 sic
550 686 604 708 tam
616 681 669 708 cito
681 681 821 709 transieri-

44 725 99 751 iini
116 726 150 752 ab
163 733 195 752 eo
208 727 254 761 qui
268 727 374 754 vocavit
392 735 456 760 vos,
481 728 507 755 in
531 728 604 755 aliud
621 728 794 762 Evangelium
811 735 819 754 :

47 772 106 798 uod
127 779 181 799 non
197 777 239 799 est
259 773 349 803 aliud;
364 774 415 800 nisi
432 779 495 801 sunt
520 774 564 808 qui
583 781 631 800 vos
646 773 819 806 conturbant,

44 821 55 842 t
80 817 175 844 volunt
195 823 314 845 avertere
333 826 381 846 vos
405 819 439 846 ab
458 818 604 853 Evangelio
623 818 724 846 Christi
751 819 818 852 (82).

874 223 951 251 vobis
964 224 1062 250 dixerit
1077 232 1083 249 ε
1103 223 1170 249 Ecce
1188 223 1231 250 hic
1244 227 1284 250 est
1300 222 1435 256 Christus,
1452 228 1498 250 aut
1520 231 1583 251 ecce
1599 224 1635 250 ibi
1649 243 1658 257 ,

874 269 957 296 nolite
971 269 1091 296 credere.
1107 268 1260 303 Exsurgent
1271 269 1343 295 enim
1358 268 1417 295 falsi
1435 269 1541 301 christi,
1556 274 1582 296 et
1597 270 1658 297 falsi

874 315 987 348 apostoli
1010 314 1085 349 (87),
1105 319 1130 341 et
1145 313 1206 341 falsi
1232 315 1378 348 prophetat,
1404 318 1431 341 et
1455 315 1558 341 dabunt
1581 315 1658 349 signa

875 367 981 395 magna,
1001 364 1029 386 et
1043 360 1176 394 prodigia,
1193 360 1229 386 ita
1247 364 1275 386 ut
1290 361 1316 386 in
1339 367 1459 387 errorem
1479 360 1618 399 inducant,
1635 360 1659 386 si

873 410 961 440 potest
971 406 1039 437 fieri,
1050 407 1131 432 etiam
1148 407 1257 433 electos.
1275 403 1342 433 Ecce
1356 406 1464 440 praedixi
1477 405 1561 432 vobis.
1578 405 1605 431 Si
1617 405 1660 432 dio

874 451 963 478 xerint
974 452 1049 479 vobis
1065 461 1071 478 :
1087 451 1154 478 Ecce
1169 451 1194 478 in
1207 451 1313 478 deserto
1325 456 1374 483 est,
1390 450 1471 478 nolite
1485 451 1568 478 exire.
1583 449 1610 477 Si
1620 450 1659 477 di-

874 497 1043 524 xerintvobis
1057 506 1063 524 :
1077 497 1145 523 Ecce
1155 497 1181 524 in
1191 496 1384 531 penetralibus,
1400 496 1482 524 nolite
1495 496 1603 524 credere
1613 496 1633 524 ³.
1645 504 1657 523 1

874 542 906 569 Et
922 547 982 577 post
1005 542 1054 569 ista
1072 544 1161 569 omnia
1181 542 1318 574 mandata,
1336 543 1385 569 iste
1407 550 1455 569 nec
1474 542 1579 576 signum
1594 541 1658 576 qui-

873 588 933 615 dem
948 587 1057 622 aliquod
1072 592 1119 614 aut
1134 587 1285 622 prodigium
1303 588 1387 614 ullum
1403 587 1556 620 ostendens,
1571 594 1658 622 neque

874 634 1028 660 aﬁinitatem
1045 633 1163 668 aliquam
1182 633 1300 666 habens;
1314 634 1360 660 sed
1376 641 1409 660 ne
1430 633 1456 659 in
1473 640 1585 659 numero
1596 633 1657 667 qui—

873 678 934 706 dem
949 678 1144 712 discipulorum
1166 679 1281 713 positus,
1308 686 1395 712 neque
1418 678 1545 705 defuncto
1561 682 1657 704 nostro

873 725 1029 755 obsecutus,
1045 724 1123 759 cujus
1140 724 1296 751 haereditate
1314 724 1475 758 gaudemus;
1492 731 1552 750 cum
1570 730 1657 759 neque

873 771 897 796 ei
922 770 1059 805 languenti
1078 770 1212 801 astiterit,
1241 778 1294 796 non
1315 770 1391 797 testis
1416 770 1551 803 exstiterit
1572 774 1656 798 testa-

873 816 966 848 menti,
984 816 1039 842 imo
1060 814 1151 850 potius
1163 823 1226 842 cum
1243 823 1276 842 ne
1293 815 1319 841 in
1342 815 1464 842 notitiam
1486 815 1593 850 quidem
1610 823 1657 842 ve-

43 862 87 888 led
100 862 181 888 etiam
203 863 225 889 si
246 870 296 890 nos
311 863 374 897 ipsi,
398 868 444 891 aut
463 864 574 898 angelus
595 863 629 890 de
651 864 721 891 ccelo
744 864 821 891 vobis
838 857 858 884 Β
873 860 942 886 nerit
953 868 1059 893 eorum,
1075 860 1122 895 qui
1135 860 1255 887 obsecuti
1270 864 1333 887 sunt
1346 860 1486 895 aegrotanti
1501 870 1507 886 :
1521 865 1657 895 postremo

46 908 243 941 nnuntiaverit,
255 914 433 943 praeterquam
448 910 519 944 quod
533 909 660 936 traditum
675 913 716 936 est
732 909 819 942 vobis,

48 954 178 981 nathema
201 955 236 982 sit
256 955 290 982 9’.
312 965 321 980 1
340 955 372 982 Et
396 963 504 983 rursum
527 956 587 982 ait:
611 965 620 980 r
639 955 704 982 lllihi
728 955 820 982 inﬁmo

43 1003 155 1029 mnium
176 1003 359 1037 apostolorum
384 1002 439 1037 (83)
461 1003 522 1030 data
543 1007 585 1029 est
600 1003 685 1037 gratia
707 1002 764 1029 haec
785 1002 818 1028 ’⁸.

43 1048 99 1080 [una
113 1048 184 1075 enim
203 1049 315 1075 deerant
337 1048 543 1075 tribulationum
566 1048 678 1078 Christi,
697 1047 723 1073 in
740 1055 821 1075 carne

43 1101 94 1120 nea
119 1094 253 1128 adimpleo
276 1095 309 1121 θ’.
328 1104 337 1119 1
357 1093 389 1120 Et
405 1094 431 1120 in
448 1094 502 1120 alio
515 1099 622 1120 rursum
636 1093 695 1120 loco
710 1093 820 1128 proﬁte-

43 1147 93 1171 ur,
111 1139 172 1174 quia
187 1149 196 1165 (
213 1147 294 1174 super
305 1145 416 1167 caeteros
431 1139 532 1166 Christi
546 1139 669 1166 minister
684 1140 690 1155 ¹
703 1159 710 1172 ,
731 1149 740 1165 1
758 1144 820 1166 tan—

43 1192 116 1219 (nam
132 1185 154 1212 si
167 1190 258 1219 postea
274 1185 384 1212 omnino
398 1193 451 1212 non
467 1185 502 1211 sit
515 1185 586 1212 alius
603 1185 818 1219 exspectandus;

43 1231 108 1257 ubet
120 1231 191 1258 enim
209 1239 295 1265 neque
308 1231 430 1266 angelum
448 1231 482 1258 de
497 1231 566 1258 ccelo
578 1232 689 1265 suscipi.
709 1231 742 1258 Et
756 1239 821 1266 quo-

43 1277 115 1303 nodo
132 1277 164 1303 de
186 1275 296 1303 Perside
309 1277 461 1304 venientem
477 1276 582 1304 Manem
604 1276 670 1312 (84),
689 1281 717 1303 et
729 1277 824 1304 dicen-

43 1331 87 1350 em
110 1330 139 1350 se
158 1330 218 1350 esse
239 1322 427 1354 Paracletum,
453 1330 502 1349 nos
524 1330 584 1350 esse
605 1322 760 1350 credimus?
781 1322 819 1349 ita

43 1369 107 1395 enim
125 1375 244 1402 agnoseo
258 1375 290 1394 ex
307 1368 374 1400 hoc,
391 1367 463 1402 quod
479 1375 549 1394 unus
574 1367 627 1394 iste
654 1368 689 1395 sit
711 1375 744 1394 ex
766 1368 820 1395 illis

43 1416 78 1449 [ui
101 1413 338 1446 transformamur,
352 1414 385 1441 de
406 1414 504 1448 quibus
527 1413 668 1440 manifeste
684 1413 761 1440 vobis
777 1414 819 1440 in-

43 1461 134 1488 licavit
161 1468 208 1488 vas
233 1460 373 1488 electionis
402 1459 541 1494 apostolus
571 1459 672 1487 Paulus
699 1459 817 1487 dicens:

66 1508 137 1541 Quia
153 1507 179 1534 in
198 1506 352 1534 novissimis
379 1505 544 1540 temporibus
567 1505 692 1532 recedent
708 1505 817 1540 quidam

43 1578 44 1581 η
61 1555 124 1585 fide,
142 1552 310 1580 attendentes
334 1551 473 1586 spiritibus
499 1551 707 1583 seductor-ibus,
724 1556 750 1578 et
770 1551 818 1578 do-

43 1599 129 1626 trinis
152 1598 366 1628 daemoniorum,
390 1596 416 1623 in
447 1595 584 1631 hypoerisi
610 1595 751 1623 mendacia
779 1595 819 1622 lo-

43 1647 148 1679 luentes
160 1662 167 1676 ,
192 1642 367 1670 cauteriatam
385 1641 514 1668 habentes
528 1641 721 1668 conscientiam
733 1661 740 1674 ,
758 1648 820 1675 pro-

43 1691 184 1717 iibentium
199 1689 253 1724 (85)
266 1689 377 1719 nubere,
394 1687 530 1715 abstinere
555 1695 584 1714 se
606 1694 622 1713 a
647 1687 732 1719 cibis,
752 1694 821 1721 quos

43 1738 107 1763 )eus
120 1737 221 1762 creavit
242 1735 276 1762 ad
298 1733 500 1769 percipiendum
520 1732 576 1768 (86)
592 1740 653 1759 cum
668 1732 817 1767 gratiarum

43 1782 143 1809 ictione
158 1781 291 1812 fidelibus,
308 1784 334 1806 et
352 1779 393 1806 his
406 1779 450 1813 qui
464 1783 648 1813 cognoverunt
663 1779 817 1812 veritatem;

43 1827 163 1861 (ironiam
176 1826 264 1852 omnis
283 1829 406 1851 creatura
424 1823 471 1850 Dei
488 1824 558 1850 bona
573 1827 625 1855 est,
642 1827 668 1850 et
685 1824 752 1849 nihil
769 1823 818 1850 ab-

45 1871 180 1898 iciendum
205 1870 276 1905 quod
304 1877 365 1896 cum
401 1869 549 1903 gratiarum
573 1868 678 1894 actione
703 1867 819 1902 percipi-

44 1926 78 1944 ur
93 1917 113 1944 ¹.
130 1926 139 1942 1
164 1916 215 1943 Sed
232 1921 259 1943 et
281 1915 398 1950 Spiritus
419 1914 580 1949 evangelista
595 1913 736 1940 Matthaeus
758 1914 820 1940 dili-

43 1967 128 1995 genter
142 1961 275 1996 signiﬁcat
292 1960 397 1988 Domini
413 1960 498 1987 nostri
515 1958 579 1986 Jesu
597 1958 698 1985 Christi
715 1966 819 1985 sermo-

43 2016 96 2035 nem
116 2017 122 2034 :
139 2017 148 2033 (
168 2007 261 2034 Videte
279 2014 312 2033 ne
337 2007 398 2040 quis
413 1999 465 2032 vos
493 2005 620 2037 seducat;
646 2005 723 2031 multi
746 2005 818 2031 enim

43 2055 142 2081 'enient
157 2054 184 2080 in
208 2053 315 2080 nomine
341 2059 413 2084 meo,
430 2052 550 2078 dicentes
570 2061 576 2077 :
595 2051 651 2085 Ego
665 2058 725 2077 sttui
740 2049 820 2077 Citri-

832 1527 853 1554 C

69 2124 93 2139 ³⁵
110 2123 129 2149 Il
143 2123 205 2149 Cor.
221 2130 259 2154 .\'i,
274 2121 332 2148 5-3.

43 2167 59 2185 :l
72 2180 80 2190 ,
98 2159 141 2185 ‘25.
179 2158 212 2184 ἰ
232 2157 302 2183 Tim.
318 2165 355 2189 iv,
370 2156 428 2182 1-1.

43 2203 69 2225 v,
90 2195 116 2226 7,
131 2195 157 2220 8.

389 2120 411 2136 "
427 2120 447 2146 II
463 2120 525 2147 Cor.
543 2128 579 2153 χι,
599 2121 638 2151 14,
655 2120 698 2147 15.
735 2119 758 2135 ’⁷
771 2119 830 2146 Gal.
847 2127 872 2151 t,
886 2118 942 2145 6-8.

481 2155 492 2170 ³
508 2154 602 2182 Matth.
625 2163 699 2187 xxw,
719 2158 746 2186 4,
763 2154 790 2186 5,
813 2154 908 2180 25-26.

871 913 932 933 cum
951 906 1052 932 nullius
1067 913 1179 940 prorsus
1195 906 1310 940 accipiat
1323 905 1519 939 testimonium,
1533 905 1658 933 Paracle-

871 956 928 978 tum
944 959 973 978 se
990 959 1050 978 esse
1065 951 1121 978 vult
1135 951 1223 983 credi;
1239 959 1300 978 cum
1316 952 1396 978 etiam
1415 952 1436 979 si
1451 952 1527 987 signa
1549 957 1576 979 et
1593 960 1657 987 pro—

871 995 941 1031 digia
956 995 1068 1028 faceres,
1082 996 1179 1024 falsum
1193 996 1330 1023 Christum
1347 1000 1373 1023 et
1385 996 1483 1024 falsum
1498 996 1656 1031 prophetam

871 1046 896 1068 te
910 1043 1027 1076 reputari
1043 1047 1178 1077 oporteret
1196 1043 1344 1069 secundum
1361 1041 1526 1077 Scripturas.
1547 1042 1580 1069 Et
1596 1043 1656 1069 ideo

870 1089 997 1116 convertit
1018 1097 1066 1115 nos
1082 1089 1188 1116 cautius
1206 1097 1295 1124 agere,
1311 1089 1458 1116 secundum
1473 1089 1545 1123 quod
1561 1089 1656 1116 beatus

869 1134 1016 1169 Apostolus
1031 1138 1132 1167 monet,
1147 1135 1240 1161 dicens
1255 1135 1281 1160 in
1297 1133 1416 1169 Epistula
1433 1142 1513 1169 quam
1531 1134 1586 1170 (88)
1601 1134 1656 1162 Co-

870 1178 1038 1207 lossensibus
1053 1180 1186 1214 scripsit:
1208 1188 1218 1204 σ
1243 1179 1403 1206 Permanete
1427 1181 1454 1207 in
1478 1180 1530 1207 fide
1549 1180 1656 1208 fundati

869 1230 896 1252 et
912 1226 1036 1257 radicati,
1048 1230 1075 1253 et
1087 1224 1240 1252 immobiles
1255 1225 1289 1251 ab
1302 1233 1348 1259 spe
1362 1225 1497 1260 Emngelii
1518 1227 1590 1261 quod
1607 1234 1656 1253 au-

869 1271 987 1298 divimus
1002 1270 1074 1307 (89),
1093 1270 1163 1306 quod
1181 1270 1355 1305 pradicatum
1380 1276 1422 1298 est
1436 1271 1462 1297 in
1485 1272 1558 1298 omni
1578 1279 1655 1299 crea—

870 1322 930 1344 tura
944 1324 1003 1352 qure
1016 1317 1066 1343 sub
1082 1317 1150 1344 coelo
1160 1321 1202 1344 est
1216 1318 1237 1343 ι.
1257 1325 1266 1343 1
1284 1316 1315 1343 ΕΙ.
1326 1324 1435 1344 rursum
1450 1326 1456 1345 :
1477 1327 1485 1343 (
1504 1318 1579 1345 Sicut
1591 1325 1656 1354 ergo

870 1361 1011 1396 accepistis
1024 1360 1161 1388 Christum
1185 1361 1278 1388 Jesum
1294 1361 1438 1388 Dominum
1450 1382 1457 1394 ,
1476 1362 1503 1388 in
1527 1362 1585 1397 ipso
1599 1363 1656 1397 (90)

869 1406 1015 1438 ambulate,
1031 1406 1144 1432 radicati
1167 1409 1194 1432 et
1210 1405 1313 1432 fundati
1334 1413 1416 1440 super
1438 1406 1537 1440 ipsum,
1557 1407 1656 1433 conﬁr-

870 1452 934 1478 mati
958 1451 1019 1483 ﬁde,
1045 1451 1124 1478 sicuti
1146 1451 1217 1478 docti
1232 1452 1309 1485 estis,
1331 1452 1500 1480 abundantes
1513 1453 1539 1479 in
1556 1451 1657 1487 gratia—

871 1505 931 1523 rum
949 1497 1064 1523 actione.
1090 1495 1184 1523 Videte
1207 1504 1240 1523 ne
1261 1497 1322 1531 quis
1336 1505 1382 1524 vos
1395 1498 1526 1532 exspoliet
1537 1504 1585 1532 per
1599 1498 1656 1532 (9f)

869 1542 1069 1577 philosophiam
1096 1546 1122 1568 et
1145 1542 1252 1568 inanem
1279 1542 1485 1575 seductionem,
1505 1544 1655 1571 secundum

868 1588 999 1616 elementa
1023 1588 1126 1621 mundi,
1144 1592 1171 1615 et
1187 1595 1241 1614 non
1264 1588 1413 1614 secundum
1428 1589 1577 1620 Christum,
1593 1591 1656 1624 quia

870 1636 896 1662 in
913 1635 972 1670 ipso
987 1634 1090 1660 habitat
1101 1634 1189 1660 omnis
1205 1633 1344 1667 plenitudo
1358 1627 1470 1661 deitatis
1484 1634 1504 1661 ⁵.
1525 1644 1533 1660 1
1553 1635 1657 1668 Quibus

870 1681 996 1708 omnibus
1014 1680 1050 1707 ita
1071 1680 1211 1714 diligenter
1226 1680 1366 1714 expositis,
1383 1680 1479 1707 beatus
1499 1680 1656 1715 Apostolus,

870 1727 944 1753 velut
965 1730 1040 1760 pater
1053 1725 1127 1756 ﬁliis,
1144 1725 1218 1752 addit
1235 1729 1365 1760 tanquam
1380 1725 1549 1760 signaculum
1571 1728 1657 1762 quod-

871 1773 932 1798 dam
953 1771 1105 1798 testamenti
1127 1771 1220 1797 dicens
1239 1779 1245 1797 :
1271 1779 1280 1796 (
1303 1770 1446 1798 Certamen
1476 1771 1576 1799 bonum
1599 1781 1658 1800 cer-

872 1818 937 1849 tavi,
953 1817 1057 1844 circum
1074 1817 1193 1849 cucurri,
1211 1817 1290 1844 ﬁdem
1308 1817 1423 1844 servavi.
1451 1817 1488 1845 De
1500 1823 1598 1845 caetero
1615 1826 1657 1846 re-

871 1864 957 1898 posita
972 1867 1013 1890 est
1028 1862 1094 1888 mihi
1112 1863 1225 1896 justitiaa
1240 1870 1357 1895 corona,
1380 1871 1462 1897 quam
1480 1864 1574 1891 reddet
1590 1865 1658 1891 mihi

872 1908 1002 1936 Dominus
1027 1908 1055 1934 in
1077 1908 1122 1934 illa
1143 1909 1186 1935 die
1206 1908 1296 1943 justus
1314 1909 1412 1943 judcx:
1435 1917 1488 1936 non
1504 1909 1590 1937 solum
1610 1918 1658 1938 au-

873 1960 925 1983 tem
941 1955 1018 1988 mihi,
1041 1954 1088 1981 sed
1111 1958 1137 1981 et
1161 1954 1287 1981 omnibus
1308 1955 1355 1989 qui
1378 1955 1493 1990 diligunt
1512 1956 1657 1984 adventum

871 2002 930 2037 ejus
946 2001 971 2028 ‘.‘
985 2010 993 2027 1

907 2045 1026 2074 XXXVI.
1048 2045 1158 2073 Nullum
1171 2053 1204 2072 ex
1216 2045 1304 2077 vobis,
1320 2052 1336 2072 ο
1353 2045 1457 2080 Manes,
1474 2047 1595 2074 Galatam
1618 2047 1659 2074 fa-

1533 2120 1540 2135 '
1559 2118 1580 2145 ll
1592 2119 1657 2145 Cor.

1528 2154 1538 2169 ⁶
1552 2154 1572 2180 ll
1586 2154 1656 2181 Tum.

981 2118 1004 2134 ⁸⁸
1017 2118 1117 2152 Ephes.
1135 2126 1177 2151 tit,
1191 2118 1217 2145 8.

945 2153 956 2169 ⁸
969 2152 1075 2181 Coloss.
1095 2161 1114 2185 i,
1128 2154 1173 2180 25.

1256 2119 1278 2134 θ’
1292 2117 1398 2145 Coloss.
1415 2126 1434 2150 i,
1447 2119 1493 2146 9.4.

1221 2153 1231 2169 ⁵
1248 2153 1354 2181 Coloss.
1372 2161 1403 2186 ii,
1415 2154 1475 2180 6-9.

69 2252 125 2286 (81)
147 2251 182 2277 Ita
198 2248 389 2286 etCyprianus
407 2246 590 2286 haudnprocnl
612 2246 646 2272 ab
663 2246 741 2272 initio
756 2246 818 2286 libri
836 2250 856 2277 ι)
870 2245 940 2286 apud
953 2245 1149 2286 Tertullianum
1171 2245 1262 2273 versio
1285 2234 1429 2281 improbat,
1455 2253 1516 2280 quae
1538 2245 1659 2281 Vulgata:

43 2281 78 2314 "Ie'
94 2281 193 2313 unitate
213 2281 354 2315 Ecciésiw,
373 2290 405 2309 ac
428 2283 450 2308 si
478 2281 570 2308 Graeco
589 2286 661 2308 textu
683 2287 754 2308 esset
768 2281 816 2312 ὡς.

43 2323 88 2349 Sed
104 2321 214 2356 Vulgata
235 2325 262 2347 et
286 2318 468 2356 Tertullianus
486 2316 608 2350 pluribus
632 2317 660 2343 in
688 2316 756 2343 locis
779 2316 817 2342 le-

43 2361 113 2391 ;unt,
129 2365 138 2381 (
157 2353 182 2382 in
198 2355 322 2391 angelum
335 2353 414 2380 lucis.
435 2361 444 2377 1
471 2388 476 2391 _
516 2387 524 2391 _
576 2387 591 2391 μ
662 2385 679 2391 Β
734 2386 738 2390 _

69 2385 125 2426 (si)
146 2385 248 2426 Melius
263 2389 376 2423 Vulgata
388 2408 396 2420 ,
428 2387 636 2426 astipulantibus
660 2385 796 2420 Cypriane
808 2405 816 2414 ,

43 2422 193 2458 nimi-bsic,
211 2422 373 2459 Hieronjmo
392 2427 419 2459 et
440 2422 601 2459 Augustino,
628 2430 638 2446 ‹
659 2425 818 2459 convertere

43 2455 209 2496 itangrliuin
227 2455 344 2490 Chrisfi;
356 2468 374 2496 3
391 2458 451 2484 licet
467 2455 648 2484 'lrertullianus
660 2455 722 2496 adu.
742 2455 815 2495 Mm:-

43 2498 74 2522 'io
95 2491 135 2523 εῆι
155 2497 201 2523 lib.
218 2503 256 2526 iv,
280 2501 340 2528 cap.
354 2493 381 2524 ὅ,
396 2502 404 2518 (
432 2497 599 2527 pervertere,
625 2503 635 2519 1
658 2491 755 2524 legisse
776 2491 816 2516 vi-

43 2534 139 2559 luatur.

69 2567 126 2600 (85)
144 2565 236 2593 Graece
255 2567 306 2596 est,
329 2562 424 2596 ἁγίων,
443 2571 452 2587 ε
475 2565 644 2591 sanctorum.
668 2570 677 2586 1
696 2564 726 2586 ut
738 2560 817 2587 habet

43 2601 159 2630 i’ulgata.

70 2627 126 2670 (84)
145 2636 173 2662 111
189 2633 330 2670 (31151110ηῄ
346 2637 488 2667 corruptus
505 2636 545 2659 est
565 2631 609 2658 hic
625 2630 817 2670 locus-,_Iiabvt

49 2665 105 2697 nini
119 2665 134 2695 ’‹
151 2672 183 2696 de
205 2666 312 2696 Persida
335 2665 483 2694 venientem
501 2672 608 2698 monet;
633 2675 642 2691 1
660 2666 707 2692 sed
727 2665 817 2699 legen-

43 2708 108 2735 lutn,
127 2715 136 2730 ε
157 2705 273 2735 Manent,
289 2703 329 2730 vel
344 2705 435 2733 modo,
450 2708 502 2729 etc.
521 2711 530 2728 1

70 2741 126 2776 (55)
147 2741 175 2766 111
191 2739 394 2776 Vulgatajuxta
417 2738 539 2776 Circeium
560 2739 752 2776 textumcsttt
766 2734 818 2776 ’10-

43 2773 186 2811 luéntium,
204 2775 374 2811 habentium,
389 2773 600 2811 prohibentium.
625 2780 634 2796 1
660 2773 714 2811 Aut
738 2773 820 2811 igitur

44 2806 79 2838 iic
105 2806 197 2837 eodem
230 2811 311 2844 modo
335 2806 475 2844 legendum
492 2828 515 2844 ,ν
530 2812 576 2834 aut
605 2806 818 2844 corrigendum,

43 2857 45 2872 l
64 2847 246 2882 prohibentes.
266 2853 276 2869 I
291 2843 342 2871 Sed
365 2843 434 2870 hanc
457 2843 598 2870 lectionem
612 2843 722 2873 antiqua
737 2843 819 2868 etiam

869 2281 921 2307 hac
934 2281 960 2307 in
975 2286 1049 2315 parte
1068 2281 1165 2307 similis
1180 2285 1231 2307 est.

905 2315 961 2350 (86)
978 2315 1010 2342 -ln
1028 2316 1169 2342 Casinensi
1192 2320 1248 2348 est,
1270 2325 1279 2342 r
1298 2316 1330 2342 ad
1348 2315 1553 2349 perﬁciendum.
1574 2325 1583 2341 1
1603 2315 1656 2343 Sed

870 2349 991 2385 Vulgata!
1007 2351 1149 2377 lectionem
1167 2351 1331 2378 substituere
1346 2351 1432 2377 satius
1448 2350 1536 2378 visum
1552 2356 1603 2377 est.

906 2386 962 2421 (87)
984 2385 1070 2412 Verba
1087 2386 1141 2417 illa,
1162 2395 1170 2410 1
1198 2390 1225 2412 et
1250 2386 1309 2413 falsi
1334 2386 1465 2420 apostoli,
1490 2395 1499 2410 1
1526 2385 1560 2411 ab
1575 2386 1659 2412 inter-

869 2425 944 2453 prete
978 2421 1102 2447 Archelai
1135 2421 1258 2447 videntur
1292 2421 1441 2455 adjuncta,
1468 2421 1658 2454 explicationis

869 2463 968 2486 causa;
996 2463 1057 2481 nam
1084 2462 1134 2481 nec
1158 2456 1184 2482 in
1211 2455 1322 2487 Grrcco,
1345 2463 1394 2482 nec
1415 2455 1442 2482 in
1459 2455 1588 2490 Vulgata,
1609 2463 1659 2482 nec

870 2489 1120 2531 apn’iLCvprianum
1135 2491 1256 2524 aliosque
1269 2490 1514 2531 Patrcs‘leguntur.

905 2525 962 2560 (88)
985 2525 1102 2560 νοςυιηη
1116 2534 1127 2550 ι
1143 2533 1235 2559 quam,
1255 2535 1265 2550 1
1281 2533 1331 2552 nos
1344 2526 1508 2557 addidimus,
1523 2525 1560 2551 ita
1576 2531 1658 2551 sensu

869 2564 1006 2596 poscente.
1022 2559 1077 2596 Aut
1092 2559 1172 2590 forte,
1192 2569 1200 2585 (
1219 2561 1332 2596 scripta,
1351 2569 1361 2585 1
1380 2561 1532 2596 legendum.

905 2595 961 2628 (89)
981 2595 1010 2620 ln
1029 2594 1152 2629 Vulgata,
1172 2604 1180 2620 |
1198 2595 1323 2622 audistis.
1344 2605 1353 2620 1

904 2629 959 2663 (90)
979 2629 1016 2656 lla
1032 2628 1162 2663 Vulgata;
1178 2630 1204 2656 in
1218 2630 1311 2658 codice
1327 2635 1416 2657 autem
1438 2629 1579 2656 Casinensi
1597 2628 1660 2663 legi-

868 2669 923 2696 tur,
945 2674 954 2689 I
976 2664 1003 2690 in
1019 2664 1118 2698 ipsum.
1139 2673 1148 2689 1

905 2700 961 2733 (91)
981 2697 1138 2726 Casinensis
1150 2699 1244 2729 codex,
1259 2708 1268 2724 1
1284 2700 1425 2734 exspoliet,
1438 2705 1464 2727 et
1476 2707 1534 2734 per.
1549 2708 1558 2724 1
1574 2697 1655 2734 Cypr.

871 2735 946 2761 initio
962 2734 1022 2760 libri
1042 2734 1077 2760 De
1091 2735 1157 2760 bona
1171 2735 1323 2768 patientiae,
1343 2736 1439 2767 habet,
1459 2745 1468 2760 ι
1490 2735 1658 2769 deprmdettrr

871 2777 918 2803 per
934 2769 1144 2804 philosophiam.
1167 2779 1176 2795 1
1194 2769 1288 2796 Graece
1310 2775 1351 2796 est
1374 2769 1558 2804 cuba-(mydia,
1584 2768 1657 2803 quod

870 2805 982 2831 verbutn
998 2803 1123 2838 Vulgata,
1140 2813 1148 2829 ι
1168 2804 1302 2838 decipiat,
1322 2813 1331 2830 1
1351 2809 1378 2832 et
1391 2804 1520 2836 Tertull.,
1536 2803 1575 2831 De
1589 2810 1657 2839 ρτωυ

871 2840 982 2874 script.,
993 2847 1018 2867 c.
1037 2839 1064 2873 7,
1081 2849 1090 2865 (
1109 2839 1313 2872 circumveniet,
1328 2849 1337 2864 1
1354 2839 1577 2874 interpretantur.
