1848 3043
175 133 188 160 1
194 133 244 160 187

675 132 764 160 ACTA
785 131 1048 160 DlSPUTATIONlS
1069 131 1096 159 S.
1119 131 1288 159 ARCllELAI

1728 131 1793 159 “88

175 191 240 224 cies,
269 199 318 218 nec
329 191 363 218 ita
389 199 438 218 nos
467 190 613 217 transferes
640 190 694 225 (92)
724 199 738 217 a
762 191 813 218 ﬁde
839 190 958 223 Christi;
975 189 1106 220 ANonne
1132 194 1239 225 oportet
1264 194 1290 217 te
1318 189 1493 224 multiplicari
1518 194 1649 224 tanquam
1678 189 1792 223 zizania,

174 236 282 263 etiamsi
305 236 381 270 signa
397 240 424 262 et
447 235 568 270 prodigia
592 235 695 268 facias,
718 235 822 262 etiamsi
839 239 960 261 mortuos

177 283 304 315 suscites,
324 281 429 309 etiamsi
446 282 591 316 imaginem
613 281 690 308 nobis
706 281 782 307 Pauli
796 280 882 315 ipsius
897 279 961 307 aﬁ‘e-

174 336 231 361 ras,
243 327 385 355 anathema
394 335 434 360 es,
447 327 547 354 satana
559 326 613 362 (9'5)
624 327 825 362 ;przescriptum
837 330 878 353 est
888 326 959 352 enim

173 375 208 402 de
222 379 261 408 te;
277 373 428 409 praemoniti
440 377 466 400 et
477 373 629 408 prazstructi
644 380 737 400 sumus
749 380 764 399 a
777 372 878 399 sanctis
890 371 960 398 Scri-

173 421 268 456 ptnris.
287 419 342 447 Vas
353 427 383 447 es
397 419 566 450 Antichristi,
579 423 606 445 et
620 426 707 452 neque
721 419 822 445 bonum
838 426 896 449 vas,
912 418 960 445 sed

172 465 310 493 sordidum
325 469 352 492 et
366 465 517 500 indignum.
539 465 611 500 quod
627 465 671 491 ille
688 463 758 491 sicut
777 463 874 498 aliquis
893 463 958 490 bar-

171 511 255 547 barus
267 511 308 537 vel
323 515 464 546 tyrannus,
481 518 543 537 cum
560 510 586 536 in
601 517 650 537 eos
661 509 707 545 qui
730 510 780 537 sub
798 509 885 544 legum
902 509 958 544 (91)

169 559 275 594 justitia
297 559 417 594 degunt,
441 564 554 586 conatur
576 559 701 592 irruere,
728 558 858 593 praemisit
881 559 957 593 prius

170 609 300 640 tanquam
317 604 397 631 morti
408 604 584 637 destinatum,
601 606 632 631 ad
646 603 839 639 explorandum
856 609 958 638 quanta

169 656 197 679 et
211 651 299 686 qualis
319 651 353 678 sit
369 651 481 686 legitimi
502 651 574 685 regis
600 650 687 677 virtus
709 658 741 677 ac
767 650 858 685 populi
877 659 883 677 :
900 651 958 684 ipse

169 694 241 722 enim
261 695 417 730 inopinatus
434 695 536 721 irruere
547 695 694 730 pertimuit,
710 695 755 722 sed
770 702 857 729 neque
874 695 957 722 alium

168 747 201 767 ex
226 740 387 767 necessariis
409 740 475 767 viris
495 740 602 767 ruittere
625 741 708 767 ullum
734 748 817 767 ausus
839 744 898 773 est,
924 748 958 768 ne

167 786 232 821 quid
267 790 403 821 pateretur
432 786 548 813 adversi.
586 785 678 813 Talem
712 791 738 813 te
775 787 874 819 nobis,
906 786 957 814 sub

167 832 240 859 bono
263 837 290 859 et
309 836 403 858 sancto
426 840 487 866 rege
507 832 621 867 positis,
639 832 712 859 velrrt
736 832 816 859 morti
836 832 956 859 destina-

1012 243 1151 270 usquequo
1179 237 1222 262 ille
1245 236 1302 270 ipse
1326 243 1441 270 magnus
1464 240 1544 270 pater
1569 239 1632 262 tuus
1658 236 1793 267 adveniat,

1011 281 1147 308 suscitans
1163 286 1294 314 mortuos,
1312 289 1381 316 pene
1407 288 1495 315 usque
1515 280 1549 307 ad
1567 281 1719 315 gehennam
1741 289 1794 308 orn.

1011 335 1059 354 nes
1081 335 1247 363 persequens
1269 328 1317 363 qui
1343 327 1394 354 sibi
1426 327 1617 362 obtemperare
1645 327 1794 360 noluerint,

1010 373 1142 407 plurimos
1159 374 1298 401 deterrerrs
1323 373 1485 408 arrogantiae
1509 376 1585 399 metu
1606 380 1663 407 quo
1679 378 1721 400 est
1744 373 1795 407 ipse

1010 419 1204 453 circumdatus,
1222 419 1282 447 aliis
1296 419 1428 446 adhibens
1442 419 1542 450 minas,
1559 419 1654 446 vultus
1671 418 1714 445 sui
1733 426 1794 446 con-

1009 466 1135 492 versione
1158 469 1184 492 et
1207 465 1439 492 circumductione
1461 465 1608 492 ludiﬁcans
1629 474 1636 491 :
1661 464 1708 491 sed
1731 465 1794 491 ultra

1009 518 1063 538 non
1079 510 1199 545 proﬁciet
1210 511 1231 544 ’ς
1248 510 1402 545 insipientia
1418 511 1490 537 enim
1508 511 1568 545 ejus
1591 510 1723 536 omnibus
1741 517 1795 544 per»

1010 557 1117 592 vulgata
1133 556 1194 589 erit,
1215 557 1285 585 sicut
1301 556 1410 584 Jamnes
1423 562 1449 583 et
1466 556 1616 583 Marnbres.
1633 555 1744 582 Iudices
1755 556 1794 582 di-

1008 607 1102 629 xerunt
1116 610 1125 629 :
1144 601 1219 630 Sicut
1233 610 1265 630 ex
1279 607 1307 629 te
1319 602 1512 636 comperimus,
1529 607 1663 636 tanquam
1679 602 1794 636 apostolo

1008 648 1092 676 Paulo
1114 649 1235 680 dicente,
1253 649 1372 684 [insuper
1393 647 1474 674 etiam
1500 647 1534 674 ab
1559 646 1710 681 Evangelia
1735 654 1794 680 pra:—

1008 695 1145 722 scribente
1161 695 1227 722 nulli
1244 694 1290 721 alii
1306 701 1381 728 aeque
1398 694 1424 720 in
1439 698 1577 728 posterum
1591 693 1650 726 (99)
1668 693 1794 727 przebetur

1007 741 1147 776 ingressus
1164 741 1198 767 ad
1218 740 1431 775 praedicandum,
1446 739 1488 766 vel
1511 739 1682 771 docendum,
1704 738 1745 764 vel
1765 738 1793 764 ad

1007 787 1257 821 evangelizaudum,
1269 786 1311 812 vel
1326 785 1544 821 prophetandum
1558 785 1584 811 in
1598 785 1651 811 hac
1665 784 1722 810 vita
1733 783 1795 809 dun-

1008 837 1094 865 taxat,
1112 832 1163 859 nisi
1180 832 1250 859 forte
1266 831 1352 859 falsus
1367 831 1499 866 propheta
1516 831 1663 862 habeatur,
1679 834 1728 855 aut
1748 828 1794 855 fal-

167 880 238 910 tum,
263 885 308 904 rex
327 882 390 904 tuus
406 864 537 911 prmirrisit
554 877 746 905 Anticlrristus.
767 877 799 904 Et
822 877 879 904 haec
898 878 956 912 qui-
973 864 993 891 Β
1007 885 1054 905 sus
1073 864 1207 904 Christus.
1234 876 1310 903 Unde
1335 864 1396 903 cum
1418 864 1523 902 dixeris
1550 875 1578 901 in
1606 873 1695 900 Paulo
1717 872 1794 900 fuisse

167 923 229 949 dem
251 930 304 949 non
327 923 495 958 inexplorata
517 924 684 958 proloquor;
714 924 760 951 sed
782 932 815 951 ex
834 931 866 950 eo
883 923 954 958 quod

167 968 269 995 nullam
294 973 320 996 te
345 969 423 996 video
448 968 537 996 facere
557 969 696 1001 virtutem,
715 969 750 995 ita
764 969 797 996 de
811 973 837 996 te
855 969 952 996 sentio.

166 1013 244 1041 Illum
270 1014 341 1041 enim
365 1019 392 1041 et
416 1014 442 1040 in
469 1014 593 1049 angelum
608 1015 677 1042 lucis
694 1014 953 1048 transforrnandum,

167 1067 195 1090 et.
210 1062 351 1090 ministros
365 1063 424 1097 ejus
443 1063 510 1090 tales
524 1063 688 1090 adventuros
705 1063 910 1097 prrenoscimus,
928 1068 954 1089 et

167 1109 243 1144 signa
264 1113 287 1135 et
307 1108 427 1144 prodigia
449 1109 586 1140 facturos,
614 1109 649 1136 ita
669 1113 706 1140 ul,
724 1110 746 1136 si
760 1109 889 1143 possibile
907 1109 953 1142 sit,

165 1155 247 1182 etiam
268 1155 345 1182 electi
371 1155 535 1182 seducantur
556 1155 577 1181 ⁷.
606 1155 673 1188 Quis
697 1163 762 1189 ergo
783 1163 813 1182 es
837 1159 884 1188 tu,
907 1155 952 1190 qui

167 1210 254 1236 neque
267 1202 450 1229 necessarium
465 1202 582 1236 aliquem
599 1201 687 1228 locum
707 1201 823 1228 sortitus
836 1209 865 1228 es
879 1209 893 1227 a
905 1209 953 1235 pa-

165 1251 207 1274 tre
236 1251 282 1274 trro
305 1247 423 1274 Satana?
449 1246 515 1274 Nam
545 1254 624 1282 quem
655 1251 792 1274 mortuum
819 1247 954 1274 suscitas?

166 1293 238 1327 quod
263 1292 424 1327 proﬂuvium
449 1293 589 1327 sanguinis
612 1292 702 1320 sistis?
723 1292 796 1326 Quos
820 1293 876 1320 lntn
896 1292 952 1328 (95)

166 1338 228 1365 eieci
245 1337 339 1364 oculos
354 1337 466 1364 illinitos
481 1338 572 1364 videre
588 1337 675 1364 facis?
693 1336 808 1369 Quando
829 1338 952 1365 esurien-

164 1386 219 1408 tem
233 1381 338 1407 turbam
351 1382 444 1415 paucis
460 1381 575 1416 panibus
591 1381 698 1408 reﬁcis?
714 1381 762 1408 Ubi
778 1390 858 1416 super
869 1390 952 1417 aquas

165 1426 278 1458 incedis,
294 1431 341 1452 aut
356 1426 417 1461 quis
441 1431 466 1453 te
490 1426 556 1453 vidit
577 1434 610 1453 ex
634 1427 675 1454 Iris
692 1427 737 1462 qui
756 1427 782 1454 in
801 1427 952 1455 Jerusalem

165 1471 307 1498 habitant?
328 1470 410 1498 Persa
431 1471 563 1503 barbare,
586 1479 639 1498 non
664 1471 820 1499 Grzecorum
842 1473 952 1507 linguae,

164 1525 219 1544 non
234 1517 434 1552 Egyptiorum,
451 1525 505 1544 non
529 1517 726 1551 Romanorum,
742 1527 796 1545 non
817 1519 898 1546 ullius
913 1519 952 1546 al-
964 1534 986 1562 ο

164 1563 249 1590 terius
263 1564 362 1598 lingua:
379 1563 520 1590 scientiam
539 1563 637 1591 habere
657 1564 785 1598 potuisti;
802 1565 849 1592 sed
867 1564 949 1592 Chal-

163 1608 283 1635 daeorum
299 1607 354 1643 (96)
371 1607 471 1640 solum,
494 1616 555 1642 quae
578 1617 611 1635 ne
631 1608 658 1635 in
675 1616 817 1636 numerum
840 1611 949 1644 quidem

163 1653 280 1686 aliquem
298 1654 422 1685 ducitur;
448 1654 552 1680 nullum
577 1654 659 1680 alium
679 1655 831 1688 loquentem
856 1657 950 1684 audire

164 1704 251 1734 potes.
268 1698 325 1725 Non
344 1700 381 1725 ita
399 1698 515 1733 Spiritus
532 1704 652 1731 sarrcttts,
673 1700 743 1727 absit
760 1701 811 1727 hoc
829 1702 947 1729 malum!

162 1743 209 1770 sed
230 1743 357 1770 omnibus
379 1743 489 1776 dividit,
515 1748 542 1770 et
568 1743 659 1770 omnia
682 1743 835 1778 linguarum
851 1753 949 1780 genera

164 1787 249 1820 novit,
265 1793 291 1814 ct
306 1788 427 1823 agnoscit
445 1789 580 1821 universa,
599 1794 626 1815 et
643 1789 770 1816 omnibus
786 1790 878 1816 omnia
892 1790 949 1817 cﬂi-

163 1835 246 1866 citur,
261 1835 297 1861 ita
312 1840 340 1861 ut
354 1843 415 1861 eurn
432 1835 512 1861 etiam
530 1834 620 1862 cordis
634 1835 751 1870 cogitata
768 1843 822 1862 non
836 1836 945 1863 lateant.

162 1880 233 1913 Quid
248 1881 318 1906 enirn
334 1881 400 1908 dicit
420 1879 578 1916 Scriptura?
592 1881 656 1916 quia
674 1882 860 1917 unusquisque
882 1890 947 1917 pro-

162 1925 221 1959 pria
242 1933 290 1951 sua
310 1925 402 1960 lingua
422 1925 549 1952 audiebat
565 1932 613 1959 per
630 1924 799 1952 Paracletum
817 1925 946 1960 Spiritum

162 1971 305 2005 loquentes
331 1971 467 2006 apostolos
486 1971 506 1998 ⁸.
532 1971 584 1998 Sed
608 1971 672 2006 quid
698 1971 814 2006 amplius
835 1971 948 2000 dicabo?

161 2016 248 2044 Barba
263 2016 319 2052 (97)
335 2018 462 2045 sacerdos
479 2017 593 2049 Mithrae,
608 2022 634 2044 et
645 2017 773 2051 collusor,
789 2017 873 2045 solem
888 2023 949 2045 tarr-

159 2069 216 2090 tum
236 2063 309 2091 coles
328 2063 454 2090 Mithram
472 2063 594 2090 locorum
611 2064 790 2098 mysticorum
810 2063 947 2090 illumina-

161 2113 246 2135 torem
262 2107 328 2144 (98),
349 2112 378 2135 ut
395 2108 528 2143 opinaris,
544 2113 571 2135 et
588 2108 741 2140 conscium,
754 2108 806 2134 hoc
821 2108 946 2142 estquod

158 2155 228 2188 apud
244 2162 291 2182 eos
305 2155 392 2185 ludes,
410 2159 437 2181 et
459 2159 588 2189 tanquam
604 2154 714 2188 elegans
730 2153 820 2180 nrinus
835 2161 946 2188 perages

1004 923 1187 956 Paraclctum,
1216 928 1243 950 et
1267 923 1353 958 ipsum
1382 923 1473 948 omnia
1501 921 1697 955 consignasse,
1716 927 1793 954 quare

1004 970 1090 997 dixit:
1107 979 1116 996 ι
1132 969 1170 996 Ex
1187 973 1265 1004 parte
1278 967 1389 1001 scim'us,
1405 972 1431 994 et
1444 975 1475 994 ex
1490 972 1566 1001 parte
1580 966 1792 1001 prophetarnns;

1003 1023 1064 1043 cum
1083 1020 1173 1042 autem
1194 1014 1298 1042 venerit
1316 1014 1388 1049 quod
1412 1013 1564 1048 perfectum
1588 1017 1652 1044 est,
1678 1012 1704 1039 id
1729 1012 1791 1046 quod

1004 1069 1037 1089 ex
1055 1065 1132 1096 parte
1147 1065 1188 1088 est
1209 1061 1364 1088 destruetur
1386 1059 1408 1075 “
1424 1069 1431 1086 τ
1449 1068 1458 1084 ι
1484 1066 1567 1093 quem
1592 1058 1678 1085 alium
1705 1065 1792 1092 exspe-

1003 1112 1090 1139 ctans,
1109 1106 1161 1133 hoc
1177 1106 1262 1133 dixit?
1275 1105 1353 1139 Quod
1370 1105 1393 1132 si
1406 1105 1463 1139 ipse
1475 1104 1624 1131 conﬁtetur
1638 1109 1792 1138 exspectare

1003 1160 1034 1180 se
1051 1152 1169 1186 aliquem
1182 1151 1348 1186 perfectum;
1365 1155 1392 1177 et
1406 1150 1429 1177 si
1446 1150 1540 1177 venire
1553 1149 1676 1184 aliquem
1691 1155 1793 1175 necrsse

1003 1202 1059 1228 est.
1076 1197 1189 1224 ostende
1203 1197 1281 1224 nobis
1296 1196 1328 1223 de
1342 1203 1397 1230 quo
1412 1195 1505 1222 dicat?
1527 1203 1561 1222 ne
1584 1194 1657 1221 forte
1681 1195 1708 1221 in
1729 1195 1793 1220 hunc

1002 1243 1127 1270 videatur
1139 1243 1190 1270 iste
1205 1249 1296 1270 sermo
1311 1249 1462 1274 recurrere,
1473 1245 1524 1268 aut
1537 1241 1563 1267 in
1578 1248 1643 1267 eum
1661 1240 1709 1275 qui
1726 1239 1792 1266 misit

1002 1290 1089 1322 illum,
1106 1288 1245 1321 Satanam,
1259 1288 1330 1316 sicut
1355 1292 1381 1315 tu
1406 1287 1486 1315 dicis.
1510 1286 1539 1314 Si
1566 1287 1642 1315 enim
1661 1285 1791 1313 conﬁteris

1003 1339 1145 1361 venturum
1160 1341 1220 1361 esse
1232 1333 1305 1368 quod
1321 1332 1471 1368 perlectum
1488 1336 1542 1366 est,
1555 1339 1612 1359 non
1628 1336 1721 1367 potest
1736 1339 1790 1358 esse

1003 1379 1136 1412 Satanas;
1153 1379 1176 1408 si
1197 1384 1287 1407 autem
1310 1378 1440 1406 Satanam
1461 1383 1620 1413 exspectas,
1636 1386 1693 1405 non
1712 1382 1790 1412 potest

1004 1434 1065 1454 esse
1083 1425 1245 1460 perfectum.

1038 1471 1169 1498 XXXVII.
1188 1471 1331 1498 Archelaus
1343 1470 1412 1498 dixit
1425 1479 1434 1497 :
1448 1470 1586 1503 Quoniam
1601 1478 1659 1498 non
1674 1471 1734 1498 sine
1744 1470 1790 1496 Deo

1003 1517 1073 1544 dicta
1092 1521 1155 1544 sunt
1168 1523 1228 1551 quae
1245 1524 1259 1542 a
1278 1516 1356 1543 beato
1373 1515 1457 1542 Paulo
1471 1516 1579 1550 prolata
1595 1520 1674 1547 sunt,
1695 1520 1790 1542 eertum

1002 1567 1053 1594 est,
1068 1562 1140 1597 quod
1157 1561 1299 1589 Dominum
1319 1566 1443 1589 nostrum
1459 1560 1554 1588 Jesnm
1565 1561 1712 1588 Christum
1722 1561 1791 1586 dixe-

1002 1607 1037 1634 rit
1048 1607 1260 1641 erspectandum
1275 1614 1336 1633 esse
1348 1605 1509 1641 perlectum.
1527 1606 1574 1640 qui
1589 1606 1670 1632 solus
1687 1605 1791 1632 Patrem

1002 1652 1091 1685 novit,
1105 1657 1132 1679 et
1153 1652 1197 1679 cui
1218 1652 1334 1679 voluerit
1347 1651 1468 1678 revelare
1483 1652 1516 1684 “,
1539 1651 1611 1678 sicut
1625 1658 1744 1685 possum
1764 1657 1791 1676 ex

1001 1698 1091 1725 verbis
1106 1698 1193 1733 ipsius
1209 1698 1408 1724 demonstrare.
1428 1696 1480 1723 Sed
1497 1697 1574 1731 quia,
1598 1704 1665 1723 cum
1694 1696 1791 1723 venerit

1000 1743 1074 1778 quod
1090 1743 1239 1778 perfectum
1255 1748 1308 1776 est,
1325 1743 1479 1770 destruetur
1506 1742 1533 1769 id
1560 1742 1635 1777 quod
1663 1750 1696 1768 ex
1723 1748 1793 1776 parte

1000 1794 1056 1822 est;
1076 1790 1127 1816 iste
1141 1797 1205 1817 vero
1221 1797 1282 1817 sese
1300 1793 1438 1816 asseverat
1450 1795 1511 1815 esse
1529 1787 1708 1822 perfectum;
1732 1788 1791 1822 quid

999 1835 1133 1863 destruxit
1154 1836 1279 1863 ostendat
1300 1845 1305 1862 :
1325 1835 1398 1870 qrrod
1424 1834 1497 1862 enim
1521 1834 1696 1867 destruetur,
1722 1834 1791 1869 igno-

1001 1881 1089 1909 rantia
1105 1886 1146 1909 est
1164 1889 1225 1916 quae
1242 1882 1269 1908 in
1287 1881 1366 1908 nobis
1378 1885 1429 1908 est.
1447 1880 1524 1908 Dicat
1538 1880 1634 1916 igitur,
1660 1881 1729 1916 quid
1751 1880 1791 1908 de-

999 1927 1109 1959 struxit,
1134 1927 1199 1961 quid
1222 1927 1249 1954 in
1267 1927 1392 1955 notitiam
1413 1927 1547 1963 pretulit?
1564 1926 1593 1954 Si
1617 1928 1686 1962 quid
1709 1927 1793 1954 facere

998 1976 1095 2008 potest,
1113 1971 1203 2005 faciat,
1218 1979 1247 2000 ut
1266 1974 1341 2001 credi
1357 1974 1381 2001 ei
1397 1973 1503 2008 possit?
1518 1972 1618 2000 Sermo
1643 1980 1713 2000 vero
1736 1974 1791 2004 iste,

998 2023 1128 2052 quantarrr
1145 2018 1244 2045 habeat
1258 2019 1396 2051 virtutem,
1421 2019 1444 2046 si
1458 2019 1580 2053 potuerit
1594 2018 1744 2053 diligenter
1757 2018 1792 2043 in-

998 2064 1093 2099 telligi,
1109 2065 1146 2091 ita
1162 2064 1270 2091 demum
1287 2065 1359 2092 credi
1374 2065 1473 2099 poterit
1494 2064 1537 2091 his
1551 2072 1615 2099 quae
1633 2072 1651 2091 a
1670 2071 1715 2091 me
1737 2064 1790 2090 [ue-

1000 2110 1057 2137 rirrt
1070 2115 1185 2137 asserta.
1201 2110 1284 2145 Igitur
1301 2111 1327 2137 in
1344 2110 1430 2145 prima
1445 2110 1479 2137 ad
1494 2110 1660 2137 Corinthios
1673 2109 1789 2144 Epistula

1000 2155 1058 2182 hzcc
1082 2155 1148 2182 dicit
1170 2155 1272 2182 Paulus
1291 2156 1325 2183 de
1341 2154 1476 2190 perfecto,
1493 2155 1542 2190 qui
1569 2159 1708 2182 venturus
1732 2159 1787 2180 est:

160 2200 299 2234 mysteria.
318 2199 417 2227 Verum
430 2200 495 2235 quid
510 2207 560 2234 ego
574 2200 632 2226 haec
644 2199 818 2233 indignanter
828 2200 948 2233 accipio?
964 2199 985 2225 Ι)
1003 2210 1012 2226 ι
1029 2201 1092 2228 Sive
1112 2201 1261 2236 prophetiae
1283 2201 1466 2232 destruentur,
1491 2201 1549 2227 sive
1572 2200 1680 2235 linguae
1703 2206 1788 2228 cessa-

195 2268 206 2283 ⁷
220 2266 315 2294 Matth.
335 2276 407 2300 xxrv,
424 2269 468 2295 24.
508 2269 518 2283 ⁸
539 2269 597 2296 Act.
614 2276 644 2300 rt,
660 2268 686 2296 6.

193 2327 249 2361 (92)
267 2327 297 2362 Vln
312 2327 408 2354 eodem
424 2327 517 2354 codice
528 2327 849 2362 corruptissimelegitur,
868 2337 877 2352 ι
893 2327 946 2355 Ga-

158 2348 249 2389 latarn’
263 2361 345 2389 facies
362 2363 425 2389 vicit
439 2348 709 2393 :“oviros'tr:zrsyferas:
719 2348 943 2389 vrwﬁoslr’nodTea

108 2408 112 2411 ·
158 2397 306 2424 mutatione
318 2397 406 2423 locum
422 2397 494 2423 hunc
506 2398 649 2424 restituere
662 2397 751 2424 certati
766 2405 871 2424 surntrs.

193 2432 250 2464 (95)
271 2431 303 2458 Ει
324 2432 368 2458 hic
388 2432 456 2458 rrrirc
469 2431 632 2466 depravatus
647 2437 688 2459 est
711 2432 781 2458 idem
800 2433 895 2465 codex,
917 2432 943 2458 in

157 2475 210 2501 quo
228 2466 335 2500 legitur,
359 2475 368 2492 ι
392 2467 535 2493 anatherrra
549 2475 608 2494 esse
630 2474 692 2493 ana.
713 2476 722 2492 ι
742 2466 783 2492 An
797 2472 876 2501 (recte
895 2475 944 2493 nos

158 2501 392 2529 erncndavcrirnus
402 2502 544 2528 doctorum
555 2501 764 2535 estojudiciurn.
782 2500 845 2528 Vide
861 2502 942 2529 etiarn

158 2545 190 2562 an
207 2537 395 2568 corrigendum
411 2536 456 2568 sil,
475 2545 484 2561 ί
504 2537 646 2563 anathema
667 2545 696 2563 es
712 2542 739 2563 et
750 2538 918 2563 rnararratlra.
934 2546 942 2562 ι

195 2571 250 2604 (91)
272 2571 336 2598 Vide
351 2579 395 2604 an,
415 2580 424 2596 α
443 2579 547 2605 regum.
566 2581 575 2597 ι

195 2607 250 2641 (95)
269 2605 297 2632 ln
315 2606 469 2638 Casinensi,
486 2616 494 2631 ‹
512 2606 583 2641 quod
599 2606 667 2633 luto.
686 2616 694 2631 ι

197 2640 253 2674 (96)
273 2641 461 2668 Chaldaeorum
477 2642 609 2676 siquidem
622 2641 740 2675 linguam
755 2641 873 2676 Syriaca:
886 2641 945 2667 dia-

160 2675 257 2711 lectnrn
276 2684 336 2703 esse
356 2677 437 2703 tradit
457 2675 646 2711 Abulfaragius
670 2678 697 2702 in
715 2675 836 2702 Historia
860 2677 944 2710 dyna-

159 2710 281 2746 stiarnm,
297 2719 357 2746 pag.
375 2712 418 2738 11.

197 2745 251 2780 (97)
267 2745 304 2772 Ita
317 2745 343 2772 in
355 2746 446 2774 codice
458 2745 612 2776 Casinensi,
629 2746 701 2780 quod
714 2751 802 2773 tamen
820 2746 941 2773 nonnulli

160 2780 276 2808 fortasse
300 2782 495 2808 emendandum
522 2787 646 2815 putarent
669 2781 720 2808 hoc
741 2787 831 2815 pacto.
854 2791 862 2806 ι
877 2782 941 2816 quid

159 2816 276 2850 amplius
291 2816 394 2842 dicam?
405 2816 533 2843 Barbare.
549 2826 557 2841 ι
573 2815 625 2842 Sed
640 2817 695 2842 lieri
708 2821 807 2850 patest,
820 2821 850 2843 ut
861 2815 942 2842 verbo

162 2860 172 2877 ‹
187 2852 278 2879 dicare
294 2860 302 2877 r
324 2858 390 2878 usus
405 2851 440 2878 sit
459 2851 536 2879 rudis
555 2851 686 2885 interpres
703 2859 752 2886 pro
768 2851 941 2886 contendere,

725 2270 735 2285 ν
755 2267 776 2294 ll
790 2267 861 2295 Tim.
879 2277 919 2302 rrr,
935 2269 962 2302 8,
978 2270 1004 2297 9.

1044 2270 1065 2286 ¹⁰
1083 2269 1094 2296 l
1110 2269 1173 2297 Cor.
1197 2277 1256 2302 xrn,
1274 2270 1300 2303 9,
1317 2269 1361 2303 10,
1399 2269 1418 2285 ἰ
1439 2269 1533 2296 Matth.
1556 2277 1602 2302 xr,
1620 2269 1669 2297 9.7.

999 2328 1088 2355 dicam
1106 2328 1225 2361 trahere,
1243 2327 1284 2355 vel
1301 2327 1419 2355 dicacem
1436 2335 1507 2354 esse.

1032 2363 1088 2399 (98)
1109 2363 1174 2396 Quae
1188 2369 1348 2398 sequuntur,
1365 2363 1464 2399 nOstris
1477 2361 1649 2399 coniecturis
1665 2361 1785 2388 emenda-

997 2397 1101 2431 virnus;
1121 2406 1182 2424 nam
1199 2397 1230 2424 in'
1242 2398 1386 2425 Casinerrsi
1405 2397 1498 2424 codice
1514 2397 1559 2423 hic
1576 2398 1648 2423 mire
1663 2402 1785 2430 corrupto

996 2434 1134 2465 scribitur,
1153 2442 1161 2458 ‹
1178 2433 1297 2460 locorum
1319 2433 1510 2467 mysteriorum
1534 2432 1783 2458 illunrirratorenr.r

996 2468 1068 2501 Mox,
1085 2478 1093 2492 ‹
1113 2468 1182 2502 apud
1200 2475 1247 2495 eos
1272 2465 1354 2494 ludis.
1369 2477 1378 2492 ›
1394 2466 1426 2492 Et
1450 2465 1532 2497 infra,
1549 2476 1558 2491 ι
1573 2467 1723 2494 adveniat?
1744 2474 1785 2492 su-

997 2504 1098 2531 scitans
1117 2502 1258 2529 mortuos?
1273 2509 1342 2536 pene
1366 2510 1452 2536 usque
1472 2502 1505 2527 ad
1523 2502 1683 2536 gehennam
1699 2508 1785 2528 omnes

998 2545 1174 2573 persequens,
1192 2539 1238 2572 qui
1255 2538 1277 2564 si
1302 2542 1330 2563 ut
1346 2541 1536 2573 ohturrrper'are
1554 2538 1687 2568 noluerit,
1707 2537 1783 2573 pluri-

1000 2570 1058 2599 inos
1074 2570 1211 2599 deterrens
1227 2573 1389 2606 arrogantia:
1406 2577 1490 2598 metu.
1505 2570 1586 2603 Quod
1602 2577 1645 2598 est
1667 2573 1724 2606 ipse
1739 2571 1783 2597 cir-

998 2608 1151 2640 cumdatus,
1172 2608 1232 2634 aliis
1250 2608 1356 2634 adhibet
1380 2607 1468 2633 minus
1493 2608 1588 2633 vultus
1609 2609 1652 2633 sui
1679 2613 1784 2633 conver-

997 2643 1074 2670 sione
1088 2642 1265 2669 eircnmdatio
1278 2642 1405 2669 ludiﬁcat.
1420 2641 1485 2673 Sed,
1502 2651 1511 2666 ›
1526 2647 1580 2668 etc.
1596 2641 1692 2669 Matres
1703 2646 1783 2668 autem

998 2682 1126 2712 tanquam
1142 2677 1246 2705 Mithra:
1270 2678 1397 2704 sacerdos
1421 2678 1589 2707 traducitur,
1615 2678 1682 2712 quia
1707 2682 1782 2703 autem

997 2713 1195 2739 venerabantur
1211 2713 1362 2743 Maniclrmi,
1379 2717 1408 2738 ut
1423 2712 1489 2738 alibi
1507 2713 1638 2739 ostendo.

1032 2747 1087 2782 (99)
1108 2747 1135 2774 In
1160 2747 1302 2774 Casinensi
1326 2751 1378 2779 est,
1397 2757 1406 2783 ι
1425 2747 1493 2783 nulli
1514 2747 1571 2773 alio
1594 2753 1680 2783 atque
1702 2750 1783 2783 pos“:~

996 2790 1073 2815 runt;
1094 2792 1103 2807 ι
1128 2790 1207 2817 quem
1233 2783 1338 2815 locum,
1365 2782 1403 2809 uti
1432 2782 1539 2809 editum
1563 2787 1609 2810 est
1635 2781 1782 2817 degentium

995 2825 1099 2845 CCIISUl.
