1848 3043
36 115 103 142 I489

581 118 654 146 CUM
674 117 813 145 MANETE
833 118 1099 148 HERESIARCIIA.

1592 124 1660 151 “90

36 175 112 204 mut,
130 172 190 199 sive
209 172 322 200 scientia
339 173 510 208 destruetur;
526 183 558 202 ex
580 180 656 210 parte
675 175 747 202 enint
770 176 825 203 sci—
840 178 863 206 Λ
911 177 1056 206 XXXVIII.
1078 178 1111 205 Et
1134 186 1183 214 ego
1206 179 1315 214 quidem
1332 180 1456 209 heatilico
1483 180 1659 214 Marcionem,

39 225 106 247 nus,
119 221 148 244 et
163 225 195 244 ex
212 223 288 252 parte
309 220 512 254 prophetamus.
528 220 596 248 Cum
614 225 704 248 autem
720 222 823 248 venerit

36 263 104 297 luod
119 262 269 297 perfectum
290 269 346 298 est,
363 265 389 292 id
405 265 477 300 quod
490 274 523 293 ex
536 271 611 301 parte
625 271 676 299 est,
699 267 822 294 destrue-

36 317 76 335 ,nr
89 309 123 336 ¹¹.
140 319 149 335 ι
165 308 231 337 Vide
244 318 308 346 ergo
321 318 450 346 quantam
466 313 494 338 in
509 320 570 339 sese
585 312 682 339 habeat
696 312 822 339 virtutem

36 354 106 388 ιιιοά
121 354 272 390 perfectum
296 361 355 390 est,
373 361 400 384 et
416 357 495 392 cujus
519 358 554 385 sit
569 358 672 385 ordinis
690 358 740 385 ista
763 366 823 393 per-

36 397 124 425 ’ectio.
144 398 221 427 Dicat
245 405 333 428 autem
353 402 403 429 iste
419 410 500 437 quam
522 403 686 431 destruxerit
706 404 823 439 prophe-

36 443 98 470 .iam
113 443 269 472 Iudaeorum
284 455 316 474 ac
328 446 514 481 Hebraeorum,
529 457 576 476 seu
592 449 629 485 (l)
644 449 750 485 linguas
765 457 823 476 ces—

36 497 93 517 iare
110 489 172 517 fecit
188 490 355 524 Grecorum,
370 498 417 521 aut
433 501 527 521 eorum
549 495 595 529 qui
619 495 690 522 idola
714 496 821 528 colunt,

36 536 72 562 vel
97 544 159 571 quae
179 538 230 565 alia
251 539 377 574 dogmata
399 541 545 572 destruxit,
567 541 760 575 Valentiniani,
777 547 823 568 aut

36 580 190 615 llarciouis,
212 588 259 610 aut
279 583 402 617 Tatiani,
417 591 464 613 aut
477 586 586 613 Sabellii
609 592 823 621 creterorumque

36 627 79 661 lui
97 629 234 663 propriam
251 630 430 666 sibimetipsis
442 632 583 659 scientiam
598 637 820 668 composuerunt.

36 671 119 705 Quem
138 674 237 701 horum
255 675 398 710 destruxit,
413 676 495 708 dicat.
508 682 556 704 aut
568 678 677 713 quando
691 678 821 710 destruet,

36 719 111 753 [uasi
128 719 283 754 perfectus?
300 721 426 749 lnducias
441 722 566 751 fortassis
583 724 688 759 aliquas
708 725 824 760 qurerit?

36 764 90 792 Ἷοιι
105 765 196 800 plane,
214 773 268 793 non
284 771 338 794 tam
356 768 395 803 (2)
410 769 528 796 obscure
548 775 575 796 et
597 770 753 804 ignobiliter
773 771 822 798 ad-

36 811 122 838 veniet
134 812 188 845 ille,
205 813 253 847 qui
271 813 406 848 perfectus
418 820 479 849 est,
495 816 521 843 id
538 821 580 844 est
599 816 678 845 Jesus
696 817 822 845 Christus

875 229 901 249 et
917 222 1134 251 Valentinianum
1147 225 1197 261 (5),
1219 233 1251 252 ac
1271 225 1416 254 Basilidem
1436 227 1558 262 aliosque
1575 227 1660 256 haere-

875 269 956 300 ticos,
978 270 1017 296 sic
1035 274 1065 296 ut
1077 270 1155 297 istius
1176 271 1378 306 comparatione
1395 272 1444 307 (6),
1462 273 1508 307 qui
1526 273 1599 300 velut
1619 274 1661 300 in—

875 315 981 342 tellectu
997 316 1089 351 aliquo
1112 316 1154 343 usi
1171 321 1244 350 sunt,
1268 318 1315 352 qui
1332 318 1456 345 videntur
1477 318 1529 345 sibi
1551 326 1660 346 omnem

875 359 1042 394 Scripturam
1068 368 1149 395 posse
1176 361 1341 397 intelligere,
1367 367 1394 390 et
1418 362 1454 389 ita
1482 371 1512 390 se
1535 363 1660 390 ductores

874 409 1027 432 statuerunt
1043 405 1076 433 iis
1092 406 1138 440 qui
1164 406 1202 441 (7)
1221 414 1250 434 se
1269 407 1363 434 audire
1383 407 1547 440 voluissent;
1569 408 1660 434 nullus

875 456 963 478 tamen
979 451 1099 486 ipsorum
1116 460 1199 480 ausus
1218 457 1260 479 est
1281 452 1365 480 Deum
1389 461 1418 480 se
1439 453 1596 488 praedicare,
1619 454 1660 480 rcl

873 496 1024 530 Christum,
1040 499 1081 524 vel
1096 498 1277 532 Paracletum,
1293 499 1363 526 sicut
1381 499 1441 530 istc,
1456 500 1502 534 qui
1514 499 1660 534 aliquando

873 542 982 576 quidem
1011 543 1044 570 de
1067 543 1173 570 saeculis
1200 543 1330 578 disputat,
1357 544 1504 578 aliquando
1528 544 1561 571 de
1590 545 1657 578 sole,

873 588 1013 622 quomodo
1025 587 1093 615 facta
1111 589 1175 620 sint,
1186 593 1313 624 tanquam
1327 589 1413 624 major
1427 589 1483 624 ipse
1497 590 1533 617 sit
1544 597 1637 617 eorum
1651 599 1658 622 ς

873 633 963 660 omnis
978 634 1050 660 enim
1069 634 1115 669 qui
1136 634 1169 661 de
1187 635 1279 669 aliquo
1290 635 1400 669 exponit
1415 635 1552 669 quomodo
1573 635 1660 662 factus

873 679 918 710 sit,
935 679 1065 713 majorem
1082 687 1110 706 se
1128 684 1155 706 et
1169 680 1349 714 antiquiorem
1362 680 1478 707 ostendit
1496 688 1566 712 esse,
1578 688 1660 715 quam

873 728 915 750 est
934 723 979 750 ille
998 723 1032 750 de
1052 731 1107 758 quo
1128 724 1202 750 dicit.
1224 723 1290 757 Quis
1308 729 1395 751 autem
1416 729 1442 752 et
1461 725 1494 752 de
1509 725 1660 751 substantia:

873 768 921 796 Dei
935 769 1025 796 dicere
1041 769 1149 802 audeat,
1166 770 1217 797 nisi
1232 770 1303 797 forte
1321 771 1395 797 solus
1418 770 1547 797 Dominus
1569 775 1661 797 noster

873 815 953 842 Jesus
968 815 1111 843 Christus?
1129 815 1196 848 Qua:
1212 816 1322 850 quidem
1337 824 1386 851 ego
1401 823 1454 842 non
1472 824 1504 842 ex
1520 816 1586 842 meis
1598 824 1659 843 ver-

36 856 168 884 Dominus
182 863 284 885 noster.
304 859 356 887 Sed
371 860 440 887 sicut
453 869 499 888 rex
514 861 662 890 adveniens
675 863 708 889 ad
725 863 817 889 urbem
837 856 855 882 ll
870 861 912 888 bis
925 863 1029 893 astruo,
1044 861 1090 887 sed
1107 860 1253 895 Scriptura:
1266 861 1392 896 quaﬁnos
1409 861 1528 891 edocuit.
1542 862 1660 888 auctori-

36 910 122 934 ;uam,
138 904 278 937 praemittit
294 905 383 940 primo
401 911 567 941 protectores
583 915 648 935 suos
669 909 720 943 (5),
732 908 818 942 signa,

36 947 178 983 lracones,
201 949 321 984 labaros,
343 951 436 985 duces,
459 954 605 988 principes,
622 953 773 988 prtefectos,
794 959 821 982 et

36 995 161 1022 iniversa
187 996 317 1024 continuo
341 1004 562 1032 commoventur,
583 1000 644 1027 aliis
667 1008 732 1028 vero
765 1009 822 1028 me—

41 1042 181 1074 tientibus,
198 1043 259 1070 aliis
274 1051 340 1071 vero
360 1045 540 1080 gaudentibus
551 1054 600 1080 pro
617 1048 821 1082 exspectatione

36 1087 103 1122 'egis
117 1097 124 1114 :
141 1087 177 1115 ita
189 1094 216 1115 et
229 1088 360 1118 Dominus
377 1098 454 1118 meus
469 1090 548 1118 Jesus
567 1091 613 1126 qui
627 1097 667 1119 est
686 1100 748 1119 vere
759 1101 821 1127 per-

36 1132 135 1166 fectus,
151 1134 298 1162 adveniens
312 1136 451 1170 praemittit
464 1137 491 1163 in
505 1137 592 1171 pritno
604 1137 716 1172 gloriam
732 1146 819 1169 suam.

42 1181 242 1208 ncontaminati
265 1185 346 1216 atque
360 1182 527 1210 immaculati
542 1184 618 1218 regni
634 1185 822 1218 praedicatores

36 1230 175 1259 iacratos;
190 1231 217 1253 et
231 1231 296 1254 tunc
313 1228 440 1255 universa
457 1232 582 1256 creatura
597 1229 821 1261 commovebitur,

36 1275 57 1297 ξι
69 1272 287 1305 contui-habitur,
300 1273 455 1307 supplicans
464 1278 545 1308 atque
556 1273 714 1307 obsecrans,
724 1281 822 1309 usque-

36 1323 85 1350 μιο
96 1324 155 1344 eam
170 1318 297 1345 servitute
309 1318 411 1345 liberet.
426 1318 578 1346 llumanum
592 1327 655 1347 vero
667 1327 753 1355 genus
767 1328 823 1347 me-

40 1366 90 1388 uat
101 1370 211 1390 necesse
222 1369 273 1396 est,
294 1367 321 1391 et
332 1365 562 1399 quamplurimum
588 1366 764 1393 conturbatur
774 1366 822 1402 (4),

36 1414 80 1433 )ro
92 1414 125 1434 eo
142 1408 213 1442 quod
230 1409 313 1435 multa
324 1409 420 1436 delicta
430 1410 610 1443 commiserit;
623 1410 673 1438 soli
686 1419 750 1438 vero
758 1410 823 1446 justi

38 1452 205 1487 tetabuntur,
224 1458 412 1488 exspectantes
437 1463 497 1489 qua:
521 1456 572 1482 sibi
592 1457 726 1491 promissa
745 1461 823 1489 sunt;

36 1506 84 1525 1ec
102 1498 172 1525 ultra
189 1500 388 1527 mttndanarum
406 1509 497 1528 rerum
514 1502 665 1530 substantia
680 1510 821 1537 permanc-
834 1522 856 1537 ,ς

36 1546 85 1578 ait,
104 1547 194 1573 omnia
213 1546 398 1579 destrucntur,
415 1548 472 1575 sive
486 1549 633 1583 prophetiae
649 1549 706 1576 sive
722 1549 820 1576 horum

40 1593 105 1625 ihri,
123 1593 178 1620 sive
194 1593 292 1629 linguis
308 1595 390 1621 totius
404 1595 512 1629 generis
527 1596 683 1629 cessabunt,
701 1604 733 1623 eo
749 1596 821 1631 quod

36 1637 103 1662 iltra
118 1644 171 1663 non
184 1641 279 1671 egeant
295 1637 405 1665 solliciti
427 1645 487 1665 esse
504 1638 638 1671 homines,
656 1643 682 1666 et
703 1639 822 1674 cogitare

36 1681 65 1708 le
83 1680 126 1707 his
141 1689 201 1714 qum
218 1681 252 1708 ad
268 1681 351 1708 vitam
368 1683 521 1710 necessaria
541 1688 614 1717 sunt,
636 1684 693 1712 sive
709 1684 821 1712 scicntia

36 1733 260 1761 juorumcunque
286 1728 428 1755 doctorum
455 1729 536 1755 etiam
559 1729 618 1764 ipsa
642 1730 820 1758 destruetur:

36 1771 102 1797 mihi]
118 1771 189 1798 enim
208 1772 306 1799 horum
323 1773 436 1800 sufferre
455 1774 555 1808 poterit
578 1775 669 1809 magni
692 1775 765 1803 illius
780 1784 822 1803 re-

36 1818 76 1853 ;is
94 1819 248 1846 adventum.
267 1819 344 1847 Sicut
358 1819 429 1847 enim
446 1827 528 1854 parva
549 1821 664 1847 scintilla
680 1821 713 1847 ad
733 1821 822 1855 splen-

36 1865 126 1890 lorcm
144 1864 210 1892 solis
229 1865 339 1892 admota
356 1867 515 1899 assumitur,
531 1866 603 1894 illico
621 1874 675 1893 non
692 1871 820 1901 apparet;

41 1915 71 1937 ta
97 1911 222 1938 universa
255 1916 397 1945 creatura,
428 1913 518 1939 omnis
544 1912 695 1947 prophetia,
725 1916 821 1940 cuneta

36 1956 157 1988 scientia,
182 1957 317 1984 universae
333 1957 442 1992 linguae,
461 1957 532 1985 sicut
546 1958 672 1992 superius
689 1957 820 1990 diximus,

36 2003 217 2029 iestruentur.
247 2002 301 2030 Sed
327 2003 391 2038 quia
417 2003 536 2031 caelestis
560 2004 633 2039 regis
649 2004 820 2038 praesentiam

36 2047 128 2075 )aucis
147 2048 247 2081 verbis,
262 2052 288 2075 et
308 2048 448 2084 fragilibus
464 2055 490 2077 et
512 2050 587 2076 valde
610 2049 724 2077 infirmis
740 2057 822 2083 expo-

39 2100 98 2118 ierc
113 2099 164 2119 non
180 2092 251 2120 valet
266 2093 384 2120 humana
399 2098 514 2127 natura,
537 2098 567 2121 ut
584 2094 699 2121 fortasse
714 2100 822 2121 sancto—

36 2146 95 2163 -um
110 2138 208 2165 debeat
225 2146 287 2166 esse
302 2144 329 2166 et
343 2139 419 2166 valde
435 2140 577 2174 dignorum
591 2140 624 2167 de
642 2140 700 2174 ipso
720 2139 821 2174 aliquid

36 2191 178 2216 enarrare;
196 2188 285 2211 tamen
303 2185 473 2212 necessitatis
488 2193 582 2218 causa,
599 2186 651 2212 ista
665 2193 709 2212 me
722 2185 820 2213 sufﬁcit

36 2230 189 2263 )rolulisse,
202 2232 284 2266 hujus
292 2232 496 2266 importunitate
506 2233 686 2267 compulsutn,
696 2237 725 2260 ut
736 2233 817 2260 istum

36 2277 111 2304 vobis
127 2277 216 2311 qualis
228 2282 300 2306 esset
312 2279 494 2306 ostenderem.

66 2357 92 2374 ¹²
111 2356 200 2385 lCor.
221 2366 282 2390 ιιιι,
303 2358 381 2386 8-10.
421 2358 442 2375 ¹⁸
461 2358 576 2394 Philipp.
596 2367 626 2392 ιι,
645 2359 688 2386 15.

66 2451 107 2488 (l)
128 2451 154 2488 ln
171 2451 313 2480 Casinensi
329 2459 381 2483 est.
397 2463 406 2479 ι
421 2454 479 2487 sed,
498 2464 506 2479 ι
526 2461 606 2488 prava
621 2454 711 2482 lcetio.

66 2487 107 2522 (‘2)
128 2487 217 2515 Codex
240 2488 408 2521 Casinensis,
426 2499 435 2514 ι
451 2497 503 2516 ιιυιι
527 2487 608 2523 plane
633 2494 708 2516 nota.
731 2499 740 2515 ι
758 2489 819 2516 ‘Sed

36 2523 150 2560 )mis_s_as
168 2523 202 2549 ab
218 2524 351 2550 oscitante
370 2525 480 2551 librario
505 2524 619 2551 lineolas
639 2525 742 2555 censui,
760 2533 820 2560 quae

36 2558 172 2593 vocalibus
188 2559 365 2593 superposita:
381 2564 562 2586 consonantes
575 2559 757 2593 designarent.

36 2591 168 2654 512552102:
187 2591 230 2621 his
251 2591 303 2620 Ιίίιθ
320 2599 381 2628 Post
401 2593 596 2621 Gotltol‘redum
620 2591 775 2629 Ducangius
793 2594 820 2621 in

41 2643 137 2654 uuam"
145 2643 179 2655 ιυι

68 2662 109 2724 (ἑ)
130 2661 158 2689 ln
171 2663 264 2690 codice
274 2663 417 2691 Casinensi
428 2683 435 2695 ,
452 2673 461 2689 ι
479 2667 506 2691 et
520 2671 583 2691 cttm
598 2663 744 2699 plurimum
756 2671 821 2691 con-

68 2707 78 2724 r
97 2702 167 2724 ctur.
187 2707 196 2723 ι

36 2702 349 2767 ὐἷὲἳιᾚειιξηιίηἱιιηυιη
365 2737 457 2764 vocat,
476 2741 556 2768 quem
576 2734 621 2760 alii
647 2733 820 2762 Valentinum

36 2768 187 2829 nomilnant,
203 2769 335 2796 celebrem
349 2769 558 2803 apostolicorum
572 2773 724 2804 temporum
739 2770 820 2797 haere-

36 2811 105 2829 uarc
118 2811 180 2829 iam.

36 2811 180 2830 starcnam.

36 2813 38 2816 ·
57 2811 180 2830 arenam.

36 2813 53 2831 ’1
68 2838 108 2872 (6)
129 2839 157 2864 In
183 2837 274 2866 codice
297 2839 438 2866 Casinensi
455 2843 508 2874 est,
525 2849 534 2866 ι
552 2840 618 2868 sicut
645 2840 725 2867 istius
742 2848 821 2875 para-

727 2360 748 2376 “
767 2359 834 2388 lbid.

872 911 927 934 tate
940 907 1085 940 confirmo;
1104 908 1233 942 quoniam
1257 907 1365 942 quidem
1385 913 1411 935 et
1434 907 1580 942 Apostolus
1595 908 1659 934 dicit

872 953 905 980 ad
919 959 968 980 nos
982 962 988 980 :
1004 962 1013 977 «
1031 952 1066 979 Ut
1081 953 1141 980 sitis
1163 953 1234 980 sicut
1252 952 1398 980 luminaria
1420 954 1446 979 in
1475 953 1527 980 hoc
1547 954 1660 985 mundo,

872 997 983 1024 verbum
998 997 1059 1024 vitae
1073 997 1243 1024 continentes
1258 997 1290 1024 ad
1312 998 1424 1032 gloriam
1440 1005 1528 1024 meam
1547 998 1572 1024 in
1588 998 1660 1025 diem

872 1043 984 1074 Christi,
1006 1043 1135 1077 quoniam
1158 1050 1211 1070 non
1238 1043 1265 1070 in
1286 1051 1402 1071 vacuum
1423 1044 1542 1076 cucurri,
1561 1052 1611 1071 nec
1632 1045 1660 1071 in

873 1095 994 1120 vacuunr
1004 1087 1123 1115 laboravi
1137 1088 1169 1114 ¹³.
1193 1097 1201 1112 ι
1226 1088 1378 1123 Intelligere
1402 1089 1533 1115 debemus
1549 1097 1609 1124 qua:
1627 1089 1662 1116 sit

873 1134 914 1160 vis
935 1137 962 1160 et
984 1133 1053 1159 ratio
1077 1134 1212 1160 sermonis
1236 1134 1334 1167 hujus;
1353 1135 1464 1160 verbum
1488 1135 1559 1160 cuitu
1582 1135 1661 1161 ducis

873 1179 975 1206 obtinet
992 1178 1093 1209 locum,
1109 1185 1189 1212 opera
1205 1186 1269 1205 vero
1286 1179 1356 1213 regis
1374 1179 1422 1214 (8).
1440 1179 1517 1206 Sicut
1530 1188 1593 1214 ergo
1609 1180 1660 1206 ali-

873 1225 934 1258 quis
950 1224 1006 1259 regi
1021 1231 1071 1251 suo
1087 1224 1251 1257 adventanti,
1270 1232 1365 1251 omnes
1382 1225 1429 1259 qui
1454 1225 1505 1252 sub
1526 1233 1590 1252 cura
1611 1233 1659 1253 sua

874 1273 948 1303 sunt,
963 1269 1052 1297 studet
1070 1269 1236 1302 obcdicntes,
1254 1275 1361 1304 paratos
1381 1275 1407 1296 ct
1427 1270 1524 1298 charos
1547 1271 1661 1298 hilares—

874 1323 926 1350 que
944 1316 1086 1343 ostendere
1098 1324 1130 1343 ac
1143 1316 1264 1348 devotos,
1280 1317 1326 1343 sed
1346 1317 1426 1344 etiam
1451 1317 1608 1344 innocentes
1628 1325 1660 1345 ac

875 1361 953 1388 bonis
966 1362 1094 1389 omnibus
1107 1362 1288 1395 abundantes,
1309 1368 1339 1389 ut
1359 1363 1417 1398 ipse
1439 1363 1544 1390 laudem
1561 1371 1660 1390 consc-

875 1411 975 1441 quatur
989 1414 1004 1433 a
1020 1415 1091 1441 rege,
1107 1412 1133 1434 et
1151 1408 1252 1443 majore
1267 1409 1300 1435 ah
1323 1416 1356 1436 eo
1380 1409 1481 1435 honore
1495 1409 1592 1444 dignus
1611 1409 1659 1436 ha—

876 1452 981 1485 beatur,
999 1458 1127 1488 tanquam
1143 1454 1211 1480 bene
1224 1454 1371 1489 gubernata
1389 1462 1449 1489 qua:
1464 1454 1514 1481 sibi
1530 1459 1572 1482 est
1586 1463 1660 1481 com-

875 1498 958 1525 missa
977 1499 1117 1533 provincia
1132 1508 1137 1525 :
1152 1499 1188 1526 ita
1203 1504 1229 1526 et
1244 1499 1338 1527 beatus
1349 1499 1450 1526 Paulus
1461 1500 1526 1527 dicit
1540 1500 1573 1527 ad
1589 1508 1638 1528 nos
1652 1510 1658 1527 :

876 1552 885 1568 ‹
901 1542 935 1570 Ut
952 1544 1012 1571 silis
1032 1544 1106 1571 velut
1129 1544 1275 1571 luminaria
1300 1546 1325 1571 in
1348 1546 1400 1573 hoc
1417 1546 1529 1578 mundo,
1546 1547 1659 1573 verbum

872 1589 934 1617 vitae
948 1590 1117 1618 continentes
1141 1591 1173 1617 ad
1196 1591 1309 1625 gloriam
1335 1599 1423 1618 meam
1446 1592 1473 1618 in
1497 1592 1568 1619 diem
1581 1592 1660 1619 Citri-

873 1636 906 1663 sti
919 1636 949 1662 ¹¹⁸.
966 1645 975 1662 ι
992 1636 1102 1663 Scilicet
1113 1636 1184 1670 quod
1198 1635 1331 1664 Dominus
1344 1642 1436 1664 noster
1446 1637 1525 1665 Jesus
1535 1638 1661 1665 Christus

873 1682 995 1715 veniens,
1011 1682 1100 1709 videat
1114 1681 1262 1716 profecisse
1275 1673 1426 1710 doctrinam
1445 1683 1504 1717 ejus
1520 1684 1548 1710 in
1565 1684 1659 1718 nobis;

872 1732 898 1754 et
911 1727 974 1762 quia
988 1736 1042 1755 non
1058 1729 1084 1755 in
1101 1736 1217 1755 vacuum
1234 1728 1366 1761 cucurrit,
1383 1737 1431 1756 nec
1446 1729 1473 1756 in
1489 1737 1605 1756 vacuum
1619 1731 1659 1757 lar,-

873 1772 989 1806 beravit,
1002 1772 1133 1800 retribuat
1157 1773 1181 1800 ei
1203 1773 1322 1800 debitam
1346 1781 1487 1800 coronam.
1511 1773 1542 1801 Et
1564 1782 1661 1802 rursus

871 1826 981 1853 quoque
1001 1819 1028 1845 in
1052 1819 1147 1846 eadem
1171 1819 1285 1854 epistola
1303 1824 1459 1847 commonet
1475 1827 1539 1851 nos,
1556 1827 1590 1847 ne
1604 1825 1660 1847 ter--

873 1871 937 1890 rena
957 1864 1107 1898 sapiamus,
1117 1864 1164 1891 sed
1180 1864 1415 1891 conversationem
1429 1868 1549 1891 nostram
1563 1865 1660 1893 debere

872 1916 932 1936 esse
947 1908 974 1935 in
993 1908 1069 1936 caalis
1082 1908 1115 1942 ‘5;
1133 1909 1205 1936 unde
1229 1913 1257 1936 et
1280 1909 1447 1936 Salvatorem
1470 1916 1659 1945 exspectamus

872 1954 1017 1981 Dominum
1040 1958 1166 1981 nostrum
1189 1954 1281 1982 .lcsum
1301 1955 1452 1982 Christum.
1480 1955 1513 1983 Et
1530 1957 1658 1991 quoniam

872 1999 951 2027 nobis
968 2007 1021 2026 non
1037 2004 1078 2027 est
1095 2005 1182 2027 tututn
1205 2001 1276 2028 scire
1293 2001 1416 2028 ultimam
1432 2001 1515 2034 diem,
1533 2002 1658 2037 designa-

871 2045 954 2080 vitin
970 2043 1089 2079 Epistola
1109 2054 1190 2081 quam
1211 2047 1306 2075 scribit
1326 2047 1360 2074 ad
1380 2046 1637 2075 Thessalonicenscs
1649 2068 1656 2074 .

875 2101 884 2117 ι
901 2090 937 2118 De
953 2091 1119 2126 temporibus
1135 2096 1224 2119 autem
1244 2096 1271 2119 et
1291 2092 1447 2125 momentis,
1470 2092 1578 2125 fratres,
1602 2100 1657 2119 non

873 2137 977 2164 habetis
993 2143 1073 2171 opus,
1093 2141 1124 2163 ut
1144 2137 1245 2172 aliquid
1267 2136 1345 2163 vobis
1367 2138 1498 2170 scribam;
1516 2138 1566 2172 ipsi
1583 2138 1657 2164 enim

872 2182 1014 2217 diligenter
1040 2182 1134 2214 scitis,
1159 2183 1222 2217 quia
1245 2181 1303 2209 dies
1328 2183 1446 2215 Domini,
1470 2183 1542 2210 sicut
1566 2183 1608 2210 fur
1629 2184 1657 2210 in

871 2235 961 2262 nocte,
974 2231 1010 2256 ita
1028 2229 1118 2256 veniet
1131 2229 1174 2256 η’.
1191 2239 1200 2255 ι
1216 2229 1250 2256 Et
1267 2229 1404 2264 quomodo
1421 2238 1493 2257 ttune
1514 2235 1584 2257 astat
1607 2230 1658 2256 istc

871 2277 1046 2313 persuadens,
1065 2281 1092 2303 et
1113 2284 1212 2312 rogans
1235 2285 1456 2312 unumquemque
1477 2278 1657 2304 manichteum

881 2360 902 2375 “
924 2357 1037 2392 Philipp.
1057 2365 1103 2389 ιιι,
1131 2357 1174 2384 l9.
1213 2359 1246 2373 ¹¹⁵¹
1267 2357 1274 2384 1
1293 2357 1415 2385 Thessal.
1430 2367 1455 2390 v,
1475 2359 1498 2390 l,
1516 2358 1543 2385 Ξ.

870 2454 954 2481 tione.
970 2462 979 2478 ι
996 2451 1048 2479 Sed
1071 2451 1224 2486 legendum,
1240 2460 1250 2477 ι
1271 2452 1311 2479 sic
1330 2456 1359 2479 ut
1382 2452 1461 2479 istitts
1477 2453 1657 2487 comparatio-

870 2497 913 2515 ne.
931 2498 940 2513 ι
956 2487 1104 2514 Archelaus
1117 2487 1189 2513 enim
1206 2487 1297 2514 beatos
1313 2486 1377 2515 facit
1390 2486 1552 2514 Marcionem
1575 2488 1657 2515 alios-

875 2531 928 2558 que
942 2522 1107 2558 haereticosL
1125 2529 1182 2558 non
1203 2522 1276 2558 quod
1299 2522 1334 2549 ita
1355 2522 1388 2549 de
1408 2523 1462 2549 illis
1484 2523 1655 2550 sentiendum

871 2556 921 2591 sit;
938 2558 983 2585 sed
999 2557 1070 2591 quod
1086 2556 1184 2584 Maneti
1201 2557 1375 2584 insanissime
1386 2558 1546 2592 comparati,
1565 2558 1655 2585 minus

872 2600 963 2620 errare
978 2592 1223 2626 deprehendantur.

920 2627 946 2659 7)
966 2627 1118 2659 Casinensi,
1136 2635 1145 2651 ι
1167 2627 1203 2653 ita
1219 2626 1376 2654 seductores
1391 2630 1553 2659 statuerunt,
1570 2627 1627 2661 qui.
1643 2637 1654 2652 ι

920 2630 946 2659 7)
966 2630 1118 2659 Casinensi,
1136 2635 1145 2651 ι
1167 2630 1203 2653 ita
1219 2630 1376 2654 seductores
1391 2630 1553 2659 statuerunt,
1570 2630 1627 2661 qui.
1643 2637 1654 2652 ι

908 2630 946 2698 (8)
964 2662 1019 2698 Cur
1032 2662 1089 2698 hinc
1105 2669 1168 2688 cum
1185 2662 1397 2698 prsecedentibus
1413 2669 1466 2689 non
1490 2662 1655 2698 cohmreant.

872 2695 1133 2732 vide'przefationem
1147 2695 1309 2732 nostramjn
1330 2697 1467 2724 Archelao.
1488 2695 1590 2723 Sensus
1607 2705 1655 2723 an-

873 2739 925 2761 terti
942 2731 1003 2760 esse
1024 2732 1140 2764 videtur,
1164 2732 1250 2759 solius
1271 2731 1367 2767 Regis,
1395 2733 1503 2766 perfecti
1533 2731 1657 2759 videlicet

873 2769 945 2796 illius
962 2767 1008 2802 qui
1031 2771 1213 2801 exspectatur,
1231 2775 1299 2801 opus
1325 2775 1394 2798 esse,
1417 2768 1556 2793 hominum
1581 2767 1656 2800 igno-

873 2805 999 2834 rantiam,
1018 2807 1046 2828 ut
1070 2806 1147 2837 antea
1169 2802 1253 2833 dixit,
1273 2802 1378 2836 penitus
1403 2802 1560 2834 destruere,
1584 2802 1659 2837 quod

874 2847 926 2865 non
942 2838 1102 2873 praestiterat
1116 2836 1215 2864 Manes.
