1848 3043
169 129 235 160 “9|

663 127 755 154 ACTA
774 124 1039 154 DlSPUTATlONlS
1058 124 1085 151 S.
1107 122 1275 150 ARCHELAI

1729 119 1793 146 H92

169 191 250 224 eﬂiei,
261 195 289 218 et
300 189 490 221 circumvenit,
505 193 532 215 et
544 188 695 223 ingreditur
711 188 817 219 domos,
831 187 956 221 decipere
973 191 992 216 Α
1009 185 1102 212 cbelao
1120 184 1234 211 traditur
1259 190 1273 209 a
1298 181 1433 210 Marcello.
1456 186 1539 215 quem
1563 186 1626 206 cum
1652 178 1792 205 diaconum

171 244 297 272 quaerens
307 236 411 262 animas
428 238 555 261 oneratas
572 234 722 269 peccatis“
733 234 745 261 ?
770 233 822 260 Sed
839 241 888 259 nos
902 240 957 259 non

171 284 209 310 ita
225 282 358 310 sentimus
372 290 379 313 ;
396 281 463 315 quin
479 281 571 315 potius
591 288 634 308 res
653 281 726 315 ipsas
737 280 909 315 proferamus
930 279 956 305 in

171 329 301 359 medium.
316 333 343 355 et
365 327 557 360 conferamus,
584 327 607 354 si
633 327 731 361 placet,
755 326 788 353 ad
810 326 955 366 perfectum

172 374 352 401 Paracletum.
364 373 468 400 Videtis
484 373 556 400 enim
571 373 636 407 quia
651 373 785 399 interdum
800 372 956 406 interrogat,

171 427 369 453 nonnunquam
384 419 553 454 deprecatur.
571 418 623 445 Sed
633 418 763 452 scriptum
775 422 816 444 est
831 417 857 443 in
871 417 958 442 Evan-

171 465 240 499 gelio
258 464 406 492 Salvator-is
431 464 530 496 nostri,
549 464 612 498 quia
633 468 661 490 et
681 463 719 490 illi
740 463 816 498 quia
839 462 958 489 sinistris

171 511 243 545 regis
261 510 404 543 assistunt,
419 510 530 536 dicent:
550 519 559 534 ε
576 509 699 542 Domine,
717 508 826 544 quando
846 513 871 534 te
889 508 956 535 vidi-

171 564 234 583 mus
250 558 429 587 esurientem,
453 560 499 582 aut
522 555 671 587 silientem,
695 559 742 581 aut
765 554 886 586 nudutn,
912 559 958 581 aut

171 603 346 638 peregrinum
359 623 366 634 ,
384 606 431 629 aut
448 602 475 628 in
494 609 602 628 carcere
614 601 664 635 (9),
677 605 704 627 et
718 609 770 627 non
792 600 958 628 ministravi-

172 656 234 676 mus
259 649 307 675 tibi
323 649 362 675 ‘7?
387 658 396 674 ι
422 653 549 683 rogantes
576 653 605 674 ut
634 647 685 674 sibi
714 647 881 681 indulgeret;
910 647 957 674 sed

172 692 238 727 quid
254 693 308 720 illis
325 693 661 728 responditjustusjudex
677 691 752 719 Rex?
765 702 774 717 ‹
792 692 925 720 Discedite
943 700 958 718 a

172 746 216 766 me
233 739 259 765 in
275 739 364 774 ignem
384 743 527 771 aeternum,
541 737 657 773 operarii
674 737 825 771 iniquitatis
836 738 867 765 ¹⁸.
883 747 892 763 ›
905 738 959 764 Ab-

170 785 235 823 jecit
248 792 295 812 eos
311 785 337 811 in
354 790 484 812 teternum
507 784 607 818 ignem,
632 791 693 809 cum
720 783 757 809 illi
786 790 882 817 rogare
905 790 958 809 non

173 834 289 858 cessent.
305 829 432 860 Videsne,
449 829 513 863 quid
532 829 566 856 sit
582 828 692 863 perfecti
707 828 788 863 Regis
808 828 958 855 adventus?

172 884 226 906 non
243 877 334 908 talem,
351 876 458 911 qualem
481 880 509 902 tu
535 876 636 903 asseris
656 875 860 910 perfectionem.
881 874 958 907 Quod

173 922 195 948 si
213 927 273 956 post
288 922 377 956 ipsutn
392 921 591 955 exspectandus
606 927 647 949 est
659 921 877 956 magnusjudicii
890 921 958 950 dies.

174 969 261 995 multo
279 969 372 1002 utique
389 968 433 995 hic
450 969 496 996 illo
515 969 626 996 inferior
639 974 689 996 cst.
707 967 785 1000 Quod
804 967 826 994 si
847 966 959 993 inferior

172 1014 235 1045 erit,
251 1014 453 1049 perfectns’non
476 1016 537 1042 erit.
556 1014 584 1042 Si
605 1014 741 1050 perfectus
756 1021 810 1040 non
828 1013 889 1046 erit,
905 1021 959 1039 non

172 1061 206 1091 de
221 1060 280 1094 ipso
293 1060 358 1088 dicit
373 1061 529 1095 Apostolus.
547 1060 624 1094 Quod
641 1060 663 1088 si
681 1068 735 1086 non
757 1059 790 1086 de
813 1059 871 1094 ipso
894 1059 960 1085 dicit

173 1106 331 1140 Apostolus,
349 1106 401 1133 iste
417 1110 506 1132 autem
522 1105 556 1133 de
571 1113 600 1133 se
616 1105 717 1133 dictum
740 1112 800 1131 esse
818 1104 958 1136 mentitur,

172 1152 419 1186 pseudo-propheta
432 1151 695 1186 utiquejudicandus
707 1155 757 1177 est.
774 1149 825 1176 Sed
837 1154 863 1176 et
875 1150 959 1176 multa

173 1198 225 1233 alia
242 1197 339 1224 horum
356 1198 456 1225 similia
468 1197 520 1224 dici
537 1202 668 1232 possunt;
684 1204 744 1230 qua:
757 1196 779 1222 si
791 1195 882 1222 omnia
899 1203 959 1229 per-

173 1242 249 1278 sequi
267 1243 392 1275 velimus,
410 1243 513 1270 nullum
532 1243 611 1270 nobis
629 1247 736 1277 tempus
754 1242 788 1269 ad
801 1242 894 1269 omnia
908 1248 959 1268 ex-

172 1289 268 1323 plenda
285 1288 409 1318 sufficiet.
429 1288 502 1316 Unde
517 1289 655 1316 abundare
668 1287 821 1315 existimavi
841 1287 873 1314 de
890 1287 960 1313 mul-

171 1326 207 1362 tis
229 1343 313 1369 pauca
335 1335 445 1372 dixisse,
470 1335 591 1369 reliquas
615 1339 706 1369 partes
728 1338 859 1361 tractatus
877 1333 959 1368 hujus

171 1381 282 1415 exsequi
302 1381 454 1407 volentibus
471 1381 672 1415 derelinquens.

206 1425 327 1452 XXXIX.
349 1425 396 1453 [iis
421 1425 520 1452 auditis
543 1425 675 1452 dederunt
698 1424 811 1459 gloriam
835 1425 889 1451 Deo
906 1424 957 1451 im-

173 1479 306 1504 mensam,
319 1475 346 1498 et
364 1472 422 1505 ipso
443 1471 569 1506 dignam;
592 1470 755 1497 Archelaqu
780 1477 845 1497 vero
866 1470 958 1496 multis

172 1519 324 1546 honoribus
342 1518 500 1544 aii‘eccrnnt.
515 1517 591 1544 Tunc
605 1516 747 1544 Marcellus
761 1524 919 1551 assurgens,
932 1521 958 1543 et

171 1564 256 1597 stolas
279 1563 334 1599 (l0)
358 1571 478 1593 exuens,
501 1563 652 1590 circumdat
673 1562 852 1595 Archelaum,
878 1567 959 1595 atque

171 1607 274 1634 osculis
292 1614 354 1633 eum
373 1607 478 1634 deﬁxus
501 1607 682 1642 amplectitur,
696 1611 722 1634 et
742 1607 862 1634 inhaeret.
882 1606 960 1635 Tunc

171 1661 235 1679 vero
253 1652 381 1685 infantes,
398 1653 444 1687 qui
461 1652 530 1679 forte
545 1657 738 1684 convenerant,
761 1653 841 1687 primi
858 1653 884 1679 in
902 1653 958 1680 Ma-

171 1705 233 1725 nem
257 1697 355 1731 pellere
372 1705 404 1724 ac
428 1697 521 1731 fugere
537 1698 592 1732 (ll)
616 1702 771 1730 coeperunt,
790 1705 860 1731 quos
879 1699 958 1726 turba

171 1741 275 1775 reliqua
292 1741 426 1773 insecuta,
443 1741 589 1769 coneitaxit
603 1749 632 1769 se
653 1742 686 1768 ad
702 1741 884 1776 effugiendum
901 1742 959 1769 Ma-

172 1794 245 1814 netn.
263 1785 341 1819 Quod
364 1794 424 1813 cum
444 1786 605 1821 perridisset
629 1787 789 1819 Archelaus,
808 1788 908 1814 elevata
930 1789 956 1815 ili

171 1833 281 1860 modum
299 1833 370 1871 tubae
385 1840 449 1859 voce
462 1840 522 1868 sua,
537 1833 737 1860 multitudinem
754 1833 867 1868 cupiens
881 1834 957 1860 cohi-

171 1880 245 1919 bere,
259 1879 296 1906 ait
310 1888 316 1906 :
333 1870 453 1913 Cessate,
472 1879 569 1906 fratres
584 1879 686 1910 dilecti,
701 1887 733 1906 ne
750 1870 819 1906 forte
837 1880 874 1906 rei
894 1889 958 1907 san-

171 1926 262 1961 guinis
278 1925 448 1952 inveniamur
462 1926 489 1952 in
502 1925 666 1960 diejudicii;
685 1926 814 1960 scriptum
832 1931 872 1953 est
884 1926 957 1955 enim

172 1964 206 1999 de
222 1972 331 2005 talibus,
347 1972 410 2006 quia
429 1982 437 1997 t
452 1977 559 2007 oportet
573 1977 599 1999 et
611 1973 727 1999 haereses
742 1980 802 2000 esse
819 1973 887 2000 inter
898 1981 957 2005 vos,

171 2019 257 2053 utqui
269 2019 456 2053 probatisunt,
470 2018 605 2045 manifesti
622 2018 687 2045 fiant
708 2019 777 2045 inter
793 2027 839 2047 vos
850 2020 881 2047 ‘9.
906 2029 915 2046 ι
927 2019 958 2047 Et

173 2065 217 2092 bis
230 2064 319 2097 dictis,
335 2065 435 2092 sedatae
448 2069 512 2092 sunt
527 2064 620 2091 turbat.
637 2064 770 2097 Quoniam
784 2073 846 2092 vero
858 2067 959 2101 placuit

171 2109 299 2138 Marcello
313 2110 527 2145 disputationem
543 2111 614 2137 hanc
629 2110 716 2144 excipi
732 2117 811 2147 atque
828 2112 956 2144 describi,

170 2157 358 2186 contradicere
373 2165 426 2185 non
445 2157 532 2192 potui,
549 2157 671 2184 conlisus
688 2157 721 2184 de
736 2157 902 2193 benignitate
918 2157 956 2184 le-

170 2204 302 2241 gentium,
318 2204 389 2239 quod
407 2203 513 2230 veniam
528 2203 646 2234 dabunt,
669 2203 692 2230 si
714 2203 777 2237 quid
801 2203 955 2237 imperitum

170 2254 217 2286 aut
231 2250 363 2277 rusticum
381 2249 489 2276 sonabit
502 2249 609 2281 oratio;
633 2249 684 2275 hoc
701 2249 772 2275 enim
792 2253 896 2274 tantum
915 2253 957 2276 est

169 2296 243 2330 quod
261 2296 414 2327 studemus,
439 2300 469 2322 ut
493 2295 531 2322 rei
557 2300 639 2329 gestae
665 2295 783 2330 cognitio
805 2295 955 2322 studiosum

169 2349 307 2376 quemque
320 2349 374 2368 non
391 2341 482 2368 lateat.
498 2341 575 2367 Tunc
590 2348 664 2375 ergo,
677 2348 737 2367 cum
752 2340 894 2375 emtgisset
905 2339 957 2367 Ma-

169 2394 230 2418 lles,
245 2394 381 2421 nusquam
394 2387 557 2420 comparuit.
576 2386 668 2414 Turbo
685 2393 749 2412 vero
769 2385 893 2413 minister
907 2385 957 2411 Ar—

975 864 996 891 Β

973 1541 995 1570 C

974 2217 994 2244 D

1009 231 1159 258 Archelaus
1176 230 1323 260 ordinaret,
1341 228 1366 254 in
1391 226 1509 253 Marcelli
1534 224 1716 252 contubernio
1738 232 1793 258 per-

1009 277 1152 304 srveravit.
1163 276 1255 303 Manes
1266 281 1355 302 autem
1368 275 1476 309 fugiens
1485 272 1595 300 advenit
1605 272 1640 299 ad
1651 271 1791 306 quemdam

1007 324 1098 349 vicum
1125 323 1203 356 longe
1226 321 1260 347 ab
1284 320 1351 347 urbe
1376 320 1512 354 positum,
1537 318 1585 352 qui
1609 318 1792 352 appellabatur

1008 368 1128 394 Diodori.
1158 367 1222 393 Erat
1241 371 1330 394 autem
1354 365 1495 400 presbyter
1516 363 1569 390 loci
1594 363 1667 390 illius
1687 363 1792 389 nomine

1008 420 1034 441 et
1047 415 1104 448 ipse
1123 413 1255 440 Diodorus
1272 413 1337 447 (12),
1351 412 1458 446 quietus
1473 415 1500 437 et
1519 410 1603 442 mitis,
1623 409 1685 435 fidei
1706 417 1737 435 ac
1755 410 1792 435 fa-

1009 469 1059 487 mae
1072 460 1151 487 bona:
1169 459 1244 486 valde
1259 468 1264 485 :
1280 463 1306 485 et
1328 466 1389 484 cum
1406 457 1525 491 quadam
1548 456 1592 483 die
1614 455 1720 487 Manes,
1734 464 1792 482 con-

1009 509 1118 540 gregata
1132 503 1221 535 turba,
1235 503 1441 530 concionaretur
1450 501 1517 535 (l5),
1527 508 1560 527 ac
1572 501 1716 534 peregrina
1727 508 1795 533 qua;-

1009 552 1071 578 dam
1083 554 1110 577 et
1126 550 1212 577 aliena
1230 557 1244 575 a
1259 553 1369 583 paterna
1387 546 1533 574 traditione
1550 545 1651 580 populo
1664 545 1711 579 qui
1725 550 1792 572 asta-

1010 597 1056 623 bat
1079 599 1227 627 asscrcret,
1248 594 1352 621 nullum
1377 593 1490 619 omnino
1515 599 1549 619 ex
1577 591 1621 618 his
1648 591 1793 618 formidans

1009 640 1082 675 quod
1094 640 1145 666 sibi
1158 643 1250 674 posset
1261 638 1402 669 obsistere,
1416 637 1551 664 Diodorus
1561 636 1658 662 videns
1670 636 1793 670 prolicere

1009 688 1069 721 ejus
1087 686 1245 721 nequitiam,
1262 686 1393 713 deliberat
1405 684 1542 712 Archelao
1565 683 1677 710 mittere
1699 684 1795 718 episto-

1011 731 1075 763 lam,
1091 733 1273 759 continentem
1291 731 1358 757 baac.
1688 755 1691 758 .

1116 785 1252 804 ΑιιειιειΑο
1267 783 1391 804 EPISCOPO
1404 783 1537 803 mononus
1551 784 1575 803 s.
1591 784 1619 802 υ.
1636 775 1709 810 (Η).

1047 823 1104 850 XL.
1126 823 1201 850 Scire
1217 828 1242 850 te
1251 823 1322 855 volo,
1338 822 1543 856 religiosissime
1559 821 1654 853 Pater,
1671 820 1795 855 quoniam

1011 870 1119 897 advenit
1133 870 1244 904 quidam
1262 869 1288 896 in
1304 868 1400 896 diebus
1421 868 1490 901 istis,
1514 868 1627 894 nomine
1645 867 1751 899 Manes,
1766 868 1794 894 ad

1009 916 1068 942 loca
1087 921 1191 946 nostra,
1209 915 1254 949 qui
1269 913 1338 941 Novi
1355 912 1523 940 Testamenti
1539 913 1696 940 doctrinam
1714 913 1794 939 sead<

1010 961 1121 996 implere
1138 961 1279 996 promittit.
1300 960 1331 987 Et
1347 960 1456 995 quidem
1474 963 1553 987 erant
1566 959 1695 993 quadam
1712 958 1738 985 iu
1758 958 1795 985 his

1010 1015 1070 1041 qua:
1085 1007 1119 1033 ab
1137 1014 1169 1034 eo
1183 1006 1352 1039 dicebantur,
1368 1010 1469 1033 nostra:
1487 1005 1570 1037 ﬁdei;
1589 1005 1719 1039 quaedam
1739 1011 1794 1031 vero

1009 1053 1147 1080 asserebat
1160 1052 1239 1087 longe
1250 1052 1356 1079 diversa
1368 1052 1403 1078 ab
1420 1051 1452 1077 iis
1466 1058 1526 1085 qua:
1542 1058 1557 1076 a
1575 1055 1674 1077 nostra
1690 1054 1795 1084 paterna

1010 1099 1153 1125 traditione
1176 1098 1343 1125 descendunt
1365 1098 1432 1132 (l5).
1461 1096 1701 1132 interpretabatur
1729 1097 1794 1122 enim

1009 1144 1132 1179 quaedam
1149 1144 1248 1176 aliene,
1268 1143 1366 1178 quibus
1387 1143 1469 1170 etiam
1491 1151 1524 1170 ex
1537 1143 1661 1178 propriis
1676 1142 1795 1173 addebat,

1009 1197 1070 1224 qua:
1090 1189 1157 1216 mihi
1177 1189 1254 1217 valde
1269 1189 1410 1224 peregrina
1428 1189 1484 1216 visa
1500 1194 1564 1216 sunt
1580 1193 1609 1215 et
1631 1188 1726 1214 inﬁda.
1750 1187 1795 1213 Pro

1009 1236 1110 1270 quibus
1130 1237 1210 1262 etiam
1236 1240 1374 1270 permotus
1397 1243 1457 1262 sum
1482 1234 1605 1262 scribere
1635 1234 1695 1261 haec
1712 1233 1744 1260 ad
1764 1238 1795 1265 te,

1010 1282 1100 1310 sciens
1116 1282 1246 1309 doctrinae
1258 1287 1310 1309 tute
1325 1282 1474 1317 perfectura
1492 1288 1519 1309 ct
1531 1282 1726 1316 plenissimum
1741 1290 1795 1308 sen-

1010 1337 1081 1359 sum,
1095 1328 1224 1363 quoniam
1236 1329 1319 1355 latere
1335 1334 1359 1356 te
1372 1329 1469 1355 horum
1488 1327 1556 1354 nihil
1574 1333 1685 1362 potest;
1700 1332 1727 1354 et
1743 1327 1795 1354 ideo

1010 1374 1129 1402 conlisus
1146 1383 1206 1402 sum
1229 1375 1262 1401 ad
1286 1375 1455 1409 explananda
1476 1374 1556 1401 nobis
1579 1374 1641 1401 haec
1662 1373 1760 1400 invidia
1774 1379 1794 1399 te

1009 1428 1063 1447 non
1079 1428 1159 1455 posse
1181 1420 1328 1454 prohiberi.
1353 1419 1484 1453 Quamvis
1500 1427 1551 1446 nec
1564 1427 1617 1454 ego
1643 1419 1753 1454 quidem
1771 1419 1793 1445 in

1010 1467 1124 1493 alterum
1141 1467 1258 1501 aliquem
1277 1466 1401 1493 inclinari
1417 1466 1553 1500 potuerim
1569 1473 1699 1499 sensum,
1715 1471 1792 1497 tamen

1011 1517 1120 1547 propter
1140 1513 1276 1547 simplices
1299 1520 1437 1547 quosque,
1456 1517 1509 1539 tua:
1531 1512 1710 1539 auctoritatis
1731 1519 1794 1538 cout—

1011 1559 1106 1593 pulsus
1122 1567 1182 1585 sunt
1199 1559 1343 1593 implorare
1356 1565 1524 1585 sermonem.
1541 1557 1651 1584 Revera
1671 1558 1742 1584 enim
1760 1557 1793 1583 vir

1009 1604 1087 1630 valde
1109 1604 1253 1631 vehemens
1277 1608 1330 1631 tam
1352 1612 1479 1632 sermone
1499 1613 1582 1640 quam
1601 1611 1699 1638 opere,
1717 1604 1794 1630 sedet

1010 1653 1121 1683 aspectu
1142 1649 1200 1683 ipso
1222 1653 1303 1684 atque
1329 1649 1421 1676 habitu
1444 1655 1568 1689 apparet.
1590 1649 1647 1676 Sed
1670 1654 1697 1675 et
1719 1655 1794 1683 pauca

1009 1695 1144 1729 quaedam,
1170 1703 1230 1730 qua:
1250 1695 1365 1722 retinere
1386 1703 1498 1730 possunt
1524 1695 1611 1722 exiis
1634 1703 1699 1730 quze
1721 1695 1753 1720 ab
1767 1702 1794 1720 eo

1009 1739 1081 1766 dicta
1101 1744 1175 1772 sunt,
1193 1740 1284 1767 scribo
1301 1740 1359 1771 tibi,
1375 1741 1464 1768 sciens
1481 1741 1546 1775 quia
1559 1749 1596 1767 ex
1610 1741 1646 1768 iis
1661 1741 1741 1767 etiam
1757 1748 1793 1767 re-

1009 1785 1084 1819 liqua
1102 1786 1244 1820 intelliges.
1261 1785 1337 1812 Nosti
1354 1787 1417 1820 quia
1432 1794 1537 1813 merent
1554 1786 1631 1813 hunc
1645 1787 1746 1813 habent
1755 1785 1794 1820 qui

1008 1831 1106 1865 dogma
1122 1831 1230 1865 aliquod
1253 1839 1375 1859 asserere
1396 1832 1501 1864 volunt,
1517 1837 1548 1859 ut
1564 1840 1741 1867 quacunque
1756 1839 1794 1857 vo-

1009 1875 1112 1903 luerint
1126 1877 1158 1904 de
1172 1876 1320 1911 Scripturis
1339 1884 1491 1910 assumere,
1505 1877 1565 1904 inec
1579 1879 1746 1911 propensius
1758 1877 1793 1903 sui

1009 1921 1184 1958 intelligentia
1201 1923 1358 1957 depravent.
1374 1921 1426 1949 Sed
1440 1924 1492 1950 hoc
1505 1925 1681 1958 praeveniens
1695 1929 1793 1958 aposto-

1009 1969 1078 1996 licus
1094 1971 1203 1996 denotat
1217 1977 1318 2002 sermo,
1331 1970 1424 1996 dicens
1439 1979 1444 1996 :
1461 1979 1469 1994 ε
1485 1968 1513 1996 Si
1532 1970 1598 2004 quis
1610 1970 1794 1997 vobisaunuu-

1009 2016 1116 2043 tiaverit
1135 2021 1232 2050 praeter
1253 2015 1323 2050 quod
1349 2015 1503 2050 accepistis,
1528 2016 1681 2042 anathema
1697 2016 1731 2042 sit
1743 2016 1790 2041 “.I

1010 2063 1102 2097 Itaque
1112 2067 1173 2097 post
1184 2062 1241 2089 haec
1251 2070 1311 2097 qum
1325 2063 1410 2089 semel
1422 2062 1455 2089 ab
1466 2062 1602 2096 apostolis
1614 2062 1717 2089 tradita
1729 2067 1793 2093 sunt,

1009 2108 1080 2136 ultra
1101 2115 1154 2134 non
1176 2112 1282 2141 oportet
1299 2108 1447 2143 quidquam
1462 2108 1536 2134 aliud
1555 2108 1702 2142 suscipere
1719 2107 1793 2135 disci-

1009 2154 1103 2188 pulum
1124 2153 1236 2180 Christi.
1254 2153 1352 2180 Verum
1373 2161 1406 2180 ne
1430 2162 1587 2181 sermonem
1609 2154 1722 2189 longius
1740 2162 1792 2188 pro-

1011 2200 1129 2232 trabam,
1144 2199 1175 2227 ad
1189 2199 1356 2234 propositum
1364 2199 1453 2225 redeo.
1470 2197 1567 2233 Legem
1585 2199 1689 2234 Moysi,
1700 2206 1728 2225 ut
1743 2200 1793 2225 brev

1008 2247 1077 2274 viter
1092 2246 1192 2278 dicam,
1208 2245 1313 2272 dicebat
1326 2245 1369 2271 hic
1381 2252 1434 2271 non
1448 2252 1509 2271 esse
1519 2245 1566 2271 Dei
1583 2245 1650 2271 boni
1663 2246 1710 2272 sed
1723 2245 1790 2271 mali-

1010 2294 1055 2328 gni
1066 2292 1207 2327 principis,
1222 2300 1271 2320 nec
1281 2291 1380 2318 habere
1392 2298 1450 2317 eam
1462 2292 1613 2325 quidquam
1627 2291 1791 2326 cognationis

1009 2340 1042 2366 ad
1064 2346 1161 2365 novam
1179 2339 1263 2373 legent
1287 2338 1405 2371 Christi,
1429 2338 1476 2366 sed
1499 2345 1561 2364 esse
1585 2339 1755 2366 contrariam
1769 2341 1790 2362 et

1010 2385 1159 2416 inimicam,
1177 2385 1289 2412 alteram
1304 2385 1381 2412 alteri
1397 2385 1587 2412 obsistentem.
1606 2384 1665 2420 Ego
1676 2384 1789 2413 audiens

205 2459 228 2474 ¹⁶
246 2457 269 2485 ll
284 2457 355 2485 Tim.
373 2466 415 2498 ut,
428 2458 455 2484 6.
494 2457 514 2473 ¹⁷
533 2457 628 2485 Matth.
641 2465 705 2490 xxv,
720 2458 764 2484 44.
803 2457 826 2475 ¹⁶
844 2458 909 2485 Luc.
924 2465 957 2484 xt:

1085 2457 1106 2472 "
1125 2456 1135 2483 Ι
1151 2456 1214 2484 Cor.
1231 2464 1268 2490 χι,
1286 2456 1328 2483 l9.
1367 2457 1391 2472 ¹⁰
1404 2456 1490 2483 Galat.
1507 2463 1526 2489 l,
1542 2456 1570 2483 8.

205 2516 252 2552 (9)7
264 2517 302 2544 Ita
317 2515 431 2551 Vulgata
442 2517 519 2551 juxta
533 2516 655 2546 Graecum
673 2522 786 2549 textum,
805 2517 956 2552 Cyprianus

170 2551 218 2585 lib.
236 2551 274 2588 De
284 2559 365 2588 rapere
378 2556 403 2578 et
416 2552 595 2586 cleemosynis,
609 2553 718 2587 aliique.
742 2551 898 2588 Casitietisis
916 2558 957 2580 ta-

169 2594 231 2615 men
246 2587 337 2618 habet,
353 2595 362 2612 ε
382 2588 409 2613 in
425 2595 573 2614 (arcerent.
588 2596 598 2612 ι

205 2620 262 2655 (10)
283 2621 374 2652 Forte,
392 2631 400 2647 t
415 2622 523 2649 stolam.
541 2631 550 2648 ι

205 2655 261 2689 (ll)
279 2665 288 2682 ‹
304 2655 418 2692 Fugere,
436 2666 445 2682 ›
458 2662 484 2683 et
498 2666 507 2681 ι
522 2656 649 2692 eliugerc,
666 2666 675 2682 ι
691 2664 740 2691 pro
754 2657 856 2691 fugare,
873 2658 899 2684 in
916 2657 958 2684 fu-

170 2698 231 2730 gam
247 2691 394 2725 conjicere,
410 2699 461 2719 suo
484 2692 612 2726 loquendi
637 2700 712 2719 more
735 2693 802 2719 dicit
829 2693 957 2727 antiquus

170 2730 314 2759 interpres.

206 2760 377 2798 (l2)__Nescio
389 2768 444 2798 quo
452 2766 535 2798 pacto
559 2762 706 2798 Diodorum
723 2761 795 2789 hunc
812 2761 957 2798 'l'ryphona

168 2799 250 2831 vocet
263 2794 433 2831 Epiphanius
451 2794 478 2823 in
498 2797 548 2823 hac
563 2796 772 2824 Manichaeorum
790 2794 900 2826 interfit.
914 2798 955 2824 ll.

205 2829 270 2867 αὖ)
283 2831 314 2858 In
330 2830 472 2858 Casinensi
489 2832 594 2860 codice.
611 2841 619 2861 ι
636 2831 851 2863 continuaretur.
869 2842 878 2858 ι

1045 2517 1101 2552 (14)
1121 2516 1243 2552 Meminit
1259 2515 1338 2552 huius
1361 2515 1482 2550 epistola:
1503 2514 1679 2548 Epiphanius
1701 2515 1727 2541 in
1747 2513 1789 2540 hac

1007 2550 1104 2579 haeresi
1121 2559 1197 2578 num.
1214 2551 1256 2583 ll,
1274 2550 1387 2585 ejuSque
1403 2554 1609 2584 argumentum,
1635 2558 1690 2576 non
1708 2554 1788 2585 autem

1007 2587 1100 2619 verba,
1114 2590 1144 2612 ul.
1157 2583 1500 2618 Petavius'ititertiretatur,
1523 2585 1645 2611 breviter
1661 2585 1750 2612 refert.
1762 2583 1785 2608 in

1008 2622 1086 2649 titulo
1100 2621 1180 2655 hujus
1197 2621 1316 2655 epistola
1333 2627 1396 2653 vox,
1415 2630 1423 2645 ι
1440 2620 1567 2650 salutent,
1586 2630 1595 2644 ι
1610 2620 1689 2647 deest
1706 2620 1731 2645 in
1745 2626 1786 2645 εο-

1007 2658 1067 2684 dice.
1081 2656 1234 2687 Casinensi,
1250 2656 1295 2682 sed
1308 2656 1423 2683 litteram
1438 2663 1461 2685 δ,
1478 2663 1541 2682 eam
1556 2662 1655 2682 vocem
1674 2655 1787 2682 indican-

1009 2697 1072 2723 tem,
1101 2696 1222 2725 repetere
1246 2690 1361 2724 neglexit
1385 2690 1524 2722 librarius,
1550 2697 1583 2717 eo
1604 2691 1726 2725 quodin
1744 2689 1788 2715 ﬁne

1007 2726 1181 2761 praecedentis
1194 2726 1268 2752 vocis
1283 2725 1406 2761 exsistat.

1043 2760 1099 2795 (αδ)
1119 2760 1234 2787 Videant
1250 2760 1367 2787 haeretici
1385 2767 1468 2794 quam
1484 2761 1561 2787 clare
1577 2766 1634 2788 tam
1646 2761 1703 2793 hic,
1716 2765 1785 2793 quam

1007 2796 1079 2823 infra
1105 2795 1239 2822 Diodorus
1263 2795 1387 2829 antiquas
1413 2795 1545 2822 Ecclesia:
1567 2797 1729 2824 traditiones
1749 2802 1785 2821 ω·

1008 2831 1129 2866 quendas
1144 2830 1397 2866 amplectendasque
1410 2837 1471 2860 esse
1487 2831 1623 2859 declaret.
