1848 3043
87 111 103 138 1
108 111 160 139 495

644 112 718 140 CUM
737 111 875 140 MANETE
896 109 1162 138 HERESIABCHA.

1643 105 1709 132 Ηίὶῦ

85 170 211 198 dicebam
227 170 267 197 eis
279 178 431 198 sermonem
446 172 645 207 evangelicum,
662 173 798 207 quomodo
810 173 877 200 dixit
893 180 912 202 Α
929 172 985 205 ipse
998 171 1079 202 nosti,
1090 171 1116 196 in
1132 168 1251 197 secunda
1267 169 1299 195 ad
1316 168 1472 195 Corinthios
1485 166 1614 202 Epistula.
1629 166 1709 192 Addit

85 215 222 244 Dominus
233 220 325 244 noster
341 216 420 245 Jesus
435 217 562 245 Christus
577 230 583 245 :
600 227 610 243 ‹
625 217 683 245 Non
696 219 756 245 veni
771 219 875 246 solvere

84 261 186 296 legem,
205 262 251 289 sed
268 262 414 297 adimplere
427 263 460 289 ".
476 272 486 288 υ
502 262 546 290 Ille
565 271 628 290 vero
639 265 685 296 ait,
703 271 874 298 nequaquam

85 314 153 334 eum
169 307 240 334 hunc
261 307 361 335 dixisse
383 316 553 340 sermonem;
571 317 631 336 cum
646 310 717 336 cnim
731 309 816 344 ipsam
834 309 875 336 in-

84 352 231 379 veniamus
241 360 303 378 eum
318 352 461 380 resolvisse
472 354 569 388 legem,
582 362 692 381 necesse
707 358 747 381 est
762 362 811 381 nos
823 355 875 382 hoc

86 398 180 431 potius
204 398 351 433 intelligere
374 399 446 434 quod
471 399 544 427 fecit.
567 399 666 427 Deinde
688 400 769 435 coepit
785 399 875 428 dicere

87 445 208 479 plurima
222 452 255 471 ex
269 444 335 479 lege,
354 445 438 472 multa
454 446 534 473 etiam
549 446 582 473 de
599 445 743 481 Evangelio
761 451 787 473 et
808 454 875 480 apo-

86 490 162 517 stolo
176 489 270 523 Paulo,
284 499 344 525 quae
360 491 410 517 sibi
427 491 550 518 videntur
572 499 631 519 esse
651 492 800 524 contraria,
815 499 876 526 qua

85 536 171 562 etiam
190 543 251 562 cum
271 535 368 562 ﬁducia
385 536 488 569 dicens,
502 536 568 563 nihil
586 536 770 571 pertimescit;
794 537 874 563 credo

85 581 163 616 quod
189 581 285 608 habeat
310 581 460 616 adjutorem
474 582 622 609 draconem
640 582 715 608 illum
733 582 779 615 qui
798 582 876 609 nobis

87 633 200 660 semper
218 625 346 653 inimicus
360 631 410 653 est.
431 626 540 653 Dicebat
556 634 620 661 ergo
637 626 709 661 quod
725 626 760 653 ibi
777 626 876 653 dixerit

87 671 163 699 Deus
179 681 186 699 :
201 672 256 707 Ego
270 672 379 699 divitem
399 677 426 699 et
446 680 591 707 pauperem
608 673 678 699 facio
690 674 726 705 ";
749 673 793 699 hic
813 680 875 699 vero

86 717 170 745 Iesus
179 718 271 746 beatos
279 718 379 746 diceret
390 720 566 754 pauperes";
579 718 793 750 addebatetiam,
803 719 876 753 quod

87 772 174 792 nemo
196 765 283 800 possit
303 765 362 799 ejus
383 772 444 792 esse
465 765 625 799 discipulus,
641 765 694 792 nisi
709 765 877 792 renuntiaret

87 812 218 839 omnibus
232 820 292 846 qua:
303 810 444 838 haberet“
458 820 465 838 :
478 811 514 837 ibi
525 818 588 837 vero
603 810 718 846 Moyses,
735 815 875 844 argentum

928 221 1017 242 anteiit
1028 223 1061 242 ex
1073 216 1159 249 prima
1173 213 1303 248 Epistola,
1317 218 1441 240 terrenos
1454 219 1513 239 esse
1528 212 1619 238 dicens
1629 211 1710 237 disci-

926 261 1004 295 pulos
1021 260 1120 287 vcteris
1134 259 1299 286 Testamenti
1317 265 1343 285 et
1364 258 1503 290 animales,
1525 262 1551 283 et
1568 257 1628 284 ideo
1650 264 1708 282 car-

925 313 986 333 nem
997 310 1023 332 ct
1032 305 1190 339 sanguinem
1203 311 1314 339 regnum
1327 303 1372 330 Dei
1382 302 1520 337 possidere
1529 309 1579 328 non
1589 300 1706 335 posse".

927 352 1018 386 ipsum
1039 358 1148 385 quoque
1164 349 1276 377 Paulum
1293 357 1326 376 ex
1343 348 1450 383 propria
1465 355 1514 375 sua
1530 355 1647 382 persona
1664 347 1707 374 di-

925 398 1004 425 cebat
1020 404 1142 424 asserere
1161 396 1187 423 id
1208 396 1280 431 quod
1304 396 1339 422 ait
1360 403 1366 422 :
1384 403 1393 420 ‹
1412 393 1439 421 Si
1455 402 1485 420 ea
1499 402 1559 428 quae
1575 394 1705 424 destruxi,

925 444 1024 470 iterum
1040 442 1154 475 aediﬁco,
1168 441 1401 477 praevaricatorem
1415 448 1457 467 me
1467 440 1572 467 aestimo
1582 440 1613 467 ⁸³.
1631 448 1640 465 ι
1656 439 1707 466 Sed

926 493 953 514 et
966 488 1030 514 illud
1048 487 1172 514 eumdem
1191 487 1279 521 ipsum
1296 486 1498 513 evidentissime
1514 486 1547 513 de
1561 486 1650 512 carnis
1667 494 1709 512 rc-

926 534 1093 561 surrectionc
1105 533 1218 565 dixisse,
1232 540 1285 559 non
1301 539 1362 560 esse
1379 531 1501 558 Judaeum
1519 532 1564 566 qui
1579 531 1605 558 in
1622 532 1709 558 inani-

927 580 996 607 l'esto
1011 584 1063 612 est,
1079 587 1167 614 neque
1181 586 1241 613 qum
1256 578 1283 605 in
1298 577 1454 610 manifesto,
1471 578 1496 604 in
1512 585 1594 604 carne
1605 582 1643 604 est
1655 577 1708 604 cir-

926 625 1067 658 cumcisio,
1094 632 1183 659 neque
1204 624 1353 652 secundum
1379 624 1506 656 litteram,
1524 615 1612 658 legem
1629 623 1708 657 quid-

926 679 1007 706 quam
1020 671 1145 698 utilitatis
1158 671 1273 697 retinere
1284 670 1315 696 ³⁵.
1329 669 1360 696 Et
1371 677 1478 696 rursum
1491 670 1562 703 quod
1571 669 1706 697 Abraham

926 716 1007 743 habet
1020 715 1145 751 gloriam,
1157 715 1203 742 scd
1219 722 1271 741 non
1282 714 1352 748 apud
1365 714 1447 740 Deum
1459 714 1491 739 ³⁵.
1508 713 1707 740 Tantummodo

927 762 1093 796 agnitionem
1117 761 1220 796 peccati
1242 768 1289 795 per
1309 760 1394 795 legem
1417 760 1519 787 ﬁeri".
1543 760 1594 787 Sed
1613 765 1639 786 ct
1654 760 1706 787 alia

928 806 1021 839 multa,
1037 805 1088 840 legi
1101 806 1266 837 obtrectans,
1283 805 1428 837 inserebat,
1447 813 1479 831 eo
1495 806 1566 839 quod
1587 805 1629 832 lex
1649 806 1706 840 ipsa

87 860 225 883 etaurnm
238 856 272 882 ab
285 855 418 891 [Egyptiis
434 863 556 887 sumens,
570 863 631 882 cum
647 855 747 890 populo
763 855 875 890 fugisset
891 846 912 873 Β
927 856 1065 885 ροςρειιυη]
1088 851 1133 883 sit,
1151 851 1177 878 in
1195 851 1294 885 quibus
1312 851 1449 885 simplices
1468 851 1580 885 quique,
1601 851 1707 877 dicente

87 909 122 928 ex
139 901 255 936 Egypto
267 901 304 933 “;
319 900 398 927 Jesus
412 905 500 927 autem
513 900 579 927 nihil
593 900 706 934 proximi
719 900 875 927 desideran-

87 946 155 973 dum
181 954 241 974 esse
264 947 399 982 praecepit.
428 946 528 973 Deinde
553 946 625 980 quod
645 946 689 973 ille
701 946 809 974 octtlum
827 954 875 980 pro

87 993 182 1024 oculo,
200 992 305 1018 dentem
320 999 369 1026 pro
383 992 462 1019 dente
476 991 501 1017 in
516 991 572 1025 lege
583 991 698 1018 cavisset
709 990 823 1025 expendi
836 991 874 1022 ";

87 1042 185 1064 noster
202 1045 266 1064 vero
282 1037 413 1064 Dominus
437 1037 597 1071 percutienti
624 1044 705 1063 unam
726 1036 873 1069 maxillam,

86 1083 198 1119 juberet
212 1083 291 1110 etiam
305 1083 415 1110 alteram
431 1083 576 1117 praeparari
585 1082 619 1108 ³⁷.
633 1081 709 1114 Quod
723 1081 758 1109 ibi
770 1081 875 1116 Moyses

88 1136 154 1156 eum
167 1128 212 1162 qui
224 1127 343 1154 Sabbato
356 1135 424 1162 opus
441 1127 558 1161 fecisset,
574 1131 600 1155 et
612 1135 664 1154 non
681 1127 875 1161 permansisset

87 1173 118 1200 in
131 1173 258 1200 omnibus
269 1181 329 1206 qua:
342 1173 440 1206 scripta
457 1177 522 1200 sunt
536 1172 563 1199 in
577 1173 645 1207 lege,
667 1172 757 1207 puniri
773 1172 876 1207 lapida-

87 1218 169 1253 rique
192 1219 361 1253 praecepit",
390 1219 460 1246 sicut
484 1218 584 1246 factum
612 1223 653 1246 est
677 1219 702 1246 ci
723 1219 768 1253 qui
787 1219 875 1245 adhuc

87 1264 222 1298 ignorans
241 1264 267 1290 in
287 1263 406 1291 Sabbato
421 1264 521 1292 fascem
537 1264 602 1299 ligni
615 1264 775 1299 collegerat;
795 1263 875 1291 Iesus

88 1317 157 1336 vero
175 1309 200 1336 in
220 1309 337 1337 Sabbato
348 1310 428 1337 etiam
446 1309 543 1337 lectum
560 1314 667 1345 portare
681 1310 807 1345 praecepit
817 1318 832 1336 a
847 1317 875 1337 se

89 1355 236 1387 curato";
255 1356 300 1382 Sed
323 1361 348 1382 et
365 1356 512 1390 discipulos
529 1355 557 1382 in
579 1356 623 1383 die
646 1354 756 1383 Sabbati
777 1355 875 1383 vellere

88 1402 182 1436 spicas
193 1401 215 1417 ³⁰
227 1410 259 1428 ac
274 1402 399 1428 manibus
416 1401 566 1429 confricare
583 1410 635 1429 non
652 1403 786 1437 prohibet,
803 1402 875 1436 quod

89 1447 219 1474 Sabbatis
231 1447 324 1482 utique
343 1455 396 1474 non
412 1447 509 1474 licebat
529 1448 596 1475 ﬁeri.
614 1448 646 1475 Et
662 1449 725 1483 quid
744 1449 816 1483 plura
835 1448 860 1474 di

88 1494 172 1521 cam?
198 1493 292 1520 multis
317 1497 345 1520 et
370 1493 453 1520 variis
474 1494 671 1521 assertionibus
688 1493 874 1528 hujuscemodi
890 1511 911 1541 ε

88 1541 218 1575 dogmata
239 1539 273 1566 ab
292 1547 324 1566 eo
345 1546 452 1566 summo
473 1539 533 1566 nisu
555 1544 635 1573 atque
658 1546 764 1566 summo
786 1538 876 1566 studio

89 1587 308 1614 aﬂi-rmabantur.
321 1585 388 1612 Nam
402 1593 434 1612 ex
450 1585 611 1612 auctoritate
636 1585 768 1620 Apostoli,
789 1584 876 1619 Moysi

89 1632 193 1666 legem,
207 1631 291 1665 legem
307 1639 368 1658 esse
386 1631 480 1657 mortis
495 1631 643 1658 conabatur
657 1638 795 1663 asserere;
812 1629 876 1657 Jcsu

91 1685 160 1704 vero
174 1677 269 1712 legem,
287 1677 370 1711 legem
387 1684 447 1704 esse
463 1677 533 1709 vitaz,
552 1684 599 1711 per
616 1676 643 1703 id
654 1676 725 1710 quod
740 1676 778 1703 ait
793 1685 799 1703 :
817 1685 827 1701 ι
848 1675 875 1702 In

91 1730 150 1758 quo
166 1728 192 1750 et
207 1722 320 1749 idoneos
337 1729 387 1749 nos
403 1722 485 1749 faciat
500 1722 570 1749 Deus
587 1721 642 1756 (16)
657 1722 798 1749 ministros
814 1723 877 1749 novi

89 1769 261 1797 Testamenti
276 1775 330 1794 non
353 1768 452 1798 littera,
467 1768 513 1794 sed
539 1767 652 1802 Spiritu.
680 1767 781 1794 Littera
805 1767 877 1794 cnim

89 1814 195 1842 occidit
206 1834 213 1845 ,
235 1814 356 1848 Spiritus
373 1819 462 1841 autem
477 1815 605 1841 viviﬁcat.
622 1813 698 1846 Quod
714 1813 737 1840 si
752 1813 877 1840 ministe-

92 1860 166 1887 rium
180 1859 287 1892 mortis,
303 1860 331 1886 in
347 1853 444 1887 litteris
459 1860 602 1887 formatum
622 1860 649 1886 in
664 1860 798 1894 lapidibus
811 1859 877 1895 (17),

92 1905 197 1932 factum
216 1909 257 1932 est
275 1905 302 1932 in
320 1905 416 1939 gloria,
440 1905 476 1932 ita
499 1910 528 1932 ut
543 1913 597 1932 non
612 1909 722 1940 possent
740 1905 879 1933 intendere

91 1951 143 1978 tilii
161 1949 243 1978 Israel
268 1951 296 1977 in
321 1950 418 1977 faciem
433 1950 517 1986 Moysi
534 1956 643 1986 propter
657 1951 770 1986 gloriam
788 1952 879 1979 vultus

90 1998 165 2032 ejus,
183 2006 243 2033 qua!
254 1997 404 2025 destruetur
419 1997 475 2033 (18)
487 2005 494 2029 ;
508 1998 644 2032 quomodo
660 2005 714 2024 non
731 1998 815 2032 magis
829 1998 886 2025 mis,

93 2043 238 2071 nisterium
253 2043 370 2078 Spiritus
385 2043 435 2070 erit
452 2043 480 2069 in
503 2042 605 2077 gloria?
621 2042 650 2069 Si
668 2042 739 2069 enim
756 2042 879 2069 ministe-

93 2090 167 2117 rium
180 2089 362 2117 damnationis
380 2088 466 2123 gloria
486 2093 537 2120 est,
553 2088 639 2115 multo
660 2088 746 2123 magis
759 2087 880 2115 abunda-

93 2135 137 2162 bit
153 2135 332 2163 ministerium
357 2135 470 2170 justitite
492 2135 524 2162 ad
549 2135 673 2170 gloriam.
697 2134 791 2169 Neque
807 2135 879 2161 enirn

924 904 966 928 eo,
985 897 1205 930 movebantur,et
1220 904 1305 931 usque
1319 894 1355 923 ad'
1363 895 1493 923 Joannem
1504 897 1596 931 igitur,
1609 896 1707 928 aiebat.

925 943 968 970 lex
983 948 1008 970 et
1023 943 1160 978 propheta:
1170 943 1202 970 ³⁷.
1228 942 1324 969 Aiebat
1339 946 1428 969 autem
1444 942 1574 969 Joannem
1594 951 1706 978 regnum

925 989 1055 1016 ccelorum
1072 989 1234 1023 praedicare;
1252 996 1313 1015 nam
1333 993 1359 1015 et
1378 995 1426 1023 per
1443 988 1638 1015 abscissionem
1651 988 1706 1024 (19)

925 1034 1022 1069 capitis
1029 1035 1088 1069 ejus
1102 1035 1152 1062 hoc
1164 1042 1224 1062 esse
1236 1034 1394 1067 indicatum,
1408 1033 1481 1068 quod
1495 1034 1622 1061 omnibus
1634 1034 1708 1069 prio-

926 1081 1000 1108 ribus
1013 1085 1041 1107 et
1057 1080 1242 1115 superioribus
1257 1080 1316 1114 ejus
1331 1079 1472 1113 abscissis,
1487 1079 1637 1113 posteriora
1649 1080 1707 1106 sola

926 1127 1056 1154 servanda
1071 1126 1134 1153 sint.
1147 1125 1187 1152 Ad
1200 1126 1256 1152 hac
1270 1126 1352 1160 igitur
1366 1125 1459 1158 nobis,
1474 1132 1489 1151 0
1505 1125 1708 1160 religiosissime

925 1171 1067 1202 Archelae,
1081 1170 1176 1206 paucis
1189 1170 1325 1203 rescribe;
1342 1171 1433 1197 audivi
1445 1171 1517 1197 enim
1537 1178 1590 1196 non
1605 1171 1708 1197 medio-

925 1217 1006 1245 criter
1018 1217 1065 1244 tibi
1077 1224 1137 1244 esse
1152 1217 1179 1242 in
1192 1215 1292 1243 talibus
1306 1216 1425 1242 studium
1438 1225 1444 1242 :
1460 1215 1506 1242 Dei
1518 1215 1590 1242 enim
1605 1216 1706 1242 donum

925 1270 976 1297 est,
992 1264 1093 1292 idcirco
1108 1263 1180 1297 quod
1197 1262 1286 1296 dignis
1299 1268 1324 1289 et
1337 1262 1431 1289 amicis
1446 1263 1512 1294 suis,
1529 1262 1635 1297 sibique
1646 1270 1709 1297 pro-

926 1310 1005 1346 positi
1017 1310 1146 1337 societate
1158 1308 1322 1344 conjunctis,
1336 1308 1406 1336 Deus
1419 1309 1502 1336 donat
1514 1309 1570 1336 hmc
1584 1317 1707 1337 munera.

925 1356 1054 1385 Nostrum
1072 1357 1143 1383 enim
1166 1361 1206 1383 est
1222 1355 1391 1391 propositum
1407 1363 1559 1390 praeparare
1574 1360 1600 1382 et
1616 1355 1710 1390 [ποιεί-μ

926 1412 986 1431 mos
1002 1403 1060 1430 ﬁeri
1075 1403 1196 1437 benigna:
1208 1409 1240 1429 ac
1251 1401 1326 1428 diviti
1345 1401 1429 1428 menti
1442 1401 1497 1436 (20)
1508 1421 1514 1433 ,
1535 1406 1561 1428 et
1578 1401 1711 1428 continuo

926 1449 960 1476 ab
976 1455 1007 1475 ea
1031 1448 1184 1483 largissima
1207 1452 1319 1473 munera
1344 1447 1548 1482 consequimur.
1575 1447 1708 1479 Quoniam

927 1502 990 1529 ergo
1005 1495 1031 1521 in
1045 1495 1079 1522 iis
1093 1499 1156 1521 voto
1168 1498 1194 1521 et
1210 1493 1348 1528 proposito
1359 1501 1420 1520 meo
1434 1493 1569 1520 sermonis
1582 1501 1635 1519 non
1652 1492 1710 1519 suf-

928 1541 983 1568 ﬁcit
1000 1541 1116 1568 eruditio
1136 1540 1257 1571 (idiotam
1276 1539 1347 1566 enirn
1363 1547 1406 1566 me
1426 1546 1486 1566 esse
1508 1539 1660 1571 conﬁteor),
1676 1539 1709 1565 ad

926 1592 952 1614 te
966 1587 1039 1619 misi,
1052 1586 1123 1614 sicut
1136 1586 1234 1621 saepius
1248 1586 1315 1616 dixi.
1328 1585 1485 1620 quaestionis
1501 1585 1582 1619 hujus
1600 1585 1709 1611 solutio-

927 1641 988 1660 nem
1002 1632 1186 1668 plenissimam
1203 1637 1371 1666 recepturus.
1395 1630 1542 1658 lncolumis
1556 1631 1622 1657 mihi
1639 1635 1708 1662 esto,

927 1678 1007 1706 Pater
1019 1678 1239 1712 incomparabilis
1256 1683 1283 1705 et
1301 1676 1480 1704 honorabilis.

964 1723 1031 1751 XLI.
1051 1724 1167 1758 Accepta
1187 1724 1237 1750 hac
1257 1723 1380 1758 epistola,
1393 1721 1542 1749 Archelaus
1561 1721 1710 1748 admiratus

928 1775 969 1797 est
980 1769 1099 1796 hominis
1114 1769 1271 1801 audaciam;
1292 1769 1338 1796 sed
1358 1768 1466 1794 interim
1486 1767 1594 1795 Diodori
1612 1767 1711 1803 allega-

929 1815 1060 1847 tionibus,
1076 1820 1105 1842 ut
1118 1822 1161 1842 res
1191 1814 1322 1841 suadebat
1341 1815 1430 1840 celere
1450 1812 1515 1840 dare
1534 1820 1710 1847 responsura,

930 1861 1061 1887 continuo
1076 1860 1185 1894 scripsit
1201 1860 1252 1887 hoc
1269 1860 1359 1886 modo.

958 1914 1112 1934 ARCHELAUS
1127 1913 1242 1934 DIODORO
1257 1913 1425 1933 PRESBYTERO
1440 1913 1511 1933 FlLlO
1526 1912 1684 1932 HONORABILI

1215 1959 1338 1978 SALUTEM
1354 1951 1421 1986 (21).

964 1996 1089 2031 Acceptis
1104 1996 1201 2024 litteris
1217 1997 1280 2030 tuis,
1294 1997 1370 2023 valde
1384 1997 1495 2032 gavisus
1508 1996 1713 2028 sum,.dilectis-

930 2042 1008 2070 sime.
1032 2041 1153 2077 Cognovi
1177 2047 1267 2069 autem
1293 2042 1366 2077 quod
1387 2041 1429 2068 vir
1451 2042 1501 2069 iste
1522 2042 1566 2076 qui
1585 2046 1646 2068 ante
1664 2041 1713 2069 hos

929 2090 989 2118 dies
1003 2089 1036 2116 ad
1050 2097 1093 2116 me
1107 2094 1228 2122 verterat,
1246 2093 1273 2116 ct
1285 2088 1427 2115 scientiam
1442 2089 1522 2115 aliam
1541 2093 1637 2123 praztcr
1652 2096 1713 2115 eain

931 2142 993 2169 quae
1006 2133 1155 2169 apostolica
1170 2138 1212 2160 est
1223 2137 1249 2160 et
1266 2131 1460 2166 ecclesiastica,
1477 2133 1648 2160 introducere
1666 2142 1714 2160 cu-

92 2181 274 2217 gloriﬁcatum
290 2185 340 2214 est,
354 2181 425 2216 quod
440 2181 586 2216 gloriosum
607 2181 713 2207 factum.
729 2180 812 2208 estin
829 2180 880 2207 hac
896 2177 918 2207 D
932 2180 1031 2214 piebat,
1052 2179 1086 2206 ad
1108 2184 1134 2206 te
1155 2186 1263 2213 quoque
1288 2180 1410 2212 venerit;
1431 2187 1512 2213 quem
1534 2179 1642 2213 quidem
1664 2187 1714 2213 ego

93 2231 182 2261 parte,
200 2231 308 2261 propter
323 2235 383 2254 eam
408 2235 469 2262 qua:
500 2226 681 2262 supereminet
705 2226 817 2261 gloriam
834 2235 839 2251 :
857 2225 880 2252 si

92 2273 168 2299 enim
183 2272 254 2308 quod
271 2274 425 2300 destruetur
439 2280 486 2307 per
499 2273 612 2306 gloriam
630 2277 680 2304 est,
696 2272 781 2299 multo
795 2271 880 2305 magis

92 2318 169 2353 quod
184 2323 286 2351 manet,
302 2319 327 2345 in
341 2319 427 2354 gloria
439 2323 480 2345 est
492 2319 524 2345 ³¹.
541 2328 550 2344 ›
561 2318 612 2346 Sed
625 2319 677 2346 hoc
687 2318 796 2353 quidem
810 2317 882 2344 sicut

132 2378 153 2392 "
169 2376 260 2404 Matth.
277 2386 302 2408 ν,
321 2377 360 2404 l7.
385 2378 406 2393 “
418 2377 496 2404 Prov.
513 2385 582 2409 xxii,
594 2377 621 2405 Ξ.
655 2378 678 2393 ’³
693 2377 786 2404 Matth.
804 2384 831 2408 v.
847 2376 873 2403 5.

133 2412 142 2427 Ι
155 2420 188 2427 ...ι
215 2420 239 2427 nu
266 2412 301 2427 0H
350 2413 371 2427 aa
392 2412 457 2427 Nu...
487 2421 520 2427 νυ
549 2413 581 2427 ’Ζεῦ
632 2413 653 2427 ID
671 2412 741 2427 “una
771 2420 788 2427 ΙΙ
819 2412 847 2427 ΙΙ

965 2384 1008 2403 uc.
1022 2383 1077 2409 xw,
1093 2376 1138 2403 55.
1176 2376 1199 2392 ’³
1215 2375 1299 2403 Exod.
1314 2383 1362 2406 xtt,
1379 2375 1423 2401 35.

963 2419 993 2427 nn
1027 2419 1052 2427 ‘vl
1084 2411 1094 2427 Δ
1148 2411 1170 2427 ιι
1185 2411 1204 2427 ll
1216 2411 1271 2427 Γην
1303 2419 1331 2427 ιιι
1360 2410 1419 2427 (LII

900 2411 921 2427 ³ο
939 2411 1004 2439 Luc.
1027 2419 1064 2444 v1,
1084 2411 1109 2437 1.

876 2445 898 2461 ³⁸
922 2446 1000 2473 Rom.
1024 2454 1065 2478 ιιι,
1088 2446 1132 2472 '20.

93 2412 119 2428 ‘7
131 2412 198 2439 Luc.
215 2420 250 2444 vt,
266 2412 311 2439 29.
350 2413 371 2428 ’⁸
391 2412 470 2439 Num.
487 2421 530 2444 xv,
549 2413 591 2439 5'2.

93 2446 120 2464 ³⁸
133 2447 192 2475 Gal.
207 2455 237 2476 tt.
251 2447 295 2474 18.
348 2447 370 2463 ³³
384 2447 462 2474 Rom.
482 2455 511 2480 ll,
527 2447 571 2474 28.

134 2507 188 2549 (16)
209 2507 335 2542 Vulgata,
357 2517 366 2533 ι
391 2507 454 2535 fecit
469 2507 551 2541 Deus,
571 2516 580 2534 ι
597 2509 669 2543 quod
687 2509 773 2544 magis
787 2507 881 2535 Graeco

96 2547 182 2570 textui
200 2550 348 2570 consonum
363 2548 414 2570 est.

135 2578 189 2613 (17)
210 2577 342 2612 Vulgata;
363 2587 372 2603 ι
394 2577 555 2605 Ministratio
587 2578 694 2608 mortis,
717 2578 812 2605 litteris
833 2578 881 2604 de-

97 2612 215 2640 formata
228 2613 255 2648 in
272 2612 425 2648 lapidibus;
443 2622 452 2638 )
470 2613 516 2639 sed
532 2614 618 2640 nostri
637 2613 791 2647 interpretis
803 2613 882 2639 lectio

99 2648 185 2682 magis
202 2647 235 2675 ad
251 2655 362 2675 sensum
379 2647 466 2675 Graeci
489 2655 543 2682 quo
559 2655 631 2675 nunc
655 2648 769 2680 utimur,
793 2652 882 2675 textus

99 2683 213 2710 accedit.

136 2717 191 2752 (18)
213 2716 281 2744 Infra
300 2725 359 2752 cap.
378 2717 516 2749 421ηὶιει,
538 2727 546 2743 ι
561 2717 695 2744 aboletur.
717 2727 725 2742 ι

136 2752 191 2786 (19)
211 2752 240 2779 In
267 2753 420 2784 Casinensi,
452 2762 461 2778 ι
489 2761 549 2779 nam
580 2757 607 2779 et
637 2753 842 2780 abscissionem.
869 2761 878 2775 ι

99 2787 216 2820 omissa,
236 2791 266 2814 ut
282 2792 363 2822 patet,
379 2788 570 2822 prmpositione
587 2797 595 2813 ‹
617 2795 674 2823 per.
691 2797 699 2813 ι
721 2787 773 2814 Sed
788 2792 814 2815 et
830 2787 881 2821 legi

99 2827 199 2857 potest,
219 2832 228 2848 ‹
245 2823 421 2850 abs'cissionc.
442 2833 451 2848 ι

632 2413 653 2428 ³⁹
670 2412 751 2439 Marc.
770 2420 800 2442 tt.
819 2412 864 2439 11.

610 2448 632 2463 ³⁸
652 2447 730 2474 Rom.
748 2455 783 2480 tv,
796 2447 824 2473 ‘2.

933 2233 986 2252 non
1010 2224 1120 2256 admisi,
1141 2224 1168 2250 in
1186 2223 1311 2258 praesenti
1326 2224 1397 2250 enim
1421 2224 1499 2250 nobis
1514 2223 1715 2258 disputantibus

931 2270 1086 2298 confutatus
1109 2274 1160 2298 est.
1183 2270 1215 2297 Et
1230 2271 1309 2297 velim
1323 2270 1431 2306 quidem
1453 2269 1544 2296 omnia
1567 2277 1627 2304 qua:
1642 2277 1657 2296 a
1671 2276 1715 2296 me

931 2317 1003 2344 dicta
1016 2322 1089 2348 sunt,
1104 2317 1223 2344 scribere
1239 2317 1296 2350 tibi,
1314 2321 1343 2344 ut
1356 2324 1389 2343 ex
1403 2315 1445 2343 his
1459 2323 1619 2349 agnosceres
1634 2315 1714 2342 tidem

1462 2373 1484 2388 “
1501 2374 1585 2401 Exod.
1599 2382 1654 2406 xxt,
1667 2374 1713 2406 24.

1148 2411 1170 2427 ³¹
1185 2411 1279 2438 IlCor.
1303 2419 1343 2440 ιιι,
1360 2410 1434 2436 6-11.
1468 2409 1490 2424 ³²
1507 2409 1516 2434 l
1531 2409 1594 2436 (lor.
1610 2417 1654 2440 xv,
1669 2409 1713 2436 50.

1184 2447 1206 2462 ³⁷
1221 2445 1299 2473 Joan.
1317 2453 1335 2478 ι,
1347 2445 1391 2472 ‘29.

969 2505 1025 2541 (20)
1045 2506 1074 2532 in
1103 2505 1247 2533 Casinensi
1272 2503 1493 2541 codicehlegitur,
1521 2510 1533 2541 ε¹
1551 2506 1716 2541 praepararet

934 2536 1073 2576 proximus
1087 2541 1144 2567 ﬁeri
1160 2541 1286 2576 benignae
1297 2541 1346 2567 hac
1362 2536 1437 2576 diviti
1452 2537 1545 2576 menti.
1562 2545 1571 2562 ι
1589 2536 1622 2576 Et
1633 2536 1714 2576 intra,

937 2571 946 2601 ἱ
965 2576 1075 2603 idiotam
1088 2583 1131 2602 me
1145 2583 1206 2602 esse
1221 2571 1362 2602 conﬁteor.
1383 2584 1392 2600 ι
1407 2573 1457 2601 Sed
1469 2572 1506 2598 ita
1517 2571 1714 2599 emendandum

933 2619 1003 2651 esse,
1029 2610 1069 2637 uti
1085 2610 1188 2637 editum
1205 2615 1255 2642 est,
1279 2617 1369 2643 nemo,
1397 2614 1426 2637 ut
1447 2607 1584 2638 arbitror,
1609 2606 1716 2634 inﬁcias

933 2650 1025 2715 ﬂigi}
1036 2680 1111 2707 Hanc
1120 2680 1245 2707 Arclielai
1253 2679 1406 2714 epistolam,
1414 2687 1475 2707 cum
1488 2676 1716 2715 subsequentibus

937 2711 1074 2743 nonnullis
1091 2723 1177 2750 usque
1188 2716 1222 2750 ad
1237 2711 1318 2750 caput
1331 2715 1365 2741 46
1378 2711 1457 2749 hujus
1471 2715 1560 2750 operis
1571 2711 1655 2750 edidit
1669 2718 1717 2750 ρει·
1765 2733 1770 2739 .

937 2752 1002 2778 riter
1025 2759 1056 2778 ex
1071 2746 1164 2778 codice
1184 2746 1312 2778 Bobicitsi
1332 2746 1463 2783 Valesius,
1482 2746 1558 2784 cujus
1576 2747 1663 2774 Varias
1678 2746 1719 2772 lue
1765 2768 1767 2770 -

937 2786 1040 2814 etioncs
1055 2786 1226 2813 adnotamus.
