1848 3043
166 77 234 104 H95

672 77 762 105 ACTA
781 77 1043 106 DlSPUTATlONlS
1064 78 1092 106 S.
1113 78 1286 106 ABCIIELAI

1728 78 1789 106 ΗΜ

164 137 239 171 ejus;
253 136 300 164 sed
313 137 377 172 quia
390 137 423 164 de
434 136 541 165 vacanti
555 136 611 164 fieri
626 137 723 172 poterit
735 137 790 172 (22)
802 138 865 170 hoc,
880 146 951 165 nunc
966 141 987 169 Α
1003 138 1041 165 lla
1059 138 1124 165 mihi
1142 138 1342 173 intelligendum
1354 143 1395 165 cst
1408 137 1590 173 magniﬁcum
1602 136 1649 163 Dei
1663 135 1788 163 famulum

164 181 238 216 quod
263 181 355 214 instat,
380 181 474 216 paucis
501 181 666 215 respondere
689 182 736 209 tibi
762 183 948 209 necessarium

164 227 241 258 duxi.
256 227 289 254 ad
305 234 336 253 ea
355 234 415 261 quae
437 226 503 254 mihi
526 226 660 261 scripsisti
676 227 749 262 quod
764 228 798 254 ah
816 228 862 255 illo
877 227 949 255 dice-

164 277 268 300 rentur.
285 271 350 299 Erat
364 279 430 307 ergo
445 272 469 299 ei
487 280 626 300 summum
641 273 760 300 studium
778 273 846 309 (25),
862 273 948 309 legem

162 317 248 354 Moysi
264 317 407 345 os‘.endere
419 325 472 345 non
483 325 543 346 esse
556 323 752 346 consonantem
765 319 815 355 legi
829 319 948 352 Christi;

162 369 189 391 et
206 364 263 392 haec
283 372 315 391 ex
337 363 438 391 nostris
462 363 612 399 Scripturis
633 372 790 392 asseverare
817 365 949 393 tcutabat.

161 409 217 437 Nos
233 417 298 437 vero
311 417 343 437 ex
361 410 455 438 eadem
469 410 527 445 ipsa
540 409 680 445 Scriptura
699 418 752 438 non
772 411 861 439 solum
885 419 951 439 con-

161 455 331 483 firmavimus
346 455 430 491 legem
443 456 540 492 Moysi,
553 461 579 484 et
589 457 680 483 omnia
693 464 753 492 qua:
767 457 793 484 in
806 465 836 484 ea
849 457 949 492 scripta

161 507 241 534 sunt;
257 509 352 529 verum
363 502 443 529 etiam
453 510 533 530 omne
544 507 622 530 vetus
634 502 838 531 Testamentum
850 512 950 532 conve-

160 548 220 575 nire
244 555 315 575 novo
339 548 513 576 Testamento
529 553 555 576 et
581 557 732 577 consonare
758 550 948 584 probavimus,

160 601 300 628 unumque
307 601 367 621 esse
374 598 488 621 textum.
500 599 628 630 tanquam
637 596 660 622 si
672 603 724 622 una
735 596 817 623 vestis
826 595 950 622 videatur

159 647 192 666 ex
205 640 374 674 subtegmine
386 640 443 675 (24)
455 645 536 676 atque
543 641 659 668 stamine
671 649 732 668 esse
744 645 879 669 contexta.
893 641 950 669 lloc

160 686 263 719 solum,
275 687 350 721 quod
362 687 444 714 veluti
456 694 604 722 purpuram
617 687 741 715 videmus
758 688 786 714 in
802 693 886 720 veste,
901 695 948 714 no-

158 739 222 759 vum
233 731 435 760 Testamentum
447 732 474 759 in
486 737 591 760 textura
600 733 656 768 (‘25)
666 734 764 761 veteris
771 733 948 766 Testamenti;

159 778 273 812 gloriam
290 778 362 806 enim
389 778 497 806 Domini
521 779 548 805 in
575 779 670 806 eodetn
694 780 868 814 speculamur
881 779 947 815 (‘26).

1003 184 1112 220 Moysen
1138 184 1273 212 invenisse
1285 184 1340 219 (59)
1359 184 1490 219 populum
1508 183 1643 210 amictum
1662 182 1696 209 ab
1713 181 1788 218 Egy-

1001 230 1075 265 ptiis,
1100 237 1182 265 quem
1207 235 1376 265 assumptum
1398 229 1539 257 nutriebat
1559 229 1588 257 in
1605 229 1716 256 deserto
1736 233 1789 255 tau-

1001 283 1082 310 quam
1094 279 1180 310 pater,
1197 275 1309 302 docebat
1324 280 1352 302 ut
1367 275 1508 310 magister.
1522 274 1635 310 regebat
1650 278 1679 300 ut
1693 279 1787 300 rector.

1000 320 1178 349 Conservavit
1193 321 1332 356 populum,
1354 328 1499 356 usquequo
1513 320 1621 347 veniret
1640 319 1720 354 cuius
1732 325 1787 350 est;

999 371 1027 394 et
1041 371 1102 402 post
1115 367 1283 402 aliquantum
1300 371 1406 401 tempus
1420 366 1571 393 adveniens
1585 370 1664 400 pater
1674 373 1739 392 oves
1751 374 1788 392 re-

1000 412 1070 447 cepit
1083 412 1149 447 (40),
1165 411 1260 440 Nonne
1272 420 1320 447 per
1333 413 1424 439 omnia
1439 412 1623 439 honorabitur
1636 411 1746 445 quidem
1758 411 1788 438 ab

1000 466 1033 486 eo
1047 459 1094 493 qui
1110 459 1221 486 tradidit
1235 466 1360 494 gregem;
1378 458 1541 492 gloriabitur
1559 465 1624 485 vero
1641 458 1677 484 ab
1696 458 1731 485 iis
1746 459 1787 491 qui

1000 504 1036 531 ab
1050 512 1084 531 eo
1101 505 1254 532 conservati
1272 504 1352 531 sunt?
1364 503 1431 536 Quis
1446 504 1529 538 igitur
1545 503 1582 530 ita
1598 503 1701 530 utentis
1718 504 1788 530 iusa-

1000 557 1042 577 nae
1057 554 1110 583 est,
1124 558 1141 577 ο
1152 550 1328 577 dilectissime
1344 548 1471 581 Diodore,
1487 554 1515 576 ut
1527 549 1635 576 alienos
1651 557 1666 575 a
1677 556 1707 576 se
1721 549 1788 575 dicat

999 602 1046 622 eos
1059 596 1106 629 qui
1122 594 1191 621 inter
1208 602 1237 621 se
1251 594 1388 629 conjuncti
1406 599 1482 625 sunt,
1498 594 1546 628 qui
1564 601 1613 628 pro
1629 601 1660 620 se
1677 594 1786 621 invicem

1000 641 1206 675 prophetarunt,
1225 640 1271 674 qui
1287 639 1402 674 aequalia
1415 644 1443 666 et
1458 639 1510 666 sibi
1526 639 1628 667 similia
1648 645 1731 674 atque
1747 648 1787 666 ω-

1000 685 1073 720 gnita
1087 685 1154 720 (41),
1179 685 1235 712 imo
1253 686 1342 720 potius
1359 692 1488 720 germana
1508 685 1589 720 signa
1612 692 1647 711 ac
1671 685 1786 720 prodigia

999 730 1239 758 demonstrarunt?
1254 736 1281 758 et
1297 731 1386 766 primo
1405 730 1515 766 quidem
1531 730 1640 767 Moyses
1656 732 1690 758 ad
1709 740 1788 766 popa-

1000 777 1055 804 lum
1071 777 1158 804 dixit:
1181 787 1191 803 ‹
1208 777 1371 812 Prophetam
1393 778 1471 805 vobis
1494 778 1639 805 suscitabit
1661 777 1788 806 Dominus

158 823 218 850 Non
235 832 300 859 ergo
314 824 496 859 abjiciendum
511 828 552 852 est
564 825 703 859 speculum
714 825 781 860 (27),
794 833 856 853 cum
868 825 948 853 nobis
964 818 984 845 Β
999 821 1070 850 Deus
1083 827 1177 850 noster
1192 823 1263 850 sicut
1277 831 1320 850 me
1329 823 1362 850 ".
1380 823 1460 851 Jesus
1478 823 1578 850 deinde
1593 824 1631 850 ait
1647 833 1654 850 :
1672 834 1682 850 ‹
1702 824 1739 851 De
1751 833 1789 852 me

160 869 248 904 ipsam
264 870 410 904 imaginem
426 878 517 897 rerum
535 871 652 898 similem
675 878 820 906 veramque
835 871 947 898 demon-

158 919 225 942 stret
237 914 310 950 (-28);
327 915 392 950 quin
420 915 510 950 potius
524 920 551 943 et
566 923 600 944 eo
620 916 738 951 amplius
755 916 946 944 honorandum

157 964 209 986 est.
224 959 277 987 Sed
293 964 319 987 et
335 968 449 995 puerum
466 961 512 996 qui
524 961 558 989 ad
572 961 699 989 doctores
712 969 726 989 a
737 962 945 998 paedagogum!)

158 1006 328 1040 perducitur,
345 1014 406 1034 cum
425 1007 515 1035 adhuc
532 1008 661 1042 parvulus
675 1012 726 1041 est,
745 1008 868 1043 nunquid
884 1016 945 1035 cum

157 1051 190 1078 ad
206 1055 312 1079 aetatem
327 1052 491 1087 pervenerit,
508 1053 677 1082 dehonorare
693 1054 750 1090 (50)
767 1058 877 1089 oportet
893 1062 946 1089 p:e-

157 1097 303 1132 dagogum,
319 1102 460 1132 propterea
473 1099 545 1133 quod
559 1099 616 1133 jam
633 1107 715 1134 opera
731 1100 790 1134 ejus
806 1108 859 1127 non
876 1099 947 1127 indi-

157 1142 278 1178 get(5l),
292 1149 319 1170 et
333 1149 421 1178 potest
431 1145 507 1172 solus
518 1145 574 1178 jam
590 1147 649 1172 sine
662 1146 722 1181 ejus
734 1146 900 1173 adminiculo
911 1145 945 1173 ad

156 1188 265 1216 scholas
284 1197 396 1225 pergere
413 1195 494 1225 atque
508 1191 540 1218 ad
556 1191 691 1219 auditoria
710 1192 875 1226 properare?
892 1192 946 1218 Aut

156 1242 268 1262 rursum
285 1235 344 1270 (52)
366 1237 496 1271 parvulus
517 1237 564 1272 qui
587 1238 656 1266 lacte
680 1238 799 1266 nutritus
815 1244 866 1270 est,
884 1247 945 1266 eum

156 1281 302 1314 profecerit
313 1282 347 1308 ad
362 1282 507 1310 validiores
518 1283 604 1315 cibos,
617 1292 679 1311 cum
694 1283 794 1319 injuria
807 1285 886 1312 debet
898 1285 946 1312 abr

153 1326 239 1361 jicere
252 1332 335 1362 atque
352 1329 546 1357 exhorrescere
568 1330 684 1358 nutricis
706 1330 861 1358 mamillas?
880 1331 946 1366 qttin

156 1372 247 1406 potius
258 1378 403 1400 veneratur
413 1375 527 1408 et‘colit,
539 1379 566 1402 et
580 1375 702 1403 beneficii
715 1376 758 1403 sui
769 1376 877 1404 debitor
888 1375 945 1411 (55)

154 1418 263 1447 fatetur.
290 1420 369 1447 Aliud
394 1421 488 1454 etiam,
515 1421 538 1449 si
567 1422 685 1454 videtur,
706 1422 869 1450 adhibemus
889 1423 945 1458 (54)

154 1466 320 1500 exemplum.
335 1465 422 1493 Homo
438 1468 549 1502 quidam
565 1468 715 1503 projectum
732 1468 758 1495 in
771 1472 871 1496 terram
882 1476 944 1496 cum

997 867 1070 894 enim
1086 867 1192 904 Moyses
1214 868 1321 895 loculus
1343 873 1385 896 est
1396 869 1428 895 ”.
1444 878 1454 894 ι
1480 868 1562 896 Vides
1581 869 1640 905 (42)
1655 872 1788 904 quomodo

997 912 1122 940 dexteras
1147 913 1198 940 sihi
1224 913 1338 940 invicem
1362 913 1483 945 tradunt,
1499 914 1626 948 quamvis
1642 915 1701 950 (45)
1727 917 1788 944 alter

997 958 1140 993 propheta,
1159 959 1229 986 alter
1243 967 1307 986 vero
1323 959 1409 987 Filius
1427 960 1461 987 sit
1481 960 1618 993 dilectus;
1644 961 1714 988 alter
1727 962 1785 990 ﬁde-

997 1003 1031 1030 lis
1049 1002 1179 1036 famulus,
1193 1004 1262 1031 alter
1275 1012 1340 1032 vero
1353 1004 1486 1032 Dominus
1501 1010 1683 1040 agnoscatur.
1703 1006 1753 1034 Sed
1763 1014 1787 1036 et

997 1050 1135 1084 quondam
1157 1050 1250 1078 volens
1273 1051 1335 1086 quis
1356 1052 1415 1078 sine
1437 1051 1586 1087 paedagogo
1602 1053 1643 1079 ire
1665 1054 1698 1080 ad
1716 1057 1788 1081 scho-

996 1096 1047 1129 las,
1064 1104 1119 1123 non
1143 1096 1292 1131 suscipitur
1308 1105 1323 1124 a
1345 1097 1476 1132 magistro
1502 1098 1629 1126 dicente:
1646 1098 1709 1126 Non
1731 1109 1787 1127 eum

997 1141 1156 1176 suscipiam,
1174 1142 1227 1169 nisi
1249 1143 1383 1177 acceperit
1397 1143 1587 1178 paedagogum.
1603 1143 1674 1176 Quis
1692 1144 1727 1171 sit
1744 1153 1788 1172 au-

997 1192 1050 1216 tem
1064 1188 1097 1216 de
1118 1197 1173 1223 quo
1188 1188 1298 1222 dicitur,
1316 1189 1435 1216 breviter
1455 1197 1605 1225 exponam.
1628 1189 1719 1217 llnmo
1735 1192 1789 1225 qui-

996 1235 1058 1262 dam
1074 1240 1133 1262 erat
1145 1235 1222 1263 dives
1235 1235 1268 1268 “,
1281 1235 1417 1271 gentiliter
1434 1236 1540 1269 vivens,
1555 1238 1583 1264 in
1606 1238 1697 1264 multa
1713 1237 1782 1264 luxu~

997 1280 1037 1307 ria
1054 1281 1175 1316 quotidie
1190 1281 1307 1316 degens;
1322 1281 1393 1308 alius
1411 1289 1476 1308 vero
1492 1290 1596 1317 pauper
1614 1287 1678 1309 erat
1689 1283 1789 1310 vicinus

996 1326 1067 1360 ejus,
1079 1326 1125 1360 qui
1139 1333 1173 1352 ne
1182 1325 1372 1360 quotidianum
1385 1325 1497 1360 quidem
1508 1327 1603 1354 cibum
1617 1333 1729 1362 poterat
1739 1328 1787 1362 (il,

996 1371 1130 1400 invenire.
1147 1372 1253 1400 Accidit
1269 1377 1418 1407 utrumque
1435 1372 1491 1400 vita
1506 1373 1652 1401 discedere
1668 1380 1696 1401 et
1709 1375 1736 1401 in
1749 1375 1787 1401 in-

996 1417 1101 1445 fernum
1114 1417 1289 1449 descendere,
1313 1422 1339 1444 et
1350 1425 1496 1452 pauperem
1509 1419 1581 1445 mitti
1596 1419 1622 1445 in
1641 1419 1734 1446 locum
1749 1428 1787 1447 re-

998 1463 1081 1497 quiei,
1095 1467 1122 1490 et
1131 1462 1234 1498 reliqua
1243 1470 1303 1497 qum
1311 1463 1392 1490 nosti.
1403 1461 1600 1490 Verumtamen
1610 1469 1695 1491 erant
1703 1465 1786 1492 (“vilis

154 1512 267 1540 vidisset
282 1512 424 1545 infantem,
437 1517 463 1541 et
475 1514 532 1549 jam
548 1502 722 1542 vehementer
733 1514 874 1547 amictum,
889 1514 946 1541 col-
959 1502 981 1532 (ἶ
999 1508 1096 1536 fratres
1108 1508 1278 1544 quinque,ea
1292 1517 1353 1543 qua:
1364 1513 1391 1536 et
1404 1509 1462 1543 ipse
1474 1515 1581 1544 egerat,
1595 1517 1713 1545 agentes
1727 1513 1786 1546 (15'.

152 1557 218 1594 legit
236 1567 298 1586 eum
317 1564 344 1588 et
359 1561 465 1588 nutrire
482 1560 552 1596 apud
572 1568 601 1589 se
617 1561 700 1596 coepit
717 1561 783 1596 (55),
801 1569 944 1597 usquequo

154 1604 188 1631 ad
215 1609 321 1632 aetatem
348 1605 541 1633 adolescentiae
567 1606 731 1640 perveniret,
764 1606 945 1642 toleravitque

154 1657 252 1677 omnes
265 1651 312 1684 qui
330 1651 439 1678 evenire
453 1652 542 1678 solent
558 1651 740 1679 nutritoribns
754 1651 860 1679 labores
876 1652 943 1686 (56).

152 1695 265 1723 Accedit
279 1704 343 1723 vero
360 1702 423 1731 post
438 1701 546 1732 tempus
563 1698 586 1725 is
605 1698 651 1732 qui
667 1697 800 1724 naturalis
814 1697 838 1725 ei
857 1698 945 1725 fuerat

152 1746 240 1776 pater,
253 1742 391 1777 requirere
409 1750 534 1776 puerum,
547 1747 574 1769 et
588 1743 689 1770 invenit
703 1750 766 1770 eum
781 1743 849 1778 apud
865 1743 940 1770 illum

153 1786 200 1820 qui
219 1787 352 1814 nutrierat
365 1787 433 1822 (57),
453 1786 522 1820 Quid
539 1787 619 1814 faciat
642 1787 686 1814 hic
704 1795 782 1822 puer,
801 1792 878 1822 patre
894 1796 942 1816 co-

153 1831 246 1866 gnito?
262 1833 295 1859 de
311 1832 386 1867 justo
399 1834 472 1860 enim
490 1841 575 1869 puero
591 1833 658 1860 mihi
675 1841 766 1860 sermo
780 1838 831 1861 est.
847 1833 944 1862 Nonne

153 1877 248 1904 multis
261 1877 341 1904 donis
355 1883 498 1906 munerato
512 1887 544 1906 eo
556 1879 602 1914 qui
616 1887 645 1906 se
660 1878 835 1912 educaverat,
851 1879 943 1914 sequi-

153 1928 198 1949 tur
209 1923 360 1951 naturalem
372 1929 476 1959 patrem
490 1933 540 1960 pro
551 1930 675 1960 respectu
690 1926 746 1961 (58)
762 1926 944 1954 Itaareditatis?

997 1557 1056 1583 sine
1077 1555 1170 1587 duhio,
1193 1563 1255 1590 qua:
1269 1555 1343 1582 domi
1363 1563 1377 1582 a
1397 1555 1444 1582 tali
1463 1556 1598 1590 magistro
1617 1557 1787 1584 didicissent.

997 1601 1112 1637 Rogavit
1128 1601 1204 1628 dives
1227 1601 1309 1628 simul
1326 1609 1382 1628 uno
1397 1605 1519 1637 tempore
1535 1606 1565 1629 ut
1579 1603 1721 1630 edisceret
1738 1612 1787 1630 ma-

994 1647 1081 1683 jorem
1096 1647 1267 1680 doctrinam;
1285 1647 1422 1674 Abraham
1447 1655 1511 1675 vero
1535 1649 1640 1681 sciens,
1661 1651 1786 1684 quoniam

997 1694 1087 1721 adhuc
1101 1693 1223 1728 indigent
1239 1693 1396 1728 paedagogo,
1411 1694 1449 1720 ait
1460 1694 1484 1720 ei
1501 1703 1507 1721 ε
1529 1704 1538 1719 ι
1558 1693 1671 1722 Habent
1684 1696 1787 1732 Moysen

996 1746 1023 1768 ct
1037 1741 1192 1776 prophetas.
1214 1749 1223 1765 ι
1250 1739 1278 1766 Si
1302 1740 1375 1766 enim
1402 1739 1463 1766 illos
1479 1748 1533 1767 non
1552 1742 1741 1776 susceperint,
1764 1748 1788 1768 ut

994 1787 1028 1814 ab
1041 1795 1074 1814 eo
1096 1787 1169 1813 velut
1192 1786 1338 1822 paedagogo
1362 1787 1561 1822 guberncntur,
1589 1796 1644 1814 non
1665 1794 1788 1822 poterunt

994 1832 1107 1867 majoris
1123 1832 1250 1865 magistri
1270 1839 1366 1866 capere
1379 1833 1546 1860 doctrinam.

1029 1877 1109 1906 XLII.
1129 1877 1182 1905 Sed
1196 1882 1223 1904 et
1237 1879 1270 1904 de
1284 1878 1345 1904 aliis
1366 1879 1552 1910 sermonibus,
1571 1884 1603 1906 ut
1621 1885 1732 1914 potem,
1747 1887 1788 1905 ex-

995 1933 1106 1961 ponam,
1129 1923 1154 1951 id
1172 1927 1225 1956 est,
1241 1923 1313 1958 quod
1332 1931 1386 1950 non
1406 1925 1545 1952 contraria
1568 1924 1660 1961 Moysi
1687 1926 1788 1953 locutus

188 1989 212 2005 “
227 1988 305 2017 Deut.
322 1998 397 2024 xvm,
416 1991 459 2019 l8.
498 1992 520 2008 ³⁸
538 1992 615 2020 Joan.
631 2001 656 2026 v,
671 1993 715 2020 46.
755 1994 777 2010 ⁸⁴³
796 1993 861 2023 Luc.
879 2004 933 2030 xvi,
949 1994 991 2023 19.

190 2059 246 2097 (23!)
267 2060 332 2097 Cod.
351 2061 503 2096 Bobiensis,
525 2072 534 2088 ι
549 2062 607 2089 fieri
625 2067 722 2097 potest.

187 2095 243 2130 (25)
261 2096 327 2124 Cod.
347 2097 498 2130 Bobiensis,
519 2107 527 2123 ε
546 2095 631 2124 suum
644 2099 775 2126 studium.
795 2108 804 2125 ι

187 2130 244 2166 (24)
263 2130 296 2168 ln_
305 2132 446 2168 Casinensi
461 2138 513 2164 est,
529 2143 537 2158 ε
554 2141 587 2159 ex
601 2133 762 2165 subtemine,
775 2139 800 2161 et
813 2142 873 2168 qum
884 2139 940 2162 sta-

151 2166 235 2192 mine.
255 2175 264 2191 ι
281 2166 333 2194 Sed
346 2175 394 2195 nos
406 2167 548 2196 Bobiensis
562 2169 623 2196 cod.
640 2168 782 2196 lectionem
799 2166 940 2197 meliorem
957 2166 979 2193 D

152 2208 212 2227 esse
229 2202 398 2230 censuimus.

187 2236 244 2269 (‘25)
264 2237 350 2264 Codd.
367 2237 460 2265 Casin.
476 2243 504 2265 et
519 2238 597 2269 Bub.,
619 2247 628 2263 ε
644 2238 670 2265 in
686 2242 831 2267 texturam.
852 2249 860 2266 I

187 2271 243 2306 (26)
263 2271 468 2308 Corruptusrest
489 2273 539 2300 hoc
559 2274 584 2300 in
605 2274 665 2300 loco
683 2273 825 2302 Bobiensis
840 2275 936 2308 codex,

149 2314 231 2341 quem
247 2314 301 2333 non
316 2312 388 2335 recte
404 2307 528 2335 Valesius
542 2309 672 2335 correxit.

186 2341 241 2376 (27)
255 2341 420 2380 _Casinensis
436 2351 490 2380 non
502 2348 586 2380 recte.
607 2353 616 2369 ι
635 2344 777 2380 speculum
795 2345 875 2373 nobis
890 2354 938 2380 per

150 2376 236 2411 ipsam
255 2377 411 2412 imaginem.
429 2387 438 2403 ι
457 2378 508 2405 Sed
526 2379 623 2406 melior
637 2376 690 2407 alia
706 2379 848 2408 Bobiensis
859 2376 937 2408 co'di-

153 2412 192 2439 cis
211 2412 302 2443 lectio,
315 2421 396 2447 quam
413 2415 497 2440 secuti
515 2421 621 2441 sumus.

187 2447 242 2480 (28)
263 2447 413 2477 Bobiensis.
432 2457 441 2473 ι
457 2449 662 2477 demonstrarit.
678 2459 688 2475 ι

187 2448 232 2480 (28
263 2448 413 2477 Bobiensis.
432 2457 441 2473 ι
457 2449 662 2477 demonstrarit.
678 2459 688 2475 ι

185 2448 242 2519 (29;
263 2481 295 2519 Et
308 2482 351 2519 hic
362 2483 458 2519 melior
469 2483 612 2511 Bobiensis
627 2485 731 2512 codicis
747 2485 847 2519 lectio;
872 2494 935 2513 nam

149 2516 414 2556 Casinensis‘hallet,
426 2528 443 2556 _«
459 2519 506 2556 qui
523 2527 538 2545 a
555 2518 667 2556 doctore
683 2520 716 2547 iis
729 2529 745 2547 a
762 2516 934 2556 padagogo.»

185 2552 241 2586 (50)
262 2552 351 2580 Codex
366 2552 519 2583 Bobiensis.
537 2563 546 2579 ι
562 2554 752 2582 dehonestare.
762 2552 782 2581 ἰ

185 2587 241 2622 (51)
261 2587 353 2625 Codex
366 2588 534 2625 Casinensis,
554 2598 563 2615 ‹
580 2594 696 2624 oportet,
710 2595 737 2618 et
748 2591 934 2625 pzedagogum,

148 2627 258 2655 propter
271 2623 480 2660 quodererejus
494 2632 547 2650 non
562 2623 673 2659 indiget.
691 2635 700 2650 ι
720 2623 755 2652 Et
769 2623 850 2660 paulo
862 2623 934 2660 past,

151 2665 160 2680 ι
180 2660 261 2693 atque
273 2658 436 2692 plauditoria
453 2666 608 2693 properare.
623 2658 633 2685 ἱ
659 2660 711 2688 Sed
729 2658 778 2688 nos
792 2658 935 2688 Boliiensis

146 2692 249 2719 codicis
264 2693 407 2720 lectionem
421 2692 618 2727 expressimus.

184 2727 240 2761 (3‘2)
258 2727 410 2755 Bobiensis.
431 2739 440 2754 ι
456 2734 486 2755 ut
502 2737 622 2756 rursum.
643 2740 652 2755 ι

184 2761 240 2799 (55)
260 2762 425 2799 Casinensis
447 2773 456 2789 σ
475 2764 636 2792 debitorem.
659 2775 667 2792 ι
686 2765 775 2799 Forte,
792 2777 800 2792 ι
814 2771 839 2795 et
851 2767 934 2795 bene-

149 2795 201 2823 ﬁcii
216 2804 246 2824 se
262 2797 410 2826 debitorem
426 2799 534 2826 fatetur.
553 2809 561 2824 ι

1031 2063 1087 2098 (54)
1108 2061 1258 2094 Bobiensis,
1277 2070 1287 2086 ‹
1304 2061 1494 2098 adhiheamus.
1511 2072 1520 2087 ι

1031 2098 1088 2138 (55)
1108 2097 1179 2124 Idem
1206 2098 1301 2129 codex,
1332 2106 1341 2122 (
1360 2097 1465 2132 colligit
1487 2101 1514 2124 et
1529 2097 1640 2125 nutrire
1667 2098 1740 2134 apud
1762 2106 1785 2126 se

1014 2139 1099 2160 llll‘rll.
1117 2143 1127 2158 1

993 2142 1180 2203 ψιῖξὲἴιίιειη
1198 2167 1294 2200 codex,
1323 2176 1333 2192 ί
1348 2167 1395 2202 qui
1416 2167 1508 2195 venire
1523 2167 1619 2195 solent
1636 2170 1785 2197 nutricibus

991 2204 1109 2231 labores.
1129 2213 1138 2228 ι

1026 2239 1082 2273 (57)
1104 2238 1176 2265 Idem
1193 2237 1290 2275 codex,
1307 2246 1316 2262 ε
1336 2237 1436 2264 accidit
1450 2246 1515 2265 vero
1530 2243 1604 2275 post
1623 2244 1745 2275 tempus,
1760 2246 1784 2267 ut

990 2274 1013 2302 is
1030 2276 1087 2308 qui,
1104 2278 1169 2302 etc..
1187 2273 1337 2307 requireret
1349 2280 1473 2307 puerum,
1490 2278 1517 2300 et
1530 2273 1673 2302 inveniret
1686 2273 1759 2302 eum.
1773 2286 1780 2300 ι

1025 2310 1081 2344 (58)
1101 2309 1193 2336 Codex
1214 2308 1368 2344 Bobiensis,
1389 2317 1398 2333 ‹
1422 2314 1525 2342 patretn
1549 2316 1714 2344 prospectu.
1731 2321 1739 2337 ι
1755 2311 1782 2338 Et

990 2343 1093 2376 mox,a
1109 2344 1175 2370 mihi
1194 2343 1311 2378 intelligo
1328 2345 1514 2378 magniﬁcum.
1538 2353 1547 2368 ι

1026 2380 1083 2414 (59)
1104 2379 1172 2406 Male
1183 2379 1351 2410 Casinensis,
1366 2388 1374 2403 I
1391 2379 1508 2406 venisse.
1525 2388 1534 2404 ι

1025 2415 1081 2449 (40)
1100 2414 1243 2441 Bohiensis
1256 2414 1348 2443 habet.
1366 2423 1375 2438 ι
1394 2419 1526 2448 tanquam
1543 2419 1625 2448 pater
1641 2416 1780 2444 educabat.

989 2449 1025 2477 Ut
1049 2450 1178 2484 magister
1199 2450 1307 2485 regebat
1330 2453 1356 2475 et
1374 2450 1558 2476 conservabat
1574 2452 1723 2485 populum,
1735 2458 1780 2479 etc.

987 2485 1021 2512 Et
1045 2493 1107 2524 cum
1131 2488 1193 2519 post
1217 2484 1385 2524 aliquantum
1405 2489 1513 2519 tempus
1538 2484 1696 2514 adveniens
1715 2493 1781 2522 pater

989 2521 1113 2555 proprias
1128 2527 1192 2546 oves
1206 2521 1316 2555 recepit.
1335 2528 1345 2555 ξ

1025 2555 1081 2590 (41)
1104 2555 1195 2593 Codex
1219 2554 1374 2593 Bobiensis.
1397 2563 1407 2579 ‹
1427 2553 1473 2588 qui
1492 2555 1615 2593 aequalia
1642 2563 1726 2593 atque
1741 2564 1782 2586 ce-

988 2588 1079 2626 gnata.
1095 2589 1221 2626 {Moch
1241 2590 1274 2616 ad
1289 2588 1436 2626 populum;
1452 2588 1631 2624 prophetarit.
1650 2602 1662 2618 ι

1024 2626 1080 2660 (42)
1102 2625 1171 2651 Male
1185 2625 1343 2652 Casinensis
1363 2625 1462 2657 codex,
1483 2634 1493 2650 ι
1512 2627 1600 2653 unde.
1622 2636 1633 2653 ι

1023 2661 1080 2696 (45)
1102 2660 1170 2687 Male
1184 2660 1351 2696 Castncnsis,
1370 2669 1379 2684 ‹
1397 2667 1492 2693 quam.
1511 2670 1520 2686 ι

1023 2696 1079 2732 (44)
1097 2696 1187 2732 Codex
1203 2695 1352 2732 liohietisis,
1369 2703 1379 2719 ι
1399 2700 1502 2729 potest,
1519 2705 1528 2720 ι
1545 2697 1622 2724 mala
1640 2699 1728 2726 lectio.

1024 2729 1080 2766 (45)
1098 2729 1362 2769 Codcxbohiensis,
1381 2739 1390 2754 ι
1411 2735 1438 2756 et
1459 2738 1491 2757 ea
1505 2739 1570 2769 qua:
1587 2734 1648 2767 ipse
1669 2737 1779 2769 ἕδεα-ει

988 2771 1108 2806 agentes.
1125 2775 1134 2791 ι
1153 2765 1186 2806 Et
1200 2765 1304 2806 ἰξῷ-θη(
1322 2765 1643 2806 uno‘t‘empore'disecre
1658 2765 1776 2806 majorem

988 2802 1138 2828 dot-uiuam
1158 2801 1192 2827 ab
1206 2800 1352 2827 Abraham.
1371 2800 1513 2829 Abraham
1531 2810 1612 2831 vero.
1634 2814 1644 2830 ι
