1848 3043
187 125 255 151 1499

695 125 786 153 ACTA
807 123 1069 154 DlSPUTATlONlS
1091 123 1121 150 S.
1138 119 1308 149 ARCHELAI

1751 113 1808 140 150)

189 193 199 209 ι
226 185 281 210 Aut
296 185 513 219 experimentum
530 184 586 220 (71)
604 186 727 220 quaeritis
743 186 802 221 ejus
818 186 864 221 qui
888 186 915 213 in
930 193 973 213 me
987 187 1011 216 Α
1024 184 1166 212 nisterium
1182 182 1287 213 mortis,
1302 181 1329 208 in
1340 178 1438 207 litteris
1450 178 1606 206 formatum
1626 175 1654 202 in
1671 174 1807 221 lapidibus,

186 229 447 263 loquiturChristus
465 230 518 256 "‘?
536 239 545 255 ι
564 231 634 263 Quid
643 231 972 266 ergomihiopusesteir—

186 274 354 301 cumcisione
369 274 436 309 (72),
454 283 515 302 cum
537 276 639 310 possim
661 280 688 302 et
708 276 734 303 in
749 276 973 311 praeputiojusti-

186 320 262 346 tlcari
273 319 284 346 ‘l
297 318 331 346 Et
345 320 475 354 scriptum
493 325 535 347 est
550 329 557 348 :
578 331 586 346 ι
607 321 636 348 Si
653 321 716 356 quis
728 322 909 349 circumcisus
920 326 972 355 est,

187 373 241 391 non
265 365 382 392 adducat
406 365 588 399 praeputium;
606 371 652 393 aut
671 367 693 393 si
709 367 771 401 quis
794 367 822 393 in
843 367 973 402 praeputio

187 415 238 441 est,
254 408 532 438 noncircumcidatur
548 420 555 439 :
575 416 721 447 utrumque
739 413 811 440 enim
832 413 900 440 nihil
921 418 972 446 est,

188 456 239 482 nisi
255 456 407 483 observatio
427 456 616 484 mandatorum
635 457 681 484 Dei
691 458 715 473 "
726 457 792 493 (75).
806 468 815 483 ι
827 458 895 485 Cum
909 465 973 492 ergo

188 502 293 528 nullum
310 502 395 537 possit
413 503 518 529 salvare
534 503 719 536 circumcisio,
738 511 790 530 non
807 511 973 539 magnopere

189 548 351 582 requirenda
366 552 423 580 est;
441 549 558 575 maxime
583 555 644 575 cum
663 549 685 575 si
701 549 762 583 quis
787 549 813 575 in
840 549 973 584 pra‘putio

189 597 301 619 vocatus
318 592 400 620 fuerit
412 597 438 620 et
450 593 609 620 circumcidi
622 593 748 626 voluerit,
762 594 893 620 continuo
906 601 973 628 pra:-

188 639 323 666 varicator
339 639 406 674 legis
421 639 627 683 (74)etliciatu'r.
643 639 672 666 Si
689 639 762 666 enim
780 639 972 671 circumcidor,

189 688 216 710 et
236 684 362 710 mandata
382 684 449 717 legis
471 683 604 717 adimpleo
631 688 660 710 ut
682 684 779 710 salvari
797 684 914 717 possint;
931 683 974 709 in-

189 727 368 755 circumcisus
397 733 424 755 et
453 728 480 754 in
505 728 636 762 prmputio
661 728 779 762 positus,
808 728 894 754 multo
918 735 975 754 ma-

190 774 235 808 gis
268 774 394 801 mandata
419 775 576 801 custodiens
608 774 712 801 habebo
726 774 818 800 vitam.
836 773 864 800 ln
878 773 974 808 spiritu

191 819 264 846 enim
282 819 518 846 circumcisionem
539 818 629 846 cordis
656 819 756 852 accepi,
779 825 833 845 non
850 818 905 853 jam
932 818 975 844 lit.-

1026 229 1127 257 factum
1143 232 1185 255 est
1201 228 1228 254 in
1251 226 1345 262 gloria,
1362 225 1399 252 ita
1416 228 1447 251 ut
1463 231 1518 250 non
1534 223 1652 256 possent
1670 219 1720 246 ﬁlii
1736 219 1808 245 lsrael

1025 275 1163 303 intendere
1188 273 1214 300 in
1240 272 1335 299 faciem
1352 269 1436 305 Moysi
1453 273 1564 304 propter
1581 266 1702 302 gloriam
1727 265 1808 292 vultus

1025 322 1048 356 ej
1054 329 1084 348 ns
1093 327 1153 355 quae
1162 319 1283 347 aboletur
1294 318 1332 350 ιτς
1345 327 1354 342 ι
1366 321 1392 343 et
1402 315 1520 350 reliqua:
1530 319 1622 341 tamen
1633 312 1750 347 gloriam
1757 319 1808 337 esse

1024 368 1170 394 conﬁtetur
1186 365 1213 392 in
1233 364 1308 391 vultu
1325 363 1426 398 Moysi,
1442 361 1512 396 quod
1527 364 1570 387 est
1590 359 1713 385 amicum
1728 357 1807 383 nobis.

1025 413 1102 446 Quod
1128 412 1150 439 si
1174 411 1332 442 destruitur,
1355 414 1382 436 et
1402 408 1525 435 velamen
1551 406 1637 432 habet
1662 403 1720 437 (83)
1739 403 1809 430 lectio

1024 460 1095 494 ejus,
1120 459 1171 485 hoc
1186 465 1229 484 me
1255 464 1309 483 non
1334 454 1487 486 cxacerbat,
1508 459 1598 486 neque
1616 450 1774 480 conturbat,
1790 449 1808 475 si

1025 509 1130 531 tantum
1149 503 1176 530 in
1195 510 1228 530 eo
1253 501 1338 537 gloria
1353 501 1397 527 sit.
1415 499 1508 533 Neque
1529 505 1596 524 vero
1619 496 1766 530 omnigenc
1786 495 1809 521 in

1025 549 1222 585 ignobilitatem
1249 546 1304 582 (84)
1322 545 1463 579 redigitur,
1480 543 1552 578 qttod
1571 543 1734 569 destruetur
1749 539 1808 574 (ὣ).

1025 595 1092 622 Cum
1111 594 1182 621 enini
1199 593 1231 620 dc
1259 591 1344 627 gloria
1369 590 1489 624 disputat
1509 588 1667 622 Scriptura,
1683 586 1767 613 scisse
1786 594 1810 612 se

1024 639 1192 667 ditl'erentias
1206 637 1300 672 gloriae
1321 635 1375 671 (86)
1394 639 1508 662 testatur
1525 642 1532 660 :
1549 642 1558 658 ι
1587 632 1651 658 Alia
1676 631 1758 659 enim,
1775 631 1811 656 in-

1025 685 1094 720 quit,
1104 684 1187 720 gloria
1201 683 1256 717 (87)
1265 681 1340 713 solis,
1350 681 1401 707 alia
1412 680 1496 715 gloria
1506 679 1588 709 lunae,
1597 678 1651 704 alia
1659 677 1746 711 gloria
1757 675 1811 702 stri—

1025 731 1131 762 larum;
1154 729 1231 756 stella
1247 728 1319 754 enim
1337 734 1352 754 a
1365 726 1441 752 stella
1457 724 1547 751 didi-rt
1562 724 1590 749 in
1608 723 1699 756 gloria
1716 722 1748 747 “.
1764 732 1771 746 ι
1787 720 1811 748 Si

1025 776 1097 803 enim
1119 774 1160 801 sol
1183 773 1313 808 majorem
1338 771 1418 797 habet
1434 770 1547 804 gloriam
1568 776 1655 803 quam
1677 768 1753 799 luna,
1768 774 1811 792 non

1028 822 1156 850 continuo
1178 821 1204 846 in
1220 818 1413 854 ignobilitatem
1431 817 1495 843 luna
1516 816 1664 849 redigitur.
1690 813 1729 840 Ila
1752 818 1777 839 et
1794 813 1811 838 si

192 869 257 892 tera:
279 864 334 899 (75)
349 872 397 899 per
411 869 601 896 atramentum,
620 865 646 891 in
666 872 720 898 quo
737 864 796 891 laus
808 871 861 890 non
879 871 910 890 ex
926 863 974 890 ho-

1065 867 1159 893 minus
1180 871 1256 892 meus
1277 863 1356 891 Jesus
1380 862 1507 889 Christus
1528 860 1664 895 praecellit.
1685 859 1713 885 in
1740 859 1813 893 gloria

191 908 321 939 minibus,
333 908 378 935 sed
393 915 427 934 ex
447 907 501 935 Deo
518 913 560 936 est
573 908 607 935 ".
627 907 686 935 Non
703 915 767 943 ergo
788 907 921 935 referatur
942 908 975 935 ad

192 961 236 981 me
257 954 443 988 hujuscemodi
460 954 605 982 incusatio.
626 954 702 981 Sicut
715 955 787 981 enim
805 954 904 989 aliquis
920 953 975 989 (7(3)

192 999 268 1026 dives
298 1000 390 1026 multis
418 1001 475 1026 auri
502 1004 583 1034 atque
607 1001 710 1036 argenti
737 1001 854 1032 talentis,
884 1001 921 1027 ita
946 1005 976 1027 ut

194 1051 275 1071 omne
290 1045 346 1079 (77)
365 1045 506 1072 domestici
524 1054 590 1073 usus
603 1046 784 1073 ministerium
800 1054 831 1073 ex
849 1047 977 1082 hujusce-

193 1090 268 1116 modi
282 1091 400 1117 metallis
412 1090 509 1117 habeat
521 1095 664 1124 structum,
678 1091 705 1118 in
719 1091 794 1118 nullo
804 1092 877 1119 vasis
889 1091 977 1119 tictilis

194 1135 311 1169 speciem
329 1135 460 1170 requirit;
473 1135 519 1163 sed
533 1144 586 1163 non
602 1141 744 1171 propterea
763 1137 836 1172 ﬁguli
850 1145 918 1172 opus
931 1142 979 1165 aut

192 1188 239 1207 ars
262 1180 385 1208 tictilium
411 1180 467 1216 (78)
492 1188 619 1208 vasorum
637 1182 671 1207 ab
690 1189 723 1208 eo
739 1182 895 1209 detestanda
912 1187 953 1209 est
970 1191 977 1209 :

194 1227 229 1253 ita
247 1227 327 1253 etiam
340 1235 390 1262 ego
406 1227 489 1261 gratia
514 1227 560 1254 Dei
573 1227 647 1254 dives
663 1226 750 1254 factus
784 1232 810 1254 et
823 1228 914 1254 cordis
927 1228 980 1255 cir-

194 1273 388 1300 Cumcisionem
405 1277 566 1300 consecutus
577 1273 645 1307 (79),
656 1280 827 1307 nequaquam
840 1274 980 1302 vilissima:

196 1318 268 1346 illius
282 1318 499 1346 circumcisiouis
512 1319 630 1354 indigeo,
641 1326 691 1346 nec
703 1323 792 1345 tamen
805 1319 904 1346 malam
916 1327 978 1347 esse

195 1364 268 1392 dico.
282 1364 370 1391 Absit.
392 1364 469 1398 Quod
487 1365 509 1392 si
522 1365 678 1400 diligentius
695 1365 729 1392 de
743 1365 785 1391 his
799 1365 914 1392 voluerit
930 1366 981 1392 ali-

195 1410 258 1444 quis
271 1409 390 1441 edoceri,
405 1410 522 1437 inveniet
545 1411 603 1438 haec
627 1411 654 1437 in
673 1410 728 1445 (80)
750 1409 871 1446 Epistola
893 1411 982 1446 prima

197 1456 318 1490 Apostoli
331 1456 487 1490 plenissime
498 1461 611 1484 tractata
626 1457 693 1492 (81).

232 1500 323 1527 XLIII.
338 1501 374 1528 De
395 1502 546 1529 velamento
563 1510 626 1530 vero
637 1502 734 1538 Moysi,
748 1506 775 1529 et
788 1502 821 1530 de
832 1502 981 1530 ministerio

197 1546 304 1578 mortis,
321 1547 408 1573 dicam
424 1554 550 1573 sermone
564 1547 734 1575 brevissimo.
748 1545 806 1574 Non
819 1547 891 1574 enim
906 1547 982 1575 valde

197 1591 265 1618 mihi
285 1591 342 1619 haec
367 1592 506 1619 insinuare
520 1592 623 1626 aliquid
644 1592 774 1620 adversus
793 1593 878 1627 legem
889 1592 983 1620 viden-

197 1641 254 1665 tur.
270 1636 316 1664 Ait
329 1645 395 1672 ergo
408 1645 497 1664 sermo
509 1638 666 1672 propositus
680 1638 735 1673 (82)
754 1647 760 1665 ι
778 1647 786 1664 ι
801 1638 878 1671 Quod
890 1638 913 1666 si
933 1639 983 1666 mi—

199 1760 227 1784 v,
249 1753 292 1779 11.

249 1823 293 1860 71)
306 1823 378 1860 idem
399 1825 493 1858 codex,
510 1833 519 1851 ι
540 1825 643 1858 dicens,
657 1825 882 1860 experimentum.
902 1836 912 1853 ι

249 1859 294 1892 72)
307 1859 379 1885 ldem
394 1860 487 1892 codex,
508 1870 516 1886 ι
534 1861 718 1887 circumcisio.
744 1871 753 1886 ι

251 1894 296 1930 75)
317 1893 412 1921 Melius
434 1894 546 1930 Vulgata
568 1896 644 1929 juxta
668 1896 746 1922 tidem
761 1896 846 1924 Graeci
869 1902 979 1925 textus:

205 1938 215 1955 ε
241 1929 426 1957 Circumcisus
449 1929 546 1964 aliutiis
571 1935 682 1957 vocatus
705 1931 765 1958 est?
788 1940 841 1958 non
866 1933 982 1960 adducat

203 1964 373 1999 praeputium.
394 1965 420 1991 In
440 1966 577 2026 (prmptltio
601 1965 699 1999 aliquis
719 1973 829 1994 vocatus
854 1967 914 1994 est?
929 1976 982 1995 non

203 1999 423 2026 circumcidatur.
452 1999 618 2026 ‘itcnmcisio
634 2001 701 2026 nihil
717 2005 768 2026 est.
782 2006 808 2026 et
824 2003 982 2026 nra-nutinm

203 1999 423 2036 circumcidatur.
440 1999 618 2027 Citcumcisio
634 2001 701 2036 nihil
717 2005 768 2032 est,
782 2006 808 2028 et
824 2003 983 2036 praeputium

204 2034 270 2061 nihil
286 2038 327 2060 est
344 2043 349 2060 :
366 2035 411 2061 sed
427 2036 581 2061 observatio
598 2035 787 2062 mandatorum
809 2034 865 2063 Dei.
880 2034 894 2062 ἰ

204 2103 213 2131 1
239 2068 295 2130 (‘74)
311 2069 401 2096 Codex
415 2069 567 2103 Bobiensis,
585 2079 594 2095 ι
612 2070 770 2105 praedicator
785 2072 862 2107 legis,
882 2082 891 2098 ι
911 2072 981 2099 mala

216 2111 245 2131 ec
260 2112 293 2130 to.

216 2109 293 2131 ectio.

241 2138 296 2174 (75)
314 2137 469 2173 Legendum
493 2138 616 2172 forsitan,
637 2148 648 2174 φ
674 2140 776 2171 littera,
794 2150 804 2166 ι
829 2145 856 2168 ut
871 2149 932 2168 cum
950 2141 981 2168 D.

204 2172 613 2219 liauti"lucebirtglipistolaad
634 2173 772 2203 Romanos
790 2175 823 2202 ad
839 2184 919 2211 quem
934 2177 984 2202 Ar-
1002 2191 1021 2219 ο

205 2209 316 2235 chelaus
334 2209 454 2242 respicit.
471 2210 626 2236 concordet.

241 2243 297 2278 (76)
311 2242 379 2270 Male
392 2244 549 2270 Casinensis
559 2245 655 2277 codex,
676 2254 686 2270 ι
701 2245 780 2272 alius.
799 2255 809 2271 ι

241 2278 297 2314 (77)
314 2278 464 2314 Bobiensis,
483 2288 492 2314 ᾳ
509 2279 616 2306 talentis
637 2280 763 2314 repletus,
782 2281 818 2307 ita
833 2288 922 2307 omne.
939 2290 948 2306 ι

312 2313 408 2350 Codex.
427 2313 578 2350 Bobiensis,
599 2323 607 2338 ι
633 2311 706 2348 1181111
731 2323 799 2350 opus
823 2315 924 2349 aufers,
940 2321 987 2343 aut

206 2347 341 2384 ﬁctilium.
361 2356 371 2373 ›
390 2347 546 2384 Casiiteiisis
563 2356 635 2384 vero,
652 2347 725 2383 figuli
743 2347 811 2384 opus
826 2355 852 2377 et
871 2347 921 2377 ars
941 2355 988 2377 aut

206 2383 346 2420 ﬁctilium;
362 2391 371 2407 ι
389 2383 434 2409 sed
452 2383 557 2420 videtur
567 2383 719 2418 legendum,
735 2394 744 2410 «
761 2383 835 2420 iiguli
849 2393 927 2420 opus,
941 2390 989 2412 aut

209 2425 254 2445 ars
267 2417 399 2448 ﬁctilium,
415 2427 424 2442 ι
443 2417 480 2443 uti
492 2418 593 2444 editum
609 2424 660 2446 est.

243 2451 300 2488 (79)
326 2451 415 2488 Codex
443 2452 593 2485 Bobiensis,
612 2462 621 2478 ‹
650 2453 726 2480 dives
751 2453 838 2482 factus
862 2463 933 2486 sum.
961 2459 988 2482 et

207 2486 298 2524 cordis
320 2486 554 2524 circumcisiouem
579 2494 751 2524 consecutus,
773 2497 954 2524 nequaquam.
976 2500 984 2516 ι

209 2522 242 2548 At
267 2521 434 2552 Casinensts,
461 2531 470 2543 σ
488 2522 562 2548 dives
588 2522 676 2550 factus
703 2529 729 2551 et
746 2521 988 2552 circumcisionem

208 2562 382 2588 consecutus,
399 2564 449 2583 nec
469 2564 644 2591 quemquam.
663 2567 672 2584 ι
689 2558 744 2585 Nos
766 2559 941 2587 Casiuenseut
956 2568 990 2586 ex
1018 2559 1021 2563 ’

209 2591 335 2617 Bobiensi
361 2592 460 2625 partim
488 2592 681 2627 supplevimus,
709 2595 807 2628 partim
833 2595 989 2622 eiiiendavi-

211 2633 280 2652 IDUS.

247 2660 302 2694 (80)
328 2659 609 2698 Epistolamrprimam
633 2663 757 2698 intelligit
782 2663 929 2698 Epistolam
957 2664 989 2691 ad

213 2693 355 2734 lloiuauos
367 2704 448 2734 quam
466 2693 708 2734 abkantiquissimis
720 2693 849 2726 Ecclesiae
863 2700 991 2733 tempori-

212 2729 263 2766 bus
281 2730 397 2766 primum
417 2731 485 2757 inter
497 2729 719 2766 Pauli-epistolas
736 2734 825 2760 locuut
851 2729 989 2766 habuisse,

212 2763 299 2804 γει-ει
317 2763 714 2804 hocérclielailocoapparet.
732 2767 797 2795 Vide
814 2763 991 2803 Epiphaniuui

213 2798 240 2824 in
257 2798 406 2838 haarcsi
421 2801 465 2826 uhi
479 2801 585 2828 crimini
601 2798 679 2829 vhe'rtit
690 2798 915 2838 Marcioni,'quod
930 2803 992 2838 Epi-

215 2832 311 2861 stulam
326 2835 357 2861 ad
375 2834 511 2862 ltumanos
522 2841 618 2870 quarto
633 2838 690 2864 loco
705 2838 774 2865 inter
791 2832 829 2866 1)(
836 2832 910 2865 Pauli
929 2832 991 2874 Epi-

1025 913 1146 948 Moysen,
1172 916 1301 946 tanquam
1327 910 1458 936 Dominus
1483 907 1618 934 famulum
1633 927 1640 936 ,
1659 913 1717 932 non
1735 907 1812 932 conti-

1027 967 1083 986 nuo
1096 958 1245 993 respuenda
1260 963 1301 985 est
1312 956 1396 992 gloria
1409 954 1493 990 Moysi
1509 963 1516 980 z
1534 953 1570 980 ita
1582 953 1661 980 enim
1675 959 1813 986 possumus

1029 1002 1187 1031 satisfacere
1200 1001 1380 1031 auditoribus,
1397 1000 1469 1027 sicut
1484 1003 1510 1025 et
1524 997 1602 1024 verbi
1615 997 1710 1031 ipsius
1727 1001 1812 1022 natura

1027 1049 1170 1084 persuadet
1187 1047 1255 1083 (88),
1273 1055 1306 1074 ex
1335 1045 1493 1080 Scripturis,
1508 1051 1570 1078 quae
1590 1043 1727 1074 dicimus,
1750 1043 1812 1068 aﬂir-

1028 1100 1134 1122 Inantes
1154 1094 1194 1121 vel
1222 1098 1294 1120 certe
1321 1093 1403 1118 etiam
1431 1090 1564 1124 exemplis
1592 1096 1625 1115 ea
1652 1087 1814 1115 manifestius

1029 1139 1249 1175 comprobantes.
1269 1139 1296 1166 Si
1312 1139 1372 1173 quis
1392 1138 1531 1164 lucernam
1550 1134 1715 1162 accenderit
1732 1138 1813 1163 noctu,

1029 1195 1090 1214 cum
1103 1186 1144 1213 sol
1160 1191 1237 1213 ortus
1255 1185 1346 1217 fuerit,
1363 1190 1447 1219 parvo
1465 1182 1584 1209 lucernae
1596 1181 1664 1216 igne
1683 1188 1739 1206 non
1756 1179 1814 1206 in-ji-

1029 1237 1082 1267 get,
1100 1236 1209 1267 propter
1221 1231 1391 1266 splendorem
1408 1229 1475 1257 solis
1490 1228 1592 1262 ubique
1610 1227 1764 1256 radiantis;
1776 1225 1814 1252 sel

1029 1285 1083 1304 non
1101 1277 1161 1303 ideo
1173 1277 1271 1310 abjecit
1289 1276 1439 1307 lucernam,
1454 1273 1536 1301 veluti
1557 1272 1733 1300 contrariam
1757 1272 1814 1300 soli;

1030 1323 1095 1358 quin
1117 1323 1206 1357 potius
1228 1327 1367 1356 comperto
1384 1322 1444 1356 ejus
1467 1328 1528 1350 usu,
1554 1319 1642 1346 etiam
1671 1318 1815 1352 diligentius

1031 1369 1149 1396 servavit
1169 1367 1237 1403 (89).
1255 1367 1408 1395 Custodirit
1429 1374 1493 1402 ergo
1508 1365 1644 1401 populum
1671 1364 1716 1391 lex
1743 1363 1815 1398 Moysi

1031 1418 1160 1449 tanquam
1173 1414 1294 1445 lucerna,
1312 1420 1455 1447 usquequo
1467 1412 1507 1439 sol
1523 1411 1604 1438 nobis
1621 1418 1710 1437 vi-rus
1729 1409 1811 1436 Salva-

1033 1465 1075 1487 tor
1090 1466 1182 1487 nOstcr
1207 1460 1334 1491 oriretur,
1349 1459 1419 1486 sicut
1442 1463 1468 1485 et
1483 1458 1520 1485 ait
1538 1467 1544 1484 :
1566 1467 1576 1482 ε
1607 1456 1642 1483 Et
1663 1456 1815 1482 illuniiualnit

1032 1505 1157 1533 Christus
1180 1505 1213 1532 ".
1243 1514 1252 1530 I
1278 1503 1329 1531 Sed
1353 1505 1424 1539 quod
1451 1503 1518 1530 dicit
1537 1513 1543 1529 ι
1565 1512 1575 1527 ε
1595 1501 1747 1529 Obscurati
1764 1506 1815 1527 sunt

1034 1558 1129 1579 sensus
1154 1558 1260 1577 eorum.
1278 1549 1370 1584 Usque
1391 1549 1418 1576 in
1445 1548 1608 1576 hodiernum
1637 1547 1714 1574 enim
1741 1547 1814 1581 ipsum

1034 1596 1156 1622 velamen
1174 1599 1265 1622 manet
1280 1595 1306 1622 in
1323 1595 1438 1622 lectione
1457 1593 1512 1628 (90)
1525 1594 1626 1620 veteris
1644 1592 1814 1620 Testaiiienti.

1034 1639 1093 1667 Non
1121 1639 1273 1674 revelatur,
1300 1639 1363 1675 quia
1389 1640 1417 1666 in
1439 1639 1548 1666 Christo
1575 1639 1736 1666 destruitur
1760 1638 1815 1670 (91).

234 1717 307 1756 ‘f'_ll
317 1717 381 1745 Cor.
394 1725 455 1750 xtit,
469 1719 496 1745 5.
533 1718 556 1734 "
571 1718 655 1746 lCor.
673 1727 721 1752 vn,
741 1719 784 1748 18.
822 1720 845 1736 ⁵⁵
858 1719 937 1749 Rom.
956 1729 986 1755 ιι,
1005 1698 1048 1749 29'.
1099 1723 1121 1738 "’
1137 1722 1156 1748 ll
1174 1721 1237 1749 Cor.
1258 1730 1299 1754 Ill,
1323 1721 1348 1749 7.
1385 1721 1504 1750 "lCor.
1518 1730 1562 1754 xv,
1581 1722 1629 1748 41.
1684 1723 1708 1737 ³³
1728 1721 1813 1756 Ephcs.

1033 1828 1116 1856 stolas
1132 1828 1313 1856 collocaverit.
1334 1827 1399 1854 Vide
1413 1828 1495 1855 etiam
1510 1835 1595 1862 supra
1610 1835 1676 1862 cap.
1696 1827 1744 1854 51.

1069 1864 1124 1899 (81)
1145 1863 1214 1890 Male
1225 1863 1328 1891 codicis
1345 1863 1497 1896 Bobiensis,
1515 1872 1524 1890 ς
1543 1863 1710 1897 plenissime
1726 1867 1815 1897 pertrh

1033 1904 1120 1925 ClallS.
1143 1908 1151 1924 1

1071 1933 1126 1968 (82)
1142 1933 1210 1960 Male
1231 1933 1333 1960 codicis
1354 1932 1506 1966 Bobiensis,
1525 1942 1535 1958 ι
1553 1932 1748 1967 propheticus.
1769 1941 1776 1956 )
1792 1930 1817 1957 Et

1037 1976 1111 1995 mox.
1129 1977 1137 1993 ι
1155 1969 1252 1995 litteris
1269 1968 1415 1995 ﬁrmatum.
1441 1978 1450 1994 ›

1074 2003 1130 2037 (85)
1144 2002 1286 2030 Bobiensis
1301 2003 1396 2035 codex,
1414 2012 1424 2028 ‹
1441 2003 1463 2030 si
1481 2002 1573 2029 habet.
1597 2011 1607 2027 ι

1070 2038 1125 2072 (8.1)
1144 2038 1232 2065 Codex
1247 2037 1386 2064 Bobiensis
1400 2042 1427 2064 et
1439 2038 1483 2065 hic
1498 2042 1661 2071 corruptam
1679 2037 1811 2064 lectionem

1034 2073 1159 2104 exhibet,
1191 2080 1301 2106 nempe,
1331 2081 1341 2098 ί
1372 2073 1473 2106 gloria;
1520 2081 1610 2106 neque
1644 2080 1728 2104 vero,
1756 2072 1815 2098 omni

1036 2115 1134 2142 genere
1147 2115 1174 2134 ιιι
1191 2108 1339 2135 nobilitate.
1357 2117 1366 2133 ι
1385 2107 1510 2135 Valesius
1527 2113 1601 2134 recte
1612 2108 1757 2139 emendat,
1773 2116 1780 2131 ι
1795 2107 1815 2132 in

1035 2142 1243 2177 ignobilitatem.
1265 2152 1273 2167 μ

1084 2177 1129 2210 85)
1144 2177 1234 2204 Codex
1250 2177 1402 2209 Bobiensis,
1420 2187 1429 2202 ι
1450 2177 1615 2204 destruitur.
1637 2187 1647 2202 ι

1083 2212 1128 2247 86)
1146 2212 1216 2239 Idem
1236 2213 1330 2245 codex,
1347 2221 1360 2247 γι
1379 2213 1433 2239 scis
1453 2219 1514 2239 esse
1531 2212 1704 2239 diﬂ'erentias
1722 2211 1814 2247 gloria;

1037 2247 1088 2274 alia
1102 2246 1172 2282 enim
1188 2247 1311 2282 gloria.)
1328 2246 1396 2274 Mala
1410 2247 1500 2274 lectio.

1074 2281 1266 2322 (87).Vul'gat_a,
1287 2281 1514 2322 lreiueushlil'inn,
1529 2289 1590 2316 cap.
1609 2281 1705 2322 sumet
1719 2281 1815 2322 Cypria-

1038 2325 1089 2343 nus
1109 2317 1154 2344 lib.
1173 2325 1213 2348 Ill,
1232 2317 1339 2343 Testim.
1355 2318 1388 2343 ad
1401 2317 1554 2349 Quirinum,
1571 2325 1634 2351 cap.
1652 2317 1700 2348 58,
1720 2317 1814 2342 habent.

1040 2361 1050 2376 ι
1068 2352 1188 2383 claritas,
1207 2361 1216 2377 ι
1233 2359 1282 2386 pro
1298 2361 1307 2376 ι
1327 2352 1422 2386 gloria.
1441 2361 1449 2377 ν
1468 2351 1520 2378 Sed
1537 2357 1681 2386 postrema
1703 2359 1752 2378 vox
1770 2353 1814 2383 pla-

1038 2387 1095 2413 cuit
1106 2387 1187 2413 etiani
1204 2387 1370 2413 Tcrtulliauo
1385 2387 1420 2413 De
1431 2394 1532 2413 resurr.
1551 2387 1657 2418 carnis,
1673 2395 1734 2421 cap.
1749 2386 1788 2412 Si.

1075 2422 1128 2457 (88)
1142 2421 1407 2457 Boliiensis.cnatura
1419 2422 1601 2457 demonstrat.
1610 2432 1619 2446 ι
1629 2422 1706 2453 Mox,
1718 2431 1726 2446 ι
1741 2428 1815 2448 exem-

1039 2457 1091 2491 plis
1112 2457 1292 2483 manifestius.
1314 2466 1323 2482 ι
1348 2456 1378 2483 ΕΙ
1394 2456 1474 2487 infra,
1497 2466 1506 2481 ι
1525 2457 1566 2483 sol
1583 2463 1709 2484 exortus.
1733 2467 1742 2482 ι

1076 2491 1131 2525 (89)
1149 2491 1176 2518 lit
1193 2492 1285 2519 codice
1299 2491 1436 2524 Bobiensi,
1459 2500 1467 2516 ι
1487 2492 1620 2518 servabit.
1638 2502 1649 2518 ι
1669 2492 1738 2518 Male
1754 2490 1816 2517 Casi-

1040 2527 1131 2553 neusis
1150 2526 1244 2558 codex,
1263 2536 1272 2552 ‹
1290 2528 1453 2553 observavit.
1476 2536 1485 2552 ι
1502 2526 1536 2553 Et
1554 2526 1638 2559 infra,
1656 2537 1666 2552 ‹
1686 2532 1814 2560 antequam

1040 2561 1160 2588 lucerna.
1179 2571 1187 2586 ι
1208 2561 1325 2588 Econtra
1348 2562 1423 2595 peior
1444 2562 1471 2588 in
1487 2563 1673 2596 sequentibus
1691 2562 1815 2588 Bobiensis

1040 2597 1143 2622 codicis
1161 2596 1250 2627 lectio,
1266 2598 1311 2623 ubi
1335 2599 1375 2623 sic
1392 2604 1422 2623 se
1445 2597 1537 2625 habet,
1556 2606 1566 2622 ε
1584 2599 1628 2623 sol
1650 2597 1732 2623 nobis
1750 2603 1815 2621 verus

1042 2631 1164 2657 Salvator
1184 2632 1296 2662 orietur,
1314 2632 1384 2658 sicut
1408 2631 1457 2664 ait,
1474 2636 1503 2658 et
1521 2631 1666 2659 illuminat
1688 2633 1736 2659 tibi
1754 2631 1816 2657 Chri-

1041 2671 1109 2693 stus.
1125 2665 1177 2692 Sed
1191 2667 1237 2700 qui
1253 2667 1328 2693 dicit.
1350 2676 1359 2691 ι

1077 2700 1132 2737 (90)
1146 2701 1240 2737 Codex
1258 2700 1410 2731 Bobiensis,
1426 2706 1454 2728 et
1469 2700 1589 2736 Vulgata
1605 2703 1642 2728 ita
1666 2702 1766 2737 legunt,
1780 2700 1814 2726 sed

1042 2736 1068 2762 in
1082 2735 1359 2769 Casinensi'habetur,
1375 2745 1384 2761 ι
1401 2740 1475 2763 tenet
1489 2740 1516 2763 et
1529 2739 1556 2762 in
1575 2735 1706 2764 lectione:
1722 2747 1731 2762 ι

1077 2770 1132 2804 (91)
1148 2770 1236 2797 Codex
1248 2771 1416 2803 Casinensis,
1433 2781 1442 2796 ι
1455 2772 1637 2803 destruetur;
1656 2782 1665 2798 ι
1680 2772 1756 2799 lectio
1768 2769 1814 2795 \"nl-

1043 2810 1110 2840 gata:
1126 2806 1271 2838 contraria,
1283 2814 1343 2840 quae
1353 2807 1434 2833 etiam
1449 2806 1543 2837 habet,
1561 2817 1570 2832 ε
1587 2816 1643 2834 non
1657 2808 1793 2835 revelatum
1805 2814 1811 2826 ι

1044 2841 1185 2877 utrobique
1199 2841 1276 2876 juxta
1295 2842 1376 2869 (idem
1389 2841 1476 2870 Graeci
1496 2847 1601 2870 textus.
