1848 3043
58 132 117 159 1501

588 130 660 158 CUM
681 130 819 158 MANE'I'E
840 130 1103 159 HERESIARCHA.

1596 131 1607 157 1
1613 131 1665 157 50‘2

59 192 142 226 Usque
167 190 194 217 in
212 189 373 216 hodiernum
398 189 482 222 enim,
505 197 565 217 cum
591 189 690 225 legitur
713 189 831 225 Moyses,
847 192 869 220 Α
883 198 958 223 cens,
979 190 1101 217 velamen
1120 196 1180 217 esse
1193 190 1310 224 positum
1328 190 1354 216 in
1369 190 1484 217 lectione
1497 187 1602 216 Veteris
1615 188 1665 216 Te-

57 237 170 264 velamen
187 240 228 262 est
240 234 360 269 positum
376 242 457 270 super
472 242 518 261 cor
533 242 639 262 eorum.
657 234 725 262 Cum
739 241 828 262 autem

57 288 197 309 conversus
223 280 304 308 fuerit
333 280 367 307 ad
394 280 559 312 Dominum,
587 281 727 308 auferetur
755 281 829 308 vela-

57 337 112 357 men
123 328 186 362 (92).
199 327 330 354 Dominus
343 332 432 354 autem
446 327 562 362 Spiritus
573 333 614 355 est
627 328 659 355 ‘°.
675 328 761 361 tQuid
773 329 828 362 (95)

57 375 155 409 inquit?
167 373 255 407 Usque
267 373 293 400 in
307 373 502 401 hodiernumne
517 382 636 409 praesens
650 379 692 402 est
704 374 829 410 MoySes?

57 428 105 447 non
120 419 254 451 dormivit,
268 426 323 446 non
337 419 478 454 requievit,
494 427 548 446 non
568 420 700 447 abscessit
719 428 734 447 e
757 420 831 447 vita?

56 465 188 499 Quomodo
204 465 230 492 in
244 465 404 492 hodiernum
419 466 475 501 (94)
492 466 579 493 dicit?
599 466 651 493 Sed
666 466 770 493 intuere
785 474 831 494 ve-

55 512 148 543 lamen,
163 511 207 538 ubi
228 511 303 542 dicit,
320 511 438 546 positum
465 519 547 546 supra
567 519 616 539 cor
630 520 736 543 eorum,
749 513 777 539 in
793 513 831 539 le-

55 559 138 585 ctione
158 565 262 584 eorum.
287 556 351 583 Haec
370 561 412 584 est
432 557 488 592 (95)
505 565 557 584 vox
583 565 643 592 quae
656 558 745 593 arguit
762 558 830 585 ﬁlios

55 604 140 636 Israel,
164 603 282 638 legentes
302 602 412 638 Moysen
431 608 458 630 et
482 611 536 630 non
562 604 759 639 intelligentes,
784 612 831 632 uc-

54 658 102 684 que
122 653 307 676 convertentes
331 656 361 676 se
385 649 419 676 ad
438 647 598 681 Dominum;
620 650 748 684 quoniam
773 650 831 685 ipse

53 700 101 727 est,
115 695 161 730 qui
182 702 197 722 a
214 694 306 730 Moyse
332 694 510 729 prophetatus
531 700 570 722 est
592 696 694 722 venire.
714 695 771 723 Iloe
789 700 831 723 est

54 741 179 773 velamen,
197 740 271 775 quod
295 747 353 768 erat
375 740 496 775 positum
517 748 598 775 super
616 740 712 768 faciem
735 741 829 776 Moysi,

53 786 120 820 quod
146 791 187 813 est
221 790 412 813 testamentum
445 786 505 820 ejus
544 786 585 820 ⁶¹;
621 788 659 815 ait
696 788 769 815 enim
802 788 829 815 in

53 831 189 867 lege(96):
209 841 218 857 ι
233 831 292 858 Non
308 832 415 859 deﬁciet
440 832 566 868 princeps
589 841 623 861 ex
646 833 726 866 Juda.
743 842 831 868 neque

53 878 102 904 dux
128 877 161 904 de
190 876 341 905 femoribus
368 878 451 912 ejus,
483 886 625 913 usquequo
653 880 744 906 veniat
774 879 829 915 (97)

54 923 127 957 cujus
147 926 188 949 est
204 922 278 958 (98),
294 927 320 949 et
339 923 397 958 ipse
412 923 463 950 erit
482 924 649 958 exspectatio
661 925 780 959 gentium
797 925 830 950 ε’.

53 967 101 1001 Qui
120 968 240 1003 alligabit
256 968 310 1005 (99)
329 970 361 996 ad
373 969 455 996 vitem
469 969 572 1004 pullum
590 978 682 1002 suum,
696 975 722 997 et
737 971 769 997 ad
783 978 830 1005 op-

53 1015 143 1042 timam
167 1015 248 1042 vitem
267 1016 369 1050 pullum
386 1016 470 1043 asins
495 1024 560 1043 suae.
588 1015 701 1043 Lavabit
722 1017 748 1042 in
771 1017 831 1043 vino

53 1058 144 1085 stolam
156 1067 246 1092 suam,
257 1064 283 1086 et
294 1059 322 1086 in
333 1060 465 1095 sanguine
475 1068 532 1087 uvae
541 1061 728 1088 indumentum
739 1069 828 1089 suum.

54 1104 150 1133 Sullusi
162 1106 235 1133 oculi
250 1107 287 1141 (t)
300 1106 361 1140 ejus
373 1114 388 1133 a
401 1107 474 1138 vino,
499 1111 526 1133 et
542 1107 648 1134 candidi
662 1107 757 1135 dentes
772 1108 831 1142 ejus

52 1158 64 1175 ιι
80 1150 155 1184 lacte,
184 1161 194 1177 ›
217 1156 244 1178 et
265 1152 379 1187 reliqua.
402 1151 454 1185 Qui
474 1153 555 1180 etiam
569 1157 594 1180 et
615 1154 685 1181 unde
702 1157 831 1181 venturus

51 1200 118 1222 esset
137 1196 308 1232 designavit,
338 1197 431 1224 dicens
448 1206 455 1224 :
477 1207 486 1223 ε
509 1197 670 1232 Prophetam
687 1198 762 1225 vobis
783 1206 831 1226 su»

51 1241 153 1268 scitabit
181 1242 313 1270 Dominus
337 1241 408 1270 Deus
435 1250 468 1270 ex
491 1242 620 1270 fratribus
639 1243 736 1271 Vestris
761 1243 831 1271 sicut

52 1295 104 1319 me;
120 1289 205 1322 ipsum
218 1288 308 1315 audite
324 1289 373 1316 ⁵³.)
386 1288 418 1315 Et
428 1289 536 1323 quidem
548 1289 610 1323 quia
622 1297 675 1316 non
692 1289 778 1324 possit
788 1289 831 1315 in-

52 1334 128 1369 telligi
157 1335 210 1362 hoc
227 1335 261 1361 de
283 1334 345 1362 Jesu
361 1333 434 1361 Nave
456 1334 493 1369 (2)
515 1335 616 1362 dictum
628 1343 697 1367 esse,
715 1335 830 1362 manife-

51 1384 118 1406 stum
133 1385 182 1408 est.
206 1380 279 1407 Nihil
295 1381 366 1407 enim
392 1381 473 1415 hujus
490 1381 704 1408 circumcisionis
727 1381 754 1407 in
772 1381 831 1415 ipso

52 1425 198 1459 invenitur;
223 1426 310 1453 adhuc
331 1426 402 1453 enim
420 1434 452 1453 ex
465 1425 533 1453 Juda
552 1434 627 1464 reges
644 1426 752 1453 fuerunt
769 1430 830 1460 post

883 237 1021 269 stamenti,
1046 241 1156 270 propter
1170 236 1241 271 quod
1255 236 1278 263 is
1291 236 1337 270 qui
1356 236 1504 270 appellatur
1515 235 1665 270 antiquitus

883 282 976 313 Israel,
1003 286 1142 315 exspectat
1165 283 1310 308 adventare
1323 280 1472 313 Christum,
1491 289 1545 308 non
1563 281 1665 308 intelli-

882 333 973 363 gentes
988 327 1025 362 (4)
1046 328 1110 361 quia
1130 327 1287 354 defecerunt
1302 334 1334 353 ex
1349 326 1417 354 Juda
1430 327 1577 362 principes,
1593 333 1620 353 et
1630 335 1664 354 ex

883 373 1031 400 femoribus
1044 373 1103 407 ejus
1121 372 1220 405 duces;
1240 372 1310 399 sicut
1326 379 1398 399 nunc
1417 373 1539 400 videmus
1556 374 1665 407 regibus

882 426 929 445 eos
949 419 1171 454 principibusque
1193 417 1330 452 subjectos
1354 417 1392 452 (5)
1411 418 1508 445 tributa
1531 420 1663 453 pendere.

882 465 956 491 nulla
972 465 1023 492 sibi
1041 469 1171 498 potestate
1184 465 1225 490 vel
1244 464 1383 498 judicandi
1399 465 1439 491 vel
1456 465 1585 499 puniendi
1597 473 1664 493 con-

881 519 969 544 cessa,
994 511 1066 538 sicut
1081 510 1164 538 Judas
1187 511 1301 543 habuit,
1318 510 1382 545 quia
1406 510 1524 537 Thamar
1539 511 1572 544 ⁶’⁸,
1590 516 1666 546 post-

881 564 997 591 eaquam
1020 557 1258 589 condemnaverat,
1283 556 1543 591 potuitjustiticare.
1569 557 1620 584 Sed
1638 561 1666 585 et

881 602 1007 630 videbitis
1027 602 1065 637 (6)
1086 602 1169 628 vitam
1185 605 1302 633 vestram
1317 601 1477 636 pendentem
1493 607 1555 629 ante
1570 603 1665 630 oculos

881 652 986 675 vestros
1001 648 1034 675 ⁸⁸.

917 693 1010 721 XLIV.
1035 693 1122 720 Habet
1146 693 1228 720 etiam
1252 693 1297 721 hic
1320 702 1410 721 sermo
1423 695 1556 721 velamen.
1573 693 1665 729 Usque

882 740 914 767 ad
937 739 1070 767 Herodem
1087 739 1158 766 enim
1176 747 1209 766 ex
1227 744 1303 774 parte
1323 740 1412 774 aliqua
1438 748 1552 775 regnum
1573 744 1665 767 tenere

882 784 1063 818 videbantur;
1087 785 1121 812 ab
1137 785 1262 820 Augusto
1277 790 1365 812 autem
1381 786 1468 820 prima
1483 786 1609 820 ascriptio
1625 786 1664 820 (7)

882 831 909 858 in
927 832 967 858 eis
985 830 1056 858 facta
1076 836 1127 863 est,
1157 836 1183 858 et
1209 835 1348 865 coeperunt
1373 831 1472 858 tributa
1495 832 1622 866 pendere,
1639 836 1666 859 et

883 884 994 903 censum
1008 877 1082 903 dare.
1093 876 1140 903 .Ex
1160 885 1214 912 quo
1231 877 1468 905 autem‘Domiuus
1482 882 1575 904 noster
1585 876 1665 905 Jesus

881 927 986 957 emptus
1020 927 1062 950 est
1089 924 1245 958 prophetari
1273 929 1355 960 atque
1380 924 1548 958 exspectari,
1574 931 1607 950 ex
1634 931 1666 950 eo

881 968 1017 1003 principes
1040 976 1073 995 ex
1096 968 1165 995 .Iuda
1187 976 1247 996 esse
1262 973 1404 1003 cmperunt
1421 973 1448 996 et
1461 969 1544 996 duces
1562 969 1664 1003 populi,

882 1014 928 1048 qui
956 1022 1065 1041 rursum
1089 1014 1247 1042 defecerunt
1273 1014 1300 1041 in
1321 1015 1437 1041 adventu
1455 1014 1492 1050 (8)
1515 1015 1666 1049 praesentia:

881 1061 950 1095 ejus.
967 1060 995 1088 Si
1011 1068 1074 1096 ergo
1091 1061 1229 1088 auferatur
1240 1061 1359 1088 velamen
1374 1061 1445 1095 quod
1458 1061 1483 1087 in
1495 1061 1538 1087 illa
1551 1061 1667 1088 lectione

881 1107 997 1141 positum
1015 1112 1065 1140 est,
1082 1107 1231 1141 intelligent
1242 1106 1280 1141 (9)
1293 1107 1420 1133 virtutem
1434 1106 1663 1138 circumcisionis,

881 1153 1019 1180 invenient
1039 1158 1066 1180 et
1085 1153 1285 1188 generationem
1301 1152 1360 1187 ejus
1375 1160 1454 1187 quem
1469 1152 1661 1187 przedicamus,

881 1203 907 1225 et
929 1206 1049 1231 crucem,
1066 1203 1093 1225 et
1115 1205 1284 1233 quaecunque
1299 1199 1331 1226 de
1352 1199 1467 1226 Domino
1480 1203 1574 1226 nostro
1590 1203 1664 1233 gesta

881 1248 955 1277 sunt,
975 1245 1032 1279 ipsa
1050 1252 1110 1272 esse
1131 1253 1191 1279 quae
1215 1245 1248 1272 (Ie
1271 1252 1303 1272 eo
1334 1244 1442 1272 fuerant
1466 1245 1604 1279 praedicta.
1633 1243 1665 1270 Et

880 1290 960 1317 velim
984 1289 1093 1325 quidem
1113 1290 1146 1317 de
1163 1290 1311 1324 Scripturis
1331 1290 1467 1317 discutere
1481 1297 1664 1324 unumquem-

882 1343 935 1371 que
956 1343 1109 1363 sermonem
1134 1335 1201 1371 (l0),
1228 1340 1255 1362 et
1279 1335 1420 1363 ostendere
1444 1340 1473 1362 ut
1490 1335 1601 1369 intelligi
1623 1334 1665 1361 di-

882 1390 964 1417 gnum
979 1386 1030 1409 est.
1047 1381 1099 1408 Sed
1115 1381 1243 1416 quoniam
1261 1389 1334 1409 nunc
1348 1382 1421 1410 aliud
1433 1385 1475 1408 est
1490 1381 1562 1416 quod
1576 1385 1663 1416 urget,

881 1429 914 1456 de
930 1428 1037 1455 vacanti
1052 1428 1107 1461 (Il)
1124 1427 1201 1455 nobis
1221 1429 1271 1455 ista
1294 1428 1435 1461 dicenturj;
1460 1428 1517 1455 haec
1535 1427 1607 1454 enim
1624 1427 1665 1454 di-

52 1471 146 1505 ipsum,
164 1477 190 1499 et
209 1471 270 1499 ideo
286 1471 374 1499 aliena
397 1472 476 1506 longe
492 1476 533 1498 est
548 1472 582 1499 ab
601 1479 632 1499 eo
647 1472 702 1498 haec
715 1471 862 1506 prophe-a
881 1473 954 1500 xisse
966 1480 1040 1499 nunc
1058 1471 1165 1505 suilieit,
1192 1477 1222 1499 ut
1241 1472 1416 1500 ostendamus
1433 1480 1488 1499 non
1507 1473 1566 1499 sine
1580 1480 1663 1499 causa

51 1517 94 1543 tia.
120 1516 152 1544 Et
174 1518 226 1544 hoc
240 1522 282 1545 est
295 1518 417 1545 velamen
434 1519 472 1553 (5)
486 1539 493 1552 ,
516 1518 587 1553 quod
600 1523 641 1545 est
658 1518 685 1544 in
702 1517 828 1553 Moysen;

51 1569 133 1596 neque
148 1563 231 1595 enim,
249 1563 320 1590 sicut
338 1563 455 1591 fortasse
468 1564 551 1599 aliqui
572 1564 757 1598 imperitorum
778 1571 828 1598 pu-

51 1611 114 1640 tant,
139 1608 252 1636 linteum
269 1609 378 1643 aliquod
401 1614 448 1637 aut
468 1610 545 1644 pellis
565 1609 632 1642 fuit,
651 1617 711 1644 quae
724 1609 829 1636 vultum

50 1653 105 1686 ejus
118 1656 245 1689 operiret.
264 1654 317 1682 Sed
331 1657 478 1690 Apostolus
492 1656 635 1691 diligenter
651 1656 769 1683 ostendit
784 1655 829 1683 di-

83 1712 103 1727 ⁶⁰
120 1712 139 1738 lI
153 1712 219 1750 Cor.
235 1721 276 1750 ut,
292 1713 335 1740 M.
374 1714 395 1729 ⁶¹
408 1713 492 1750 Exod.
506 1722 599 1749 xxxiv,
611 1715 660 1748 55;
676 1713 698 1741 II
716 1714 779 1742 Cor.
796 1723 824 1742 III

940 1715 963 1731 “
976 1715 1043 1743 Gen.
1060 1723 1135 1749 mx,
1149 1715 1192 1743 l0.
1231 1715 1254 1731 ⁸³
1268 1714 1345 1742 Deut.
1362 1723 1440 1748 xviii,
1463 1714 1504 1743 18.

50 1753 158 1775 xxxvui.
196 1749 220 1767 ⁸⁸
241 1747 320 1775 Deut.
334 1756 431 1782 xxvru,
464 1749 491 1776 9.

82 1807 135 1868 (92)
146 1808 238 1835 Codex
256 1809 408 1839 Bobiensis,
423 1818 432 1834 ι
451 1808 533 1836 fuerit
546 1810 607 1844 quis
622 1811 654 1837 ad
669 1809 824 1844 Dominum,

94 1848 182 1868 eretur
197 1843 332 1868 velamen.
355 1853 364 1868 ι
385 1843 498 1868 Vulgata
514 1845 585 1868 enim
607 1846 695 1868 habet.
720 1854 729 1868 (
748 1845 824 1868 aufe—

50 1843 182 1870 auferetur
197 1843 332 1870 velamen.
355 1853 364 1869 ι
385 1843 498 1878 Vulgata
514 1843 586 1871 enim
606 1846 695 1876 habet,
720 1854 729 1870 ‹
748 1843 826 1873 ³11184

51 1883 131 1904 retur.
152 1888 161 1904 ι
180 1878 214 1904 At
231 1879 257 1905 in
276 1878 419 1906 Casinensi
434 1879 525 1906 codice
541 1883 581 1906 est
600 1889 608 1905 ι
630 1879 762 1907 aufertur.
780 1890 789 1906 ι

83 1912 135 1948 (95)
151 1913 322 1945 Casinensis,
337 1923 346 1938 ι
364 1914 447 1948 quod,
468 1923 477 1940 ι
494 1914 564 1940 mala
579 1915 670 1942 lectio.

83 1947 136 1980 (94)
152 1948 243 1979 Codex
261 1947 414 1982 Bobiensis,
437 1958 446 1974 ι
466 1949 597 1977 abscessit
613 1950 687 1978 vita?
725 1948 828 1982 Quam-

45 1980 202 2011 obremerzo
215 1983 241 2009 In
256 1980 427 2011 hodiernum.
448 1993 457 2010 ι

83 2018 139 2053 (95)
158 2017 230 2044 Idem
246 2017 343 2051 codex,
361 2028 370 2043 ι
390 2027 470 2053 supra
483 2026 531 2045 cor
545 2026 650 2048 eorum.
665 2019 727 2047 Hmc
746 2025 798 2048 est.
820 2028 829 2046 ι

78 2051 230 2113 (ἓϐἓυῑὶιξηζ
240 2053 336 2084 codex,
356 2062 365 2078 ‹
380 2051 519 2087 είίειιίιιι,
540 2054 669 2090 intellige,
685 2065 694 2081 ι
712 2060 740 2082 et
757 2063 831 2089 mox,

51 2095 59 2110 ί
78 2094 109 2112 ue
121 2094 200 2114 Juua.
221 2097 230 2112 ι

83 2121 137 2156 (97)
155 2122 247 2160 Qodex
264 2121 418 2160 Bobiensia,
438 2132 448 2148 ι
473 2122 505 2149 de
529 2122 631 2160 femore
656 2125 715 2158 ejus
734 2133 831 2160 usque-

48 2163 100 2190 quo
117 2157 280 2193 veniat,qui
295 2161 346 2193 est.
365 2166 374 2184 ι
399 2158 531 2184 Caeterum
550 2159 601 2185 ista
621 2157 701 2193 hujus
718 2157 832 2187 loci-in-

881 1520 1002 1546 velamen
1022 1519 1140 1553 positum
1157 1527 1237 1553 super
1254 1526 1300 1545 cor
1313 1519 1493 1553 quorumdam
1507 1519 1533 1545 in
1549 1519 1664 1546 lectione

885 1564 987 1592 Veteris
1006 1565 1182 1592 Testamenti.
1206 1565 1367 1600 Quicunque
1388 1573 1453 1592 vero
1468 1566 1500 1593 ad
1518 1565 1663 1592 Dominum

882 1615 1087 1643 convertuntur,
1110 1610 1143 1637 ab
1170 1611 1203 1637 iis
1225 1611 1346 1638 velamen
1367 1611 1422 1646 (l2)
1441 1610 1572 1641 aufertur.
1598 1610 1664 1644 Qum

883 1656 974 1684 omnia
991 1664 1074 1691 quam
1088 1657 1142 1683 vim
1160 1656 1277 1683 habeant
1295 1657 1322 1683 in
1345 1664 1415 1689 sese,
1442 1657 1484 1684 his
1509 1656 1554 1691 qui
1582 1664 1662 1683 sensu

1555 1714 1578 1730 “
1595 1713 1662 1742 Gen.

880 1810 1020 1838 Bobiensis
1038 1819 1047 1835 ι
1068 1810 1197 1844 alligavit.
1219 1819 1227 1836 ο

917 1846 955 1881 (1)
972 1845 1061 1881 Codex
1078 1842 1230 1881 Bobiensis,
1248 1855 1266 1881 «ν
1279 1845 1356 1872 ell'usi
1373 1843 1455 1881 oculi.
1474 1852 1483 1870 ι
1502 1842 1578 1881 Mox,
1592 1853 1601 1868 ι
1615 1844 1663 1881 _qui

881 1879 964 1908 enim.
982 1890 991 1906 ι
1009 1879 1081 1912 Mox,
1103 1890 1112 1905 l
1129 1880 1290 1914 designavit,
1309 1880 1477 1914 prophetam.
1492 1889 1500 1904 ι
1521 1898 1549 1914 κ
1564 1879 1599 1905 De
1615 1879 1664 1906 hac

881 1916 996 1942 lectione
1018 1915 1078 1942 fuse
1093 1914 1213 1949 disputat
1226 1913 1344 1942 Grabius
1362 1915 1389 1941 in
1401 1915 1510 1941 dissert.
1533 1913 1570 1940 De
1583 1915 1663 1940 variis

880 1951 953 1977 vitiis
975 1949 1050 1977 LXX
1067 1949 1196 1984 Interpp..
1222 1950 1235 1985 §
1255 1951 1298 1982 19,
1317 1949 1445 1985 ρεεκῖὤ.
1471 1949 1530 1985 Quo
1549 1956 1582 1985 ex
1605 1949 1665 1976 loco

881 1985 1011 2012 nonnulla
1025 1983 1163 2019 excerpta
1176 1983 1299 2012 dedimus
1318 1983 1361 2012 ’ad
1387 1984 1486 2011 Justiui
1506 1983 1576 2010 Dial.
1605 1992 1664 2010 cum

883 2020 992 2055 Tryph.,
1011 2019 1024 2055 §
1038 2019 1081 2049 5‘2.
1098 2024 1163 2046 tom.
1180 2019 1188 2045 I
1204 2021 1284 2054 hujus
1296 2019 1433 2055 Βίὸιὶοιιι,Ρ
1450 2027 1510 2053 pag.
1523 2019 1585 2045 507.

917 2029 992 2082 agn”
1011 2029 1024 2055 ε
1038 2029 1081 2049 az.
1098 2029 1163 2046 tom.
1180 2029 1188 2045 ι
1204 2029 1284 2054 nujus
1296 2029 1433 2050 ωοιιυιη..
1450 2029 1585 2053 pag.ou1.

917 2058 925 2089 (
946 2058 954 2091 )
972 2055 1143 2093 ln_Bo_biensi
1160 2055 1249 2093 inepta
1265 2055 1344 2093 lectio
1358 2075 1365 2085 .
1385 2063 1394 2079 ι
1411 2053 1497 2093 Mane.
1518 2062 1527 2078 ι
1548 2068 1583 2093 '—
1595 2052 1664 2093 Cor-

881 2088 990 2125 ruptam
1003 2090 1146 2117 lectionem
1164 2098 1173 2114 ι
1190 2090 1222 2115 de
1235 2088 1298 2116 Jesu
1313 2089 1390 2116 Mane
1403 2089 1537 2125 Lv'idei'at
1550 2088 1666 2125 jampri-

882 2122 943 2152 dein
960 2126 987 2152 iu
1004 2124 1145 2152 Valesiana
1171 2124 1288 2151 editione
1305 2125 1386 2158 hujus
1403 2123 1596 2157 Disputatiouis
1611 2122 1664 2149 Co-

884 2161 994 2187 telerius
1011 2161 1043 2187 ad
1059 2159 1189 2186 Barnaba:
1204 2159 1288 2193 Epist.
1306 2167 1365 2193 cap.
1385 2158 1429 2191 l2,
1447 2159 1492 2185 ubi
1506 2158 1539 2185 de
1551 2158 1603 2185 hoc
1615 2165 1665 2185 n0.

48 2193 202 2230 terpretatio
225 2192 303 2230 longe
315 2192 423 2230 diversa
438 2197 479 2219 est
493 2200 507 2218 a
528 2192 697 2230 qV'Vulgatairet
713 2195 746 2221 ab
761 2196 831 2221 anti-
847 2204 868 2230 ι)
883 2196 956 2222 mine
970 2202 1018 2229 pro
1030 2202 1104 2230 more
1116 2201 1168 2230 suo
1183 2192 1293 2221 disserit
1306 2192 1420 2230 erudite.

48 2227 188 2286 q’uioribus
204 2226 385 2258 versionibus,
402 2235 471 2261 quas
493 2226 621 2255 exhibent
636 2227 829 2262 Tertullianus,

72 2269 85 2286 ε
102 2261 212 2286 Τνὶηὶῑ..
226 2269 285 2286 can.
301 2262 328 2286 9.
341 2266 368 2286 et
384 2262 535 2286 (lvnrianus
550 2267 607 2286 adu.
622 2262 729 2286 Judmns
750 2265 797 2286 lih.
810 2273 827 2286 l,

72 2269 85 2286 ε
102 2261 212 2297 Trinit.,
226 2269 285 2297 cap.
301 2262 368 2297 9,91
384 2262 535 2297 Cyprianus
550 2267 607 2289 adv.
622 2262 729 2291 Judwos
750 2265 797 2291 lib.
810 2261 829 2296 ις

47 2303 105 2330 cap.
121 2296 165 2323 ﬁl.
183 2296 236 2323 Se'd
254 2304 305 2323 nec
330 2296 424 2323 Graeco
445 2296 515 2323 LXX
538 2298 652 2332 Interpr.
679 2300 762 2326 textui
789 2307 831 2326 rc-

47 2331 170 2368 spondet,
187 2332 250 2358 licet
265 2339 318 2358 non
334 2340 386 2368 un_a
399 2339 505 2368 semper
520 2333 555 2368 sit
571 2331 693 2368 ejusdem
710 2334 789 2361 lectio
803 2335 831 2361 in

46 2366 124 2392 codd.
145 2375 212 2400 mss.
232 2372 257 2393 et
271 2366 342 2400 apud
361 2366 466 2394 Patres.
481 2366 548 2395 Vide
562 2366 697 2395 Nobilium
711 2369 739 2396 in
759 2369 831 2397 notis

46 2400 78 2426 ad
95 2409 156 2427 etim
173 2403 272 2428 locum.

81 2436 137 2470 (98)
155 2436 238 2470 Cujus
254 2441 303 2462 est.
317 2435 464 2463 Prudentio
476 2435 587 2464 Murano
600 2437 660 2466 viro
673 2438 831 2466 doctissimo

48 2470 79 2496 ad
93 2470 194 2498 Justini
213 2471 289 2505 Apol.
304 2479 323 2503 I,
345 2471 358 2506 §
378 2471 423 2501 5‘2,
444 2471 550 2498 videtur
567 2475 617 2499 hoc
631 2481 690 2500 esse
705 2474 831 2501 librario-

48 2513 107 2543 rum
136 2511 268 2543 erratum,
289 2514 337 2542 pro
363 2516 373 2543 ε
408 2506 462 2543 εμξῄ
476 2506 521 2541 jus
544 2511 594 2543 est.
613 2517 622 2533 ι
638 2509 704 2540 Qua:
722 2510 829 2543 quidem

47 2539 126 2576 lectio
150 2541 275 2567 restituta
289 2539 410 2575 'propius
427 2541 464 2567 illi
478 2539 590 2576 accedit
606 2539 688 2576 quam
705 2539 831 2570 novimus

45 2574 130 2602 fuisse
161 2573 306 2603 veteribus
332 2573 502 2611 usurpatam,
531 2573 553 2610 ᾧ
579 2573 732 2611 ἀήόκειται,
757 2588 766 2604 ‹
788 2579 832 2605 cui

46 2611 196 2644 repositum
218 2616 270 2638 est.
302 2620 311 2635 ι
348 2610 454 2638 Videsis
476 2617 526 2638 hac
551 2611 584 2638 de
613 2621 642 2640 re
666 2614 700 2640 cl.
727 2613 832 2640 Cotele-

45 2646 115 2681 rium
136 2646 170 2672 ad
192 2645 305 2672 Constil.
330 2650 415 2680 apusl.
432 2646 478 2672 lib.
495 2654 531 2679 vr,
547 2655 606 2681 cap.
624 2648 653 2674 11
669 2648 809 2675 subtiuem
824 2658 831 2675 :

44 2680 89 2718 qui
107 2685 239 2714 praeterea
255 2681 287 2708 ad
299 2681 456 2718 earumdem
466 2681 556 2718 Const.
568 2680 614 2718 lib.
625 2691 644 2714 ι,
654 2691 712 2716 cap.
729 2683 754 2715 1,
765 2691 833 2718 prae-

44 2715 117 2750 clare
134 2723 243 2742 versum
259 2721 352 2742 censet
366 2716 409 2742 hic
422 2717 556 2750 ejusmodi
572 2717 708 2745 Geneseos
720 2715 808 2745 loreum
825 2727 831 2747 :

47 2756 57 2773 ‹
75 2748 128 2782 Qui
145 2750 320 2788 alligavituatt
334 2751 415 2788 vitem
427 2748 531 2785 pullum
556 2760 646 2786 suum,
669 2758 697 2780 et
714 2753 748 2779 ad
763 2754 833 2788 opti—

46 2791 121 2820 lnam
132 2786 213 2811 vitem
231 2785 334 2820 pullum
349 2785 432 2812 aeiute
449 2794 514 2813 suae.

81 2818 138 2856 (99)
153 2818 244 2847 Codex
256 2820 424 2856 Casinensis,
440 2831 449 2846 ι
465 2822 529 2855 quia
544 2821 685 2856 alligabit;
701 2822 746 2849 sed
761 2823 832 2850 hanc

46 2852 191 2888 lectionem
218 2852 438 2892 exv'repetitioue
465 2852 567 2884 vocalis
589 2852 616 2890 (ἵ,
641 2852 727 2887 ortam
754 2863 830 2894 puto.

917 2227 1062 2265 (5),Codex
1079 2229 1256 2265 Casiuensis:
1274 2238 1283 2254 ι
1308 2228 1341 2256 Ει
1358 2229 1416 2256 haec
1434 2232 1476 2255 est
1497 2227 1631 2254 velamen.
1650 2237 1660 2254 ι

881 2264 913 2291 Et
923 2264 1010 2298 infra,
1027 2273 1037 2290 ι
1056 2264 1098 2290 vel
1113 2264 1198 2298 pellis.
1215 2273 1225 2289 ›

917 2299 954 2335 (1)
968 2300 1064 2335 Codex
1077 2298 1227 2335 Bobiensis,
1247 2308 1256 2335 ᾳ
1274 2299 1435 2335 intelligens.
1457 2308 1466 2324 ι

916 2332 954 2369 (5)
970 2334 1038 2361 Male
1051 2334 1191 2363 Bobiensis
1204 2334 1299 2367 codex,
1319 2343 1328 2360 ι
1344 2334 1453 2368 regibus
1467 2340 1526 2366 eos,
1541 2332 1664 2367 regibus-

880 2370 1139 2408 q“¢_5‘i"j9”l°§:’..
1195 2404 1200 2408 .
1258 2404 1264 2408 .
1435 2403 1449 2408 η
1479 2403 1484 2408 .

916 2405 954 2439 (6)
966 2403 1058 2433 Codex
1073 2403 1218 2431 Bobiensis
1232 2414 1241 2429 ‹
1255 2403 1414 2437 justilieare.
1434 2403 1485 2430 Sed
1501 2403 1638 2430 videbitis.
1652 2412 1662 2428 ι

881 2440 1036 2467 Casinensis
1052 2449 1060 2464 ι
1082 2439 1237 2473 justilicari.
1250 2439 1302 2466 Sed
1314 2443 1341 2466 et
1355 2439 1489 2465 videbitis.
1512 2448 1520 2463 ι

919 2474 956 2509 (Τ)
973 2474 1115 2509 Bobiensis
1133 2475 1218 2500 codex
1235 2494 1242 2507 ,
1266 2483 1275 2499 ι
1293 2474 1448 2508 abscriptio.
1467 2484 1476 2499 ι
1495 2473 1567 2506 Mox,
1582 2482 1591 2498 ι
1611 2481 1666 2501 cm-

882 2508 1042 2544 peruntque.
1061 2518 1070 2534 ι
1089 2508 1121 2535 Et
1137 2510 1217 2541 infra,
1243 2519 1251 2534 ι
1271 2509 1402 2536 Dominus
1418 2516 1504 2536 meus.
1523 2518 1532 2534 ι

918 2544 957 2578 (8)
973 2544 1044 2570 Idem
1058 2545 1153 2576 codex,
1174 2554 1183 2570 ι
1205 2545 1230 2571 in
1248 2545 1404 2571 adventum.
1424 2553 1433 2569 ι

919 2579 957 2613 (9)
972 2579 1045 2606 Idem
1069 2580 1165 2613 codex,
1188 2588 1197 2606 ι
1221 2580 1384 2614 intelligens.
1406 2588 1416 2605 ›
1432 2578 1464 2606 Ει
1478 2578 1560 2610 infra,
1577 2587 1587 2603 ι
1608 2580 1665 2612 ipsa

883 2622 943 2649 quae
957 2615 990 2641 de
1006 2622 1049 2642 eo.
1076 2624 1084 2639 ι

920 2649 974 2684 (10)
999 2650 1027 2675 In
1054 2649 1146 2676 codice
1171 2649 1298 2677 Bobiensi
1323 2649 1435 2676 mutilus
1452 2653 1493 2676 est
1508 2649 1552 2676 hic
1566 2649 1663 2680 locus;

884 2685 964 2711 habet
977 2685 1061 2715 enim,
1081 2693 1090 2709 ε
1111 2692 1277 2718 sermonem,
1295 2689 1324 2711 ut
1341 2685 1469 2719 intelligi,
1484 2685 1595 2718 dignum
1612 2689 1663 2711 est.

884 2719 990 2746 Dixisse
1008 2727 1079 2746 nunc
1094 2720 1217 2746 sufficit.»

920 2754 976 2790 (11)
992 2754 1019 2780 In
1038 2754 1180 2781 Casinensi
1193 2759 1244 2786 est.
1261 2764 1270 2781 ι
1292 2755 1325 2783 de
1337 2755 1513 2788 vacantibus;
1538 2763 1548 2782 ι
1566 2756 1612 2783 sed
1626 2755 1664 2782 le-

884 2790 1012 2824 gendum,
1030 2799 1039 2815 ι
1051 2790 1084 2816 de
1100 2790 1214 2817 vacanti.
1235 2800 1244 2816 ι
1262 2790 1307 2817 Sic
1319 2798 1401 2824 supra
1411 2799 1471 2825 cap.
1486 2791 1531 2818 Η.

919 2825 975 2861 (12)
990 2825 1082 2853 Codex
1097 2825 1254 2859 Bobiensis,
1274 2835 1282 2852 ι
1303 2826 1494 2854 velamentum.
1511 2835 1520 2852 ι
