1848 3043
35 127 44 153 Ι
52 127 109 156 505

587 131 659 159 CUM
679 131 818 159 MANETE
837 132 994 162 ΠᾸΞΒΕΞΙΑ
1000 135 1100 164 RCHA.

1590 145 1657 174 1506

33 187 106 215 ﬁent
123 188 181 225 (56)
197 190 252 217 duo
267 195 356 218 vetera
375 191 565 224 Testamenta;
590 192 612 220 si
628 197 717 220 tamen
733 194 828 221 ambos
843 198 866 224 A
881 199 908 222 et
924 203 977 222 non
994 197 1059 225 satis
1071 196 1272 232 Scripturarum
1291 201 1486 235 quatstionibus
1502 205 1655 234 eruditum:

30 235 182 269 antiquos,
209 242 235 264 et
259 238 318 264 sine
339 238 417 264 initio
428 245 487 265 esse
500 238 577 265 dicis.
596 238 650 273 Ego
664 244 751 266 autem
770 247 823 266 non

31 280 72 307 ita
92 281 197 313 didici,
215 291 302 318 neque
320 283 355 310 ita
377 283 517 310 continent
533 284 688 319 Scripturae.
709 284 748 311 'l‘u
760 292 824 312 vero

24 325 85 359 qui
97 325 167 353 dicis
182 327 266 362 legem
284 327 367 363 Moysi
380 336 439 356 esse
453 329 562 363 maligni
574 331 714 365 principis.
732 335 759 358 et
770 338 823 357 non

32 370 104 397 [Iuni
123 371 170 398 Dei
186 392 192 403 ,
213 372 255 399 die
271 373 347 406 mihi,
364 373 409 407 qui
420 378 497 400 erant
509 374 544 400 illi
558 374 602 408 qui
618 375 778 402 resistebant
796 376 822 403 in

29 413 136 442 faciem
156 415 251 452 Moysi,
278 417 401 445 Jamnem
418 419 480 446 dico
496 423 522 445 et
545 418 711 447 Mambrcm?
737 420 822 449 Omne

29 460 110 486 enim
138 462 210 495 quod
235 462 346 495 resistit,
372 471 427 490 non
454 463 613 498 sibimetipsi
636 466 747 499 resistit,
775 467 820 494 sed

30 504 94 537 alii,
116 511 164 532 aut
180 507 285 534 meliori
300 513 346 535 aut
359 508 500 542 deteriori,
521 509 590 536 sicut
606 510 707 538 Paulus
722 512 821 540 indicat

29 549 65 574 ad
78 549 253 578 Timotheum
265 552 291 579 in
300 553 418 580 secunda
427 553 545 588 Epistola
557 562 605 582 sua
615 555 736 583 scribens
746 556 818 592 (57):

32 602 42 618 ε
66 594 304 626 Quemadmodum
327 597 437 626 Jamnes
459 604 485 626 et
504 599 639 627 Mambres
665 601 820 628 restiterunt

30 639 120 675 Moysi
134 661 142 672 ,
163 642 197 669 ita
211 647 238 670 et
252 643 297 670 isti
314 644 472 672 restiterunt
487 646 604 678 veritati,
621 647 745 674 homines
762 655 820 675 cor-

28 687 107 721 rupti
137 693 236 722 mente,
262 689 369 724 reprobi
391 691 462 718 circa
487 692 585 725 iidem;-
604 692 649 720 sed
672 693 740 730 ultra
763 701 817 721 non

28 734 186 767 prolicient.
215 735 369 770 [nsipientia
391 738 464 764 cnim
492 745 585 765 eorum
611 739 736 767 omnibus
760 740 816 775 (58)

28 783 95 804 nota
109 783 161 811 est,
179 780 249 806 sicut
268 785 293 807 et
310 781 416 808 illorum
434 782 485 809 fult
497 783 542 810 δν.
557 792 566 809 ι
586 782 666 811 Vides
681 784 816 818 quomodo

28 822 159 851 Jamnem
180 829 206 852 et
227 825 374 853 Mambrem
395 828 549 855 hominibus
567 834 706 863 comparat
723 838 816 857 corru-

28 869 87 904 ptis
108 875 199 898 mente
219 876 247 899 et
276 873 398 907 reprobis
416 874 487 901 circa
503 874 599 907 ﬁdem;
622 874 730 910 Moysen
752 884 815 904 vero

26 916 140 942 veritati
151 917 164 943 ’ἒ
186 917 239 944 Sed
253 921 280 944 et
295 923 406 946 sanctus
420 918 539 946 Joannes
554 920 688 946 maximus
701 928 816 957 evange-

26 961 156 988 listarum
169 963 216 994 ait,
233 964 347 996 gratiam
362 965 447 1000 gratia
466 970 602 1000 praestare,
617 972 643 994 et
656 966 762 994 diﬂ'erre
773 967 813 1001 ⁸⁸;

25 1014 62 1033 ex
85 1007 253 1041 plenitudine
274 1009 346 1036 enim
373 1009 437 1037 Jesu
462 1010 546 1044 legem
571 1011 655 1046 Moysi
678 1012 814 1047 accepisse

25 1059 80 1079 nos
98 1052 180 1086 dicit;
203 1054 283 1080 aliam
302 1058 392 1081 autem
410 1056 523 1090 gratiam
538 1064 588 1090 pro
603 1057 647 1084 illa
664 1058 750 1092 gratia
767 1066 814 1092 per

24 1095 122 1123 Jesum
147 1097 286 1125 Christum
308 1106 368 1126 e5se
396 1100 555 1134 completam
581 1100 608 1126 in
630 1101 718 1128 nobis.
735 1100 812 1134 Quod

24 1142 177 1170 ostendens
192 1143 272 1170 etiam
285 1144 343 1178 ipse
356 1143 488 1172 Dominus
502 1150 594 1172 uoster
606 1145 684 1172 Jesus
700 1146 788 1173 aiebat
803 1155 810 1174 :

26 1194 37 1211 ε
56 1185 118 1212 Non
143 1187 242 1221 putetis
264 1187 330 1222 (59),
356 1189 420 1222 quia
447 1196 497 1222 ego
525 1196 572 1216 vos
591 1189 726 1216 accusabo
740 1190 811 1224 apud

24 1231 148 1258 Patrem.
162 1231 207 1259 Est
228 1233 274 1267 qui
291 1240 340 1260 vos
354 1238 464 1261 accuset
477 1233 594 1269 Moyses,
611 1234 638 1261 in
653 1242 734 1269 quem
754 1235 809 1271 (40)

24 1284 75 1303 vos
88 1277 220 1311 speratis;
240 1277 263 1305 si
293 1278 366 1304 enim
387 1277 532 1306 crederetis
550 1277 646 1314 Moysi.
665 1279 810 1307 crederetis

24 1325 122 1359 utique
134 1329 163 1352 et
176 1325 243 1352 mihi
257 1325 331 1360 (4t);
347 1325 380 1352 de
393 1332 436 1352 me
451 1325 524 1352 enim
538 1325 582 1352 ille
598 1325 715 1360 scripsit.
732 1325 810 1359 Quod

24 1372 47 1398 si
71 1371 171 1398 litteris
193 1371 266 1398 illius
282 1379 336 1398 non
348 1371 467 1404 creditis,
484 1371 621 1406 quomodo
637 1371 726 1399 verbis
740 1372 809 1399 meis

24 1417 144 1444 credetis
159 1417 201 1444 3'?
221 1426 230 1443 ι
254 1416 324 1444 Sunt
338 1417 419 1444 etiam
439 1417 492 1444 alia
509 1417 593 1444 multa
606 1425 666 1452 qua:
678 1417 731 1444 dici
746 1425 809 1452 pos-

24 1467 87 1490 sent
111 1462 166 1497 (42)
188 1467 215 1489 et
237 1463 270 1490 de
290 1462 412 1497 apostolo
427 1461 521 1495 Paulo,
540 1467 567 1490 et
587 1463 620 1490 de
637 1462 807 1498 Evangeliis;

24 1516 57 1544 ex
70 1509 172 1543 quibus
187 1508 329 1535 ostendere
351 1516 499 1543 possumus
512 1513 629 1536 veterem
646 1508 732 1544 legem
753 1516 806 1536 non

24 1562 84 1582 esse
105 1555 216 1582 alterius
234 1561 315 1588 quam
339 1553 458 1587 Domini,
481 1554 560 1588 cujus
571 1558 613 1581 est
629 1553 735 1581 Novum
753 1553 806 1582 Te-

24 1606 204 1633 stamentum,
230 1608 290 1634 qum
307 1608 357 1627 nos
375 1604 560 1634 competenter
572 1607 706 1634 exponere
719 1604 745 1627 et
764 1608 808 1635 ap-

24 1652 83 1674 tare
106 1647 231 1673 convertit
247 1647 314 1681 (45).
330 1645 389 1672 Jam
406 1653 501 1680 vesper
516 1647 637 1681 impedit,
660 1647 718 1674 dies
733 1647 804 1674 enim

24 1693 179 1724 clauditur,
208 1697 235 1720 et
262 1692 341 1719 linem
378 1699 427 1718 nos
455 1691 610 1726 disputandi
640 1692 728 1720 facere
757 1700 806 1727 par

24 1743 84 1772 est;
109 1739 228 1766 crastino
242 1742 331 1765 autem
346 1737 425 1764 nobis
446 1737 513 1772 (M),
531 1737 564 1764 de
585 1737 684 1772 quibus
703 1738 750 1765 tibi
766 1739 807 1766 vi-

24 1785 112 1817 :letur,
131 1784 293 1820 quaestiones
309 1784 469 1812 habeantur.
485 1781 519 1810 Et
543 1783 586 1810 his
605 1784 683 1812 dictis
703 1784 805 1812 disces-

24 1835 117 1859 serunt
134 1831 201 1866 (45),
644 1842 647 1845 ·

56 1876 150 1905 XLVI.
176 1877 245 1904 Cum
267 1880 357 1904 autem
375 1883 456 1904 mane
480 1875 580 1903 factum
607 1879 689 1909 esset,
714 1875 804 1903 subito

24 1923 176 1950 idventavit
197 1922 346 1950 Archelaus
370 1922 403 1949 ad
428 1921 569 1949 castellum
606 1921 659 1949 hoc
690 1921 717 1948 in
747 1929 802 1956 quo

24 1969 179 1995 norabatur
192 1967 335 2000 Diodorus,
358 1968 516 2002 priusquam
530 1967 641 1994 omnino
655 1967 800 2002 quisquam

24 2015 52 2041 id
66 2015 205 2049 publicum
224 2015 390 2049 procederet.
408 2013 501 2041 Manes
515 2021 580 2041 vero
592 2013 719 2048 ignorans
734 2021 801 2048 prae-

24 2065 124 2088 ;entcm
148 2068 207 2087 esse
222 2060 385 2087 Archelaum
399 2080 407 2092 ,
439 2067 547 2087 rursum
573 2059 720 2086 Diodorum
737 2066 801 2094 pro—

24 2107 134 2134 vocabat
145 2106 178 2133 ad
191 2106 329 2140 publicum
340 2125 348 2137 ,
365 2109 395 2132 ut
406 2113 467 2133 cum
484 2112 517 2132 eo
530 2104 711 2139 disputatione
731 2112 798 2132 con-

27 2153 159 2184 endcret,
184 2152 277 2179 volens
306 2159 368 2179 eum
395 2152 484 2179 verbis
509 2151 682 2186 opprimere,
707 2159 740 2178 ex
766 2159 799 2179 eo

876 241 1001 269 Archelai
1029 243 1101 270 enim
1124 244 1254 272 doctrina:
1280 246 1336 280 jam
1360 254 1520 283 perceperat
1535 257 1655 286 gustum.

875 287 941 315 Cum
961 297 1026 324 ergo
1048 295 1074 317 et
1090 291 1176 318 turbae
1187 293 1420 321 convenissentad
1435 295 1545 323 solitum
1559 298 1656 332 dispu-

874 335 982 362 tationis
1006 336 1106 370 locum,
1132 341 1159 364 et
1178 337 1269 366 Manes
1283 338 1338 373 jam
1357 341 1437 368 verba
1452 341 1539 369 facere
1558 344 1656 378 cmpis—

873 384 922 412 set,
946 381 1036 408 subito
1060 382 1087 408 in
1112 383 1200 410 medio
1220 391 1314 411 eorum
1340 386 1465 420 apparuit
1493 386 1654 421 Archelaus,

872 432 903 452 ac
921 425 1065 453 Diodorum
1091 428 1267 463 complexus,
1290 434 1384 457 sancto
1401 432 1495 460 osculo
1516 433 1652 462 salutavit.

872 470 1004 500 Diodorus
1029 481 1104 506 vero,
1136 479 1160 501 et
1188 482 1284 502 omnes
1320 476 1366 510 qui
1389 483 1535 512 przesentes
1564 485 1652 513 erant,

870 516 995 544 almirati
1011 523 1074 546 sunt
1088 526 1155 554 opus
1168 520 1265 548 divinae
1281 521 1476 555 Providentite,
1495 527 1524 551 ut
1544 525 1571 552 in
1583 530 1653 553 tem-

869 569 934 595 pore
958 562 1017 597 ipso
1037 565 1193 592 adventaret
1217 566 1366 594 Archelaus
1389 576 1443 603 quo
1463 570 1578 604 quaestio
1593 579 1652 598 mo-

868 607 989 641 vebatur;
1006 617 1035 636 re
1049 609 1120 636 enim
1137 618 1210 644 vera,
1225 612 1297 646 quod
1312 611 1450 640 fatendum
1461 619 1513 647 est.
1525 616 1602 650 quasi
1617 624 1649 644 ex

867 657 943 687 parte
957 653 1048 688 aliqua
1062 655 1204 690 religiosus
1217 655 1350 684 Diodorus
1364 659 1539 692 pertimuerat
1554 660 1650 687 conﬂi-

868 703 951 725 ctum.
962 698 1030 725 Cum
1046 704 1136 727 autem
1153 701 1264 729 vidisset
1279 702 1441 730 Archelaum
1461 704 1569 736 Manes,
1590 714 1651 734 ees-

866 744 936 770 savit
950 744 1059 778 quidem
1079 745 1208 773 continuo
1221 746 1255 773 ab
1267 746 1452 782 insultatione,
1465 754 1491 776 et
1504 751 1650 785 supercilio

866 795 920 815 non
932 796 1026 823 parum
1047 789 1151 824 dejecto
1162 811 1170 823 ,
1192 788 1334 819 manifeste
1347 791 1544 828 intelligebatur
1554 814 1560 826 ,
1576 797 1650 830 quod

866 834 1021 861 conflictum
1034 836 1112 863 vellet
1124 836 1251 872 eﬂ'ugere.
1263 837 1406 865 Multitudo
1417 847 1483 867 vero
1494 841 1648 869 auditorum

865 880 1009 907 adventum
1023 881 1158 913 Archelai,
1174 883 1248 910 velut
1259 884 1373 918 apostoli
1390 886 1572 919 praesentiam,
1589 887 1649 921 opi-

865 931 930 953 nata
945 930 995 960 est,
1010 934 1059 961 pro
1071 934 1103 954 eo
1114 928 1186 962 quod
1201 929 1233 955 ad
1245 929 1320 957 verbi
1337 929 1520 958 defensionem
1534 936 1586 958 tam
1600 940 1648 967 pa-

865 975 940 998 ratus
956 976 981 998 et
996 978 1048 999 tam
1065 977 1206 1008 promptus
1231 975 1383 1002 exsisteret.
1401 974 1434 1002 Et
1454 983 1514 1002 cum
1537 977 1647 1004 dextera

863 1017 999 1044 silentium
1019 1019 1187 1052 poposcisset
1197 1019 1216 1046 'a
1230 1021 1330 1054 populo
1346 1020 1490 1055 (tumultus
1505 1022 1576 1048 enim
1591 1031 1646 1050 non

863 1063 1009 1090 mediocris
1026 1064 1194 1098 exstiterat),
1212 1065 1263 1091 hoc
1279 1065 1359 1092 modo
1376 1066 1456 1100 coepit
1472 1067 1621 1095 Archelaus
1638 1077 1645 1095 :

863 1108 979 1136 Tametsi
989 1109 1170 1143 prudentiam,
1187 1111 1298 1145 gloriam
1312 1111 1392 1139 etiam
1408 1117 1563 1140 nostrorum
1576 1122 1645 1141 non-

861 1154 927 1181 nulli
943 1154 1058 1181 assecuti
1075 1159 1159 1183 sunt:
1184 1160 1272 1183 tamen
1295 1156 1347 1184 hoc
1371 1165 1417 1184 vos
1438 1157 1569 1192 deprecor
1583 1178 1590 1190 ,
1614 1164 1645 1185 ut

861 1206 953 1226 eorum
971 1207 1031 1233 quas
1045 1204 1107 1226 ante
1119 1207 1162 1227 me
1178 1200 1249 1227 dicta
1266 1205 1339 1231 sunt,
1355 1201 1542 1229 testimonium
1554 1209 1643 1230 reser-

860 1245 938 1271 vetis.
960 1244 1023 1271 Scio
1040 1245 1111 1271 enim
1129 1249 1154 1272 et
1167 1237 1257 1273 certus
1275 1253 1353 1278 sum,
1378 1246 1490 1279 fratres,
1513 1247 1642 1281 quoniam

861 1288 978 1316 Diodoro
995 1289 1049 1324 (46)
1064 1297 1117 1317 ηοη
1131 1298 1180 1325 pro
1197 1291 1283 1325 ipsius
1299 1291 1514 1326 impossibilitate
1533 1300 1643 1321 succes-

860 1335 902 1368 si;
919 1335 965 1363 sed
983 1336 1111 1370 quoniam
1127 1336 1208 1363 istum
1222 1345 1272 1372 ego
1288 1338 1350 1364 novi
1367 1342 1441 1371 tunc,
1461 1346 1522 1365 cum
1538 1339 1570 1366 ad
1592 1339 1642 1366 loci

859 1381 910 1406 mei
923 1385 1012 1415 partes
1026 1380 1166 1415 improbus
1179 1382 1351 1415 advenisset,
1369 1382 1487 1410 Marcelli
1505 1384 1555 1410 viri
1579 1383 1642 1410 illu-

859 1425 923 1453 stris
939 1426 1024 1460 gratia
1040 1426 1106 1461 (47),
1125 1426 1219 1454 volens
1234 1434 1295 1454 eum
1309 1427 1443 1455 divertere
1458 1436 1472 1455 a
1485 1433 1578 1455 nostra
1593 1429 1643 1455 do-

858 1471 945 1498 ctrina
962 1476 987 1498 et
1001 1479 1016 1498 a
1032 1471 1095 1501 lide.
1110 1472 1243 1504 videlicet,
1259 1479 1314 1506 quo
1329 1472 1473 1507 impietatis
1486 1473 1568 1507 hujus
1584 1474 1642 1500 ido-

858 1524 925 1544 neus
948 1516 1098 1543 elﬁceretur
1116 1521 1253 1550 assertor;
1271 1521 1298 1544 et
1321 1522 1410 1544 tamen
1434 1518 1561 1545 omnibus
1583 1518 1641 1546 suis

858 1562 948 1589 verbis
962 1562 990 1589 in
1006 1562 1081 1589 nullo
1095 1570 1156 1589 eum
1173 1562 1305 1590 divertere
1321 1567 1347 1589 et
1362 1570 1471 1590 movere
1486 1563 1636 1598 pracvaluit.

858 1607 961 1635 Similis
976 1608 1047 1635 enim
1064 1608 1189 1635 inventus
1214 1613 1255 1635 est
1281 1609 1503 1643 religiosissimus
1522 1608 1640 1636 Marcel-

855 1654 898 1681 lus
912 1659 994 1688 petras
1004 1654 1038 1685 9°,
1050 1653 1077 1680 in
1090 1661 1143 1688 qua
1157 1654 1286 1681 aediﬁcata
1301 1659 1343 1681 est
1357 1654 1454 1681 domus
1465 1654 1638 1682 solidissimis

855 1697 1053 1730 fundamentis;
1069 1703 1096 1725 et
1115 1706 1176 1725 eum
1189 1698 1372 1726 descendisset
1385 1699 1486 1733 pluvia,
1504 1704 1529 1726 et
1543 1698 1639 1725 irruis-

854 1745 915 1768 sent
927 1741 1037 1768 ﬂumina
1052 1749 1085 1769 ac
1096 1741 1178 1774 venti,
1191 1745 1218 1769 et
1231 1741 1373 1769 illisissent
1387 1743 1413 1769 in
1425 1742 1535 1769 domum
1550 1743 1637 1775 illam,

853 1787 979 1821 perstitit;
994 1787 1103 1814 fundata
1123 1788 1194 1815 enim
1213 1792 1272 1814 erat
1284 1787 1456 1815 solidissimis
1471 1792 1498 1815 et
1510 1788 1638 1815 immobi-

852 1831 923 1860 libus
939 1831 1123 1860 lundamentis
1142 1842 1148 1860 :
1169 1832 1235 1861 huic
1254 1838 1344 1860 autem
1368 1834 1415 1868 qui
1438 1841 1557 1868 praesens
1581 1840 1633 1869 est,

852 1876 992 1903 infantiam
1008 1877 1098 1912 potius
1111 1877 1200 1905 intulit
1211 1883 1325 1905 conatus
1341 1878 1408 1913 ipse,
1419 1886 1500 1914 quam
1517 1879 1633 1910 laudem.

850 1921 910 1949 Non
922 1926 1011 1949 autem
1025 1922 1091 1949 mihi
1109 1922 1185 1950 venia
1200 1923 1299 1957 dignus
1314 1923 1419 1950 videtur
1433 1924 1479 1958 qui
1495 1924 1636 1959 ignorave-

851 1967 897 2000 rit,
912 1968 984 2002 quod
1008 1967 1129 1995 futurum
1149 1972 1205 2000 est;
1225 1969 1366 2002 oportebat
1390 1969 1462 1996 enim
1482 1977 1544 1996 eum
1565 1978 1634 2005 prte-

850 2021 972 2046 noscere,
998 2014 1042 2046 qui
1066 2017 1130 2040 sunt
1151 2014 1252 2048 proprii
1273 2014 1334 2047 sui;
1363 2014 1495 2049 siquidem
1517 2015 1635 2050 Spiritus

849 2058 982 2086 Paracleti
1004 2058 1106 2085 habitat
1128 2058 1156 2085 in
1173 2065 1216 2085 eo.
1240 2059 1293 2085 Sed
1319 2053 1448 2093 quoniam
1473 2060 1634 2095 ignorantia:

849 2104 967 2132 tenebris
982 2104 1135 2131 obeatcatus
1147 2108 1197 2136 est,
1212 2104 1238 2130 in
1250 2111 1349 2130 vanum
1364 2104 1495 2138 cucurrit,
1507 2113 1568 2132 eum
1582 2106 1633 2134 iter

849 2149 951 2177 faceret
963 2149 996 2176 ad
1009 2148 1176 2182 Marcellum,
1192 2154 1218 2175 et
1230 2149 1327 2176 similis
1342 2148 1431 2176 facere
1445 2149 1501 2185 (48)
1517 2152 1633 2178 astrolo-

24 2198 90 2234 luod
116 2197 271 2224 advertebat
291 2204 354 2224 eum
381 2196 518 2223 hominem
544 2203 606 2223 esse
629 2195 796 2229 simplicem,
813 2206 837 2235 υ
849 2203 893 2230 go,
908 2194 1072 2222 describenti
1083 2194 1191 2229 quidem
1209 2194 1339 2228 caelestia,
1353 2195 1487 2230 ignoranti
1497 2203 1561 2224 vero
1571 2204 1631 2231 qua:

52 2267 86 2283 '1‘
104 2265 126 2293 ll
139 2265 208 2293 Tim.
223 2273 263 2296 ut,
275 2264 302 2297 8.
312 2263 338 2291 9.
377 2263 399 2279 ⁵⁸
414 2262 493 2290 Joan.
509 2270 528 2295 ι,
542 2261 584 2288 l6.
622 2261 645 2277 "
659 2260 738 2288 Joan.
751 2269 789 2295 v,.

915 2261 939 2278 ”
952 2260 1046 2288 Matth.
1063 2268 1110 2294 vn,
1129 2260 1174 2287 24.

53 2335 109 2371 (56)
129 2334 232 2371 Ηοογίη
251 2334 312 2362 loco
329 2333 425 2360 lacuna
441 2336 483 2371 est
502 2331 529 2358 in
545 2330 671 2371 Bobiensi
687 2331 789 2371 codice,

25 2381 43 2399 n
57 2366 117 2406 quo
139 2370 281 2406 scribitur,
304 2378 313 2394 ι
333 2376 364 2396 ex
382 2375 436 2402 quo
451 2367 505 2394 duo
528 2370 592 2393 sunt
609 2366 726 2406 ingenita
745 2367 794 2393 ha-

24 2401 113 2434 ientes
135 2409 259 2432 naturam
270 2401 398 2439 ipsorum?
419 2406 618 2439 testamentum,
637 2404 663 2427 et
687 2401 761 2433 ﬁent,
781 2410 790 2426 ι

24 2447 69 2468 :tc.
87 2439 209 2467 Valesius
222 2447 254 2476 ex
275 2437 382 2476 ingenio
407 2438 442 2464 ita
465 2437 630 2476 entendayit,
658 2444 667 2461 ε
693 2443 725 2476 ex
738 2443 794 2470 quo

24 2478 71 2504 luo
83 2480 145 2502 sunt
156 2475 285 2513 ingenita,
306 2475 407 2500 habent
422 2480 455 2513 ex
469 2477 568 2512 natura.
578 2475 697 2513 ipsorum
711 2475 793 2512 testa-

24 2515 147 2538 nentum.
168 2506 250 2536 {Sed
272 2509 361 2544 ipsum
378 2508 448 2535 male
466 2507 616 2541 conjecisse
637 2506 794 2533 Casinensis

24 2547 101 2573 :odex
118 2545 246 2581 ostendit;
268 2578 293 2581 Η
347 2578 353 2581 _
424 2577 430 2581 ‘
517 2576 522 2581 I

62 2580 108 2616 57)
124 2579 214 2616 Codex
222 2578 380 2616 ﬁebiensis,
400 2586 409 2603 (
424 2577 459 2616 i_ta
471 2576 602 2616 scribens.
625 2585 635 2616 ξ
684 2610 689 2615 _

62 2581 96 2607 57
124 2580 214 2607 Codex
230 2580 380 2610 Bobiensis,
400 2586 409 2603 (
424 2580 459 2604 ita
471 2580 602 2603 scribens.
625 2585 634 2601 ι

51 2580 108 2676 (5εέ
119 2615 209 2642 Codex
221 2613 361 2641 Bobiensis
375 2621 381 2638 :
397 2622 406 2638 ε
425 2611 577 2646 lnsipientia
593 2611 666 2638 enim
684 2609 791 2649 illorum

51 2651 90 2676 mi
103 2655 160 2676 esta
177 2649 229 2676 erit
245 2649 387 2676 omnibus.
406 2647 493 2676 sicut,
520 2656 529 2672 ›
543 2651 607 2676 etc..
623 2645 694 2676 quod
706 2653 791 2676 magis

24 2645 160 2678 na‘nil‘esta
177 2649 229 2676 erit
245 2649 387 2679 omnibus,
406 2645 493 2678 sicut,
520 2656 529 2672 ›
543 2651 607 2679 etc.,
623 2645 694 2680 quod
706 2645 791 2679 magis

24 2687 48 2713 Id
69 2685 187 2719 Vulgata;
202 2684 342 2719 lectionem
364 2683 475 2719 accedit.
590 2716 596 2719 _
737 2714 742 2719 _
787 2696 792 2702 .

51 2719 106 2756 (59)
118 2716 208 2747 Codex
222 2718 361 2746 Bobiensis
376 2726 381 2743 :
403 2726 412 2743 t
428 2716 486 2743 Non
502 2716 628 2751 potestis;
648 2722 658 2739 ι
672 2716 790 2749 pessima

24 2761 106 2783 ectio.
252 2788 257 2789 γ
330 2787 337 2789 ξ
443 2786 467 2789 __
712 2784 719 2789 _
766 2784 771 2789 ,

50 2789 104 2825 (40)
118 2788 273 2817 Casinensis
290 2787 374 2816 codex
390 2795 396 2814 :
417 2796 426 2812 ι
443 2786 558 2822 Moyses,
571 2792 667 2821 quem;
687 2794 696 2810 ι
712 2784 791 2812 lectio

24 2825 169 2861 *ejtcienda.

879 2330 936 2366 (Μ)
950 2330 1040 2358 Codex
1055 2329 1208 2364 Bobiensis,
1225 2339 1234 2355 ι
1252 2329 1362 2357 creditis
1378 2328 1476 2365 Moysi,
1490 2330 1629 2360 crederitis

844 2365 938 2400 utique
958 2365 1049 2392 forsan
1067 2370 1093 2392 et
1111 2366 1187 2392 mihi.
1204 2375 1213 2391 ι

881 2398 936 2435 (742)
954 2401 1046 2428 Codex
1057 2400 1224 2433 Casinensis,
1241 2409 1250 2425 ι
1267 2399 1319 2426 alia
1335 2399 1410 2433 plura
1422 2398 1491 2434 jam,
1504 2407 1564 2434 quze
1574 2401 1629 2428 dici

864 2437 959 2462 ossint.
982 2445 991 2461 ι

845 2443 1052 2506 ¹⁵⁰ῗῗὲἶιάἒάει
1073 2469 1224 2500 Bobiensis,
1245 2479 1254 2495 ι
1271 2476 1405 2506 exponere
1426 2473 1453 2506 et
1469 2477 1484 2496 a
1504 2467 1583 2496 Patre
1601 2477 1629 2498 ut

844 2504 985 2537 convenit;
1006 2514 1014 2530 ι
1033 2513 1093 2539 quae
1109 2505 1190 2531 verba
1202 2513 1262 2531 eum
1277 2504 1380 2530 nullum
1399 2504 1499 2530 habere
1517 2511 1627 2532 sensum

846 2540 959 2567 vidisset
970 2539 1116 2572 Valesius,t
1129 2547 1262 2574 exponere
1275 2543 1302 2566 et
1314 2539 1418 2573 aperire
1434 2543 1462 2565 ut
1472 2540 1625 2570 convenit,»

846 2575 1043 2602 emendandum
1057 2582 1117 2601 esse
1134 2575 1253 2609 putavit;
1268 2579 1294 2601 et
1308 2575 1416 2608 quidem
1435 2581 1489 2600 non
1504 2579 1586 2608 recte,
1599 2579 1628 2601 ut

845 2617 888 2649 ex.
897 2609 1042 2649 Casiucpsi
1055 2609 1156 2649 “codice
1174 2613 1299 2649 apparet.
1439 2644 1445 2649 _
1457 2644 1462 2649 _

880 2644 936 2679 (44)
951 2643 1042 2679 Codex
1055 2643 1196 2671 Bobiensis
1210 2651 1263 2679 non
1280 2649 1361 2675 recte,
1377 2653 1386 2670 ι
1402 2644 1490 2672 vobis.
1507 2652 1517 2669 ι

880 2678 935 2714 (45)
950 2678 1007 2705 Huc
1024 2686 1110 2713 usque
1120 2679 1203 2705 cdidit
1218 2678 1351 2714 Valesius.

879 2713 933 2748 (46)
950 2715 977 2740 ln
991 2714 1082 2741 codice
1096 2713 1235 2741 Casinensi
1247 2718 1315 2744 erat.
1333 2724 1341 2739 ε
1361 2713 1506 2747 Diodorus,
1522 2722 1532 2739 ι
1550 2713 1626 2741 nullo

844 2757 936 2776 SCIISU.

879 2783 935 2817 (47)
949 2782 1018 2819 Male
1035 2783 1208 2819 Casinensis,
1225 2792 1234 2809 ‹
1256 2784 1305 2811 viri
1324 2784 1350 2811 in
1366 2784 1434 2819 legis
1446 2783 1541 2819 gratia.
1560 2793 1570 2809 ι

878 2819 933 2853 (48)
952 2818 1041 2852 Forte,
1063 2828 1071 2845 ι
1092 2818 1178 2846 factus
1191 2823 1240 2847 est.
1262 2828 1271 2844 ›
