1848 3043
204 130 270 159 1507

709 127 801 156 ACTA
820 127 1083 156 DlSPUTATIONIS
1101 128 1130 156 S.
1148 127 1322 156 ARCHELAI

1756 128 1810 155 ISGS

201 199 258 219 ante
275 189 367 218 domui
385 193 526 225 geruntur.
547 188 600 216 Sed
615 196 647 215 ne
660 188 753 216 videar
769 197 817 224 per
832 189 888 216 hinc
901 189 981 216 verba
998 192 1019 220 Α
1034 188 1157 224 Nunquid
1169 195 1194 217 te
1210 190 1366 217 advocatum
1378 197 1503 217 meorum
1516 189 1632 216 adhibui
1655 196 1810 218 sermonum.

201 237 310 264 differre
327 235 514 270 qutestionem,
529 234 585 269 jam
600 234 704 267 sileam;
723 235 755 261 de
775 235 808 262 iis
830 242 892 261 vero
914 235 984 261 daho

201 283 252 317 ipsi
270 286 446 317 potestatem,
470 285 561 307 sumat
577 280 758 315 quodcunque
780 280 837 306 vult
860 280 984 315 proposi-

201 328 283 355 tionis
300 331 326 354 et
340 326 497 361 qurestionis
516 325 632 352 initium.
647 325 702 353 Vos
715 327 912 357 tantummodo,
931 326 985 353 sic-

202 377 233 401 ut
253 373 378 408 superius
403 373 469 405 dixi,
487 372 806 406 indeclinabilesjndiees
822 380 883 399 esse
912 380 984 407 qua:-

202 427 247 450 so,
265 423 294 445 ut
309 426 370 446 vera
387 418 486 445 dicenti
497 418 628 444 honorem
639 425 733 445 verum
748 417 919 453 palmamque
930 422 984 445 tra—

202 463 281 489 datis.

238 507 340 534 XLVII.
355 506 431 535 Tunc
453 505 556 539 Manes,
572 508 680 535 silentio
703 507 737 535 ab
749 507 876 535 omnibus
895 507 983 540 facto,

202 554 238 580 ita
255 561 369 581 exorsus
384 559 423 580 est
439 564 444 580 :
458 553 497 580 Tu
512 562 630 588 quoque,
647 554 789 586 Archelao,
805 554 873 581 bene
894 561 936 580 me
953 554 985 581 de

202 599 256 626 Deo
271 600 440 630 sentientem,
460 599 624 635 dignamque
644 600 798 634 opinionem
822 600 855 626 de
877 596 985 626 Christo

201 645 374 676 retinentem,
387 645 477 672 verbis
492 645 693 673 molestissimis
704 644 842 677 Obtundis,
857 645 919 672 licet
934 646 985 672 tale

202 691 235 718 sit
249 691 435 725 apostolorum
453 699 539 726 genus
552 711 559 724 ,
584 692 690 725 patiens
711 697 737 718 et
760 691 849 718 ferens
872 691 963 718 omnia
977 712 984 722 ,

201 735 309 763 etiamsi
326 743 373 763 eos
390 735 521 763 conviciis
535 736 597 770 quis
614 740 660 763 aut
677 736 829 763 maledictis
843 735 984 763 obtrectet.

203 780 232 808 Si
255 781 379 816 persequi
403 781 537 813 volueris.
558 787 668 816 paratus
693 789 774 815 sum;
791 786 818 809 et
840 782 863 808 si
885 781 985 808 inferre

202 827 346 862 supplicia,
357 835 410 854 non
426 827 568 862 refugiam.
582 827 610 854 Si
622 828 704 854 etiam
714 827 866 855 interficere
878 835 921 855 me
932 828 983 860 vis,

203 881 257 900 non
272 873 429 905 reformido;
447 873 523 899 illum
544 873 616 900 enim
640 874 729 900 solum
752 878 858 908 oportet
877 874 983 907 timere,

203 920 249 954 qui
272 925 360 954 potest
384 920 502 947 animam
527 924 555 947 et
577 927 676 954 corpus
697 920 808 954 perdere
831 919 858 946 in
882 920 984 955 gehen-

203 974 266 992 nam
284 966 316 991 ⁹¹.
334 965 478 992 Archelaus
494 966 585 993 dixit:
609 965 686 993 Absit
697 974 711 993 a
724 974 776 993 me.
789 965 848 993 Non
863 971 904 994 est
918 967 985 994 mihi

203 1012 255 1038 tale
271 1012 448 1046 propositum.
467 1011 537 1044 Quid
553 1012 624 1039 enim
640 1019 786 1047 perpessus
797 1020 827 1040 es
845 1020 860 1040 a
878 1020 931 1045 me,
943 1013 985 1040 vel

203 1065 218 1084 a
235 1059 354 1091 nostris,
374 1063 402 1085 ct
415 1059 524 1093 quidem
540 1066 602 1086 cum
623 1059 788 1086 obtrectares
808 1063 890 1094 atque
914 1059 985 1094 inju-

203 1103 272 1130 riam
289 1104 436 1139 irrogares,
454 1109 480 1131 et
498 1112 560 1131 cum
574 1104 731 1132 detraheres
744 1105 777 1132 de
798 1105 918 1140 paternis
933 1113 984 1133 no-

203 1149 267 1176 stris
284 1150 487 1182 traditionibus,
503 1155 603 1177 etcum
618 1151 700 1178 velles
716 1151 823 1178 animas
843 1151 984 1178 hominum

202 1194 270 1222 bene
283 1195 421 1223 institutas
437 1203 469 1223 ae
483 1196 604 1230 diligenti
617 1196 723 1223 cautela
737 1202 858 1225 servatas
879 1198 984 1225 interli-

202 1249 275 1274 eere,
287 1242 386 1276 quibus
400 1242 492 1277 utique
504 1242 640 1277 repensari
654 1250 707 1269 non
723 1249 836 1277 possunt
851 1244 985 1271 universae

203 1288 297 1314 mundi
313 1288 428 1314 divitiae?
441 1287 632 1315 Verumtamen
647 1293 757 1323 propter
769 1288 840 1323 quod
854 1291 983 1321 assumis,

203 1339 221 1360 o
237 1331 403 1360 Manichaee?
425 1331 494 1364 Quid
509 1336 550 1359 est
566 1332 638 1366 quod
658 1332 778 1359 indicas?
800 1332 865 1365 Quae
888 1333 984 1360 salutis

203 1379 280 1414 signa
295 1379 328 1405 ad
345 1386 395 1406 nos
411 1378 519 1405 deferas
534 1377 626 1405 dicito.
650 1377 801 1405 Verborum
823 1379 894 1405 enim
913 1378 984 1405 nuda

200 1425 313 1460 jactatio
325 1433 380 1452 non
396 1425 494 1460 poterit
509 1425 634 1459 praesenti
655 1425 820 1452 multitudini
844 1424 985 1452 satisface-

203 1479 244 1503 re.
260 1476 288 1498 ut
298 1475 446 1507 agnoscant
459 1471 505 1505 qui
523 1476 647 1498 nostrum
661 1472 762 1498 rectius
779 1471 883 1498 obtinet
897 1471 985 1498 scien-

203 1518 268 1544 tiam
285 1518 417 1545 veritatis.
431 1517 468 1545 De
479 1525 534 1552 quo
544 1525 609 1552 ergo
619 1517 660 1544 vis
671 1525 720 1544 nos
734 1517 821 1551 capite
833 1517 983 1551 disputare,

203 1564 254 1590 hoc
265 1564 340 1598 prius
350 1563 442 1595 dicito,
452 1571 513 1590 cum
527 1564 602 1598 prius
611 1563 715 1590 dicendi
729 1563 865 1598 acceperis
874 1563 988 1590 faculta-

202 1615 267 1637 tem.
285 1609 374 1636 Manes
385 1608 510 1636 dixit:Si
525 1617 579 1635 non
595 1609 692 1636 iterum
704 1610 745 1636 his
754 1617 814 1643 qua;
829 1617 844 1636 a
856 1609 935 1636 nobis
945 1616 988 1636 re-

201 1660 244 1682 cte
252 1655 389 1686 dicuntur,
399 1654 542 1681 infideliter
552 1654 666 1687 resistis,
679 1655 779 1687 dicam;
790 1655 813 1681 si
824 1658 913 1682 autem
926 1654 987 1682 talis

202 1701 323 1732 exsistis,
335 1700 442 1734 qualem
458 1704 483 1726 te
499 1700 573 1734 prius
584 1701 668 1732 sensi,
681 1700 769 1726 dicam
781 1701 910 1728 adversus
921 1699 987 1727 Dio-

202 1746 318 1777 dorum,
343 1745 483 1772 declinans
506 1745 720 1780 inquietudinem
739 1751 823 1773 tuam.
843 1746 987 1773 Archelaus

203 1792 270 1818 dixit
283 1800 291 1818 :
306 1791 419 1818 Praedixi
431 1791 499 1826 jam,
514 1792 585 1826 quod
600 1792 739 1819 abutimur
753 1792 883 1820 inanitate
894 1793 989 1820 verbo-

203 1845 274 1865 rum.
284 1837 312 1864 Si
321 1838 382 1872 quis
391 1842 512 1864 nostrum
524 1837 581 1873 (49)
590 1838 716 1865 resistere
727 1838 870 1866 infideliter
884 1839 988 1866 inveni-

203 1888 258 1917 tur,
268 1883 406 1918 judicibus
418 1884 474 1910 haec
483 1883 776 1918 permittediscernere;
784 1889 811 1911 tu
822 1890 911 1912 autem
922 1884 987 1919 quid

203 1936 321 1960 asseras,
337 1929 429 1956 dicito.
445 1929 535 1956 Manet
552 1929 621 1956 dixit
637 1929 685 1956 :Si
701 1938 755 1956 non
771 1930 867 1957 iterum
884 1930 987 1957 resistis

204 1975 249 2003 his
261 1983 321 2010 quae
336 1983 350 2002 a
364 1983 406 2002 me
420 1975 517 2002 iterum
535 1980 608 2003 recte
623 1976 761 2008 dicuntur,
780 1976 918 2011 incipiam.
934 1975 987 2002 Ατ-

203 2022 309 2048 chelaus
322 2022 390 2048 dixit
405 2030 414 2048 :
428 2021 457 2048 Si
472 2030 525 2048 non
543 2022 595 2049 hoc
609 2026 660 2054 est,
678 2022 700 2049 si
715 2028 768 2049 non
786 2022 850 2048 illud
863 2043 870 2053 ,
897 2030 986 2049 sermo

202 2071 244 2095 est
257 2068 375 2095 hominis
391 2068 550 2102 ignorantis.
568 2067 679 2103 Ignoras
696 2076 760 2103 ergo
776 2070 848 2103 quod
865 2068 986 2095 futurum

202 2119 253 2140 est.
264 2113 316 2140 Sed
330 2114 382 2141 hoc
392 2114 464 2149 quod
481 2113 601 2141 futurum
614 2114 665 2146 ais,
678 2114 804 2141 resistere
818 2121 860 2141 me
873 2118 920 2140 aut
933 2121 987 2140 non

202 2159 338 2191 resistere,
352 2161 380 2186 in
397 2167 457 2187 mea
471 2165 511 2187 est
526 2164 667 2194 potestate.
687 2159 828 2192 Quomodo
843 2167 908 2194 ergo
931 2163 986 2186 sta-

1035 239 1064 261 ut
1081 235 1160 261 etiam
1175 234 1231 269 (51)
1249 243 1313 262 meae
1329 235 1447 262 scientias
1459 234 1670 269 intelligentiam
1685 234 1810 268 disponas;

1034 281 1134 315 quippe
1151 281 1197 315 qui
1214 282 1320 315 propria
1336 281 1483 315 explanare
1498 288 1554 307 non
1569 280 1672 311 valeas.
1688 283 1811 314 quomodo

1035 327 1120 353 aliena
1139 327 1239 360 poteris
1262 326 1411 361 explicare?
1436 326 1515 358 Quod
1538 326 1560 352 si
1585 326 1688 352 victum
1713 326 1766 359 jam
1790 334 1813 352 se

1034 371 1176 405 prolitctur
1189 370 1331 401 Diodorus,
1347 375 1412 397 tunc
1430 371 1497 397 mihi
1512 375 1713 397 tecnnrsermo
1733 378 1813 396 move-

1035 417 1117 444 bitur.
1134 416 1162 444 Si
1178 422 1267 444 autent
1284 421 1337 444 stat
1351 418 1404 449 ille,
1421 419 1450 443 et
1472 421 1515 444 est
1536 417 1653 443 idoneus
1677 416 1710 442 ad
1731 417 1813 443 dicen-

1035 462 1113 494 dum.
1127 462 1218 490 desine
1233 467 1272 494 tu,
1285 468 1311 490 et
1327 463 1380 489 noli
1396 462 1556 497 perturbare
1576 463 1758 489 substantiam
1776 470 1813 488 ve-

1035 509 1133 537 ritatis.
1152 509 1188 536 Es
1200 510 1271 536 enim
1286 509 1344 536 ovis
1355 510 1454 542 aliena,
1469 509 1595 536 cﬂicicris
1615 514 1708 535 tamen
1733 514 1812 542 poeta

1036 555 1062 582 in
1075 562 1188 582 numero
1202 555 1322 589 ejusdem
1342 555 1447 589 gregis,
1469 555 1539 582 sicut
1550 563 1602 581 vox
1619 553 1687 580 Iesu
1703 554 1757 588 (Si)
1775 562 1814 580 os-

1036 601 1130 634 tendit,
1145 601 1203 636 ejus
1217 601 1262 636 qui
1278 601 1401 635 apparuit
1414 601 1523 635 quidem
1541 602 1567 627 in
1585 601 1708 628 hominis
1727 601 1812 634 specie,

1036 654 1086 673 nec
1099 651 1188 673 tamen
1201 645 1252 673 fuit
1270 647 1361 673 homo.
1382 646 1528 673 Archelaus
1551 647 1622 673 dixit
1648 655 1658 672 :
1683 645 1754 680 Ergo
1769 654 1814 672 non

1036 696 1115 727 putas
1134 700 1194 719 etim
1217 700 1250 719 ex
1267 692 1351 719 Maria
1374 692 1486 727 Virgine
1508 693 1590 720 esse?
1617 693 1714 720 Manes
1737 693 1814 718 dixit:

1036 738 1114 765 Absit
1137 742 1167 764 ut
1187 737 1331 764 Dominum
1354 742 1476 765 nostrum
1493 737 1588 764 Jesum
1610 737 1755 765 Christum
1776 746 1815 772 per

1036 784 1169 811 naturalia
1196 784 1318 819 pudenda
1343 784 1465 811 mulieris
1490 784 1671 812 descendisse
1698 786 1816 811 conﬁtear

1037 831 1110 866 (55)!
1130 831 1187 865 ipse
1201 831 1273 857 enim
1286 830 1469 858 testimonium
1489 830 1555 863 dat,
1580 831 1648 864 quia
1672 830 1706 857 de
1723 830 1815 857 sinibus

1036 875 1126 903 Patris
1138 876 1276 903 descendit
1292 876 1334 908 ⁹¹;
1351 880 1379 902 et
1398 885 1405 902 :
1428 885 1438 900 ‹
1464 874 1514 908 Qui
1531 883 1574 902 me
1591 876 1711 910 recipit,
1735 876 1817 909 recipit

1036 929 1097 949 eum
1116 922 1163 956 qui
1182 929 1225 948 me
1240 922 1314 948 misit
1324 922 1365 955 ⁹³;
1386 931 1395 947 ι
1413 927 1459 950 et:
1476 932 1485 948 ‹
1502 921 1560 949 Non
1575 922 1641 948 veni
1668 921 1759 949 facere
1778 931 1817 948 ro-

1036 968 1166 995 luntatem
1188 976 1287 1000 meam,
1304 967 1351 995 sed
1372 968 1432 1003 ejus
1454 968 1499 1003 qui
1519 968 1596 995 misit
1613 975 1661 995 me
1675 969 1717 1000 "';
1739 978 1748 994 ι
1768 973 1791 994 et
1810 977 1815 993 :

1040 1024 1048 1040 ι
1064 1014 1125 1041 Non
1139 1022 1199 1041 sum
1216 1015 1317 1041 missus
1333 1013 1385 1040 nisi
1401 1014 1434 1040 ad
1452 1022 1515 1041 oves
1528 1015 1652 1049 perditas
1674 1015 1771 1041 domus
1785 1014 1816 1040 ls-

1036 1059 1092 1087 rael
1106 1059 1139 1086 ".
1161 1069 1170 1086 »
1186 1059 1254 1086 Sunt
1266 1064 1293 1087 et
1305 1059 1357 1086 alia
1372 1059 1512 1086 innumera
1523 1060 1686 1087 testimonia
1703 1060 1816 1094 hujusce-

1035 1106 1120 1137 modi,
1137 1114 1198 1141 quaa
1213 1106 1332 1134 indicant
1345 1114 1407 1134 eum
1424 1106 1540 1139 venisse,
1555 1111 1585 1134 et
1599 1114 1657 1133 non
1672 1111 1767 1133 natum
1782 1114 1815 1133 es-

1037 1160 1076 1180 se.
1095 1152 1171 1184 Quod
1189 1152 1212 1180 si
1229 1153 1364 1187 potentior
1379 1154 1426 1180 illo
1441 1161 1481 1184 es,
1496 1157 1522 1180 ct
1545 1153 1636 1187 magis
1660 1153 1735 1180 scire
1751 1158 1816 1187 potes

1036 1197 1108 1233 quod
1122 1205 1214 1225 verum
1231 1203 1283 1231 est,
1298 1199 1434 1233 quomodo
1448 1198 1503 1232 jam
1529 1198 1565 1224 illi
1592 1198 1758 1225 credimus?
1774 1199 1815 1224 Ar-

1036 1243 1143 1270 chelaus
1164 1243 1232 1270 dixit
1254 1252 1263 1271 :
1281 1243 1373 1278 Neque
1396 1244 1443 1270 illo
1459 1244 1596 1278 potentior
1620 1252 1687 1271 sum
1700 1263 1710 1276 ,
1737 1251 1818 1271 serves

1036 1289 1109 1316 enim
1125 1297 1196 1321 sum,
1213 1294 1241 1316 et
1252 1297 1337 1324 neque
1348 1289 1461 1324 aequalis
1473 1289 1581 1316 Domini
1604 1291 1660 1317 mei
1684 1298 1746 1317 esse
1765 1298 1817 1324 pos-

1037 1343 1107 1368 sum;
1122 1343 1171 1370 ego
1184 1337 1254 1363 enim
1267 1344 1326 1363 sum
1343 1336 1446 1364 inutilis
1459 1344 1567 1369 servus,
1595 1337 1748 1363 verborum
1769 1336 1818 1370 ejus

1036 1380 1198 1415 discipulus.
1214 1381 1327 1408 credens
1341 1381 1382 1408 his
1404 1389 1465 1416 qua:
1480 1381 1514 1408 ab
1531 1381 1592 1415 ipso
1609 1381 1685 1408 dicta
1701 1386 1781 1413 sunt,
1797 1387 1817 1406 et

1037 1425 1094 1452 haec
1109 1425 1308 1452 indeclinabilia
1324 1433 1383 1453 esse
1397 1427 1539 1454 conlirtno.
1555 1425 1652 1453 Manes
1669 1427 1739 1453 dixit
1760 1426 1815 1452 :Si-

1036 1470 1109 1498 milis
1124 1471 1163 1497 tui
1179 1470 1300 1505 quidam,
1315 1479 1376 1498 curn
1391 1471 1415 1498 ei
1428 1471 1576 1506 aliquando
1592 1471 1714 1499 dixisset
1729 1481 1736 1498 :
1750 1481 1758 1497 ε
1772 1471 1817 1497 ls-

1038 1515 1077 1542 ria
1092 1520 1178 1542 mater
1193 1520 1249 1548 tua,
1269 1519 1296 1542 et
1309 1514 1406 1542 fratres
1427 1516 1465 1542 tui
1491 1515 1557 1543 foris
1575 1520 1654 1543 stant
1674 1517 1718 1549 ",
1742 1525 1750 1542 I
1772 1524 1815 1542 non

1037 1561 1151 1588 libenter
1163 1561 1309 1593 accipiens,
1325 1569 1386 1588 eum
1402 1562 1448 1596 qui
1473 1561 1579 1588 dixerat
1602 1561 1767 1596 increpavit,
1788 1562 1818 1588 di-

1037 1614 1120 1633 cens:
1136 1616 1145 1632 ‹
1163 1605 1227 1639 Quae
1242 1611 1284 1633 est
1305 1611 1390 1633 mater
1407 1614 1465 1633 mea
1478 1627 1485 1638 ,
1506 1611 1553 1633 aut
1577 1607 1625 1642 qui
1643 1613 1711 1634 sunt
1733 1608 1816 1634 fratres

1038 1652 1110 1678 mei?
1135 1660 1143 1677 ι
1175 1651 1208 1678 Et
1231 1651 1349 1679 ostendit
1370 1659 1417 1679 eos
1441 1653 1488 1686 qui
1515 1652 1638 1679 facerent
1663 1654 1816 1680 voluntatem

1037 1705 1126 1729 suam,
1144 1701 1171 1724 et
1183 1701 1286 1724 matres
1300 1696 1351 1723 sibi
1362 1704 1422 1724 esse
1437 1702 1463 1723 et
1478 1696 1576 1724 fratres
1593 1706 1600 1724 :
1613 1698 1658 1724 sin
1679 1703 1769 1725 autem
1785 1701 1816 1724 vis

1037 1742 1127 1770 dicere
1143 1747 1256 1769 matrem
1273 1742 1358 1776 ipsius
1372 1741 1498 1773 Mariam,
1514 1751 1568 1770 non
1583 1748 1626 1770 est
1647 1744 1697 1770 tibi
1713 1745 1770 1771 sine
1782 1752 1817 1778 pe-

1037 1788 1133 1821 riculo;
1148 1788 1206 1815 sine
1218 1788 1300 1815 dubio
1311 1789 1382 1815 enim
1398 1789 1480 1816 etiam
1491 1788 1589 1816 fratres
1605 1798 1641 1817 ex
1654 1798 1688 1818 ea
1702 1792 1815 1818 habuisse

1037 1839 1214 1862 monstratur.
1229 1834 1262 1861 Et
1276 1835 1420 1862 dic.utrum
1433 1836 1468 1863 de
1481 1835 1581 1871 Ioseph
1607 1838 1734 1871 generati
1755 1843 1815 1867 sunt.

1037 1885 1085 1908 aut
1099 1888 1132 1908 ex
1146 1881 1240 1908 eodem
1256 1880 1358 1916 Spiritu
1371 1883 1488 1909 sancto?
1503 1881 1575 1917 Ergo
1586 1887 1614 1910 et
1630 1883 1736 1911 multos
1751 1883 1817 1910 Chri-

1037 1932 1103 1959 stos,
1122 1927 1145 1955 si
1160 1935 1191 1955 ex
1207 1928 1302 1955 eodem
1321 1927 1423 1962 Spiritu
1441 1933 1536 1956 sancto
1549 1935 1700 1964 generatos
1717 1930 1816 1957 dixem.

1037 1973 1193 2001 habuimus.
1208 1973 1285 2006 Quod
1303 1974 1360 2010 (54)
1374 1974 1396 2002 si
1412 1981 1467 2002 non
1484 1982 1516 2001 ex
1533 1975 1632 2002 eodem
1649 1975 1765 2010 SpirituI
1781 1976 1816 2002 sed

1036 2024 1126 2046 tamen
1141 2020 1241 2048 dixeris
1254 2028 1316 2048 eum
1331 2020 1430 2048 fratres
1442 2021 1589 2054 habuisse;
1607 2021 1671 2049 sine
1686 2023 1770 2049 dubio
1785 2024 1817 2048 inv

1036 2065 1211 2099 telligendum
1222 2069 1273 2096 est,
1290 2065 1353 2099 quia
1368 2069 1431 2099 post
1447 2064 1578 2099 Spiritum
1593 2085 1602 2097 ,
1622 2072 1690 2100 post
1706 2066 1815 2093 Gabrid.

1038 2111 1158 2144 nupserit
1169 2109 1270 2144 Joseph
1279 2109 1361 2145 Virgo
1374 2110 1542 2142 castissima,
1554 2115 1581 2136 et
1591 2110 1768 2138 immaculata
1778 2111 1815 2138 Ec.-

1036 2155 1121 2182 clesia
1136 2156 1202 2190 (55).
1217 2155 1295 2189 Quod
1309 2156 1331 2182 si
1346 2156 1426 2183 etiam
1443 2157 1494 2183 hoc
1507 2156 1663 2183 absurdum
1683 2163 1724 2184 est
1743 2159 1816 2183 omni-

202 2204 240 2232 bit
252 2212 342 2232 sermo
354 2206 396 2232 ille
413 2206 528 2232 duarum
549 2205 688 2237 arborum,
702 2205 729 2232 in
745 2212 799 2239 quo
820 2205 880 2231 fidis
905 2205 985 2231 veluti
1003 2206 1024 2232 D
1039 2209 1084 2233 n0,
1106 2209 1166 2228 eam
1183 2202 1303 2236 quolibet
1322 2203 1404 2230 modo
1427 2203 1613 2230 concubuisse
1628 2212 1694 2231 cum
1718 2204 1814 2238 Josepb.

203 2256 280 2278 scuto
292 2251 461 2279 ﬁrmissimo?
478 2252 506 2278 Si
520 2251 591 2278 enim
604 2251 746 2278 contrariae
756 2251 840 2285 partis
853 2258 903 2286 ego
914 2257 986 2283 sum,

202 2296 340 2330 quomodo
355 2295 534 2323 obedientiam
551 2303 639 2323 meam
653 2295 786 2330 requiris?
800 2295 877 2328 Quod
890 2295 912 2322 si
925 2295 988 2322 obe-

202 2341 310 2368 diettlito
327 2342 353 2367 in
374 2349 418 2368 me
435 2346 476 2368 est
496 2349 588 2374 mens,
610 2341 747 2375 quomodo
767 2341 935 2375 pertimescis
952 2349 987 2368 ne

201 2387 345 2414 resistam?
365 2388 412 2414 Ais
427 2387 499 2414 enim
517 2388 579 2422 quia
602 2388 702 2414 malum
722 2395 829 2422 semper
847 2393 986 2422 permanet

201 2426 314 2464 malum,
337 2438 363 2460 et
377 2433 478 2460 bonum
503 2441 608 2468 semper
624 2438 764 2468 permanet
785 2434 904 2465 bonum,
929 2434 982 2460 vim

200 2479 275 2506 verbi
297 2479 375 2506 istius
396 2480 504 2514 penitus
529 2480 656 2514 ignorans
678 2480 745 2514 (50).
769 2479 858 2506 Manes
882 2480 949 2506 dixit
975 2487 984 2506 :

236 2537 257 2552 "
272 2536 365 2562 Matth.
389 2544 416 2568 χ,
435 2536 481 2563 ‘28.
537 2536 558 2552 "
581 2535 659 2563 Joan.
682 2544 701 2569 l,
729 2536 762 2563 18
788 2545 828 2570 lll,
847 2537 891 2563 15.

201 2571 224 2588 ⁸⁸
236 2570 330 2598 Matth.
346 2579 393 2601 xn.
409 2571 453 2598 47.

236 2618 291 2651 (49)
307 2619 463 2646 Casinensis
475 2618 569 2651 codex,
591 2629 600 2645 ‹
620 2623 788 2646 nostrorum.
807 2627 816 2645 ›

236 2653 291 2688 {50)
308 2653 334 2679 in
350 2654 499 2685 Casinensi,
518 2663 526 2679 t
543 2655 656 2688 ignorat.
676 2663 685 2679 ›

237 2689 292 2721 (5t)
311 2688 338 2714 In
352 2689 444 2715 codice
455 2689 596 2716 Casincnsi
609 2695 660 2721 est,
680 2698 688 2714 ε
706 2690 856 2722 autetiam,
875 2698 884 2714 ι
904 2689 983 2716 lectio

201 2722 389 2754 illipt‘nhnlldtl.

237 2757 292 2791 (5-2)
309 2758 475 2789 Casinensis,
496 2768 505 2784 ‹
520 2759 588 2786 sicut
605 2767 653 2787 vos
664 2759 754 2787 Iesus.
772 2769 780 2785 ι

217 2791 292 2831 “(55;
309 2792 335 2819 ln
348 2793 594 2831 codicetjasiuensi
609 2798 661 2828 est,
677 2804 687 2821 ‹
704 2796 857 2829 confitetur,
873 2805 883 2821 ι
901 2794 983 2822 libra-

201 2829 234 2853 rii
248 2834 349 2861 errore,
365 2833 395 2854 ut
409 2829 497 2862 palam
513 2833 565 2856 est.

945 2536 968 2552 ⁹⁵
982 2535 1074 2562 Matth.
1102 2542 1129 2566 x,
1153 2533 1197 2560 40.

1036 2246 1080 2273 die
1101 2254 1134 2273 an
1153 2246 1250 2274 fratres
1273 2247 1408 2274 habuerit.
1437 2246 1637 2282 Nunquidnam
1661 2250 1743 2276 etiam
1762 2257 1815 2276 imr-

1036 2286 1104 2319 chiaa
1118 2293 1142 2319 ei
1157 2293 1259 2319 crimen
1275 2293 1410 2327 impingis,
1433 2301 1450 2319 ο
1469 2294 1688 2328 prudentissime
1708 2295 1815 2322 Marcelle

1037 2337 1106 2373 (56)?
1117 2337 1194 2370 Quod
1211 2338 1231 2365 si
1246 2338 1342 2365 horum
1363 2338 1430 2364 nihil
1455 2339 1587 2365 convenit
1610 2340 1815 2367 incontaminati

1036 2382 1152 2418 Virgini,
1168 2384 1240 2410 unde
1254 2384 1278 2410 ei
1297 2383 1380 2411 fuisse
1395 2383 1497 2410 fratres
1512 2385 1643 2412 astrues?
1657 2386 1735 2419 Quod
1747 2388 1767 2413 si
1777 2386 1815 2412 im

1038 2433 1091 2456 tres
1101 2430 1124 2457 ei
1134 2429 1219 2457 fuisse
1227 2437 1278 2456 non
1286 2434 1362 2463 potes
1370 2430 1496 2463 edocere,
1504 2432 1647 2464 quomodo
1656 2432 1738 2459 Maria
1748 2438 1815 2459 mater

1037 2476 1096 2510 ejus
1106 2475 1168 2508 erit,
1179 2475 1250 2502 sicut
1262 2475 1300 2501 ait
1312 2475 1355 2500 ille
1367 2475 1413 2508 qui
1428 2475 1553 2503 scribere
1564 2484 1652 2504 ausus
1663 2483 1704 2504 est
1718 2487 1726 2504 :
1740 2487 1750 2502 ε
1763 2477 1815 2503 Em-

1252 2533 1275 2549 ³⁸
1293 2532 1371 2559 Joan.
1390 2540 1432 2564 γι,
1458 2533 1506 2561 58.
1566 2535 1590 2550 ³³
1605 2534 1702 2563 Matth.
1729 2536 1815 2567 ".21-

1075 2617 1130 2651 (34)
1150 2617 1179 2642 In
1197 2615 1350 2646 Casincnsi,
1370 2624 1379 2640 ‹
1398 2615 1524 2652 dixerint
1541 2617 1703 2645 habuimus.
1719 2618 1791 2652 Quid.
1807 2627 1813 2641 ι

1038 2651 1088 2679 Sed
1105 2652 1182 2678 obvia
1200 2657 1240 2678 est
1258 2651 1337 2683 hujus
1355 2651 1405 2676 loci
1420 2652 1594 2679 emendatio.

1073 2687 1128 2722 (ῖιῦ)
1144 2686 1198 2712 Vox
1217 2695 1226 2711 ‹
1248 2686 1378 2717 Ecclesia,
1405 2696 1414 2711 ι
1434 2687 1545 2713 videtur
1564 2696 1779 2721 supervacanea.
1796 2692 1815 2712 ei

1037 2730 1085 2756 per
1100 2722 1201 2758 librarii
1217 2728 1335 2758 errorem
1353 2722 1474 2756 adjecta.
1487 2722 1573 2750 Certe
1585 2725 1647 2750 sine
1663 2725 1719 2758 ipsa
1731 2725 1816 2756 integer

1037 2761 1078 2783 est
1093 2757 1172 2789 hujus
1191 2757 1242 2783 loci
1255 2765 1276 2783 si
1286 2764 1360 2782 usus.

1074 2793 1130 2825 (56)
1150 2792 1187 2817 lix
1206 2792 1247 2817 his
1263 2792 1351 2817 νυιίηδ
1369 2791 1461 2826 colligi
1477 2799 1565 2826 posse
1578 2794 1704 2825 videtur,
1719 2791 1813 2819 Marce}

1038 2827 1093 2853 lum
1110 2835 1171 2853 cum
1185 2826 1316 2853 Archelao
1331 2828 1364 2851 ad
1379 2826 1494 2854 Diouori
1511 2830 1662 2856 castellum
1676 2830 1783 2856 venissa
