1848 3043
35 127 54 153 Ι
60 127 114 154 509

586 132 658 161 CUM
677 132 820 161 ΜΑΝΕΤΕ
839 133 1104 162 ΗΕΒΕΞῘΑΒΟΗΑ.

1585 135 1655 162 1510

31 192 130 214 mater
144 193 200 220 tua,
213 192 240 216 et
255 188 351 217 fratres
365 190 403 218 tui
417 189 483 219 foris
499 193 587 219 stant?
604 203 613 219 ›
628 193 704 227 Quod
720 194 826 222 etiamsi
841 197 864 225 Α
878 195 952 222 nium
965 195 1116 222 auditorum
1126 199 1198 222 esset
1209 195 1320 227 intenta,
1332 202 1385 222 non
1395 194 1655 230 opportuneingres-

28 233 86 260 ille
103 242 186 262 ausus
200 241 241 262 est
256 236 357 270 dicere,
374 236 421 264 illo
436 238 494 272 ipso
514 240 648 274 potentior
666 245 712 268 aut
738 241 824 276 major

26 285 100 306 esse
117 288 196 307 nemo
218 286 323 315 potest,
347 283 393 317 qui
411 285 527 312 ostendit
548 285 626 313 nobis
650 292 762 314 matrem
778 292 825 315 aut

29 322 139 350 fratres
155 333 230 358 suos;
243 327 289 352 sed
307 331 333 353 et
346 327 454 354 Davidis
468 336 527 356 esse
545 329 601 365 (57)
623 338 677 357 non
697 331 824 365 dignatur

29 369 135 396 audire
147 370 180 397 ’⁷.
201 371 347 405 Apostolus
369 372 463 400 Petrus
485 373 679 408 discipulorum
702 377 822 404 omniutn

28 414 272 443 eminentissimus
294 421 357 444 tunc
377 425 523 452 agnoscere
546 428 607 447 eum
630 422 736 454 potuit,
761 430 822 449 cum

28 459 140 494 singuli
159 461 299 494 opiniones
314 470 378 490 suas
395 471 463 498 quas
480 465 513 492 de
524 466 582 500 ipso
595 466 740 500 habebant,
761 476 823 502 pro-

31 510 156 537 merent,
170 506 208 532 ait
225 516 231 533 :
250 516 259 532 ι
281 506 320 534 Τιι
338 516 367 536 es
384 508 510 538 Christus
524 510 609 538 Filius
622 511 668 538 Dei
682 513 734 539 vivi
751 513 785 544 9';
797 517 823 540 et

29 551 130 576 statim
147 551 282 579 beatificat
298 554 475 584 eum,dicens
493 564 499 582 :
517 564 526 581 ι
543 555 676 588 Quoniam
696 558 823 585 revelavit

30 596 86 622 tibi
103 595 184 623 Pater
196 605 272 625 meus
292 599 421 627 etelcstis.
444 609 453 626 ι
475 600 541 628 Vide
563 607 664 637 quanta
688 603 723 630 sit
744 604 822 631 dilic-

28 643 125 669 rentia
152 651 245 671 eorum
269 653 329 680 qua
346 646 380 673 ab
394 645 458 674 Jesu
483 647 553 675 dicta
582 653 656 676 sunt.
685 649 724 676 llli
749 650 821 677 enim

28 688 84 722 qui
98 688 204 717 dixerat
221 699 227 717 :
249 700 258 716 ι
276 691 345 720 Ecce
360 698 445 720 mater
461 698 505 721 tua
520 694 584 722 foris
598 700 660 728 stat,
677 705 687 721 θ
710 704 822 731 respon-

27 733 75 760 dit
93 742 100 760 ε
121 743 130 759 ι
153 734 217 767 Quae
232 736 298 763 mihi
315 741 356 764 est
372 742 467 771 mater,
489 744 535 766 aut
552 739 669 768 fratres?
689 751 698 767 ι
720 742 750 769 Ei
774 750 822 770 au-

29 781 90 804 tem
106 779 152 813 qui
172 779 240 807 dixit
258 790 264 807 :
282 790 291 806 ι
309 781 350 808 Τιι
367 791 396 810 es
414 784 540 812 Christus
552 785 636 813 Filius
651 786 699 814 Dei
716 787 780 820 vivi,
809 798 818 813 ι

26 820 231 866 beatitudinem
253 826 519 864 benedictionemque
533 831 659 858 restituit.
674 832 702 859 Si
713 840 777 868 ergo
788 833 821 860 de

876 248 923 268 sus
944 241 986 268 hic
1007 241 1118 268 nuntius
1142 240 1176 268 de
1198 247 1284 268 matre
1305 241 1364 275 ejus
1387 241 1529 275 suggessit,
1547 249 1579 267 ac
1601 240 1656 267 fra-

877 286 972 313 tribus.
1004 286 1086 321 Quid:
1097 286 1188 314 enim?
1210 285 1340 313 Debuitne
1360 287 1440 313 etiam
1470 286 1543 321 (58),
1569 286 1655 320 teipse

873 329 1019 364 iudicante,
1027 331 1213 365 derelinquere
1221 338 1268 358 eos
1276 339 1345 365 quos
1355 331 1467 358 curabat
1478 335 1504 358 et
1514 338 1582 366 quos
1592 338 1639 356 eru
1647 344 1656 351 -

873 376 972 409 diebat,
989 381 1015 402 et
1032 384 1092 402 cum
1112 382 1198 402 matre
1213 384 1245 403 ac
1259 375 1390 403 fratribus
1406 376 1543 411 colloqui?
1557 375 1653 402 Nonne

873 422 1000 449 continuo
1015 422 1047 449 de
1061 421 1112 449 hoc
1125 422 1183 456 ipso
1200 421 1375 449 detraheres‘l
1389 422 1457 449 Cum
1471 422 1542 449 enim
1558 429 1654 456 pecca—

872 466 906 493 tis
918 471 1031 494 onustos
1046 471 1071 493 et
1084 471 1208 501 gravatos
1222 466 1255 493 ad
1268 467 1460 502 discipulatum
1472 467 1569 501 delegit
1584 466 1652 493 duo—

872 510 958 538 decim
980 519 1095 538 numero
1110 511 1166 546 (59)
1184 519 1252 546 quos
1273 517 1299 538 et
1320 512 1455 546 apostolos
1480 512 1650 543 nominavit,

871 556 962 583 dicens
977 557 1016 584 eis
1034 565 1040 583 :
1060 556 1211 592 Relinquite
1231 562 1342 584 matrem
1356 562 1381 584 et
1400 562 1503 592 patrem
1519 559 1529 573 ²
1541 578 1548 590 ,
1566 562 1595 584 ut
1609 564 1653 584 me

871 600 944 635 digiti
958 600 1119 634 elliciamini,
1143 607 1172 628 ut
1194 602 1263 628 ultra
1281 610 1334 630 non
1358 603 1441 638 possit
1462 603 1502 631 eis
1522 604 1652 630 memoria

871 647 954 682 patris
967 652 1013 673 aut
1025 647 1117 675 matris
1132 647 1271 675 robustum
1286 653 1380 683 pectus
1394 649 1539 676 inllectere.
1556 649 1585 676 Et
1601 650 1651 676 ite-

871 699 930 718 rum
944 692 1049 718 volente
1066 693 1119 719 alio
1135 694 1251 727 quodam
1275 694 1364 720 dicere
1379 695 1403 721 ei
1422 703 1428 722 :
1446 694 1508 727 Ibo,
1524 700 1551 722 et
1574 702 1652 729 sepe-

871 735 934 762 liam
958 741 1060 771 patrem
1076 745 1176 770 meum,
1192 738 1228 765 ait
1242 747 1249 765 :
1267 747 1276 764 ι
1307 738 1415 766 Dimitte
1437 745 1558 768 mortuos
1574 748 1652 775 sepe-

870 780 918 807 lire
932 786 1053 809 mortuos
1069 789 1133 809 suos
1147 789 1168 809 ι’.
1187 792 1196 808 ι
1212 782 1317 811 Intuere
1332 792 1397 819 ergo
1408 786 1543 819 quomodo
1559 785 1651 813 Domi-

870 834 922 853 nus
940 834 1016 854 meus
1026 826 1106 854 Jesus
1122 827 1154 854 ad
1171 829 1323 856 necessaria
1347 830 1402 865 (60)
1422 830 1570 865 discipulos
1586 832 1652 859 aedi-

30 860 123 895 Llaria
140 870 181 897 vis
198 878 258 898 esse
272 880 333 900 eum
349 880 453 908 natum,
472 877 601 904 mentitur
618 878 674 912 ipse
695 886 754 906 cum
769 879 812 906 Pe-

895 874 941 903 :at,
956 876 982 898 et
994 879 1042 906 pro
1055 872 1158 899 meritis
1172 873 1316 907 unicuique
1327 878 1420 900 sancta
1431 874 1512 901 verba
1527 875 1652 902 commit-

26 917 79 940 tro
96 923 102 941 :
120 915 142 942 si
160 921 249 944 autent
264 926 355 946 verum
373 920 438 947 dicit
458 920 572 955 Petrus,
594 924 653 950 sine
674 925 756 951 dubio
776 925 819 952 ille

29 958 110 992 prior
126 959 229 988 fefellit.
245 962 321 995 Quod
338 964 360 991 si
373 964 447 999 prior
461 965 563 1000 fefellit,
581 975 690 996 causam
710 970 743 996 ad
755 971 820 998 scri-

28 1009 141 1038 ptorem
157 1007 302 1041 rejicienda
327 1015 377 1037 cst.
403 1010 490 1038 Unum
509 1012 590 1047 igitur
611 1014 748 1042 Christum
769 1024 819 1044 nos

28 1049 140 1076 scimus
161 1058 222 1078 esse
247 1055 395 1082 secundum
415 1058 565 1090 apostolum
585 1058 718 1093 Paulum,
739 1061 818 1095 cujus

27 1096 149 1124 vocibus
168 1098 304 1127 credimus
320 1103 533 1132 consonantibus
547 1104 677 1134 duntaxat
691 1107 817 1136 adventui

24 1141 104 1176 ejus.

69 1188 189 1218 XLVIII.
203 1189 251 1218 llis
278 1192 377 1220 auditis
395 1194 480 1222 turbae
492 1202 620 1230 permota:
638 1202 711 1230 sunt,
734 1199 815 1228 veluti

26 1235 168 1263 rationem
191 1237 312 1265 veritatis
332 1239 533 1269 continentibus
546 1263 553 1275 ,
577 1247 604 1270 et
628 1243 761 1273 Archelao
777 1247 816 1274 nil

26 1282 152 1310 habente
163 1283 235 1318 quod
249 1284 290 1311 his
302 1291 392 1319 posset
402 1294 552 1322 opponere;
567 1289 617 1317 hoc
631 1291 703 1318 enim
720 1291 818 1319 indica~

26 1329 69 1355 vit
81 1329 216 1356 tumultus
228 1330 274 1364 qui
289 1331 359 1358 inter
375 1340 420 1359 eos
436 1339 545 1361 exortus
561 1334 669 1369 fuerat;
692 1337 737 1364 sed
755 1345 817 1365 cum

26 1374 180 1402 multitudo
204 1378 419 1413 conquievisset,
439 1380 588 1410 Archelaus
604 1383 655 1410 hoc
675 1384 755 1411 modo
775 1392 818 1411 re-

27 1421 143 1454 spondit
170 1430 176 1448 :
195 1419 268 1450 Voce
288 1423 394 1458 quidem
423 1425 528 1454 Domini
554 1429 639 1455 nostri
659 1429 722 1457 Jesu
738 1430 817 1457 Chri-

28 1465 66 1491 sti
84 1465 177 1493 nullus
195 1469 292 1501 poterit
308 1476 367 1496 esse
384 1471 535 1505 potentior,
560 1473 583 1500 si
605 1481 692 1508 neque
717 1482 815 1502 nomen

27 1509 143 1544 aliquod
158 1512 260 1546 mquale
276 1514 299 1539 ei
312 1521 371 1541 esse
391 1515 526 1542 invenitur
543 1525 549 1543 :
576 1527 585 1542 ι
616 1518 729 1554 Propter
742 1521 814 1554 quod

26 1555 104 1583 Deus
122 1565 183 1583 eum
196 1558 330 1592 exaltavit,
347 1565 374 1587 et
387 1560 496 1589 donavit
512 1563 548 1589 illi
567 1572 664 1592 nomen
681 1565 753 1600 quod
773 1571 815 1593 est

27 1609 115 1636 super
130 1610 210 1630 omne
225 1612 323 1632 nomen
339 1606 372 1639 ";
394 1616 404 1633 ι
429 1616 515 1643 neque
534 1611 560 1637 in
576 1611 731 1639 testimonio
754 1613 814 1647 quis

26 1648 146 1680 aequalis
161 1649 185 1675 ei
203 1657 262 1677 esse
279 1652 375 1685 poterit
392 1661 399 1679 :
414 1657 440 1680 et
457 1653 518 1682 ideo
539 1663 587 1691 ego
604 1657 678 1684 vocis
691 1657 750 1691 ejus
767 1658 814 1685 tibi

26 1693 187 1721 testimonia
217 1696 366 1731 proferam,
396 1701 513 1734 primum
532 1703 639 1736 quidem
663 1703 814 1732 dissolvens

24 1738 90 1765 haec
103 1747 164 1773 qua:
181 1749 195 1767 a
212 1746 236 1768 te
250 1742 320 1769 dicta
334 1749 406 1778 sunt,
424 1746 460 1772 uti
478 1754 510 1773 ne
527 1747 612 1779 dicas,
623 1749 751 1780 quoniam
767 1758 815 1777 nec

26 1785 82 1812 sibi
107 1787 158 1820 ipsi
177 1794 346 1823 consonant,
363 1796 392 1818 ut
406 1796 446 1819 est
469 1793 516 1819 tibi
537 1796 706 1823 consuetudo
724 1796 815 1824 dicen-

24 1830 68 1858 di.
87 1832 134 1859 Ais
149 1832 220 1861 enim
240 1836 303 1870 quia
319 1844 380 1864 eum
396 1839 441 1872 qui
460 1840 629 1867 nuntiaverat
644 1842 667 1868 ei
681 1842 713 1869 de
729 1847 815 1870 matre

25 1882 77 1904 aut
87 1879 120 1905 de
135 1878 274 1915 fratribus,
286 1883 463 1918 increpavcrit
475 1884 565 1919 Jesus,
578 1888 655 1921 quasi
665 1887 811 1923 fallentem,

25 1925 180 1952 secundum
192 1924 220 1954 id
237 1929 308 1962 quod
327 1931 489 1964 scriptorem
505 1931 606 1959 fefellit.
623 1932 716 1968 Neque
731 1936 753 1962 is
766 1937 812 1970 qui

25 1973 205 2000 annuntiavit
219 1975 242 2001 ei
259 1975 292 2002 de
307 1981 392 2004 matre
407 1981 434 2004 ct
451 1978 579 2007 fratribus
595 1980 748 2016 inerepatus
760 1987 811 2015 est,

24 2026 119 2052 neque
130 2016 225 2047 Petrus
241 2028 322 2055 supra
339 2022 414 2049 illum
428 2024 502 2052 solus
512 2025 682 2054 beatificatus
693 2031 752 2060 est;
765 2028 812 2055 sed

24 2067 145 2098 uterque
160 2065 194 2091 ab
206 2073 238 2092 eo
255 2066 363 2102 dignam
381 2071 587 2104 responsionem
603 2072 712 2107 propria
729 2073 813 2100 inter-

23 2110 171 2144 rogatione
184 2113 319 2146 percepit,
341 2114 411 2142 sicut
426 2115 452 2142 in
472 2119 700 2152 consequentibus
722 2127 811 2148 sermo

24 2154 203 2182 monstrabit.
228 2156 294 2183 Cum
307 2159 367 2192 quis
390 2161 519 2194 parvulus
541 2167 602 2195 est,
621 2163 719 2197 cogitat
742 2164 812 2191 sicut

868 916 909 943 tit.
924 915 961 944 lta
978 921 1004 944 et
1019 917 1045 943 in
1063 925 1096 945 eo
1118 923 1238 953 tempore
1255 926 1310 954 quo
1331 919 1487 953 importune
1506 921 1651 947 annuntia-

867 967 941 989 verat
955 962 1064 998 quidam
1083 964 1107 990 ei
1131 964 1164 991 de
1190 969 1286 996 matre,
1309 973 1362 992 non
1387 965 1576 1000 complectitur
1601 974 1650 1001 pro

868 1009 962 1036 matris
981 1010 1130 1044 praesentia
1147 1009 1293 1038 Paternum
1318 1011 1454 1046 prmterire
1478 1018 1649 1048 praeceptum.

869 1053 902 1081 Ut
918 1059 1007 1082 autem
1030 1056 1077 1082 tibi
1092 1057 1231 1084 ostendam
1253 1057 1308 1084 haec
1324 1057 1360 1083 ita
1384 1065 1463 1090 esse,
1481 1057 1578 1085 Petrus
1601 1059 1651 1085 ali-

867 1100 984 1135 quando,
1000 1108 1062 1129 cum
1075 1101 1131 1136 jam
1145 1101 1369 1129 beatillcationetn
1387 1102 1482 1130 fuisset
1497 1104 1531 1130 ab
1542 1111 1574 1130 eo
1585 1112 1650 1131 con-

867 1151 986 1179 secutus,
1003 1148 1040 1174 ait
1055 1147 1087 1174 ad
1104 1147 1196 1175 Jcsum
1213 1159 1219 1175 :
1238 1158 1247 1174 ι
1273 1148 1409 1183 Propitius
1423 1155 1491 1181 esto,
1516 1150 1628 1178 Domine
1639 1170 1648 1183 ,

867 1198 920 1218 non
934 1192 983 1219 erit
1002 1192 1048 1219 tibi
1062 1193 1132 1219 istud
1150 1193 1170 1226 δ,
1190 1203 1199 1219 ι
1216 1201 1277 1221 cum
1295 1194 1407 1222 dixisset
1422 1195 1446 1222 ei
1469 1195 1565 1228 Jesus,
1585 1196 1649 1230 quia

867 1241 1001 1271 oporteret
1016 1238 1072 1273 (Gt)
1089 1237 1187 1265 Filiutn
1203 1239 1324 1267 hominis
1347 1241 1492 1268 ascendere
1509 1240 1648 1277 Jerosoly-

866 1288 950 1313 mam,
965 1286 993 1308 et
1008 1282 1106 1314 occidi,
1124 1287 1150 1309 et
1162 1284 1239 1310 tertia
1254 1284 1297 1310 die
1312 1291 1462 1319 resurgere;
1480 1285 1649 1318 respondens

866 1327 904 1353 ait
919 1326 998 1353 Petro
1011 1336 1016 1353 :
1033 1336 1041 1352 ι
1056 1326 1127 1355 Vade
1138 1333 1219 1361 retro,
1236 1329 1347 1362 Satana,
1363 1330 1426 1364 quia
1441 1338 1493 1356 non
1507 1331 1579 1365 sapis
1589 1338 1649 1366 quae

866 1371 913 1398 Dei
929 1377 1002 1403 sunt,
1018 1373 1064 1400 sed
1079 1381 1139 1408 qua:
1153 1374 1291 1401 hominum
1315 1380 1389 1402 sunt.
1410 1385 1419 1401 ι
1439 1375 1571 1409 Quoniam
1585 1384 1649 1411 ergo

866 1417 1006 1445 existimas
1028 1418 1103 1444 illum
1119 1418 1166 1452 qui
1189 1419 1213 1446 ei
1238 1420 1271 1446 de
1287 1425 1374 1447 matre
1399 1422 1600 1449 renuntiaverat
1622 1428 1650 1449 et

865 1462 1004 1494 fratribus.
1022 1464 1191 1498 increpatum
1203 1472 1263 1492 esse
1278 1466 1312 1493 ab
1323 1466 1402 1500 Iesu;
1418 1468 1499 1495 istum
1519 1476 1582 1495 vero
1601 1469 1648 1505 qui

868 1522 947 1556 paulo
964 1527 1025 1549 ante
1044 1523 1149 1550 dixerat
1166 1532 1172 1550 :
1192 1533 1201 1549 ι
1220 1523 1260 1551 Τιι
1275 1533 1304 1553 es
1318 1526 1404 1554 Filius
1419 1527 1462 1555 Dei
1477 1528 1541 1561 vivi,
1558 1538 1567 1554 ι
1584 1529 1649 1556 bea-

865 1568 1006 1595 titudinem
1026 1574 1213 1602 consecutum;
1236 1571 1297 1598 vide
1311 1573 1374 1606 quia
1391 1574 1477 1608 magis
1499 1574 1572 1602 hunc
1591 1575 1648 1611 (62)

864 1615 981 1648 ριωιυιὶι
995 1613 1084 1646 Jesus,
1103 1615 1147 1641 cui
1161 1619 1187 1642 et
1204 1616 1362 1645 clementius
1381 1623 1481 1646 etcum
1508 1621 1585 1648 venia
1601 1629 1648 1648 re-

865 1655 993 1694 sponsum
1009 1659 1073 1686 dare
1087 1660 1212 1695 dignatus
1229 1667 1290 1696 est;
1313 1663 1391 1690 Petro
1405 1672 1468 1692 vero
1490 1670 1551 1700 post
1574 1667 1647 1695 illam

864 1705 1077 1732 benedictionem
1093 1707 1197 1734 nullum
1214 1707 1269 1739 jam
1291 1709 1376 1736 venim
1395 1710 1508 1745 largitur
1528 1712 1647 1746 titulum,

864 1759 913 1785 pro
927 1759 959 1778 eo
973 1753 1043 1786 quod
1063 1759 1186 1780 naturam
1205 1754 1242 1780 rei
1263 1754 1313 1781 sibi
1332 1755 1410 1782 dictm
1434 1765 1486 1784 non
1505 1758 1648 1793 diligenter

865 1797 1019 1824 adverterit.
1036 1798 1111 1825 Illius
1123 1798 1194 1825 enim
1213 1799 1300 1825 nuntii
1316 1807 1391 1827 error
1407 1803 1527 1837 responsi
1544 1805 1649 1832 ratione

865 1841 1017 1876 corrigitur;
1032 1843 1112 1877 huius
1121 1851 1184 1869 vero
1193 1844 1599 1876 tarditasintellectusacerhiori
1611 1849 1650 1876 in-

864 1888 1017 1922 crepatione
1028 1888 1181 1916 damnatur.
1198 1889 1235 1916 Ex
1253 1897 1306 1923 quo
1321 1891 1459 1919 advertere
1476 1898 1562 1927 potes,
1574 1895 1647 1929 quod

863 1932 993 1961 Dominus
1009 1933 1087 1961 Jesus
1101 1934 1342 1970 interrogationum
1374 1937 1425 1963 sibi
1446 1940 1647 1973 opportunitate

863 1984 979 2011 servata,
994 1980 1104 2014 dignum
1118 1985 1225 2014 promat
1236 1981 1349 2015 singulis
1360 1988 1596 2018 opportunumque
1607 1994 1647 2013 re-

863 2032 1004 2059 sponsum.
1021 2025 1096 2058 Quod
1111 2026 1144 2058 si,
1162 2032 1190 2053 ut
1202 2027 1252 2060 ais,
1272 2035 1306 2054 ex
1320 2035 1353 2055 eo
1370 2029 1443 2062 quod
1463 2037 1554 2057 verum
1569 2031 1645 2059 dixe-

863 2076 915 2103 rat,
928 2070 1022 2099 Petrus
1038 2072 1217 2104 beatiﬁcatur,
1230 2077 1256 2099 et
1271 2081 1319 2107 pro
1333 2082 1365 2100 eo
1377 2075 1448 2108 quod
1461 2075 1563 2109 fefellit,
1576 2086 1646 2104 nun-

862 2117 916 2143 tius
934 2117 977 2144 ille
998 2118 1139 2152 culpatur;
1165 2118 1208 2145 dic
1230 2119 1295 2145 mihi
1321 2126 1406 2153 quare
1428 2128 1488 2147 cum
1508 2122 1646 2151 daemones

861 2169 924 2189 eum
940 2163 1143 2195 confiterentur,
1160 2164 1281 2191 dicentes
1299 2173 1306 2191 ε
1326 2174 1335 2190 ι
1359 2165 1466 2193 Scimus
1481 2171 1515 2200 te,
1542 2169 1588 2203 qui
1607 2170 1646 2197 sis

25 2200 172 2235 parvulus,
192 2201 262 2236 sapit
276 2206 304 2228 ut
317 2204 447 2237 parvulus
461 2206 481 2239 1;
497 2214 558 2233 cum
575 2213 663 2234 autem
678 2209 812 2243 perlectus
829 2211 849 2237 D
864 2206 919 2241 (65)
938 2213 1049 2234 salICluS
1065 2207 1136 2235 Deus
1147 2208 1167 2241 ⁸,
1185 2217 1194 2233 ι
1212 2208 1359 2243 increpa“t
1375 2217 1432 2242 005.
1445 2216 1471 2237 θι
1489 2212 1567 2240 Silere
1589 2213 1645 2250 (64)

26 2244 117 2272 fuerit
133 2245 183 2277 vir,
199 2246 374 2274 destruentur
386 2256 417 2275 ea
430 2257 490 2284 quae
504 2257 567 2278 sunt
586 2253 700 2286 parvuli,
717 2254 743 2280 id
754 2255 808 2285 est,

22 2291 94 2318 dum
111 2291 144 2318 ad
164 2292 253 2326 priora
272 2302 302 2321 se
320 2295 380 2328 quis
403 2297 538 2329 extendit,
561 2298 734 2326 obliviscetur
752 2309 813 2335 quae

22 2341 91 2372 post
106 2344 134 2364 se
148 2342 220 2365 sunt.
240 2338 314 2366 Unde
330 2339 443 2368 Domino
458 2347 551 2369 nostro
563 2342 627 2370 Jesn
641 2344 751 2372 Christo
767 2346 814 2373 do-

23 2386 116 2414 cente,
130 2388 154 2410 ct
165 2388 276 2411 curante
292 2385 439 2413 humanum
454 2395 548 2422 genus,
561 2389 600 2416 uti
617 2398 650 2417 ne
661 2391 742 2418 simul
757 2400 813 2419 om-

23 2428 73 2455 nia
90 2428 252 2462 deperirent,
264 2439 379 2466 eumque
392 2431 418 2458 in
435 2432 533 2460 talibus
546 2434 643 2462 studiis
660 2443 735 2463 mens
751 2445 811 2464 om-

62 2485 304 2523 °"__!llatth.4xxtn,
323 2488 367 2515 Η.
405 2489 428 2505 ³⁸
445 2488 539 2517 Matth.
559 2498 613 2523 xw,
633 2492 675 2519 l6.

22 2529 65 2553 rx,
82 2520 126 2547 59.
165 2521 176 2536 ⁵
195 2521 289 2549 Matth.
303 2530 358 2555 xvt,
375 2523 421 2551 22.
460 2524 470 2540 ⁸
487 2524 551 2552 Luc.
567 2520 662 2558 ινίὸιι.

64 2565 289 2600 (57)Casincnsis
304 2570 399 2600 codex,
419 2579 429 2595 ι
449 2568 531 2596 David
547 2570 632 2598 Jesse.
660 2582 669 2598 ι

22 2601 121 2663 Μφδῖ
141 2600 173 2641 Ιιι.
194 2603 286 2630 codice
308 2604 458 2636 Casincnsi,
478 2614 487 2630 ι
515 2605 611 2633 Debuit
627 2612 653 2634 et
677 2607 769 2636 etiam.
799 2618 809 2636 ι

55 2646 67 2660 :I
83 2644 97 2661 τι
125 2641 202 2663 ι’(Ὶιυ.

55 2636 97 2661 ala
116 2637 202 2663 lectio.

63 2670 120 2711 {‘59:
142 2670 274 2711 Incodice
294 2672 434 2711 Casinensi
462 2676 665 2709 corruptissime
687 2677 784 2711 legitur
802 2687 809 2706 :

26 2716 37 2732 ε
60 2705 128 2731 Cum
139 2707 211 2744 _e_;3im
230 2709 346 2740 peccatis
362 2709 448 2736 bonus
461 2714 487 2736 et
501 2705 628 2744 gravatus
643 2712 674 2737 a.|
690 2705 811 2744 discipu-

23 2742 112 2779 latu_tn
129 2741 279 2782 diligil‘dun
291 2743 366 2782 let-im
385 2741 532 2782 ιιιιιηιξιὉΪι
549 2745 601 2782 Nas
616 2753 744 2780 quantum
760 2741 808 2782 per

25 2775 201 2814 conjecturas
214 2776 266 2814 lien
281 2782 299 2805 t.
317 2778 396 2811 hujus
411 2779 462 2805 loci
484 2780 579 2807 tuenda
592 2775 768 2814 Sustulitnns:
780 2788 808 2810 et

24 2811 148 2852 fortasse
163 2811 242 2852 patilo
259 2817 320 2846 post
339 2821 399 2848 pro,
420 2823 430 2839 ‹
448 2813 540 2844 dicens
554 2817 605 2850 eis,
629 2826 638 2843 ι
661 2811 804 2852 legendum

22 2849 77 2878 est,
98 2853 107 2870 ι
124 2845 191 2872 dixit
201 2846 249 2873 eis.
260 2845 278 2871 ⁷»

714 2493 736 2508 θ’
753 2493 852 2529 Philip.
865 2501 894 2526 ιι,
909 2493 935 2520 9.

863 2253 1001 2287 praecepit?
1011 2253 1066 2279 Cur
1077 2261 1129 2280 non
1136 2254 1280 2289 (siquidem
1290 2255 1476 2283 confitentium
1489 2265 1517 2284 se
1529 2260 1648 2287 testimo-

862 2298 915 2325 niis
930 2298 1089 2333 delectatur)
1107 2299 1187 2326 etiam
1206 2299 1289 2332 istos,
1312 2301 1382 2327 sicut
1395 2300 1503 2329 Pctrutn
1524 2311 1586 2331 vera
1602 2305 1646 2332 di-

863 2348 980 2377 centcm,
999 2344 1232 2372 benedictionibus
1249 2352 1437 2374 remuneratus
1449 2349 1506 2375 est?
1523 2349 1599 2382 Quod
1621 2352 1646 2379 si

862 2389 914 2416 hoc
926 2390 1074 2416 absurdum
1088 2395 1140 2421 est,
1157 2390 1318 2425 relinquitur
1331 2396 1361 2419 ut
1371 2401 1419 2427 pro
1435 2393 1504 2427 loco,
1518 2403 1565 2428 pro
1577 2400 1647 2424 tem-

863 2443 938 2469 pore,
952 2443 1000 2470 pro
1014 2436 1148 2469 persentis,
1161 2444 1211 2470 pro
1223 2439 1313 2469 rebus,
1326 2446 1375 2473 pro
1387 2439 1566 2468 accidentium
1577 2444 1646 2470 salu-

975 2492 1082 2521 'lCor.
1097 2501 1156 2526 xm,
1172 2495 1215 2522 'lt.
1254 2497 1264 2511 ¹
1279 2495 1373 2524 Matth.
1407 2506 1434 2530 ιι,
1463 2498 1506 2526 57.
1546 2500 1556 2515 ³
1577 2500 1645 2529 Luc.

898 2571 953 2607 (60)
969 2571 997 2607 ln
1012 2573 1106 2599 eodem
1121 2574 1224 2605 codice,
1244 2584 1253 2601 ι
1268 2575 1300 2602 ad
1320 2578 1510 2605 necessariam.
1528 2589 1537 2605 ι

896 2606 952 2648 (61)
965 2606 995 2648 ¹1η
1009 2609 1214 2648 eodemeodice,
1232 2619 1240 2635 ι
1260 2616 1376 2644 oportet,
1391 2622 1400 2638 ι
1415 2622 1494 2642 secus
1505 2619 1586 2648 alque
1598 2615 1648 2644 ha-

861 2640 905 2670 bet
922 2640 1033 2676 Vulgata
1051 2643 1144 2669 editio.

895 2676 951 2712 (62)
970 2677 996 2712 in
1012 2678 1104 2704 codice
1121 2678 1261 2706 Casinensi
1275 2685 1325 2712 est,
1343 2690 1352 2706 ι
1374 2683 1447 2710 huic.
1466 2692 1474 2709 ι

895 2711 950 2744 (65)
967 2711 994 2737 In
1013 2712 1113 2750 codice
1123 2713 1272 2750 (lasittcnsi.
1293 2725 1302 2740 ι
1325 2717 1387 2749 quis
1403 2727 1442 2745 es.
1462 2729 1472 2744 ι
1494 2719 1545 2747 Sed
1562 2720 1646 2750 libra-

859 2746 892 2772 rii
907 2754 983 2772 error
997 2747 1074 2773 nobis
1090 2748 1147 2774 visa
1166 2753 1207 2774 est
1219 2749 1261 2775 illa
1275 2746 1364 2778 lectio.

896 2781 991 2821 (ρῳ-1η
1005 2782 1098 2808 eodem
1113 2783 1204 2809 codice
1219 2789 1260 2810 est
1279 2794 1288 2810 ι
1305 2786 1397 2814 sinirc.
1414 2798 1423 2813 ι
1438 2788 1489 2816 Sed
1505 2799 1513 2815 ι
1526 2791 1616 2821 silere.
1632 2801 1642 2818 ι

860 2816 911 2856 legi
924 2817 1021 2843 debere
1037 2824 1086 2861 pos
1101 2825 1177 2861 sacer
1189 2823 1279 2861 textus
1293 2820 1397 2851 edocet.
1415 2822 1481 2853 Vide
1494 2816 1585 2855 tamen
1594 2816 1644 2861 in;

862 2862 872 2879 ‹
891 2852 989 2886 sinere,
1011 2861 1020 2877 ι
1037 2851 1178 2887 legendum
1193 2854 1237 2881 sit.
