1865 3042
189 144 254 171 1511

699 143 789 170 ACTA
809 142 1074 171 DlSPU’I‘ATlONlS
1093 142 1123 170 S.
1145 141 1318 169 ARCHELAI

1753 140 1812 168 15H

188 210 223 236 te,
238 212 268 231 ea
280 211 339 239 qua:
351 203 420 230 dicta
431 208 494 230 sunt
506 203 697 238 intelligamus,
707 203 745 230 uti
756 211 789 230 ne
799 207 899 230 temere
911 211 973 238 pro-
987 207 1008 234 Α
1021 202 1137 236 judicer.
1153 201 1229 235 Quod
1247 202 1269 229 si
1287 209 1340 228 non
1354 200 1487 236 judicium
1502 200 1569 232 erit,
1588 198 1693 227 frustra
1707 198 1758 226 erit
1769 199 1812 227 ob-

188 250 354 280 nuntiantes,
381 249 462 284 digna
484 249 648 276 coercitione
674 247 815 281 feriamur,
841 253 867 276 et
893 253 923 275 ut
947 252 973 275 te

188 297 274 331 magis
290 304 322 323 ac
342 296 428 330 magis
442 296 581 328 edoceam,
598 295 682 322 multo
697 295 814 329 amplius
829 295 903 321 illum
926 294 971 329 qui

187 342 220 370 de
235 347 318 369 matre
332 342 513 375 nuntiaverat,
528 342 691 369 honoratum
704 350 710 368 :
726 347 754 368 tu
770 345 861 368 autem
874 341 973 368 oblitus

187 388 225 414 rei
239 395 299 421 quae
313 387 390 414 nobis
406 388 543 422 proposita
562 392 614 419 est,
633 387 660 414 in
673 387 745 414 aliud
767 394 916 414 conversus
932 394 971 413 es.

185 432 254 459 Audi
275 440 339 467 ergo
365 432 497 466 breviter;
523 433 546 460 si
570 433 643 460 enim
671 432 790 459 volueris
818 432 974 467 diligentius

187 479 285 505 intueri
300 487 359 513 qua:
375 479 446 506 dicta
468 485 546 512 sunt,
571 480 743 507 inveniemus
767 480 792 505 in
820 480 865 505 illo
885 479 973 512 priore

185 524 298 550 multam
325 523 468 551 Dominum
493 524 585 552 Jesum
612 525 763 552 ostendisse
786 524 972 555 clementiam,

187 570 267 604 idque
280 571 501 598 convenientibus
514 576 538 597 te
552 571 683 605 exemplis
695 571 832 597 edoceant.
844 569 899 596 Rex
914 570 975 603 qni-

186 615 264 648 dam,
278 623 340 642 cum
364 616 495 643 adversus
519 616 624 642 hostem
644 615 821 650 processisset
841 620 972 645 armatus,

184 667 212 689 et
226 662 357 697 cogitaret
373 667 453 696 atque
470 662 626 696 disponeret
638 661 866 696 quemadmodum
884 664 975 695 posset

185 715 295 734 manum
318 708 368 735 sibi
393 708 518 735 hostilem
538 712 619 742 atque
639 707 782 734 barbaram
811 707 972 741 subjngare;

184 762 303 788 cumque
320 754 346 781 in
361 755 444 781 multa
460 758 532 781 esset
546 762 611 781 cura
624 758 650 781 et
665 754 847 781 sollicitudine
871 753 974 780 consti—

184 805 270 832 tutus,
290 801 317 827 in
334 801 422 827 medio
446 800 665 827 adversariorum
689 801 804 834 positus,
827 808 858 827 ac
882 804 974 834 postea

182 848 238 882 jam
254 848 375 882 captivos
392 855 439 874 eos
454 851 546 874 tenere
566 847 710 882 incipiens,
725 847 837 881 jamjam
856 847 900 873 illa
916 847 973 873 sol-

1024 248 1141 275 servatio
1157 248 1344 275 mandatorum
1361 247 1418 279 Dei,
1436 247 1531 274 nullus
1546 245 1725 273 abstinentiae
1744 245 1812 272 locus

1023 298 1083 320 est:
1100 303 1109 319 ι
1124 293 1319 320 Manducemus
1332 298 1358 320 et
1372 293 1509 325 bibamus,
1533 299 1598 319 cras
1623 292 1698 319 enim
1723 291 1810 318 morie-

1024 340 1111 366 mur“.
1124 349 1133 364 ι
1144 339 1206 366 Haec
1214 344 1302 366 autem
1312 340 1402 366 omnia
1411 339 1564 371 connectis,
1573 346 1680 373 negans
1686 338 1757 373 quod
1765 337 1814 373 {66)

1023 384 1057 411 de
1068 384 1150 411 Maria
1166 388 1246 411 natus
1257 389 1314 417 est;
1329 384 1351 411 si
1364 384 1436 411 enim
1451 383 1600 411 confessus
1617 383 1706 410 fueris
1718 391 1778 410 eum
1788 384 1821 409 de

1024 430 1108 457 Maria
1124 435 1230 462 natum,
1242 435 1268 457 et
1284 430 1375 465 passio
1390 430 1579 465 subsequatur
1595 436 1714 456 necesse
1726 434 1775 462 est,
1794 434 1817 456 et

1024 475 1178 510 passionem
1194 475 1369 507 resurrectio,
1381 480 1409 502 et
1423 475 1661 503 resurrectionem
1675 474 1816 509 judicium,

1024 524 1051 547 et
1068 520 1141 547 salva
1156 519 1234 547 nobis
1246 524 1326 547 erunt
1342 519 1493 555 Scriptura:
1506 524 1657 555 praecepta.
1679 518 1740 545 Non
1759 525 1817 554 ergo

1022 566 1078 601 jam
1098 573 1166 592 vana
1181 571 1222 593 est
1237 566 1361 601 quaestio,
1390 566 1438 593 sed
1464 566 1583 601 plurima
1606 566 1635 592 in
1660 565 1715 592 hoc
1732 565 1816 593 verbo.

1026 612 1102 638 Sicut
1118 612 1189 638 enim
1207 611 1296 639 omnis
1311 611 1354 638 lex
1371 616 1399 638 et
1415 611 1566 646 prophetia:
1586 611 1613 637 in
1633 610 1747 638 duobus
1768 618 1816 637 ser-

1025 658 1151 685 monibus
1165 662 1301 690 constant,
1327 658 1364 685 ita
1389 658 1470 685 etiam
1488 662 1581 685 nostra
1605 658 1702 684 omnis
1721 665 1779 692 spes
1794 658 1817 684 in

1024 704 1110 732 beatae
1122 704 1214 731 Maria:
1227 709 1307 739 partu
1323 712 1455 739 suspensa
1471 709 1530 737 est;
1553 708 1580 731 et
1600 704 1667 731 ideo
1692 705 1817 738 responde

1025 751 1093 778 mihi
1107 751 1141 778 ad
1159 751 1265 786 singula
1279 759 1340 786 qua-
1352 756 1377 778 te
1390 751 1575 786 interrogabo.
1591 743 1743 784 Quomodo
1755 752 1816 785 abji-

1025 797 1130 825 ciemus
1145 802 1234 825 tantas
1249 802 1276 824 et
1293 798 1361 824 tales
1374 797 1496 832 Apostoli
1516 804 1609 830 voces,
1626 805 1691 831 quae
1713 797 1817 823 dicunt:

1030 852 1039 868 ι
1055 843 1123 870 Cum
1140 848 1229 870 autem
1245 843 1297 870 fuit
1313 843 1359 870 Dei
1373 844 1500 870 voluntas
1517 844 1545 870 in
1564 843 1648 870 nobis
1661 843 1732 878 (67),
1756 844 1818 870 misit

185 893 297 920 iicitudo
315 893 477 925 immineret,
494 892 723 927 quemadmodum
750 900 796 919 eos
819 893 864 927 qui
881 900 973 919 secum
990 875 1011 903 Β
1025 889 1124 916 Filium
1150 897 1230 916 suum
1258 889 1359 916 factum
1385 897 1418 916 ex
1439 889 1554 916 muliere
1576 890 1597 916 ⁷.
1614 899 1624 915 ›
1642 888 1677 915 Et
1705 889 1817 917 iterum:

184 939 389 971 laboraverant,
417 946 448 965 ac
474 938 580 972 pondus
611 939 672 965 belli
701 939 880 966 toleraverant
901 938 973 972 (63),

185 989 361 1018 procuraret.
382 985 492 1018 quidam
510 984 533 1011 ei
553 985 665 1013 nuntius
689 987 861 1020 importunus
879 992 975 1011 occur-

184 1037 258 1061 rens,
274 1029 307 1056 de
326 1029 408 1056 rebus
425 1029 585 1057 domesticis
601 1038 746 1065 suggerere
766 1030 857 1064 aliqua
881 1028 973 1064 coepit.

184 1077 218 1103 At
234 1076 277 1103 ille
297 1075 447 1102 admiratus
468 1080 508 1102 est
530 1076 671 1103 audaciam
687 1081 769 1110 atque
788 1076 974 1110 importunam

184 1122 396 1157 suggestionem,
414 1125 440 1147 et
454 1121 535 1147 morti
554 1122 659 1149 tradere
676 1121 867 1157 hujuscemodi
886 1121 976 1148 homi-

183 1177 244 1196 nem
263 1168 413 1203 cogitabat;
432 1168 505 1202 quod
523 1168 576 1195 nisi
595 1168 629 1195 de
645 1168 816 1196 charissimis
833 1167 975 1195 aﬂ'ectibus

183 1215 245 1242 talis
271 1218 383 1242 nuntius
398 1213 558 1245 exstitisset,
580 1221 612 1240 eo
635 1214 708 1248 quod
734 1214 887 1241 incolumes
914 1220 975 1241 esse

183 1260 244 1294 hos,
258 1266 284 1287 et
297 1266 369 1289 recte
384 1269 416 1288 ac
430 1269 559 1296 prospere
576 1265 687 1295 agentes
701 1260 793 1287 omnia
812 1261 974 1292 nuntiasset,

182 1306 295 1340 dignum
312 1306 436 1341 protinus
452 1307 540 1341 potuit
556 1307 697 1340 excepisse
718 1306 891 1340 supplicium.
910 1305 976 1338 Quae

181 1351 254 1379 enim
269 1357 327 1380 erat
341 1360 407 1380 cura
423 1353 476 1380 alia
494 1353 577 1388 regis,
600 1352 664 1379 belli
685 1352 819 1379 duntaxat
841 1355 974 1385 tempore,

183 1397 234 1425 nisi
247 1398 453 1433 provincialium
473 1399 558 1430 salus,
580 1399 633 1425 nisi
652 1398 799 1433 dispositio
820 1398 858 1425 rei
875 1398 976 1424 milita-

182 1444 238 1471 ris?
255 1444 292 1471 Ita
305 1449 331 1471 et
345 1444 460 1472 Domino
478 1452 538 1472 meo
557 1444 622 1471 Jesu
643 1443 754 1471 Christo
774 1443 906 1482 pugnanti
925 1442 975 1470 ad-

180 1496 289 1517 versum
303 1491 445 1525 passiones
459 1498 520 1525 quae
542 1489 678 1525 profunda
704 1490 839 1517 viscerum
863 1489 976 1516 obsede-

1028 944 1037 960 ι
1051 934 1155 962 Pascha
1182 940 1306 962 nostrum
1333 936 1487 963 immolatus
1509 941 1552 963 est
1580 936 1714 963 Christus
1726 935 1746 961 '.
1762 945 1770 961 I
1789 935 1817 962 Et

1024 981 1087 1016 quia
1103 989 1113 1006 ‹
1130 980 1201 1008 Deus
1224 985 1250 1008 et
1271 981 1416 1009 Dominum
1441 982 1605 1016 suscitavit,
1633 988 1664 1010 et
1690 991 1743 1010 nos
1763 990 1815 1009 cum

1025 1025 1072 1053 illo
1086 1026 1141 1061 (68)
1160 1027 1302 1055 suscitabit
1326 1035 1374 1062 per
1397 1028 1524 1055 virtutem
1551 1037 1631 1056 suam
1645 1030 1667 1056 ’.
1686 1039 1695 1055 ι
1716 1029 1748 1055 Et
1772 1031 1815 1056 alia

1025 1072 1110 1099 multa
1133 1073 1175 1100 his
1198 1073 1299 1100 similia
1316 1074 1388 1101 dicta
1411 1078 1491 1107 sunt,
1510 1079 1541 1101 ut
1556 1079 1599 1102 est
1616 1075 1687 1102 illud
1703 1085 1711 1101 :
1728 1085 1737 1101 ι
1752 1075 1816 1107 Quo-

1025 1119 1106 1146 modo
1118 1119 1211 1146 dicunt
1225 1120 1335 1155 quidam
1354 1120 1381 1147 in
1399 1120 1475 1147 vobis
1490 1120 1559 1155 (69),
1575 1121 1643 1155 quia
1658 1123 1816 1149 resurrectio

1025 1168 1195 1192 mortuorum
1209 1173 1263 1192 non
1279 1166 1339 1193 est?
1361 1165 1390 1193 Si
1411 1165 1483 1193 enim
1510 1168 1683 1194 resurrectio
1703 1172 1816 1193 mortuo-

1025 1217 1084 1236 rum
1103 1217 1157 1237 non
1181 1215 1238 1243 est,
1264 1218 1314 1238 nec
1339 1210 1462 1239 Christus
1483 1213 1649 1239 resurrexit.
1679 1211 1711 1239 Si
1735 1218 1815 1239 autem

1024 1254 1151 1283 Christus
1164 1263 1219 1282 non
1235 1256 1395 1288 resurrexit,
1414 1257 1505 1284 inanis
1523 1262 1565 1284 est
1581 1265 1651 1292 ergo
1666 1258 1815 1291 praedicatio

1024 1305 1129 1328 nostra.
1147 1300 1319 1329 lnveniemur
1331 1302 1412 1329 etiam
1426 1302 1488 1330 falsi
1506 1307 1592 1330 testes
1607 1303 1668 1337 Dei,
1683 1304 1731 1338 qui
1751 1303 1817 1330 testi-

1025 1346 1147 1373 monium
1173 1347 1361 1381 perhibuimus
1381 1347 1513 1375 adversus
1531 1347 1630 1381 Deum,
1652 1348 1720 1383 quia
1738 1349 1816 1376 susci-

1024 1393 1123 1419 taverit
1144 1391 1302 1427 Christum,
1317 1401 1399 1428 quem
1422 1401 1477 1421 non
1505 1394 1663 1421 suscitavit.
1685 1394 1814 1430 Siquidem

1025 1440 1127 1467 mortui
1140 1448 1194 1467 non
1216 1445 1373 1475 resurgunt,
1395 1448 1447 1468 nec
1463 1440 1594 1469 Christus
1610 1443 1774 1470 resurrexit.
1791 1443 1814 1470 Si

1025 1492 1116 1515 autem
1131 1487 1257 1515 Christus
1282 1495 1335 1514 non
1355 1488 1520 1521 resurrexit,
1537 1495 1609 1514 vana
1631 1494 1676 1515 est
1697 1489 1764 1516 ﬁdes
1774 1498 1814 1517 ve-

181 1540 251 1568 rant,
268 1541 295 1563 et
315 1544 415 1563 curans
430 1544 477 1563 eos
490 1536 537 1571 qui
551 1536 638 1563 multo
652 1540 773 1569 tempore
790 1534 874 1561 variis
897 1534 974 1561 intir-
988 1548 1009 1577 ε
1026 1539 1098 1566 stra;
1116 1534 1204 1560 adhuc
1221 1533 1287 1560 estis
1309 1533 1337 1560 in
1359 1533 1478 1568 peccatis
1503 1534 1613 1561 vestris.
1633 1533 1710 1570 Ergo
1730 1541 1756 1563 et
1774 1536 1814 1570 qui

180 1582 321 1610 mitatibus
342 1582 448 1609 fuerant
471 1583 598 1615 devincti,
622 1587 648 1609 et
670 1582 800 1608 inclinato
818 1582 894 1608 omni
911 1581 972 1608 nisu

180 1636 229 1663 pro
247 1630 334 1656 salute
349 1628 552 1661 universitatis;
570 1628 614 1655 ille
626 1627 739 1654 nuntius
754 1627 909 1661 importune
923 1627 974 1653 ad-

180 1675 292 1702 veniens
304 1674 337 1701 de
351 1680 438 1701 matre
457 1680 483 1701 et
505 1674 636 1701 fratribus
659 1673 806 1699 nuntiavit.
830 1672 863 1699 Et
885 1673 973 1707 potuit

179 1720 288 1755 quidem
304 1720 422 1747 similem
438 1719 529 1752 Petro,
552 1723 599 1746 aut
615 1719 696 1746 etiam
718 1718 871 1753 graviorem
895 1726 973 1746 acoe-

178 1766 252 1801 pisse
267 1765 446 1799 sententiam;
463 1765 509 1792 sed
524 1764 620 1792 matris
630 1769 657 1792 et
669 1764 784 1791 fratrum
804 1764 971 1792 intellectum

179 1818 277 1838 nomen
296 1811 468 1838 clementiam
484 1810 652 1845 provocavit.

213 1856 308 1883 XLIX.
330 1857 383 1884 Sed
397 1863 423 1884 et
440 1857 559 1891 amplius
575 1857 665 1885 adhuc
679 1856 807 1884 omnibus
829 1856 971 1884 ostendere

178 1903 269 1938 cupio,
285 1908 314 1930 ut
329 1908 479 1939 agnoscant
493 1903 624 1936 universi,
641 1904 758 1931 assertio
776 1908 821 1930 tua
837 1907 969 1937 quantum

178 1949 328 1984 impietatis
334 1949 462 1976 obtineat.
475 1949 502 1976 Si
513 1949 597 1982 enim,
607 1949 757 1976 secundum
767 1949 840 1984 quod
850 1954 878 1976 tu
890 1949 968 1981 dicis,

178 2003 232 2022 non
246 2000 288 2023 est
300 2000 390 2028 natus,
408 1996 468 2023 sine
482 1995 565 2022 dubio
580 2003 628 2023 nec
645 2003 744 2030 passus
757 2000 797 2022 est
809 2004 816 2028 ;
830 1995 885 2029 pati
896 1995 968 2022 enim

176 2042 223 2077 qui
239 2047 319 2070 natus
334 2050 387 2070 non
404 2048 456 2074 est,
473 2042 641 2078 impossibile
657 2048 708 2069 est.
726 2041 842 2075 Quodsi
860 2049 914 2069 non
928 2045 970 2069 est

176 2096 284 2123 passus,
304 2090 395 2117 crucis
416 2097 515 2116 nomen
532 2089 667 2116 aufertur.
690 2088 777 2115 Cruce
801 2091 893 2114 autem
914 2095 968 2114 non

176 2140 312 2170 suscepta,
333 2144 383 2163 nec
394 2135 473 2164 Jesus
488 2145 522 2164 ex
540 2136 657 2163 mortuis
670 2135 830 2162 resurrexit.
852 2134 929 2167 Quod
945 2134 968 2161 si

174 2181 253 2210 Jesus
269 2191 301 2210 ex
317 2183 432 2210 mortuis
445 2191 500 2210 non
522 2181 685 2214 resurrexit,
710 2188 760 2208 nec
781 2180 881 2215 aliquis
897 2179 967 2207 alius

1025 1579 1193 1606 dormierunt
1215 1579 1241 1606 in
1259 1578 1379 1612 Christo,
1403 1579 1555 1614 perierunt.
1584 1579 1613 1607 Si
1641 1581 1671 1608 in
1698 1582 1751 1609 hac
1769 1583 1813 1609 vita

1024 1626 1214 1653 tantummodo
1236 1633 1378 1660 speramus
1400 1625 1427 1652 in
1449 1625 1574 1659 Christo,
1604 1627 1813 1655 miserabilions

1024 1680 1120 1699 sumus
1139 1671 1266 1699 omnibus
1282 1671 1449 1698 hominibus.
1473 1671 1553 1699 Nunc
1579 1679 1677 1700 autem
1700 1674 1814 1701 Christus

1023 1718 1174 1744 resurrexit
1187 1725 1203 1743 a
1218 1717 1345 1749 mortuis,
1366 1717 1475 1744 initium
1503 1717 1706 1746 dormientium
1722 1720 1757 1752 ¹⁶;
1772 1730 1780 1745 ι
1794 1725 1814 1746 et

1022 1763 1136 1798 reliqua.
1152 1763 1231 1796 Quis,
1247 1771 1322 1798 rogo,
1332 1768 1386 1790 tam
1403 1764 1567 1791 temerarius
1581 1765 1769 1799 etimpudens
1780 1766 1814 1792 in-

1022 1809 1140 1842 venitur,
1157 1810 1203 1844 qui
1219 1809 1278 1836 istis
1293 1809 1476 1836 sacrosanctis
1491 1810 1608 1837 vocibus
1630 1811 1690 1846 (70)
1706 1819 1760 1838 non
1774 1820 1812 1838 ac-

1021 1856 1176 1883 commodet
1199 1855 1297 1887 tidem,
1323 1855 1350 1882 in
1370 1855 1472 1889 quibus
1497 1856 1571 1882 nulla
1596 1861 1641 1883 est
1668 1857 1812 1888 distinctio.

1022 1901 1093 1929 nulla
1109 1900 1258 1928 dubitatio?
1274 1900 1417 1934 Quisnam,
1436 1909 1540 1936 quaeso,
1554 1902 1640 1929 etiam
1657 1909 1695 1935 te,
1713 1911 1730 1930 ο
1743 1904 1812 1930 stulte

1020 1947 1130 1980 Galata,
1154 1947 1314 1980 fascinavit,
1337 1948 1409 1975 sicut
1431 1953 1458 1975 et
1480 1948 1551 1981 illos,
1583 1957 1593 1974 ι
1617 1957 1741 1983 quorum
1761 1955 1812 1976 ante

1020 1993 1115 2021 oculos
1138 1992 1217 2020 Jesus
1234 1992 1361 2021 Christus
1387 1994 1537 2029 rescriptus
1562 2000 1607 2022 est
1630 1995 1692 2030 (7|)
1714 1995 1812 2023 cruciﬁ-

1021 2048 1072 2067 xus
1085 2040 1128 2066 “?
1143 2048 1152 2066 ι
1169 2039 1247 2075 Unde
1263 2040 1382 2067 arbitror
1398 2040 1522 2068 suilicere
1538 2041 1597 2069 haec
1615 2042 1774 2069 testimonia
1785 2042 1811 2068 ad

1019 2086 1205 2114 ostensionem
1221 2085 1317 2120 judicii
1340 2091 1367 2113 et
1388 2087 1603 2114 resurrectionis
1621 2092 1650 2114 et
1671 2089 1808 2122 passionis,

1018 2133 1119 2168 quibus
1129 2136 1328 2167 consequenter
1337 2136 1364 2159 et
1372 2133 1476 2167 pariter
1483 2141 1516 2159 ex
1529 2132 1616 2160 Maria
1627 2139 1729 2168 partus
1736 2140 1811 2161 esten.

1019 2180 1103 2206 ditur.
1119 2178 1188 2212 Quid
1203 2180 1289 2212 enim,
1304 2179 1327 2207 si
1343 2184 1371 2206 tu
1392 2179 1464 2206 nolis
1480 2179 1673 2213 asquiescere,
1698 2181 1746 2207 sed
1765 2181 1810 2207 evi-

175 2233 307 2264 resurget.
330 2229 408 2262 Quod
432 2229 455 2256 si
484 2229 576 2256 nullus
601 2231 736 2262 resurget,
760 2234 810 2254 nec
833 2227 967 2261 judicium
986 2219 1007 2246 D
1021 2226 1182 2253 dentissime
1204 2225 1345 2260 Scriptura
1364 2225 1537 2260 proclamet?
1560 2224 1755 2253 Verumtamen
1776 2226 1809 2251 in-

173 2275 235 2302 erit.
253 2274 363 2302 Certum
379 2279 421 2302 est
436 2275 519 2308 enim,
534 2275 596 2309 quia
615 2274 639 2302 si
662 2281 715 2301 non
740 2280 894 2308 resurgam,
919 2281 968 2301 nec

493 2367 503 2382 ⁷
523 2366 610 2393 Galat.
629 2374 665 2400 IV,
681 2366 707 2394 4.
754 2366 765 2382 ⁸
785 2365 795 2393 l
811 2365 876 2393 Cor.
892 2374 919 2399 v,
940 2366 968 2393 7.

209 2366 219 2381 ⁸
240 2365 248 2391 l
262 2366 324 2394 Cor.
340 2374 384 2398 xv,
399 2366 443 2393 52.

174 2409 215 2432 nl,
236 2402 259 2427 1.

210 2473 267 2507 (65)
287 2473 317 2500 In
334 2472 426 2500 codice
440 2472 592 2504 Casinensi,
608 2482 617 2498 ι
632 2480 663 2500 ac
679 2472 786 2507 pondus
807 2472 904 2500 bellico
921 2476 963 2498 to-

175 2509 303 2535 lerarant.
321 2517 330 2534 )
346 2507 400 2535 Nos
416 2509 632 2540 emendavimus,
648 2516 679 2535 ac
696 2509 800 2543 pondus
816 2508 878 2534 belli
891 2507 962 2543 tole-

175 2547 311 2571 raverant.
327 2552 336 2568 ι
354 2542 479 2570 Fortasse
495 2547 585 2570 tamen
603 2543 679 2571 rudis
693 2542 827 2578 interpres
843 2542 962 2577 scripse-

174 2583 226 2609 rat,
243 2587 252 2603 ι
269 2586 300 2605 ac
313 2579 420 2613 pondus
433 2578 494 2605 belli
508 2579 753 2606 contoleraverant.
773 2588 783 2603 ι

209 2613 266 2647 (66)
285 2612 324 2640 ns
339 2614 481 2648 legendum
498 2615 602 2646 censui,
629 2614 690 2640 licet
715 2614 743 2640 in
764 2613 859 2641 codice
879 2612 959 2640 Casi-

174 2648 255 2684 nensi
270 2648 414 2684 scribatur,
430 2658 439 2674 ι
455 2649 559 2683 negatis
578 2649 604 2676 id
619 2649 702 2684 quod.
719 2658 728 2674 ι

210 2682 273 2718 (6η
287 2683 399 2718 Vulgata
417 2682 502 2710 editio
521 2684 616 2711 Graeco
628 2682 720 2711 textui
734 2691 856 2711 consona
879 2683 958 2718 legit:

176 2726 188 2743 ι
201 2717 235 2744 At
249 2717 294 2743 ubi
305 2717 534 2754 venitplenitudo
541 2719 695 2754 temporis;
715 2728 723 2745 ι
739 2727 855 2754 eamque
865 2717 961 2745 lectio-

174 2759 236 2814 nppt
253 2753 368 2786 probant
389 2752 517 2788 Irenaeus,
539 2752 733 2786 Tertullianus,
753 2752 905 2789 Cyprianus
934 2757 961 2780 et

174 2795 230 2814 ai.

173 2794 230 2814 IIII.

211 2820 267 2855 (68)
286 2819 386 2853 Verba,
401 2831 411 2848 ε
428 2830 490 2849 eum
503 2823 561 2854 illo,
578 2833 587 2849 I
604 2831 658 2851 non
674 2824 775 2852 habent
794 2825 898 2855 Graeca,
913 2831 960 2850 ne-

177 2864 230 2891 que
243 2856 366 2894 Vulgata,
385 2864 472 2890 neque
487 2858 604 2887 lrenmus
625 2859 673 2886 lib.
695 2868 709 2886 v
730 2859 857 2887 Adversus
880 2860 958 2893 lmen,

1023 2273 1165 2307 terrogabo
1180 2276 1205 2299 te
1219 2281 1226 2299 :
1242 2277 1268 2299 tu
1285 2276 1376 2299 autem
1390 2271 1457 2298 mihi
1481 2272 1629 2306 responde.
1647 2271 1766 2305 Quando
1775 2271 1810 2298 Je-

1024 2366 1040 2394 ’.
1054 2365 1065 2392 l
1080 2365 1145 2392 Cor.
1165 2373 1202 2399 vr,
1218 2365 1261 2393 l4.
1317 2365 1351 2399 ,ιο
1371 2363 1380 2391 1
1395 2363 1460 2392 Cor.
1475 2372 1522 2397 IV,
1538 2365 1635 2393 12-20.
1698 2367 1718 2382 “
1734 2366 1823 2408 Galat.!

1017 2479 1077 2505 cap.
1094 2471 1110 2497 6
1123 2475 1150 2498 e'.
1161 2470 1187 2503 7,
1200 2478 1288 2505 neque
1304 2469 1488 2497 Tertulliauus
1499 2469 1550 2505 lib.
1563 2478 1580 2496 v
1603 2471 1735 2498 adversus
1749 2472 1809 2498 Mcr-

1016 2504 1127 2538 cionem,
1142 2514 1202 2540 cap.
1219 2504 1249 2537 7,7
1261 2513 1349 2538 neque
1362 2506 1388 2531 in
1406 2505 1476 2541 libro
1490 2504 1529 2531 De
1540 2506 1691 2539 pudicitia,
1702 2515 1761 2541 cap.
1774 2508 1807 2533 i6.

1055 2541 1110 2576 (69)
1130 2541 1159 2567 ln
1178 2540 1270 2568 codice
1287 2540 1428 2567 Casinensi
1442 2545 1495 2572 est,
1513 2549 1523 2565 ι
1537 2541 1569 2576 in
1590 2541 1686 2573 nobis,
1705 2552 1713 2568 ι
1736 2540 1760 2569 ἑτι
1776 2544 1808 2568 in-

1017 2574 1069 2609 fra,
1093 2574 1105 2602 «⁷
1127 2584 1196 2603 vana
1218 2580 1261 2603 est
1283 2576 1350 2602 fides
1383 2580 1486 2602 nostra.
1505 2584 1514 2600 ι
1534 2574 1589 2602 Sed
1617 2576 1743 2611 Vulgata:
1765 2578 1809 2604 lec-

1016 2612 1055 2639 tio
1076 2612 1139 2638 huic
1163 2611 1341 2645 praeferenda,
1362 2615 1456 2644 utpote
1475 2617 1539 2644 qua:
1557 2618 1594 2637 ex
1618 2611 1727 2639 librarii
1749 2620 1808 2639 osci-

1017 2648 1102 2673 tantia
1118 2647 1241 2673 videatur
1260 2651 1364 2673 exorta.
1386 2645 1505 2672 lrenzeus
1533 2654 1662 2680 quoque,
1675 2647 1807 2675 Tertullia-

1013 2690 1075 2714 nus,
1083 2682 1237 2718 Cyprianus
1246 2681 1345 2718 aliique
1352 2680 1476 2718 Vulgata:
1485 2681 1637 2718 lectionem
1654 2689 1805 2718 sequuntur.

1049 2717 1104 2751 (70)
1127 2717 1155 2743 In
1170 2718 1264 2744 eodem
1281 2717 1374 2744 codice
1390 2716 1503 2750 legitur,
1526 2725 1535 2741 ι
1553 2717 1602 2751 qui
1622 2716 1705 2745 istam
1724 2725 1807 2745 sacro-

1013 2757 1136 2779 sanctam
1158 2752 1290 2783 vocibus,
1308 2761 1316 2777 ι
1336 2758 1402 2784 ctc.,
1425 2751 1553 2785 librarii,
1573 2757 1606 2779 ut
1626 2754 1754 2786 arbitror.
1769 2760 1805 2780 er-

1013 2795 1083 2814 rore.

1049 2822 1103 2856 (7t)
1124 2822 1245 2858 Vulgata:
1263 2823 1390 2851 editionis
1407 2822 1507 2849 melior
1530 2822 1635 2857 lectio,
1663 2834 1673 2850 ε
1693 2823 1803 2859 praestti-

1013 2863 1074 2892 ptus
1087 2863 1138 2884 est.
1155 2867 1164 2883 ι
