1865 3042
88 103 160 131 1515

642 110 714 140 CUM
734 113 875 143 MANETE
894 114 1162 147 HERESIARCHA.

1642 130 1708 159 ιδιι

86 177 136 196 sus
148 169 181 196 de
202 168 307 197 Joanne
322 170 507 199 testimonium
531 173 593 207 dat,
616 178 642 202 et
665 175 789 209 dicebat,
810 179 873 213 quia
889 182 911 209 A
926 187 955 206 re
971 187 1032 207 esse
1050 182 1186 216 opinaris,
1213 183 1239 210 id
1253 189 1294 211 est
1316 186 1361 220 qui
1392 194 1457 214 caro
1478 192 1507 215 et
1529 190 1641 224 sanguis
1664 194 1710 220 sit.

87 225 96 239 ι
114 215 201 249 major
214 216 241 242 in
259 216 329 244 natis
346 217 490 245 mulierum
513 219 603 248 nullus
628 223 747 249 surrexit
768 222 873 252 Joanne

83 260 222 296 Baptista;
236 262 283 296 qui
302 268 392 290 autem
415 264 505 292 minor
518 269 560 293 est
579 266 606 293 in
624 274 708 302 regno
728 269 870 302 caelorum,

82 307 173 342 major
188 312 229 335 est
243 308 290 337 illo
301 309 338 342 “;
355 318 364 334 ι
379 309 424 337 dic
444 310 511 338 mihi
528 319 581 347 qua
604 312 708 341 ratione
723 314 809 348 major
825 315 871 342 illo

80 353 165 380 estin
182 360 266 389 regno
286 355 435 383 caelorum?
455 356 583 392 Nunquid
605 357 684 386 Jesus
705 359 794 387 minor
812 365 871 389 erat

78 397 188 427 Joanne
198 399 226 427 in
240 408 323 436 regno
333 401 484 430 caelorum?
497 402 573 435 Dico,
586 404 656 431 absit
665 404 732 440 (72).
748 405 795 434 Dic
806 414 870 442 ergo

78 444 110 471 in
125 452 190 479 quo,
211 449 240 473 ut
254 447 294 474 vel
310 452 335 474 te
350 448 438 482 ipsum
457 456 585 484 superare
604 451 713 484 possis?
734 451 799 479 Sine
814 453 870 479 du-

77 489 127 517 bio
141 491 231 518 minor
246 497 304 520 erat
318 492 421 522 Joanne
436 494 517 522 Jesus
533 495 602 522 inter
617 501 696 523 natos
711 498 865 532 mulierum;

76 536 108 563 in
123 544 208 572 regno
220 542 311 566 autem
327 540 458 567 ctelorum
472 541 562 575 major
577 541 624 569 illo
645 547 711 570 erat.
736 543 784 571 Dic
802 544 866 571 mibi

76 582 147 610 illud
164 584 256 617 etiam,
276 592 293 611 ο
312 585 474 619 Manichaee;
493 588 515 615 si
530 588 570 615 ais
584 588 722 616 Christum
737 597 790 617 non
806 598 866 618 esse

74 638 111 656 nx
121 630 204 658 Maria
218 635 322 665 natum,
336 633 381 660 sed
391 633 550 667 apparuisse
559 634 668 668 quidem
681 635 864 670 uthominem,

72 683 140 702 cum
154 676 237 704 homo
251 685 305 705 non
321 684 402 711 esset,
420 684 564 714 praestante
578 681 630 708 hoc
648 686 675 708 et
696 686 791 717 agente
810 683 864 709 vir-

72 726 134 749 tute
147 730 207 757 quze
224 723 250 750 in
267 724 327 759 ipso
337 729 395 758 est;
408 725 451 753 die
464 726 542 760 mihi,
558 734 639 761 super
651 735 731 762 quem
745 728 863 763 Spiritus

70 777 188 801 sanctus
210 774 281 802 sicut
304 775 430 803 columba
452 776 689 811 desccmlit?Quis
709 783 749 805 est
769 780 861 812 etiam,

69 819 122 853 qui
137 819 290 854 baptizatur
304 828 319 848 a
332 819 453 849 Joanne?
469 822 498 849 Si
514 822 651 857 perfectus
662 829 731 856 erat,
747 825 768 851 si
777 824 862 853 Filius

68 869 144 898 erat,
159 865 182 892 si
201 866 287 893 virtus
304 871 379 900 erat,
399 875 452 895 non
475 873 581 903 poterat
598 869 715 904 Spiritus
737 870 859 906 ingredi,

68 910 145 936 sicut
156 917 206 937 nec
216 918 327 946 regnum
339 917 427 946 potest
439 913 542 948 ingredi
558 914 626 940 intra
639 921 761 949 regnum.
776 914 860 950 Cujus

67 960 163 983 autem
177 956 201 984 ei
225 957 333 985 coalitus
352 959 452 986 emissa
479 966 531 986 vox
558 961 741 987 testimonium
764 961 861 996 detulit

65 1002 183 1030 dicens:
200 1013 210 1029 ‹
227 1003 276 1031 Hic
291 1008 332 1031 est
349 1003 433 1032 Filius
448 1012 525 1032 meus
541 1005 666 1038 dilectus,
679 1007 705 1033 in
722 1015 776 1042 quo
791 1007 860 1035 bene

65 1048 221 1085 complacui
236 1050 274 1077 “1'
288 1061 297 1076 ι
315 1050 361 1078 Die
375 1059 434 1086 age,
461 1051 528 1079 nihil
551 1054 712 1085 remoreris;
729 1054 791 1088 quis
815 1055 858 1082 ille

62 1099 121 1128 est,
134 1095 180 1129 qui
196 1100 273 1130 parat
285 1096 343 1123 haec
359 1097 470 1130 omnia;
493 1096 539 1132 qui
563 1098 618 1133 agit
638 1098 784 1126 universa?
807 1099 858 1126 lle-

63 1139 173 1173 sponde
185 1150 190 1167 :
206 1141 279 1168 itane
291 1141 486 1177 blasphemiam
499 1150 547 1177 pro
568 1143 673 1170 ratione
687 1143 858 1178 impudenter

61 1190 180 1226 allegas,
192 1196 219 1219 et
230 1192 330 1221 inferre
344 1194 452 1222 conaris
466 1194 542 1230 (75)?

100 1259 135 1287 L.
152 1259 244 1287 Manes
257 1261 325 1288 dixit
340 1269 349 1288 .'
361 1260 446 1290 Nemo
458 1262 567 1297 quidem
583 1264 629 1298 qui
641 1264 785 1292 adversum
798 1265 855 1292 haec

59 1313 128 1340 quat
143 1313 159 1333 a
176 1311 202 1333 te
217 1306 287 1334 dicta
303 1312 377 1341 sunt,
394 1309 557 1343 respondere
581 1310 709 1345 potuerit,
730 1310 855 1346 blasphe-

59 1351 129 1378 miae
151 1353 254 1380 crimen
273 1355 401 1388 incurrit,
423 1355 489 1390 quin
514 1356 603 1390 potius
623 1360 666 1384 est
684 1357 757 1383 omni
776 1357 855 1385 laude

57 1396 252 1432 dignissimus.
266 1400 378 1435 Oportet
388 1401 459 1428 enim
472 1402 600 1430 artiﬁcem
613 1403 694 1430 rebus
708 1403 854 1438 propositis

58 1444 244 1478 responsione
262 1445 405 1480 diligenter
429 1451 531 1481 aptata,
555 1447 699 1476 manifesta
724 1449 852 1476 omnibus

56 1499 92 1517 ea
113 1489 147 1518 de
163 1491 262 1526 quibus
276 1493 408 1528 quaeritur
428 1495 470 1521 vel
489 1494 640 1528 dubitatur,
657 1497 810 1529 ostendere,
824 1502 851 1525 et

57 1538 182 1565 maxime
202 1538 304 1566 idiotis.
327 1538 360 1566 Et
381 1540 511 1574 quoniam
532 1541 580 1567 tibi
597 1542 729 1569 doctrina:
751 1548 851 1570 nostra:

56 1591 116 1610 non
130 1583 217 1617 placet
228 1584 308 1617 ratio,
320 1588 450 1619 tanquam
464 1586 560 1613 artifex
575 1587 672 1621 bonus,
683 1588 764 1614 ctiam
779 1588 849 1616 hanc

62 1630 133 1656 mihi
150 1630 325 1664 quaestionem
342 1630 536 1658 rationabiliter
548 1633 666 1659 exsolve.
690 1632 755 1660 Mihi
776 1633 848 1660 enim

55 1675 136 1708 pium
146 1675 253 1701 videtur
261 1675 360 1706 dicere,
371 1675 442 1710 quod
458 1677 525 1703 nihil
536 1678 640 1712 eguerit
652 1677 737 1705 Filius
751 1679 809 1712 Dei,
821 1681 848 1707 in

61 1728 96 1746 eo
109 1720 181 1754 quod
196 1720 329 1747 adventus
346 1721 405 1755 ejus
420 1727 581 1755 procuratur
593 1724 625 1750 ad
642 1729 743 1758 terras;
760 1733 849 1761 neque

58 1769 263 1804 cpushabuerit
272 1770 408 1801 columba,
419 1779 506 1806 neque
515 1772 686 1807 baptismate,
695 1783 781 1810 neque
791 1784 849 1804 ma-

53 1811 202 1851 tre‘,neque
211 1816 349 1849 fratribuS,
360 1818 568 1853 fortasseneque
576 1821 715 1855 patrc,qui
723 1822 746 1848 ei
754 1830 836 1850 seeun

54 1862 159 1889 dumte
166 1862 334 1898 fuitJoscph;
348 1865 394 1891 sed
407 1869 479 1892 totus
492 1865 536 1892 ille
547 1866 603 1900 ipse
610 1866 787 1901 descendens,
803 1877 846 1896 se-

50 1909 205 1943 metipsum
221 1910 247 1936 in
266 1918 430 1945 quocunque
441 1911 524 1939 voluit
539 1913 743 1941 transformavit
758 1916 783 1942 in
796 1916 846 1943 ho-

51 1954 170 1986 minem,
184 1962 217 1981 eo
231 1960 309 1990 pacto
324 1964 377 1990 quo
390 1955 490 1985 Paulus
504 1957 579 1989 dicit,
592 1959 656 1993 quia
671 1969 680 1985 ‹
698 1961 790 1988 habitu
803 1970 845 1989 re-

49 2007 151 2037 pertus
167 2009 207 2030 est
222 2008 251 2031 ut
269 2005 350 2032 homo
365 2005 395 2033 ”.
416 2015 424 2032 ι
439 2006 523 2042 Cujus
539 2008 620 2043 igitur
646 2010 684 2037 rei
700 2011 845 2046 indiguerit

48 2048 79 2075 is
94 2049 142 2083 qui
155 2050 330 2084 semetipsum
347 2051 374 2077 in
388 2053 479 2079 omnia
493 2054 704 2089 transformarit,
720 2059 842 2085 ostende.

47 2095 170 2128 Quando
187 2096 258 2123 enim
274 2098 367 2131 voluit,
381 2098 453 2126 hunc
477 2100 614 2128 hominem
632 2111 739 2131 rursum
753 2109 843 2133 trans-

46 2141 182 2169 formavit
193 2142 219 2168 in
237 2142 354 2176 speciem
370 2143 436 2170 solis
452 2153 483 2172 ac
492 2146 692 2180 vultum.Quod
709 2149 730 2176 si
746 2158 842 2179 rursus

46 2188 169 2219 resistis,
180 2189 245 2215 mihi
255 2188 366 2226 [autem]
377 2195 448 2217 recte
456 2192 553 2219 dicenti
566 2194 644 2221 tidem
654 2195 724 2223 nolis
731 2204 840 2224 accom-

45 2233 182 2267 modare,
208 2235 270 2261 audi
297 2235 480 2264 detinitionem
502 2242 576 2265 tuam
600 2241 699 2276 inqua
726 2248 790 2271 stas.
810 2244 838 2272 Si

44 2280 126 2307 cnim
141 2280 277 2307 hominem
293 2288 355 2308 eum
369 2285 556 2311 tantummodo
572 2293 605 2312 ex
620 2286 704 2314 Maria
724 2296 783 2317 esse
797 2291 838 2318 di-

43 2326 102 2357 cis,
119 2325 185 2353 etin
201 2326 363 2361 baptismate
377 2327 505 2363 Spiritum
523 2332 676 2366 percepisse
689 2343 695 2360 :
708 2341 772 2370 ergo
789 2344 838 2371 per

45 2369 202 2405 profectum
218 2370 303 2399 Filius
318 2372 461 2405 videbitur,
479 2379 506 2402 et
521 2383 574 2402 non
587 2385 636 2411 per
652 2369 797 2408 naturam:
807 2381 836 2409 Si

44 2421 142 2442 tamen
159 2414 207 2442 tibi
223 2416 369 2443 concedam
387 2417 485 2450 dicere,
508 2421 657 2449 secundum
682 2424 834 2458 profectum

42 2467 113 2488 esse
128 2459 238 2494 Filium,
252 2462 330 2496 quasi
345 2463 480 2491 hominem
496 2464 613 2500 factum;
633 2467 771 2497 hominem
791 2479 835 2499 ve-

84 2519 108 2534 "
127 2518 222 2546 Matth.
236 2526 275 2551 ιι,
290 2519 332 2546 Η.
372 2521 392 2536 ³³
403 2520 496 2549 Matth.
510 2531 551 2555 ιιι,
565 2524 607 2552 17.

83 2573 150 2613 (72)
163 2573 332 2613 Hcec_verba,
350 2585 359 2600 ι
375 2577 436 2604 dico
455 2578 540 2613 absit,
558 2589 566 2605 I
583 2581 633 2607 nisi
656 2583 783 2610 mendum
799 2585 834 2611 sit

44 2611 72 2636 in
90 2609 195 2651 codice,
211 2610 336 2651 videntur
353 2616 479 2646 tanquam
494 2609 654 2643 ex'Manetis
669 2609 784 2651 persona
799 2609 833 2646 ab

42 2644 183 2671 Archelao
196 2645 310 2679 prolata.

161 2678 230 2718 nam
245 2680 271 2718 in
285 2680 379 2718 codice
394 2681 546 2718 Casinensi,
562 2695 570 2711 ι
587 2687 703 2714 coneris.
722 2697 731 2713 ι

83 2713 141 2753 (74)
161 2715 191 2753 in
211 2715 304 2742 codice
321 2716 462 2746 Casiuensi
483 2713 621 2753 scribitur,
639 2731 648 2747 ‹
665 2713 735 2749 sicut
752 2724 833 2751 homo

44 2757 79 2777 ac
95 2749 232 2783 opinione.
248 2760 256 2776 ι

84 2783 252 2828 (Ἰδληςοιιεῑ
270 2786 427 2828 Casinensis
447 2790 482 2816 ita
499 2791 571 2828 legit,
594 2800 602 2817 ι
619 2792 688 2819 hanc
707 2795 835 2828 quaestio-

46 2827 111 2846 nem
125 2819 274 2853 dilligcnter
285 2827 376 2856 aptare
386 2828 440 2851 tam
458 2819 668 2860 inanﬁ‘estarem,
683 2819 834 2864 επῖιὶιῖιὶίᾆ-

155 2868 287 2900 Ρλτιιοι..
310 2872 367 2902 Gn.
392 2873 432 2904 Χ.

648 2526 668 2541 “
683 2526 782 2563 Philip.
801 2537 830 2562 ιι,
846 2529 871 2558 7.

923 223 1040 253 Necesse
1053 232 1094 254 est
1111 235 1192 263 ergo,
1213 234 1239 256 et
1263 230 1404 264 Spiritum,
1421 233 1468 267 qui
1490 234 1562 262 sicut
1583 236 1711 265 columba

923 272 1047 306 apparuit
1061 273 1093 305 ιδ,
1109 282 1162 301 non
1176 275 1249 302 aliud
1265 284 1324 304 esse
1338 286 1420 312 quam
1434 281 1586 308 naturalem
1601 283 1694 310 colum
1704 299 1711 302 -

922 315 999 350 bam;
1016 317 1085 344 sicut
1099 318 1176 346 homo
1198 321 1270 348 enim
1286 322 1389 350 dictum
1405 329 1457 358 est,
1478 330 1504 352 et
1519 327 1588 354 sicut
1606 328 1711 355 colum-

921 361 965 394 ba,
985 366 1012 389 et
1034 363 1216 400 quodcunque
1238 367 1346 401 opinari
1370 373 1458 403 potest
1479 370 1513 398 de
1534 379 1566 398 eo
1581 379 1708 402 sermone

920 408 993 442 quod
1023 409 1124 437 dictum
1147 416 1205 445 est,
1230 413 1298 439 sicut
1321 414 1413 446 Immo,
1430 415 1482 444 hac
1502 417 1630 452 opinione
1651 420 1706 455 (74)

920 454 1031 489 concipe
1047 455 1127 483 etiam
1142 456 1175 484 de
1194 465 1237 491 eo,
1253 459 1324 491 quod
1340 460 1442 488 dictum
1456 467 1507 494 est,
1521 464 1591 491 sicut
1605 454 1707 492 colunt-

918 498 967 531 ba;
984 507 1094 528 necesse
1108 507 1150 529 est
1166 508 1193 530 et
1208 503 1265 532 haec
1280 507 1419 540 azqualitcr
1434 509 1564 543 recipere,
1580 511 1616 539 ita
1632 513 1706 541 enim

919 544 945 571 in
962 544 1109 581 Scripturis
1125 556 1185 583 qua:
1202 549 1235 576 de
1253 558 1285 578 co
1302 553 1401 590 scripta
1422 560 1503 588 sunt,
1518 556 1702 587 inveniuntur.

918 591 1062 620 Archelaus
1075 593 1143 622 dixit
1156 603 1165 621 :
1182 594 1257 624 Sicut
1272 598 1320 624 tibi
1338 598 1395 633 ipse
1407 607 1460 627 non
1470 606 1557 635 potes,
1573 607 1704 638 tanquam

917 635 1006 664 bonus
1022 639 1129 672 artifex,
1148 648 1235 676 neque
1250 649 1300 677 ego
1318 643 1365 670 tibi
1384 644 1455 672 hanc
1469 648 1647 681 quaestionem
1659 651 1703 678 di-

916 681 1030 716 ligentcr
1044 690 1161 719 aptatam
1177 688 1377 717 manifestarem
1392 697 1473 727 atque
1489 695 1632 724 manifeste
1645 697 1702 726 dis-

916 728 1046 757 solverem
1061 731 1129 767 (75),
1146 733 1196 760 nisi
1213 741 1321 770 propter
1336 737 1385 765 hos
1400 739 1447 773 qui
1464 741 1596 769 assistunt
1608 748 1635 771 et
1653 746 1700 780 qui

915 782 966 802 nos
986 777 1118 806 audiunt:
1139 784 1165 806 et
1192 781 1262 815 ideo,
1287 783 1356 810 sicut
1375 787 1518 821 convenit,
1542 791 1701 824 quazstionis

915 821 998 856 hujus
1015 831 1123 860 quoque
1137 833 1270 862 exponam
1285 830 1429 859 rationem.
1447 830 1508 861 Tibi
1524 821 1632 870 quidem
1645 847 1699 866 non

913 867 1019 895 videtur
1036 871 1078 905 pie
1095 872 1158 904 dici,
1174 878 1288 902 matrem
1305 876 1434 905 habuisse
1456 878 1548 908 Jesum
1573 881 1698 919 Mariam,

912 917 940 939 ct
954 914 1055 950 reliqua
1067 925 1126 951 quae
1137 926 1210 946 nunc
1220 927 1382 954 prosecutus
1393 931 1432 955 es,
1446 932 1507 960 quae
1519 927 1628 962 quidem
1640 938 1700 957 0m-

911 959 956 986 nia
982 966 1102 995 repetere
1129 964 1318 997 perhorresco.
1344 967 1480 998 Interdum
1503 972 1614 1007 quidam
1638 977 1698 1010 cogi

911 1006 980 1033 solet
995 1008 1090 1035 artifex
1113 1016 1222 1045 propter
1245 1012 1408 1048 imperitiam
1433 1006 1585 1047 resistentis
1607 1006 1699 1050 dicede

910 1056 937 1079 et
953 1052 1042 1081 facere
1057 1063 1087 1082 ea
1102 1063 1163 1090 qua:
1177 1062 1283 1093 tempus
1300 1066 1423 1096 recusat;
1438 1066 1465 1091 et
1478 1063 1540 1092 ideo
1552 1067 1615 1101 quia
1629 1069 1697 1096 mihi

908 1103 950 1126 est
964 1099 1036 1128 illata
1051 1103 1199 1131 necessitas
1216 1111 1326 1140 propter
1339 1114 1498 1142 pmsentem
1520 1099 1638 1148 turbam,
1660 1117 1694 1144 ad

908 1152 938 1171 ea
954 1153 1012 1180 quae
1027 1154 1042 1173 a
1059 1152 1083 1174 te
1098 1155 1151 1175 non
1168 1155 1240 1177 recte
1262 1152 1334 1179 dicta
1360 1158 1440 1188 sunt,
1465 1158 1559 1191 paucis
1578 1166 1694 1195 respon-

907 1190 984 1217 deam
998 1192 1065 1227 (76).
1090 1193 1137 1221 ωε
1149 1202 1214 1230 ergo
1230 1196 1296 1224 mihi
1330 1198 1353 1225 si
1372 1190 1473 1228 Jesum
1491 1190 1632 1232 hominem
1645 1214 1679 1234 na

907 1237 1030 1265 turaliter
1046 1238 1146 1267 factum
1164 1240 1376 1272 intellexerimus
1390 1253 1423 1273 ex
1437 1246 1531 1282 Maria,
1548 1250 1692 1281 habentem

906 1290 1015 1310 carnem
1044 1289 1069 1312 et
1091 1288 1251 1322 sanguinem
1269 1289 1499 1328 intellexerimus;
1516 1303 1627 1326 necesse
1650 1305 1692 1328 est

905 1329 986 1356 etiam
1005 1329 1135 1365 Spiritum
1162 1338 1284 1362 sanctum
1307 1343 1398 1364 veram
1422 1340 1575 1370 columbam
1595 1343 1691 1380 fuisse,

904 1379 930 1401 et
946 1383 998 1403 non
1016 1377 1151 1411 spiritum.
1166 1380 1199 1407 Et
1215 1383 1351 1416 quomodo
1367 1386 1465 1419 poterit
1487 1395 1548 1415 vera
1565 1391 1690 1420 columba

904 1428 997 1449 verum
1017 1423 1154 1452 hominem
1172 1426 1285 1462 ingredi,
1309 1433 1390 1465 atque
1414 1431 1441 1459 in
1464 1441 1497 1460 eo
1517 1438 1691 1469 permanere?

903 1474 970 1494 caro
987 1469 1059 1496 enitn
1076 1478 1185 1499 carnem
1211 1473 1313 1509 ingredi
1338 1483 1391 1503 non
1407 1483 1517 1512 potest:
1536 1482 1582 1509 sed
1604 1485 1690 1517 magis

864 1526 884 1554 ρ
903 1514 925 1541 si
947 1514 1039 1543 Jesum
1063 1517 1198 1545 hominem
1215 1527 1307 1548 verum
1331 1522 1518 1557 conﬁteantur,
1541 1534 1602 1555 etnn
1624 1537 1688 1557 vero

902 1561 947 1594 qui
961 1561 1070 1596 dicitur,
1087 1563 1157 1591 sicut
1169 1565 1303 1598 columba,
1320 1567 1449 1602 Spiritum
1464 1576 1600 1605 sanctum,
1613 1576 1686 1604 salva

900 1610 940 1633 est
958 1608 1034 1635 nobis
1051 1609 1119 1636 ratio
1132 1610 1158 1636 iu
1172 1615 1297 1646 utraque.
1313 1613 1430 1648 Spiritus
1447 1617 1518 1644 enim
1536 1622 1685 1649 secundum

900 1657 1002 1679 rectam
1023 1654 1153 1682 rationem
1173 1656 1276 1685 habitat
1297 1659 1323 1685 in
1347 1660 1466 1694 homine,
1489 1668 1515 1690 ει
1537 1664 1684 1701 descendit,

899 1702 925 1724 ct
939 1705 1093 1734 permanet;
1112 1706 1138 1729 et
1153 1708 1338 1738 competenter
1355 1706 1406 1734 hoc
1427 1713 1453 1735 et
1475 1709 1575 1738 factum
1595 1717 1646 1745 est,
1661 1719 1687 1742 ει

900 1745 929 1770 tit
945 1752 1062 1780 semper,
1079 1747 1151 1775 sicut
1165 1754 1191 1775 tu
1207 1753 1232 1777 te
1248 1750 1337 1785 ipsum
1353 1758 1415 1781 ante
1431 1754 1483 1783 hoc
1498 1759 1605 1792 tempus
1619 1767 1685 1794 pro-

899 1788 1018 1818 ﬁtebaris
1033 1799 1092 1819 esse
1107 1792 1274 1822 Paracletum
1292 1796 1349 1828 Dei,
1371 1804 1400 1826 ut
1423 1800 1510 1828 dicam
1532 1788 1685 1836 silex,lnon

898 1834 979 1862 homo
991 1835 1058 1871 (77),
1074 1838 1120 1872 qui
1137 1838 1291 1874 frequenter
1302 1843 1470 1873 Oblivisceris
1484 1855 1514 1874 ea
1529 1856 1589 1883 qua;
1603 1834 1682 1880 dicis.

898 1879 1028 1914 Spiritum
1037 1883 1109 1910 enim
1117 1886 1221 1913 vertisse
1230 1895 1311 1922 super
1320 1893 1344 1916 te
1352 1890 1454 1924 dixisti,
1464 1901 1543 1927 quem
1552 1898 1683 1930 promise—

896 1931 939 1952 rat
950 1925 1029 1954 Jesus
1047 1927 1099 1964 [se]
1111 1937 1172 1957 esse
1186 1932 1335 1960 missurum
1349 1943 1356 1961 :
1369 1940 1396 1962 et
1412 1938 1483 1965 unde
1497 1939 1548 1967 nisi
1566 1941 1600 1968 de
1611 1943 1680 1970 casio

896 1972 1060 2000 descendat?
1076 1974 1109 2001 Et
1125 1976 1147 2002 si
1160 1976 1299 2006 descendit
1316 1979 1433 2014 Spiritus
1445 1991 1527 2018 super
1543 1986 1682 2017 hominem

895 2017 1006 2052 dignum
1022 2026 1060 2051 se,
1074 2027 1155 2055 super
1166 2026 1192 2049 te
1206 2027 1296 2050 autem
1314 2033 1391 2053 veras
1408 2017 1549 2057 columbas
1568 2031 1682 2060 descen-

895 2063 968 2090 disse
992 2065 1162 2093 sentiendum
1184 2072 1235 2099 est,
1264 2074 1293 2096 ut
1317 2074 1342 2097 te
1367 2072 1563 2102 columbariutn
1590 2078 1680 2111 potius

894 2107 982 2135 furem
1009 2110 1187 2146 accipiamus,
1203 2113 1316 2142 insidias
1330 2116 1370 2143 eis
1385 2124 1416 2144 ac
1438 2118 1548 2153 laqueos
1567 2123 1677 2151 molien-

894 2158 946 2181 tem
959 2164 965 2188 ;
981 2155 1079 2191 dignus
1094 2158 1166 2185 enim
1178 2167 1217 2192 es,
1232 2160 1277 2194 qui
1292 2162 1381 2190 verbis
1398 2164 1520 2193 ridiculis
1538 2167 1678 2204 illudaris;

857 2204 942 2236 nego
967 2206 1058 2230 tamen
1082 2211 1183 2238 parco,
1206 2213 1239 2232 ne
1262 2207 1402 2237 auditores
1424 2211 1516 2239 videar
1543 2213 1678 2244 oll'cndere

892 2246 950 2274 haec
970 2247 1082 2283 dicens,
1108 2255 1135 2277 et
1158 2253 1275 2279 maxime
1299 2254 1362 2288 quia
1387 2262 1485 2290 pneter
1508 2267 1609 2294 propos
1621 2266 1676 2290 tum

891 2299 992 2326 meum,
1018 2295 1045 2322 in
1069 2300 1094 2323 te
1117 2297 1239 2331 ingerere
1263 2307 1322 2333 quae
1344 2297 1473 2330 merearis
1495 2307 1600 2334 audire.
1625 2308 1676 2336 Sed

891 2338 1000 2366 redeam
1016 2341 1049 2367 ad
1066 2349 1133 2369 rem.
1147 2342 1250 2370 Memor
1268 2353 1328 2372 sum
1344 2347 1415 2375 enim
1430 2351 1676 2385 transformaliania

890 2386 953 2415 tuae,
964 2392 1017 2419 qua
1034 2385 1112 2420 dicis,
1126 2388 1190 2422 quia
1206 2387 1277 2417 Deus
1299 2392 1533 2424 transforrnarerit
1546 2405 1575 2425 re
1587 2399 1613 2425 in
1627 2399 1676 2427 ho-

889 2429 1005 2463 minem,
1029 2433 1070 2459 vel
1096 2433 1124 2460 in
1146 2435 1249 2469 solem,
1273 2445 1306 2464 ex
1332 2439 1384 2466 hoc
1413 2441 1506 2469 volens
1534 2446 1678 2474 ostendere

888 2472 980 2502 Jesum
997 2482 1120 2506 nostrum
1139 2479 1232 2508 habitu
1254 2483 1312 2509 solo
1326 2489 1353 2510 et
1367 2486 1424 2512 risu
1440 2485 1539 2515 factum
1553 2497 1612 2517 esse
1628 2491 1677 2517 ho-

928 2532 950 2548 "
969 2532 1064 2562 Matth.
1084 2543 1124 2569 ιιι,
1149 2537 1193 2564 16.

888 2586 985 2637 ιιὶῐεςιε
1004 2590 1191 2637 (ιιςδριγει-ειιι.
1208 2603 1217 2618 ι
1245 2594 1296 2622 Sed
1321 2604 1352 2637 es
1380 2596 1493 2637 Manctis
1520 2600 1673 2637 interroga-

887 2623 969 2665 tione,
985 2625 1029 2663 cui
1053 2626 1203 2656 Archelaus
1227 2632 1387 2665 respondet,
1411 2643 1462 2662 nos
1484 2636 1556 2663 hune
1582 2623 1672 2665 locnut

887 2662 1065 2687 resutuimus.

921 2693 1008 2739 £76)”.
1022 2695 1221 2739 llespondeam,
1236 2711 1244 2726 ι
1261 2709 1319 2735 pro,
1336 2713 1344 2728 ι
1362 2705 1531 2739 respondebo
1546 2716 1551 2734 :
1571 2717 1581 2733 ι
1593 2709 1672 2736 sicin

887 2729 1018 2770 captis,
1029 2739 1038 2755 ί
1054 2729 1195 2770 edoceam,
1214 2729 1222 2761 ί
1239 2729 1298 2770 pro,
1312 2729 1323 2763 ἶ
1338 2729 1493 2768 εὰὀὲἑιῐόῗὶ

922 2763 978 2807 (I77)
993 2765 1164 2807 ilasineusis,
1182 2763 1193 2794 ἐ
1209 2763 1246 2797 ιη’
1259 2763 1467 2803 dicatIi—dilere'
1477 2763 1531 2804 non
1550 2778 1641 2807 homo.
1655 2791 1662 2807 ι

889 2796 1002 2826 Videant
1017 2802 1125 2834 eruditi,
1141 2796 1174 2830 an
1192 2796 1454 2837 recteﬁcincndatt‘ini
1469 2812 1515 2839 sit.

1476 2896 1515 2924 ’48
