1865 3042
176 117 245 146 1515
669 117 762 145 ACTA
782 116 1048 146 DISPUTATIONIS
1071 117 1099 143 S.
1136 116 1306 144 ARCHELAI
1737 117 1798 145 toto

174 177 274 204 minem
290 175 384 210 :quod
401 175 471 202 absit
489 175 523 202 ab
542 182 704 210 unoquoque
722 176 839 203 lidelium
852 177 950 204 dicere.
967 179 990 206 Α
1004 175 1087 210 poris,
1105 175 1246 210 cooperire
1267 179 1292 202 te
1317 180 1343 202 et
1367 175 1539 203 circumdare
1557 180 1666 210 potest;
1688 181 1717 203 tu
1738 185 1798 205 vero

174 222 237 250 Haec
253 221 374 256 alioquin
390 220 538 248 secundum
557 225 582 248 te
599 222 631 248 ad
653 221 790 248 somnium
815 222 893 249 nobis
916 230 959 249 re-
1008 229 1083 253 eum,
1098 222 1150 249 etsi.
1164 221 1374 255 conculcaveris,
1394 221 1462 249 nihil
1477 221 1566 249 hedis.
1584 221 1722 250 Dominus
1740 231 1799 251 vero

172 268 255 295 deant
271 267 407 300 universa,
432 271 458 294 et
471 267 586 302 ﬁguras;
604 274 657 294 non
679 267 769 294 solum
795 272 895 299 autem,
912 267 959 295 sed
1009 275 1085 294 meus
1101 265 1190 300 Jesus,
1210 266 1233 294 si
1257 271 1346 294 tentus
1364 272 1415 299 est,
1437 271 1467 294 ut
1483 267 1567 294 homo
1588 267 1624 294 ab
1645 268 1798 297 hominibus

173 313 305 341 adventus
327 320 425 340 nomen
449 313 598 346 delebitur;
617 318 722 348 poterat
741 313 815 340 enim
841 313 868 340 in
889 313 959 341 eatlo
1009 316 1097 340 tentus
1108 317 1158 340 est.
1177 311 1272 339 Sinon
1290 317 1332 339 est
1347 312 1440 346 homo,
1457 320 1508 340 nec
1523 317 1617 340 tentus
1632 318 1687 340 est.
1705 313 1735 341 Si
1748 322 1798 342 non

173 359 278 393 positus
291 357 380 385 facere
398 365 458 393 quae
477 358 609 390 voluerat,
623 358 646 384 si
667 357 797 392 Spiritum
811 364 872 384 eum
885 365 956 388 esse,
1007 364 1049 386 est
1064 362 1162 391 tentus,
1186 366 1236 386 nec
1253 365 1350 393 passus
1369 364 1427 391 est,
1448 365 1499 386 nec
1519 358 1678 393 baptizatus
1700 365 1752 387 est.
1772 360 1798 388 Si

172 409 198 432 et
212 412 267 432 non
281 404 429 436 hominem,
446 404 529 432 dices.
555 403 608 431 Sed
628 411 682 431 non
703 404 739 431 ita
758 408 810 436 est,
827 404 958 439 quoniam
1008 405 1053 432 ille
1071 412 1126 432 non
1143 409 1184 432 est
1205 405 1367 440 baptizatus,
1388 412 1476 440 neque
1500 406 1651 441 quisquam
1676 412 1798 434 nostrum

174 460 184 476 ι
199 451 347 478 exinanivit
357 450 665 486 semetipsum,formant
676 451 747 478 servi
759 451 895 485 accipiens
906 451 954 483 ¹⁶;ι
1007 451 1158 486 baptizatus
1173 456 1224 479 est.
1244 450 1380 486 Baptisma
1395 456 1486 479 autem
1502 452 1524 479 si
1542 459 1599 479 non
1611 456 1668 485 est,
1686 459 1737 479 nec
1750 454 1798 480 erit

171 497 232 524 dico
248 501 339 525 autem
353 497 386 524 de
400 505 444 530 eo,
466 497 512 532 qui
537 505 569 525 ex
594 497 677 524 Maria
702 496 789 524 factus
808 497 955 524 est'homo.
1008 494 1131 525 remissio
1143 501 1326 532 peccatorum;
1340 497 1385 524 sed
1400 497 1428 537 ip
1440 497 1499 524 suis
1511 497 1633 532 peccatis
1648 499 1796 532 unusquis-

171 543 242 576 Quid
259 543 353 570 enim?
366 551 419 570 non
433 547 589 578 poteramus
600 548 626 570 et
639 551 689 570 nos
712 543 797 570 multo
810 543 917 570 facilius
931 547 957 571 et
1006 550 1059 578 que
1083 543 1222 570 morietur.
1240 541 1332 569 Manes
1350 542 1419 569 dixit
1431 551 1441 569 :
1452 542 1525 577 Ergo
1537 543 1676 577 baptisma
1690 549 1796 578 propter

171 589 253 616 latius
269 589 321 616 ista
341 589 475 616 narrare?
487 589 538 616 Sed
554 589 624 616 absit
641 593 697 616 uta
715 589 827 616 veritate
840 589 956 617 decline-
1007 588 1194 616 remissionem
1219 593 1390 623 peccatorum
1415 588 1514 616 datur?
1534 588 1684 616 Archelaus
1709 590 1795 617 dixit:

171 639 233 659 mus
251 632 306 659 iota
328 640 424 666 unum,
445 637 596 670 autlunum
619 634 734 668 apicem.
751 633 798 660 Est
818 634 890 661 enim
909 634 956 669 qui
1006 632 1104 660 Etiam.
1124 633 1214 660 Manes
1235 633 1303 659 dixit
1317 641 1326 659 :
1348 632 1418 668 Ergo
1433 634 1557 668 peccavit
1573 633 1718 667 Christus,
1735 636 1795 669 quia

170 677 203 704 de
217 677 301 704 Maria
313 682 394 706 natus
408 682 450 706 est
467 678 562 712 Filius,
580 679 626 713 qui
643 684 728 706 totum
753 679 804 706 hoc
826 687 880 714 quo
898 679 954 714 (78)
1006 678 1158 714 baptizatus
1174 679 1234 707 est?
1250 678 1394 706 Archelaus
1409 680 1478 706 dixit
1491 688 1501 706 :
1514 680 1607 714 Absit;
1623 680 1693 715 quin
1709 681 1794 715 potius

170 730 299 758 magnum
318 728 360 750 est
380 723 466 751 voluit
482 723 602 758 perferre
624 729 771 756 certamen,
796 723 886 751 Jesus.
907 723 955 752 ilic
1005 731 1054 758 pro
1071 724 1148 752 nobis
1164 729 1304 760 peccatum
1325 725 1412 752 iactus
1431 731 1484 757 est,
1508 730 1602 753 nostra
1622 731 1738 760 peccata
1753 735 1793 753 su-

169 773 211 796 est
223 769 348 797 Christus
363 769 420 802 Dei,
446 770 493 805 qui
514 769 653 797 descendit
674 777 755 804 super
770 777 832 797 eum
853 770 900 804 qui
921 770 955 797 de
1005 770 1123 805 scipiens
1135 771 1157 786 ‘°
1168 780 1174 804 ;
1186 776 1296 806 propter
1307 771 1364 807 (80)
1380 771 1454 806 quod
1469 779 1503 799 ex
1517 771 1633 798 muliere
1650 777 1734 799 natus
1745 777 1792 803 est,

169 815 253 843 Maria
277 820 328 844 est.
352 815 430 849 Quod
455 816 478 843 si
503 823 557 842 non
584 815 671 843 credis
698 824 785 850 neque
810 816 867 843 voci
895 823 955 850 quae
972 848 989 852 _
1004 819 1031 842 et
1050 820 1158 850 propter
1173 816 1244 851 quod
1260 817 1293 843 ad
1310 817 1442 852 baptisma
1460 817 1545 850 venit,
1557 821 1588 843 ut
1607 817 1692 851 hpjus
1712 818 1793 852 partis

169 863 277 890 caelitus
290 861 361 890 facta
377 857 436 895 est,
456 863 629 889 temerarium
647 848 756 898 aliquod
782 864 838 897 ipse
854 848 954 898 produ-
969 848 991 874 Β
1005 848 1155 895 perciperet
1169 848 1395 895 puriﬁcationem,
1412 865 1442 888 ut
1463 848 1596 896 Spiritum
1610 848 1661 897 qui
1679 848 1792 889 descen-

169 908 226 942 cis;
243 913 280 940 et,
299 908 323 936 si
347 908 458 940 dixeris,
486 916 566 935 nemo
590 909 691 936 credet.
715 908 810 936 Statim
834 909 906 935 enim
927 909 954 935 in
1004 905 1080 933 derat
1095 906 1122 932 in
1143 906 1233 941 specie
1249 907 1394 941 columhm,
1413 915 1512 942 corpus
1527 907 1601 942 quod
1622 912 1791 942 susceperat.

168 955 307 982 desertum
317 961 333 982 a
344 954 440 989 spiritu
452 954 549 982 ductus
569 959 609 982 est
630 953 718 985 Jesus,
732 959 761 982 ut
777 959 925 981 tentaretur
939 963 954 982 a
1004 956 1110 986 portare
1125 953 1220 986 possit.

168 1000 287 1034 diabolo,
307 1008 388 1035 quem
402 1008 464 1028 cum
482 999 607 1027 diabolus
630 1000 774 1036 ignoraret,
790 1000 895 1028 dicebat
908 1000 952 1027 ei:
1040 998 1082 1025 LI.
1103 998 1165 1026 Haec
1188 1007 1249 1027 cum
1265 999 1376 1027 dixisset
1389 999 1551 1033 Archelaus,
1564 1001 1711 1028 admirata:
1733 1006 1791 1028 sunt

171 1056 181 1074 ι
198 1047 226 1074 Si
245 1046 330 1074 Filius
351 1054 382 1074 es
404 1045 452 1074 Dei
477 1046 508 1074 ⁸⁷.
531 1056 540 1072 ι
563 1046 705 1081 lgnorabat
734 1051 824 1074 autem
847 1052 954 1082 propter
1004 1045 1090 1072 turba:
1103 1045 1243 1072 veritatem
1259 1046 1388 1073 doctrina:
1402 1046 1474 1080 ejus,
1488 1050 1515 1073 et
1530 1046 1627 1073 laudes
1641 1046 1668 1073 ci
1684 1046 1790 1073 immen-

169 1092 233 1126 quid
251 1092 390 1127 genuisset
407 1091 505 1119 Filium
523 1092 581 1124 Dei,
596 1093 643 1127 qui
660 1092 822 1127 praedicabat
839 1101 952 1128 regnum
1004 1097 1048 1117 Sas
1063 1097 1126 1117 cum
1141 1091 1306 1118 clamoribus
1324 1091 1517 1121 reddiderunt;
1537 1091 1573 1118 ita
1594 1096 1623 1118 ut
1637 1092 1715 1118 omni
1738 1097 1789 1119 stu-

169 1138 312 1170 cmlorum,
327 1138 400 1173 quod
413 1142 472 1165 erat
487 1137 542 1172 (79)
555 1138 740 1165 habitaculum
753 1146 890 1173 magnum,
904 1146 952 1166 nec
1003 1136 1049 1162 dio
1065 1142 1230 1164 conarentur
1241 1157 1249 1169 ,
1275 1141 1302 1163 et
1321 1137 1376 1171 (8|)
1405 1137 1473 1163 ultra
1499 1137 1523 1163 ei
1548 1145 1602 1164 non
1616 1137 1742 1164 sinerent
1758 1137 1790 1164 ad

168 1184 202 1210 ab
219 1183 273 1210 ullo
297 1183 350 1211 alio
369 1183 460 1218 parari
485 1183 640 1217 potuisset:
657 1184 728 1211 unde
751 1183 846 1211 amxus
865 1184 950 1217 cruci,
1003 1181 1112 1216 propria
1140 1188 1259 1207 remeare
1285 1189 1291 1207 ί
1321 1184 1347 1207 et
1372 1184 1437 1208 tunc
1458 1181 1568 1215 quidem
1591 1181 1788 1209 discesserunt.

167 1237 229 1259 cum
246 1229 440 1256 resurrexisset
455 1229 488 1256 ab
504 1228 609 1261 inferis,
635 1234 791 1264 assumptus
816 1234 857 1256 est
875 1229 948 1262 illuc,
1002 1226 1101 1253 Postea
1117 1234 1190 1256 VeI‘O.
1206 1226 1376 1261 congregatis
1389 1226 1600 1257 eis,Archclaus
1614 1228 1789 1262 acquiescere

167 1274 212 1301 ubi
229 1274 353 1301 Christus
366 1273 453 1300 Filius
473 1273 519 1300 Dei
533 1273 677 1308 regnabat;
696 1279 725 1301 ut
742 1282 803 1302 cum
815 1274 950 1309 judicium
1002 1273 1064 1305 sibi,
1082 1278 1162 1307 atque
1175 1273 1269 1299 audire
1290 1272 1403 1299 verbum
1417 1273 1548 1299 suadebat
1561 1282 1568 1299 :
1583 1281 1638 1299 non
1650 1273 1724 1300 enim
1741 1274 1788 1300 soli

167 1320 265 1347 habere
278 1320 400 1354 coeperit,
422 1319 449 1346 hi
474 1320 520 1354 qui
547 1319 739 1354 ignoravcrunt
755 1329 826 1354 eum,
842 1322 950 1348 videant
1000 1319 1046 1353 qui
1059 1326 1120 1346 cum
1139 1317 1256 1344 Diodoro
1268 1323 1356 1350 erant,
1371 1316 1520 1344 audiebant
1532 1325 1596 1344 eum
1607 1339 1614 1350 ,
1632 1318 1680 1346 sed
1695 1326 1788 1346 omnes

166 1374 247 1401 quem
263 1367 518 1401 eompunxerunt".
533 1366 567 1394 Ut
580 1371 668 1394 autem
682 1367 858 1399 credas,cum
871 1368 950 1395 disci~
1000 1365 1154 1399 quicunque
1171 1371 1205 1390 cx
1220 1362 1361 1398 provincia
1378 1362 1438 1397 ejus
1459 1364 1575 1390 aderant
1597 1368 1682 1398 atque
1698 1372 1732 1391 ex
1752 1365 1787 1391 ri-

166 1412 223 1446 puli
238 1412 297 1446 ejus
312 1419 359 1446 per
379 1419 480 1438 annum
504 1411 637 1446 integrant
658 1417 817 1439 manserunt
828 1420 889 1440 cum
904 1420 947 1446 eo,
999 1410 1068 1438 cinis
1091 1409 1176 1442 locis;
1201 1408 1327 1443 factoque
1343 1408 1470 1441 silentio,
1488 1409 1540 1436 hoc
1562 1411 1648 1437 modo
1665 1411 1699 1437 de
1713 1410 1787 1437 Mane

165 1465 250 1492 quare
270 1457 360 1484 nullus
379 1457 501 1492 ipsorum
522 1458 637 1492 procidit
655 1465 736 1493 super
749 1458 844 1486 [aciem
858 1467 946 1493 suam,
1000 1456 1090 1483 dicere
1104 1462 1244 1490 aggressus
1259 1459 1300 1482 est
1311 1463 1316 1480 :
1328 1453 1451 1487 Qualiter
1465 1463 1493 1481 se
1502 1455 1614 1489 quidem
1627 1455 1729 1483 habeat
1742 1463 1785 1482 no-

166 1504 237 1531 sicut
259 1504 340 1538 paulo
365 1508 428 1531 ante
453 1503 573 1536 dicebas,
599 1505 645 1532 sed
669 1505 695 1531 in
719 1513 770 1532 una
793 1506 858 1534 hora
884 1506 946 1538 illa,
964 1520 983 1548 ο
1001 1505 1057 1528 stra
1074 1500 1196 1528 doctrina
1213 1499 1346 1532 audistis,
1361 1504 1387 1526 et
1406 1499 1466 1526 lidci
1484 1504 1585 1526 nostra:
1600 1501 1784 1535 experimenta

165 1550 274 1585 quando
290 1550 362 1577 sicut
383 1550 424 1577 sol
447 1550 609 1584 rcsplenduit
636 1551 726 1578 vultus
754 1551 830 1586 ejus?
857 1551 901 1579 ΝΟ]

1047 1546 1138 1580 pistis;
1166 1550 1249 1580 prout
1271 1545 1346 1580 potui
1361 1546 1434 1572 enim
1450 1545 1602 1580 intelligere
1617 1546 1783 1581 Scriptum.

166 1601 274 1631 propter
296 1597 480 1623 habitaculum
506 1597 587 1629 illud,
609 1597 681 1632 quod
705 1605 739 1624 ex
757 1597 840 1625 Maria
863 1598 902 1625 fut

1048 1600 1092 1618 am
1108 1591 1235 1619 omnibus
1254 1592 1332 1618 vobis
1345 1591 1469 1626 exposui.
1495 1591 1547 1618 Sed
1562 1600 1637 1619 nunc
1654 1594 1783 1628 paucissi-

164 1643 310 1670 eiiecturn?
326 1642 401 1670 Sicut
417 1643 487 1670 enim
503 1641 634 1670 Paracleti
651 1645 755 1678 pondus
772 1645 862 1671 nullus
878 1645 949 1671 alius
999 1645 1041 1664 me
1057 1637 1114 1672 (8'2)
1131 1637 1221 1664 dicere
1237 1637 1370 1663 νοιεηῑεηι
1384 1636 1524 1671 deprecor:
1554 1641 1585 1664 ¹¹ῑ
1597 1645 1664 1664 cum
1679 1639 1784 1666 ⁵ί¹⁰η¹Ῑ⁰

165 1687 248 1714 valuit
264 1687 408 1720 sustinere,
425 1687 476 1714 nisi
495 1687 546 1714 soli
563 1687 700 1721 discipuli,
717 1692 744 1715 et
764 1687 864 1715 Paulus
886 1689 901 1715 b

1047 1683 1170 1716 liatis;ut
1181 1682 1346 1717 agnoscatis,
1362 1682 1410 1717 qui
1423 1682 1458 1708 sit
1473 1687 1499 1709 et
1515 1683 1587 1710 unde
1599 1689 1626 1710 ct
1646 1685 1739 1718 qualis
1753 1685 1783 1711 sit

164 1738 224 1766 tus;
241 1733 278 1760 ita
290 1733 371 1760 etiam
389 1733 519 1768 spiritum
541 1733 587 1768 qui
609 1734 642 1760 de
663 1733 741 1760 malis
760 1733 946 1768 descenderat,
998 1729 1048 1756 iste
1061 1748 1068 1761 ,
1095 1729 1141 1763 qui
1165 1728 1291 1760 advertit,
1307 1729 1378 1755 sicut
1402 1727 1521 1755 Sisinius
1536 1729 1649 1763 quidam
1668 1738 1741 1757 unus
1753 1738 1783 1756 ex

165 1787 212 1813 μυι-
232 1786 312 1813 quem
336 1785 388 1805 νοι
410 1777 524 1806 paterna
548 1783 662 1806 tegimur
681 1779 795 1806 dicens;
813 1788 821 1804 ι
840 1778 889 1806 Hic
906 1785 947 1808 εει
996 1774 1143 1802 comitibus
1168 1774 1227 1809 ejus
1249 1773 1378 1801 indicavit
1391 1774 1470 1807 mihi,
1483 1781 1565 1808 quem
1581 1775 1665 1802 etiam
1680 1776 1738 1810 (85)
1753 1776 1783 1802 ad

164 1824 250 1851 Filius
268 1831 345 1851 meus
361 1824 475 1851 dilectus
488 1825 519 1856 ",
535 1833 545 1850 ι
567 1824 657 1851 nullus
671 1824 739 1852 alius
758 1830 865 1859 portare
879 1834 946 1860 prre-
997 1821 1183 1848 ῑεεῑὶῐιιυιιὶαῐη
1207 1828 1302 1848 eorum
1320 1828 1380 1854 (ιυεε
1393 1828 1407 1847 ³
1424 1829 1468 1847 me
1481 1820 1616 1853 dicentur,
1643 1822 1666 1848 si
1688 1822 1782 1856 placet.

163 1870 260 1903 valuit,
276 1870 328 1897 nisi
351 1871 397 1904 qui
419 1877 451 1896 ex
476 1869 558 1896 Maria
576 1875 655 1898 natus
677 1875 728 1902 cst,
750 1879 831 1905 super
852 1879 946 1899 omnes
995 1873 1093 1893 vocare
1107 1870 1216 1901 paratus
1234 1874 1305 1894 sum.
1327 1866 1381 1893 Sed
1394 1874 1428 1894 ne
1442 1867 1500 1902 ipse
1511 1867 1622 1902 quidem
1637 1868 1732 1895 dicere
1748 1876 1774 1894 re

163 1921 272 1944 sanctos
283 1915 372 1944 Jesus.
386 1916 439 1944 Sed
453 1921 479 1944 et
490 1917 522 1943 ad
536 1917 593 1943 haec
606 1925 665 1951 qua:
678 1917 787 1950 objicio,
801 1925 897 1952 respon

1048 1912 1102 1939 avit
1115 1912 1172 1947 (8i)
1187 1912 1280 1939 cadent
1300 1920 1360 1946 quae
1373 1920 1423 1939 nos
1437 1913 1564 1946 dicimus,
1581 1918 1719 1948 praesente
1732 1913 1783 1940 Ma-

164 1962 194 1990 Si
209 1962 301 1989 habitu
315 1970 376 1990 eum
394 1967 421 1990 et
436 1963 525 1997 specie
541 1963 609 1989 dicis
629 1971 688 1990 esse
711 1963 857 1995 hominem,
875 1972 900 1997 (μ

1072 1957 1187 1985 credidit
1214 1957 1286 1985 enim
1307 1957 1439 1985 doctrinae
1464 1963 1565 1986 nostra:
1588 1960 1780 1993 supradictus,

163 2007 244 2034 tnodo
260 2007 294 2034 ab
313 2007 354 2034 his
367 2007 414 2042 qui
429 2015 462 2034 ex
477 2007 535 2034 viro
547 2011 574 2033 ct
586 2007 697 2034 muliere
713 2008 769 2034 nati
787 2013 859 2039 sunt,
874 2007 945 2034 Pha-
995 2005 1064 2031 sicut
1080 2009 1106 2031 et
1121 2004 1191 2039 apud
1208 2011 1251 2031 me
1266 2004 1335 2032 alius
1348 2003 1441 2031 Turbo
1457 2005 1578 2032 nomine.
1603 2004 1780 2039 Quaecunque

162 2052 259 2086 t'isaais,
276 2053 361 2080 teneri
377 2053 476 2087 potuit,
492 2057 519 2079 et
533 2053 566 2079 ad
579 2052 712 2087 judicium
728 2053 864 2088 protrahi;
879 2061 940 2080 cum
994 2058 1058 2085 ergo
1083 2050 1227 2077 contestati
1244 2056 1307 2077 sunt
1322 2050 1399 2083 mihi,
1417 2050 1464 2078 sed
1485 2055 1511 2077 et
1525 2058 1555 2078 ea
1578 2059 1642 2085 quae
1664 2059 1717 2078 nos
1736 2051 1782 2086 ιι)ξί

161 2098 301 2133 spirituale
316 2105 414 2133 corpus
427 2105 441 2125 a
456 2099 638 2126 crassioribus
655 2099 815 2133 corporibus
828 2107 882 2125 non
897 2107 942 2125 va-
994 2096 1219 2131 deprchetnlimus
1237 2096 1264 2123 in
1278 2097 1329 2123 hoc
1346 2097 1414 2128 viro,
1432 2104 1485 2123 non
1501 2096 1601 2123 faciam
1614 2097 1702 2124 latere
1717 2106 1781 2124 cou-

161 2144 215 2170 icat
227 2144 438 2178 00mprchendi?
452 2144 529 2177 Quod
551 2145 573 2172 si
596 2145 678 2171 habes
699 2145 799 2179 aliquid
815 2145 886 2179 quod
909 2145 942 2172 ad
995 2143 1134 2169 scientiam
1152 2146 1280 2169 vestram.
1299 2140 1375 2169 Tunc
1388 2150 1452 2168 vero
1464 2142 1551 2168 turba:
1563 2149 1596 2168 eo
1606 2142 1730 2176 amplius
1745 2143 1780 2168 in-

160 2189 272 2216 verbum
288 2194 367 2224 atque
378 2190 411 2217 ad
426 2191 596 2224 propositum
610 2190 784 2225 respondeas,
807 2191 853 2224 qui
871 2199 941 2217 nun-
955 2191 980 2220 Ι)
993 2189 1091 2220 citatze,
1108 2192 1276 2222 congregata:
1289 2192 1352 2214 sunt
1366 2188 1399 2214 ad
1418 2186 1586 2214 audiendum
1598 2187 1778 2219 Archelaum;

160 2242 241 2269 quam
268 2235 301 2262 ad
324 2237 461 2270 proposita
477 2235 653 2270 respondisti,
674 2243 763 2270 perge,
783 2244 892 2270 qurcso,
913 2241 940 2263 et
991 2238 1090 2264 etenim
1106 2245 1136 2264 ea
1151 2245 1210 2271 quze
1224 2236 1257 2263 ab
1269 2244 1302 2264 eo
1314 2236 1484 2267 dicebantur,
1494 2235 1643 2270 plurimam
1656 2236 1697 2263 eis
1710 2236 1779 2262 oble-

161 2281 290 2315 pugillum
305 2281 413 2316 plenum
430 2282 496 2309 solis
513 2282 579 2308 mihi
592 2281 667 2313 adcr,
687 2287 734 2308 aut
750 2282 868 2309 modium
883 2283 939 2316 pic-
993 2282 1146 2318 elationem
1154 2282 1324 2316 pra-hebant;
1341 2286 1451 2316 propter
1467 2280 1542 2315 quod
1555 2285 1583 2306 et
1596 2281 1722 2308 certatim
1735 2281 1779 2307 ad-

160 2325 244 2352 num?
258 2325 316 2360 Ipse
330 2333 392 2353 vero
407 2326 448 2353 sol
463 2333 512 2360 pro
526 2333 559 2353 co
576 2326 648 2360 quod
663 2327 811 2354 subtilioris
825 2332 867 2354 est
878 2335 938 2354 cor-
993 2329 1169 2355 hortabantur
1184 2336 1245 2354 eum
1259 2328 1349 2354 dicere
1362 2334 1533 2361 quatcunquc
1549 2327 1643 2358 vellet,
1653 2335 1778 2362 quaecun-

195 2407 216 2421 ¹⁸
235 2405 334 2440 Philip.
354 2413 383 2438 ll,
399 2405 424 2432 7.
464 2407 483 2422 "
503 2406 596 2434 Matth.
623 2417 659 2440 tv,
687 2408 712 2435 l.
766 2409 787 2424 "
805 2408 902 2437 Joann.
925 2419 931 2437 ι

936 2419 988 2444 LIX,
1013 2411 1058 2438 57.
1108 2412 1128 2427 "
1156 2410 1248 2438 Matth.
1268 2419 1308 2443 Ill,
1330 2410 1371 2437 Π,
1426 2410 1448 2425 ³³
1470 2409 1490 2436 ll
1503 2410 1569 2437 Cor.
1584 2418 1610 2441 v,
1625 2410 1672 2436 2i.

192 2486 248 2525 (2.3)
268 2485 358 2525 forte,
373 2487 478 2525 «quod.
497 2497 506 2512 ι
642 2524 645 2525 ν
764 2523 768 2525 Α

1040 2490 1082 2525 81)
1105 2489 1136 2516 Et
1152 2490 1195 2516 hic
1211 2489 1353 2524 particula,
1373 2493 1439 2525 cel,
1459 2498 1468 2513 ι
1485 2489 1562 2516 deest
1580 2489 1719 2525 inrcodice
1732 2488 1776 2516 Ca-

194 2521 249 2555 (79)
270 2521 370 2559 Locum
391 2522 462 2559 hunc
479 2527 571 2549 nostra
587 2524 743 2559 conjectura
763 2523 799 2551 ita
816 2525 936 2551 corrcxi~
991 2521 1093 2552 sin‘cnsi
1105 2546 1111 2557 ,
1128 2521 1314 2559 quam—tamen
1329 2524 1462 2550 orationis
1475 2525 1562 2551 series
1578 2524 1719 2551 evidenter
1735 2533 1776 2551 et-

155 2563 229 2594 nius.
247 2561 276 2594 ut
290 2556 387 2594 aliquis
402 2557 463 2594 inde
477 2564 574 2585 sensus
588 2556 744 2591 elicerctur;
763 2567 824 2586 nam
840 2560 866 2585 in
880 2559 917 2586 Ca
927 2574 934 2579 -
988 2560 1085 2594 poscit.

155 2590 390 2628 sinensis‘codicis
402 2592 515 2628 lectione
531 2600 626 2627 magna
640 2590 791 2620 obscuritas
803 2602 834 2620 ex
853 2595 934 2621 libra-
988 2590 997 2594 ’
1023 2595 1079 2628 (8‘2)
1100 2593 1191 2624 Forte,
1209 2603 1218 2618 ι
1238 2593 1412 2627 paucissima.
1435 2602 1443 2617 ι

155 2625 187 2664 ιιι
204 2626 340 2653 erroribus
356 2632 466 2659 exorta;
481 2627 524 2664 qsic
538 2625 609 2654 enim
630 2629 759 2664 seghabet
774 2639 780 2655 :
800 2639 807 2653 ι
824 2630 935 2664 ignora-
1024 2625 1079 2663 [85)
1097 2629 1187 2655 Codex
1201 2625 1357 2654 Cakiuenms
1372 2628 1448 2664 nullo
1464 2627 1671 2664 sensurhabetj
1685 2637 1694 2653 ι
1718 2627 1776 2654 Sisi-

155 2659 204 2698 bat
217 2665 306 2686 autem
321 2666 429 2698 propter
442 2662 487 2695 qui
502 2663 639 2696 genuisset
655 2662 752 2690 Filium
772 2664 817 2690 Dei
835 2659 933 2698 prmdi-
990 2659 1053 2690 nius
1068 2659 1177 2698 quidam
1194 2671 1242 2689 vos
1258 2671 1288 2690 ex
1308 2663 1456 2690 comitibus
1474 2663 1537 2693 cius
1554 2663 1686 2690 indicavit
1704 2664 1774 2694 mihi,

155 2694 517 2734 cabatrcgnumq'cmlnorum',
530 2698 576 2734 qui
591 2703 658 2729 erat,
675 2703 751 2734 tete.
835 2694 842 2698 ’
987 2707 1047 2734 qua-
1059 2694 1138 2734 etiam
1158 2708 1166 2723 ι
1182 2703 1234 2724 etc.

194 2729 249 2762 (80)
269 2729 298 2756 In
310 2732 403 2758 codice
418 2729 637 2767 Casinensi,quo
653 2733 693 2759 usi
709 2741 821 2766 sumus,
839 2736 935 2761 adver-
996 2729 1003 2734 ’
1023 2734 1078 2767 (84)
1100 2733 1131 2759 Ει
1149 2734 1191 2760 hic
1210 2732 1415 2766 cinctulavimus
1436 2732 1544 2759 codicis
1564 2732 1725 2760 Casinensis
1740 2732 1773 2758 Ie-

157 2763 231 2802 hilltn
258 2770 398 2803 [propter
426 2776 435 2791 ι
460 2763 638 2803 desiderat-ur,
663 2769 709 2794 sed
740 2763 932 2795 i!lud'librarii
988 2763 1115 2799 ctionem,
1133 2769 1169 2794 ita
1185 2776 1213 2794 se
1230 2764 1389 2794 habentem:
1409 2776 1418 2792 ι
1437 2768 1496 2801 ipse
1508 2768 1622 2802 quidem
1638 2776 1679 2795 me
1690 2769 1772 2794 dicen!

157 2801 298 2859 ulscita‘ntia
323 2801 453 2828 omissum
471 2801 554 2830 fuisse
569 2803 707 2837 sequentia
733 2804 803 2831 clare
825 2804 893 2831 denu

157 2842 170 2859 s
186 2841 231 2859 Ian
246 2853 252 2859 .

487 2802 554 2830 uisse
569 2803 707 2837 sequentia
733 2804 803 2831 clare
825 2804 935 2831 dcmon-
989 2804 1133 2836 recusavit,
1147 2813 1156 2828 ι
1175 2808 1223 2830 ctc.
