1865 3042
95 118 154 146 €317

628 122 703 151 CUM
719 122 858 150 ΜΑΝΕΤΕ
878 122 1145 151 ΠιΕΙιΕδιΑιιΕΗΑ.

1630 124 1699 152 1518

94 187 143 214 que
164 180 288 213 sentiret;
312 185 419 215 paratos
443 189 472 209 se
497 188 556 208 esse
580 181 613 208 ad
638 182 814 211 audiendum.
841 185 904 213 etA
919 187 948 209 ut
969 187 995 210 et
1015 183 1061 209 alii
1076 190 1170 209 omnes
1198 183 1279 217 hujus
1305 183 1440 217 dogmatis
1462 187 1609 210 sectatores
1628 191 1634 208 :
1652 182 1699 217 qui

94 231 172 259 usque
192 224 224 250 ad
248 232 389 258 vesperum
408 233 576 259 permanere,
591 226 673 253 etiam
688 226 810 254 accensis
824 227 862 253 lu-

93 271 212 304 minibus,
231 271 449 306 pollicebantur:
468 280 584 307 quorum
606 273 779 300 animositate
795 273 862 300 inci-

93 321 158 344 tatus
182 317 331 344 Archelaus
356 325 416 345 cum
434 318 508 346 omni
528 318 628 344 ﬁducia
641 318 731 345 dicere
750 325 863 346 exorsus

92 365 132 388 est
147 371 152 388 :
167 361 219 389 Viri
249 361 362 392 fratres.
396 363 549 398 superiores
574 363 681 397 quidem
699 371 796 391 causas
817 363 865 390 Dos

92 408 154 434 mini
169 408 217 434 mei
234 407 297 435 Jesu
314 408 442 441 audistis;
469 408 531 435 dico
554 413 644 435 autem
666 416 730 441 eas,
754 417 814 443 qua:
831 415 863 435 ex

92 453 147 487 lege
157 456 181 479 et
196 453 334 487 prophetis
348 453 522 487 judicantur;
541 453 683 480 inferiores
701 461 764 481 vero
774 453 865 480 Domi-

93 497 120 523 ni
136 498 183 524 mei
196 497 259 525 Jesu
276 498 376 525 Christi
407 497 555 525 Salvatoris
577 497 663 525 nostri
681 506 733 525 non
757 498 865 532 ignora-

90 543 134 570 tis.
150 543 197 570 Sed
211 544 274 578 quid
293 544 368 577 plura
378 544 388 570 ’ἓ
412 544 543 578 Appellati
558 551 654 571 sumus
669 551 702 570 ex
717 542 864 570 Salvatoris

90 589 218 616 desiderio
229 589 388 621 Christiani,
403 590 474 616 sicut
487 590 630 617 universus
645 589 719 616 orbis
732 593 863 616 terrarunt

91 634 268 661 testimonium
283 635 415 669 perhibet,
432 639 512 669 atque
531 635 646 669 apostoli
659 634 789 667 edocent;
818 634 865 660 sed

90 684 117 706 et
134 680 246 714 optimus
263 680 427 707 architectus
441 681 509 714 ejus,
526 681 729 708 fundamentum
746 680 801 716 (85)
817 687 865 707 no-

89 730 183 758 strum,
199 725 226 752 id
240 730 281 752 est
293 724 435 756 Ecclesiae,
459 725 559 753 Paulus
575 726 665 760 posuit
678 727 698 741 ²¹
710 747 718 758 ,
737 731 763 753 et
779 726 864 760 legem

89 768 210 802 tradidit,
229 770 361 797 ordinatis
373 770 429 806 (86)
444 770 586 804 ministris,
604 776 630 798 et
652 772 825 807 presbyteris,
840 778 866 800 et

89 815 220 850 episcopis
234 815 259 842 in
273 823 303 843 ea
315 836 322 848 ,
342 815 499 844 describens
523 825 570 851 per
585 817 641 844 loca
655 818 758 852 singula
770 839 777 850 ,
796 827 865 854 quo-

88 861 168 888 modo
181 865 206 888 et
220 861 335 896 qualiter
350 867 473 896 oporteat
490 863 629 890 ministros
646 863 690 891 Dei
703 885 709 894 .
733 865 827 899 quales
840 870 865 892 et

90 907 203 941 qualiter
218 907 276 934 ﬁeri
293 908 473 943 presbyteros,
498 909 645 944 qualesque
668 918 729 937 esse
752 911 865 938 debeant

87 953 136 987 qui
157 952 339 987 episcopatum
355 953 526 987 desiderant;
554 962 614 989 qua:
629 955 719 982 omnia
736 956 803 983 bene
816 964 865 983 no-

90 997 134 1025 bis
149 1003 173 1025 et
187 1003 256 1026 recte
268 999 408 1033 disposita,
425 1007 512 1033 usque
526 1000 553 1026 in
570 1000 740 1033 hodiernum,
764 1006 864 1029 statum

90 1051 169 1071 suum
184 1045 340 1072 custodiunt
353 1065 360 1076 ,
377 1049 404 1072 et
417 1050 556 1079 permanet
573 1046 643 1081 apud
659 1054 709 1073 nos
724 1046 806 1080 hujus
823 1055 865 1074 re-

84 1090 156 1124 gulae
171 1090 321 1124 disciplina.
339 1090 420 1118 Istius
436 1099 499 1119 vero
515 1092 562 1126 qui
575 1099 648 1119 nunc
661 1093 740 1120 nobis
754 1101 786 1120 ex
798 1092 864 1120 Per-

87 1144 179 1163 sarum
195 1137 332 1171 provincia
353 1136 492 1169 ebullivit,
517 1137 608 1164 Manes
623 1138 743 1170 nomine,
768 1138 864 1172 advcr;

86 1191 148 1210 sunt
172 1191 250 1218 quem
273 1183 339 1210 mihi
360 1183 506 1218 disputatio
524 1183 580 1218 jant
595 1184 715 1210 secundo
731 1188 864 1211 commota

84 1234 138 1262 est,
155 1237 237 1264 genus
253 1230 329 1256 vobis
345 1230 444 1262 dicam,
471 1234 497 1256 et
512 1234 615 1262 totunt;
644 1230 689 1256 sed
703 1234 730 1257 et
744 1230 865 1258 doctrina

84 1275 146 1310 ejus
163 1276 231 1303 uttde
244 1275 400 1308 descendat,
415 1275 581 1302 lucidissime
592 1275 794 1303 demonstrabo.
813 1277 866 1304 Iste

83 1330 140 1349 non
155 1328 196 1350 est
212 1322 315 1357 primus
331 1326 425 1349 auctor
443 1322 629 1356 hujuscemodi
651 1322 797 1355 doctrinte,
816 1330 866 1350 nec

85 1369 179 1401 solus;
198 1369 244 1396 sed
257 1369 364 1403 quidam
377 1375 410 1395 ex
427 1367 548 1403 Scythia,
564 1367 728 1403 Scythianus
744 1367 799 1402 (87)
814 1375 864 1395 no-

85 1414 169 1446 mine,
188 1411 380 1448 apostolorum‘
390 1419 508 1448 tcmpore
521 1413 571 1441 fuit
586 1418 665 1441 secta:
680 1414 760 1448 hujus
772 1418 865 1441 auctor

83 1465 112 1486 et
127 1460 260 1494 princeps,
277 1460 348 1487 sicut
363 1465 389 1486 et
402 1460 512 1486 fuerunt
526 1463 553 1486 et
570 1460 647 1486 multi
664 1460 709 1486 alii
724 1464 863 1494 apostatm,

81 1505 132 1540 qui
148 1505 278 1539 primatus
295 1505 345 1531 sibi
361 1505 498 1532 vindicare
514 1506 664 1540 cupientes,
676 1505 743 1532 falsa
756 1513 803 1539 pro
817 1514 863 1533 ve-
879 1521 899 1549 ε

80 1552 124 1579 ris
141 1552 360 1586 conscripserunt
386 1551 461 1586 (88),
488 1552 667 1586 simpliciores
690 1559 813 1586 quosque
830 1552 863 1578 ad

80 1603 162 1624 suam
186 1596 323 1623 libidinem
341 1601 539 1631 pervertentes;
565 1604 681 1631 quorum
704 1597 812 1623 nomina
838 1601 864 1623 et.

79 1642 209 1677 perﬁdias
232 1642 322 1669 dicere
344 1650 418 1670 nunc
437 1646 542 1677 tempus
564 1650 618 1669 non
634 1642 708 1669 sinit.
740 1642 789 1670 llic
803 1650 866 1678 ergo

81 1685 251 1720 Scythiauus
272 1686 426 1713 dualitatem
454 1687 534 1714 istaut
554 1687 700 1714 introducit
720 1687 775 1722 (89)
802 1695 866 1714 con-

78 1731 195 1758 trariam
214 1732 283 1764 sibi;
306 1732 377 1767 quod
400 1732 456 1766 ipse
475 1741 488 1758 a
505 1732 655 1767 Pythagora
667 1734 795 1768 suscepit,
812 1742 864 1761 s.c-

118 1788 140 1803 ¹¹
155 1785 282 1818 lCor.m.
294 1788 336 1815 10.

118 1845 176 1880 (85‘)
195 1845 287 1882 Codex
304 1845 462 1882 Casineusis
479 1856 485 1873 :
507 1857 515 1871 σ
533 1846 584 1874 Sed
601 1852 626 1874 et
641 1848 758 1882 optimos
777 1850 865 1876 archi-

78 1886 171 1907 tectos
197 1881 221 1907 ei
246 1880 469 1916 fundamentum,
491 1892 499 1907 ι
516 1882 594 1916 cujus
617 1880 787 1910 manifestam
803 1892 865 1911 cor-

75 1916 237 1950 tuptiouem
254 1915 359 1942 modica
374 1917 524 1943 tnutatione.
539 1918 709 1944 sustulimus.

118 1950 176 1985 (86)
197 1949 284 1977 Locus
299 1951 434 1978 notandus
449 1951 482 1977 de
498 1952 655 1979 hicrarchia:
673 1953 866 1982 ecclesiastica)

74 1987 179 2012 ordine
188 1985 222 2012 ab
233 1984 361 2023 apostolis
375 1987 509 2013 instituto.
529 1986 676 2021 Episcopus
689 1993 789 2018 autent,
805 1997 866 2023 pre-

74 2023 208 2056 sbyteros
224 2026 251 2056 et
267 2020 406 2048 ntinistros
432 2025 537 2048 tantum
554 2020 676 2048 nominat
693 2020 841 2051 Archelaus
855 2033 862 2056 ;

72 2055 153 2090 quod
179 2055 385 2087 ministroruut,
413 2056 464 2083 hoc
486 2061 528 2084 est
555 2057 731 2084 diaconorum
756 2055 865 2086 nomine

74 2098 179 2127 prnnes
207 2090 277 2116 inira
302 2091 516 2127 presbyteratunt
543 2092 651 2118 ordines
681 2093 862 2127 antiquissimi

72 2126 179 2153 Patres
205 2126 433 2159 comprehendere
459 2127 649 2153 consueverint
668 2136 674 2153 :
690 2129 724 2154 ita
739 2126 864 2156 Clemens

70 2160 342 2196 Alexandrinusdih.
360 2168 386 2187 vr
400 2159 572 2196 Slt‘omatum,
593 2169 650 2196 pag.
671 2162 739 2194 667;
756 2163 862 2190 ’l‘crtul-

914 235 1008 255 omnes
1033 228 1191 255 dualitatem
1217 227 1375 259 defendunt,
1391 228 1558 255 declinantes
1572 227 1698 262 Scriptu-

915 281 951 300 rae
966 273 1036 299 viam
1050 273 1198 305 directam;
1217 273 1263 300 sed
1279 281 1333 300 non
1349 273 1375 300 in
1391 274 1506 308 amplius
1523 274 1672 308 proﬁcient.

953 319 1007 346 LII.
1030 318 1125 346 Nullus
1141 325 1229 346 tamen
1246 319 1282 346 ita
1295 319 1464 354 impudenter
1478 320 1617 354 prmvaluit
1628 319 1697 348 sicut

915 366 965 392 iste
981 365 1155 401 Scythiauus.
1186 365 1345 392 Inimicitias
1360 366 1431 392 cuint
1458 366 1526 401 inter
1542 366 1610 392 duos
1625 366 1699 400 inge-

916 411 987 438 nitos
1011 411 1178 442 introduxit.
1206 416 1233 438 et
1258 412 1350 438 omnia
1374 412 1430 439 lucc
1451 420 1511 446 quat
1527 419 1698 446 consequun-

916 461 958 482 tur
974 455 1030 490 (90)
1050 456 1237 491 hujuscentodi
1255 457 1442 484 assertionem.
1458 457 1562 491 Quique
1576 456 1698 491 Scythia-

916 509 967 528 nus
985 501 1042 535 ipse
1054 510 1084 528 ex
1103 509 1201 536 genere
1227 502 1424 529 Saracenorum
1444 502 1502 534 fuit,
1523 506 1549 529 et
1564 503 1698 536 captivam

916 547 1062 582 quamdam
1087 548 1191 582 accepit
1216 555 1326 574 uxorem
1344 549 1377 574 de
1391 548 1529 580 superiore
1551 547 1696 580 Thebaide,

916 601 976 627 quae
989 600 1051 620 eum
1066 593 1152 621 suasit
1168 593 1290 621 habitare
1306 594 1332 620 in
1344 593 1459 629 Egypto
1474 594 1559 628 magis
1575 601 1656 626 quam
1670 594 1697 621 iu

916 639 1041 666 desertis.
1075 639 1163 674 Atque
1175 640 1277 667 utinam
1296 647 1434 674 nunquam
1452 647 1512 666 eum
1528 640 1572 666 illa
1587 640 1699 672 provin—

917 683 956 710 cia
972 684 1149 719 suscepisset,
1170 685 1197 711 in
1219 691 1271 719 qua
1295 691 1356 709 cum
1381 690 1443 709 eum
1467 682 1617 716 habitaret,
1636 693 1698 712 cum

917 729 1106 764 .Egyptiorum
1120 730 1278 764 sapientiam
1295 729 1434 756 didicisset
1448 729 1521 764 (9|);
1539 734 1596 756 erat
1613 730 1697 763 enim,

917 779 947 802 ut
960 774 1032 809 quod
1047 782 1139 801 verum
1152 778 1193 802 est
1206 774 1330 801 dicamus
1341 795 1349 806 ,
1366 774 1443 801 valde
1460 775 1534 801 dives
1549 774 1656 809 ingenio
1672 778 1700 801 et

917 822 1023 856 opibus,
1039 821 1110 849 sicut
1127 821 1153 848 bi
1166 821 1213 856 qui
1232 820 1352 847 sciebant
1369 828 1442 852 eum,
1462 827 1510 854 per
1527 819 1698 847 traditionem

917 868 996 895 nobis
1020 874 1128 902 quoque
1153 866 1289 894 testiﬁcati
1313 871 1386 892 sunt.
1420 865 1587 900 Discipulum
1608 870 1697 892 autern

916 914 1011 941 habuit
1034 913 1195 948 quemdam,
1222 912 1331 940 nomine
1346 911 1540 939 Tcrebintbum
1559 911 1629 946 (92),
1652 911 1698 946 qui
1743 943 1747 948 π

917 959 1024 994 scripsit
1038 959 1062 985 ei
1075 963 1192 993 quatuor
1207 958 1307 989 libros;
1322 965 1355 984 ex
1371 957 1473 992 quibus
1487 965 1571 984 unum
1589 957 1698 991 quidem

915 1005 1060 1040 appellavit
1087 1004 1283 1039 Mysteriorum,
1308 1003 1390 1030 alium
1414 1010 1478 1031 vero
1504 1003 1699 1038 Cupitulorum,

917 1052 1025 1079 tertium
1036 1056 1126 1079 autent
1139 1049 1309 1085 Evangelium
1319 1057 1327 1080 ;
1338 1054 1365 1076 ct
1375 1049 1553 1076 novissimum
1565 1048 1698 1081 omnium,

918 1097 1080 1124 Tltesaurum
1098 1096 1240 1131 appellavit
1257 1104 1263 1122 :
1284 1100 1311 1122 et
1330 1099 1407 1122 erant
1429 1094 1453 1121 ei
1471 1094 1515 1121 isti
1531 1099 1647 1128 quatuor
1664 1093 1698 1120 li-

915 1143 973 1176 bri,
1000 1148 1026 1170 et
1049 1150 1120 1169 unus
1141 1141 1292 1176 discipulus
1305 1140 1414 1167 nomine
1434 1139 1615 1167 Terebinthus
1629 1139 1697 1175 (95).

916 1188 984 1222 Quia
1000 1195 1064 1223 ergo
1077 1188 1245 1222 aliquantum
1259 1186 1387 1221 temporis
1398 1193 1490 1213 secum
1501 1185 1546 1213 isti
1557 1186 1636 1212 ambo
1649 1186 1698 1212 de-

916 1239 1056 1262 creverant
1073 1233 1123 1261 soli
1140 1233 1282 1266 habitare;
1306 1232 1408 1267 placuit
1423 1231 1570 1268 Scythiano
1592 1232 1697 1259 discur-

916 1287 975 1306 rere.
989 1279 1014 1305 in
1028 1278 1158 1311 Judaeum,
1177 1282 1207 1304 ut
1221 1277 1257 1304 ibi
1272 1277 1481 1311 congrederetur
1497 1285 1558 1303 eum
1569 1276 1697 1304 omnibus

916 1325 1072 1359 quicunque
1095 1325 1130 1350 ibi
1154 1323 1313 1350 videbantur
1325 1331 1385 1350 esse
1399 1323 1523 1350 doctores
1541 1332 1546 1349 :
1565 1327 1590 1367 et
1606 1330 1692 1357 perve-

916 1369 955 1395 nit
968 1377 1029 1395 eum
1045 1368 1175 1395 continuo
1191 1368 1247 1395 vita
1264 1367 1385 1402 defungi,
1402 1376 1449 1394 uce
1465 1367 1584 1402 potuisse
1595 1367 1696 1402 aliquid

916 1422 1085 1449 promovere.
1110 1413 1155 1441 llle
1169 1421 1233 1441 vero
1248 1413 1398 1447 discipulus
1413 1413 1459 1448 qui
1478 1421 1539 1440 cum
1556 1421 1588 1440 eo
1611 1413 1697 1440 fuerat

915 1465 1102 1493 conversatus,
1127 1460 1154 1486 in
1175 1459 1266 1494 fugam
1284 1467 1378 1486 versus
1395 1462 1436 1485 est
1452 1458 1523 1493 (9-5),
1539 1462 1565 1485 el
1581 1457 1696 1493 Babylo-

915 1505 988 1532 niam
1005 1504 1078 1540 petiit
1092 1525 1098 1538 ,
1124 1512 1184 1539 quae
1206 1511 1279 1530 nunc
1295 1503 1432 1538 provincia
1447 1503 1561 1530 habetur
1579 1509 1594 1528 a
1607 1501 1696 1530 Persis

916 1551 986 1585 (95),
1004 1558 1117 1585 quaeque
1129 1551 1206 1577 abest
1218 1558 1290 1577 nunc
1304 1557 1318 1576 a
1335 1549 1402 1576 locis
1416 1549 1514 1576 nostris
1528 1549 1624 1575 itinere
1637 1549 1696 1576 die-

916 1606 975 1625 rum
991 1601 1017 1624 et
1032 1597 1150 1624 noctiunt
1166 1596 1251 1623 fet-tne
1265 1603 1311 1623 sex
1328 1604 1334 1622 :
1352 1602 1406 1630 quo
1425 1602 1485 1622 cum
1507 1595 1636 1628 venisset,
1653 1599 1695 1622 ta-

916 1643 968 1670 lem
994 1643 1026 1669 de
1053 1649 1081 1669 sc
1099 1632 1205 1668 'l‘amam
1234 1641 1398 1676 pervulgavit
1425 1641 1482 1674 ipse
1506 1640 1696 1674 Terebinthus,

916 1689 1008 1716 dicens
1025 1687 1098 1715 otnni
1115 1695 1143 1714 se
1156 1687 1287 1721 sapientia
1305 1685 1492 1721 Egyptiorum
1507 1686 1654 1721 repletum,
1670 1691 1695 1714 et

917 1734 1006 1761 vocari
1021 1733 1135 1768 nonjam
1145 1732 1349 1764 Tcrebintbum,
1360 1732 1406 1759 sed
1418 1731 1500 1758 alium
1511 1730 1565 1767 (96)
1576 1731 1696 1759 Buddam

917 1848 976 1875 Vat.
989 1869 995 1880 ,
1023 1857 1031 1872 ε
1057 1848 1084 1873 in
1104 1853 1156 1880 qua
1173 1853 1234 1873 cum
1248 1844 1399 1877 habitaret,
1424 1848 1449 1871 et
1466 1843 1664 1879 Egyptiorum.
1684 1853 1693 1869 υ

916 1883 977 1910 Mox
993 1882 1070 1914 ibid.,
1088 1891 1097 1906 ε
1117 1882 1205 1908 testati
1224 1885 1296 1912 sunt,
1319 1889 1327 1905 ι
1349 1881 1397 1914 pro
1414 1889 1422 1904 ι
1442 1880 1575 1906 testiﬁcati
1590 1883 1663 1907 sunt.
1684 1888 1693 1904 ι

951 1918 1006 1951 (92)
1027 1917 1059 1944 Et
1074 1916 1118 1943 hic
1132 1915 1295 1942 manifestus
1305 1921 1355 1951 est
1369 1915 1470 1951 librarii
1482 1923 1560 1941 error
1577 1914 1603 1940 in
1617 1914 1694 1941 codi-

916 1949 1121 1982 ceCasincusi,
1140 1951 1166 1977 in
1182 1958 1235 1984 quo
1249 1950 1376 1977 scribitur
1392 1960 1401 1974 ‹
1420 1949 1585 1982 Terbonem;
1605 1958 1614 1974 ι
1633 1957 1695 1975 nant

915 1987 1032 2023 Cyrillus
1046 1987 1304 2023 llierosolymitanus
1319 1985 1488 2023 catechcsiﬁ,
1503 1989 1530 2023 et
1541 1985 1588 2023 alii
1602 1992 1696 2011 omnes

915 2019 1059 2059 Τὲρϐιγθογ
1080 2031 1103 2059 __t
1122 2019 1315 2059 Terbinthpnt,
1333 2030 1341 2045 ι
1363 2027 1409 2059 seu
1424 2029 1436 2059 ,ι
1455 2019 1692 2059 Terebitttltunt,_t

915 2054 1055 2093 Scythiam
1072 2056 1233 2090 discipulutn
1250 2055 1362 2093 faciunt.
1379 2054 1488 2093 Quiu‘et
1501 2055 1527 2080 in
1543 2061 1619 2093 seqq.
1635 2054 1694 2093 ulti-

915 2089 968 2127 que
984 2102 993 2118 ‹
1012 2089 1177 2127 Terevcntus
1197 2100 1205 2116 ι
1223 2090 1361 2127 scribitur.
1381 2089 1458 2121 Quod
1471 2089 1696 2127 vero__:_1itArche—

916 2124 984 2159 laus.
999 2127 1071 2153 ltuuc
1083 2126 1229 2161 Scythiano
1243 2125 1391 2161 scripsisse
1400 2128 1516 2161 quatuor
1530 2124 1614 2161 libros
1626 2132 1695 2158 quos

915 2166 1048 2193 recenset,
1064 2158 1230 2188 contrarium
1248 2165 1288 2186 est
1300 2159 1391 2193 (Jyrilli
1408 2166 1469 2185 mox
1485 2158 1585 2185 laudati
1602 2167 1696 2186 narra—

70 2197 183 2227 liattus,
197 2194 235 2221 De
251 2195 390 2230 baptismo,
407 2195 464 2230 ca'p.
481 2196 530 2225 17:
554 2194 788 2230 Urigebesdromil.
803 2198 820 2224 2
835 2199 861 2224 in
878 2196 900 2223 1)
914 2198 993 2229 tioni,
1006 2197 1130 2230 aliisque,
1144 2196 1188 2230 qui
1205 2195 1380 2229 Scythiauum
1394 2194 1481 2230 solum
1492 2201 1587 2230 eorum
1601 2198 1697 2220 aucto-

67 2231 182 2270 Jercnt.
200 2231 266 2257 etin
286 2229 403 2257 Matthati
425 2238 484 2265 cap.
508 2232 557 2263 19,
582 2229 643 2266 pag.
660 2231 726 2264 565,
750 2237 777 2259 et
799 2233 861 2259 alibi

82 2273 196 2292 )JSSIm.

95 2275 98 2277 ’
121 2275 126 2279 '
146 2275 164 2290 11
189 2284 196 2290 .

69 2275 183 2340 11⁸1ἷέῖῖ
192 2299 268 2340 Qui}
282 2298 446 2340 _Scylhiattus
458 2309 467 2325 t
483 2300 553 2340 apud
566 2308 659 2327 omnes
676 2301 744 2328 alios
759 2308 861 2340 veteres

66 2334 123 2369 qui
139 2336 174 2361 de
190 2334 400 2361 Mauicltacbrum
418 2336 510 2361 luerent
529 2340 687 2367 tractarunt,
701 2337 860 2370 appellatur,

68 2376 132 2406 tant
154 2370 200 2396 ltic
212 2390 219 2400 ,
237 2377 318 2404 quant
334 2370 360 2396 in
373 2371 551 2406 sequentibus
573 2378 586 2396 a
602 2372 683 2396 veteri
707 2371 860 2406 interprete.

67 2415 81 2429 ‹
103 2404 258 2431 Scutianns
274 2414 282 2429 ι
298 2410 324 2431 et
345 2415 354 2430 ι
371 2405 534 2432 Excutianus
550 2415 559 2429 ›
578 2410 690 2432 vocatur
701 2425 707 2437 ,
731 2404 784 2432 nisi
800 2407 860 2433 ubi-

65 2448 130 2474 que
150 2440 270 2473 imperiti
286 2440 388 2466 librarii
404 2440 439 2466 sit
452 2448 536 2466 error.
559 2440 585 2465 In
598 2441 691 2466 codice
706 2447 794 2468 autem
810 2449 860 2468 ms.

66 2475 165 2509 Hegio
181 2475 363 2501 Alexandrino
376 2475 434 2501 \‘at.
450 2475 546 2506 legitur
565 2484 571 2501 :
592 2484 599 2499 ι
620 2475 746 2507 Quidam,
759 2477 858 2503 Stutza-

66 2519 129 2536 nus
149 2510 272 2541 nomine,
287 2510 333 2543 qui
346 2510 539 2544 apostolorum,
556 2519 565 2534 ι
579 2515 631 2537 etc.
652 2510 696 2537 Sic
709 2511 777 2537 infra
794 2520 862 2538 seni-

64 2553 156 2580 per}?
170 2545 325 2580 Stutianunt
345 2554 354 2569 ι
376 2548 461 2571 vocat.

110 2579 174 2614 (88')
196 2579 262 2606 Cod.
290 2579 491 2614 Regius-Alex.
516 2578 588 2611 ναι,
616 2589 625 2605 ι
646 2579 712 2607 falsa
728 2588 776 2615 pro
789 2582 861 2608 veris

61 2615 262 2642 corttixerunt.
282 2624 291 2639 ι

107 2649 172 2684 (89)
195 2649 284 2676 Codex
299 2649 464 2681 Casinensis,
482 2659 491 2675 ‹
508 2649 664 2677 introduxit.
685 2661 694 2676 ι

107 2684 173 2721 (90)
197 2685 226 2721 In
248 2685 340 2711 eodem
357 2685 457 2716 codice,
485 2693 494 2710 ‹
512 2692 573 2719 qua:
586 2693 650 2712 eum
664 2690 827 2721 sequuntur.
849 2696 857 2711 ›

59 2719 144 2746 Mala
161 2719 255 2746 lectio.

106 2756 172 2789 (9|)
196 2754 245 2781 Hic
260 2755 387 2781 nonnulla
401 2755 495 2782 deesse
510 2755 597 2790 palam
611 2761 661 2783 est.
686 2755 784 2788 Forte,
807 2765 816 2780 α
835 2756 862 2783 ἰιι

59 2797 125 2823 qua
147 2797 215 2815 cum
231 2790 276 2826 diu
297 2790 438 2826 habitaret,
455 2791 614 2824 depravatus
629 2795 683 2823 est,
701 2799 762 2817 ctnn
779 2790 862 2826 [Egy-

58 2826 201 2858 ptiorunt
214 2824 374 2860 sapientiam
386 2824 532 2852 didicisset.
550 2825 664 2853 t—Cod.
680 2826 756 2861 “03.,
773 2824 860 2858 Alcx.,

912 2241 968 2259 rem
984 2225 1197 2267 agnoseuitt.'——
1213 2225 1282 2267 cdo;
1296 2229 1372 2267 lit-5.,
1390 2229 1476 2260 Alex.,
1492 2228 1561 2267 Vat.,
1579 2237 1588 2253 ι
1603 2236 1696 2262 quent-

913 2265 1062 2300 dantfqui
1084 2266 1202 2299 scripsit.
1224 2275 1232 2289 I
1266 2265 1349 2291 Paulo
1372 2268 1448 2298 post,
1479 2274 1487 2288 ι
1504 2265 1612 2290 tertiunt
1629 2272 1695 2290 vero

913 2302 1097 2337 Evangeliunt.
1119 2310 1127 2326 ι

949 2333 1004 2372 (93)
1024 2336 1114 2372 Codex
1137 2334 1201 2368 Reg.
1220 2334 1299 2372 rAlex.
1317 2333 1378 2361 Vat.
1390 2355 1397 2366 ,
1425 2343 1433 2359 ι
1451 2333 1561 2372 nomine
1577 2333 1697 2372 Terybcg

914 2369 998 2399 ncusf
1024 2371 1092 2398 Cum
1115 2378 1179 2404 ergo
1202 2371 1369 2404 aliquantum
1395 2369 1524 2403 temporis
1541 2376 1632 2396 secum
1650 2370 1695 2395 isti

914 2408 993 2434 antbo
1007 2406 1186 2433 decrevissent
1198 2426 1205 2437 ,
1231 2405 1282 2432 soli
1296 2405 1397 2438 placuit
1410 2404 1534 2431 Stutiano
1549 2411 1694 2430 excurrere

913 2443 939 2468 in
964 2441 1096 2469 Judtean.
1122 2450 1131 2465 t
1159 2439 1204 2467 Sic
1228 2439 1298 2467 intra
1320 2439 1418 2474 ubique
1445 2443 1522 2466 vocat
1547 2448 1556 2464 ‹
1574 2438 1694 2474 'l'erybc-

913 2484 1003 2503 lletllll.
1023 2486 1032 2502 ι

948 2511 1004 2545 (94)
1024 2511 1094 2537 ldent
1109 2511 1190 2537 codex
1205 2530 1212 2541 ,
1232 2519 1240 2535 ι
1257 2509 1301 2537 ille
1317 2517 1380 2537 vero
1395 2509 1543 2545 discipulus
1565 2508 1693 2535 omnibus

913 2553 1080 2580 quzecunquc
1097 2546 1156 2579 ejus
1170 2546 1288 2578 fuerant,
1299 2545 1480 2579 congregatis,
1491 2546 1516 2570 in
1531 2544 1693 2580 l'ugamrver-

913 2579 960 2608 sus
978 2579 1056 2607 est.)
1085 2580 1161 2613 Mox,
1182 2590 1191 2605 ι
1216 2581 1354 2614 provincia
1376 2580 1540 2606 habitatura
1557 2579 1662 2611 Persis,
1678 2588 1690 2604 ι

913 2624 961 2648 pro
975 2625 985 2640 ‹
1003 2615 1124 2642 habetur.
1145 2625 1154 2640 t
1175 2615 1208 2641 Et
1221 2615 1300 2649 paulo
1313 2619 1384 2649 post,
1403 2624 1412 2640 ι
1428 2614 1518 2642 vocari
1537 2623 1546 2639 ι
1562 2615 1619 2649 jam
1637 2622 1692 2641 non

913 2650 1108 2686 Terybeneum,
1122 2651 1168 2677 sed
1181 2651 1311 2676 Buddam.
1329 2660 1338 2676 ι

949 2683 1004 2719 (95)
1023 2684 1092 2712 Nota
1103 2693 1244 2720 quousque
1254 2686 1463 2713 cxtenderentur
1476 2684 1582 2719 imperii
1596 2683 1693 2710 Roma-

913 2721 940 2747 ni
955 2720 1054 2747 limites
1069 2728 1101 2747 eo
1122 2725 1254 2755 tempore,
1278 2728 1333 2754 quo
1347 2721 1495 2748 Archelaus
1511 2728 1572 2746 cunt
1588 2720 1692 2746 blanete

912 2755 1070 2783 disnutavit.

1100 2792 1147 2820 ltic
1159 2798 1219 2819 sese
1231 2790 1332 2818 exserit
1341 2791 1444 2817 librarii
1459 2791 1505 2825 qui
1518 2789 1692 2825 Casinensent

915 2822 1033 2853 codicem
1051 2826 1187 2858 exaravit,
1201 2825 1357 2859 oscitantia;
1379 2822 1487 2861 scripsit
1506 2826 1576 2853 enim
1588 2845 1595 2858 ,
1620 2834 1628 2849 ε
1646 2822 1692 2851 sed
