1865 3042
99 135 166 162 {Sil

643 139 714 167 CUM
733 139 873 166 MANETE
896 138 1163 167 HJERESIARCHA.

1645 140 1712 168 1522

99 196 258 228 praemium,
273 196 358 224 multo
372 197 524 232 proposito.
539 197 606 225 Tum
626 198 686 230 iste,
702 199 771 226 sicut
785 200 822 226 illi
836 200 882 234 qui
897 207 918 234 Α
935 200 1011 226 libris
1025 199 1081 235 (9.2)
1092 219 1099 231 ,
1124 200 1195 227 sicut
1217 199 1298 226 etiam
1311 199 1442 226 adversus
1458 208 1499 226 me
1516 199 1657 234 disputans-
1672 200 1710 226 li,-

93 240 210 273 cibum,
236 243 308 277 quod
329 251 428 270 nomen
449 248 490 271 est
513 245 565 272 tale
589 245 697 272 eludere
713 246 767 280 (15)
784 247 880 278 solent,

95 288 274 319 prmsentiam
296 296 373 315 suam
395 288 487 317 Manes
507 290 614 317 exhibet
632 291 703 325 apud
716 299 822 326 regem,
839 292 881 318 di~

95 338 166 358 cens
191 340 220 359 se
238 341 298 361 esse
313 342 426 369 puerum
439 341 595 363 curaturum
614 346 620 363 :
635 344 696 371 qua;
716 345 776 364 cum
791 338 883 365 audis-

95 381 142 404 set
155 377 211 412 (14)
225 386 282 410 rex,
306 381 424 415 suscepit
437 389 498 408 eum
513 389 574 409 cum
589 382 730 417 obsequio,
746 391 777 410 ac
799 383 883 409 liben-

95 428 142 449 ter
158 424 261 451 habuit.
292 424 390 452 Verutn
408 434 441 454 ne
463 427 547 453 multa
570 428 706 454 narrando
727 436 787 461 qna:
802 428 884 462 gessit

95 469 210 497 taedium
234 471 403 500 auditoribus
419 472 551 505 inferam,
579 478 704 500 mortuus
719 479 760 500 est
775 481 840 508 puer
857 474 882 500 in

95 516 227 543 manibus
249 517 325 551 ejus,
344 518 386 544 vel
406 519 496 552 potius
517 519 676 546 exstinctus.
703 519 779 546 Tunc
794 527 839 546 rex
856 520 882 545 in

94 568 235 588 carcerem
251 562 357 590 detrudi
374 564 452 598 jubet
463 563 580 596 Martem,
591 569 617 591 et
633 564 696 591 ferri
717 565 816 592 talento
829 565 882 600 (15)

95 607 220 634 onerari.
250 608 290 634 llli
309 616 372 635 vero
385 609 439 636 duo
461 610 585 644 discipuli
601 609 660 644 ejus
679 610 725 642 qui
749 611 824 637 missi
840 611 882 636 fu-

95 657 180 680 erant
200 653 232 679 ad
251 653 402 681 docendqu
418 663 464 689 per
480 655 601 689 singulas
625 655 757 685 civitates,
780 663 884 690 quaere—

96 698 200 725 bantur
219 699 251 725 ad
268 707 386 733 prenam.
405 699 511 735 Quique
523 700 656 735 fugientes
668 701 730 727 licet
745 709 882 735 nunquam

97 748 246 770 cessarunt
261 744 376 771 alienam
390 745 446 780 (16)
458 745 528 772 hanc
539 746 610 772 etab
621 745 789 772 Antichristo
803 746 886 780 inspi-

97 794 202 822 ratam,
219 798 266 824 per
281 790 338 817 loca
357 791 461 826 singula
477 791 598 818 inserere
614 791 776 818 doctrinam.

138 835 204 862 LIV.
225 836 290 863 Post
305 837 362 863 hmo
374 837 407 863 ad
422 837 579 872 magistrum
596 845 674 863 suum
691 838 822 869 redeunt,
840 845 881 864 re-

932 246 978 276 cit,
997 245 1174 272 assertionem
1187 252 1263 272 suam
1279 244 1413 279 proferre,
1427 245 1549 279 quaedam
1567 245 1593 272 in
1607 245 1649 272 his
1664 253 1711 272 ae-

933 299 1032 319 cusans
1044 311 1051 321 .
1071 290 1193 325 quaedam
1210 295 1366 324 permutans
1379 309 1386 321 ,
1404 290 1463 317 solo
1482 289 1582 317 Cluisti
1603 291 1712 318 nomine

933 338 1054 371 adjecto;
1082 344 1163 371 quem
1179 344 1208 364 se
1222 336 1325 364 idcirco
1339 336 1475 371 suscipere
1502 336 1657 368 simulavit,
1683 342 1713 364 ut

933 390 980 416 per
1004 382 1129 409 civitates
1153 382 1271 417 singulas
1291 388 1413 410 sanctum
1429 387 1456 409 et
1476 382 1597 409 divinum
1614 390 1711 409 nomen

934 427 1074 454 audientes
1093 427 1194 454 Christi
1208 447 1215 458 .
1241 427 1350 454 minime
1364 430 1537 454 exsecrantes
1550 434 1613 459 eos,
1631 427 1713 454 disci-

934 472 1012 506 pul0s
1025 472 1103 499 istius
1126 480 1179 498 non
1198 472 1349 507 fatigarent.
1378 472 1548 499 lnvenienles
1563 478 1652 499 autem
1665 481 1712 498 vo-

934 525 992 543 cem
1009 517 1090 543 etiam
1109 517 1142 544 de
1155 517 1295 544 Paracleto
1310 518 1424 552 positam
1441 517 1467 544 in
1485 518 1632 552 Seripturis
1646 517 1712 553 (23),

934 563 1107 597 semetipsum
1122 571 1181 590 esse
1200 564 1331 598 subjecit;
1350 565 1396 599 qui
1413 572 1465 591 non
1481 565 1582 599 legerat
1601 564 1714 599 diligen-

935 612 984 640 ter,
997 609 1058 642 quia
1072 608 1227 636 Paracletns
1238 609 1292 643 jam
1308 614 1374 637 tune
1388 611 1516 643 venisset,
1528 618 1588 637 cum
1599 610 1713 644 apostoli

935 653 1022 681 adhuc
1039 659 1132 681 essent
1143 662 1224 688 super
1239 659 1348 681 terram.
1379 654 1426 682 llis
1440 663 1504 690 ergo
1517 660 1569 682 tam
1585 655 1713 682 scelerate

935 700 1093 733 compesitis
1104 721 1110 731 ,
1139 700 1223 726 mitlit
1236 706 1262 727 et
1275 701 1422 735 discipulos
1439 710 1502 728 suos
1521 701 1713 736 pricdicaturos

934 744 1066 779 intrepide
1080 746 1155 772 lictos
1172 746 1367 780 simulatosque
1387 755 1509 780 errores,
1525 752 1550 774 et
1566 755 1649 774 novas
1662 748 1709 773 ful-

935 798 1034 825 sasque
1049 798 1130 818 voces
1147 792 1355 819 annuntiatnros
1370 801 1416 827 per
1430 794 1488 820 loca
1501 793 1615 828 singula.
1637 793 1713 826 Quod

935 844 997 863 cum
1013 845 1057 864 rex
1074 836 1220 864 Persarum
1233 839 1413 872 cognovisset,
1437 838 1524 873 dignis
1537 846 1597 865 eum
1613 840 1714 874 suppli-

98 880 220 908 ferentcs
238 890 298 916 quze
309 882 349 909 eis
361 882 530 915 acciderant;
556 883 669 909 audiunt
681 883 762 909 etiam
778 891 808 909 ea
825 891 885 917 quae
902 882 920 908 Β
936 883 985 910 ciis
1002 883 1116 910 subdere
1130 889 1216 918 parat.
1245 884 1304 918 Quo
1317 884 1408 912 Manes
1429 885 1536 918 agnito,
1561 885 1714 912 admonitus

98 928 129 953 in
143 927 200 960 ipso
213 929 311 955 collata
324 933 387 955 sunt
400 929 481 955 mala.
500 928 664 956 Accedentes
679 936 752 963 ergo,
767 933 796 956 nt
809 929 883 956 diee-

97 972 164 999 bam
180 973 203 1008 (1
211 973 247 1008 7),
265 974 298 1000 ad
312 981 373 1000 eum
387 974 440 1007 sui,
457 979 483 1001 et
495 978 667 1009 suggerentes
681 975 704 1000 ei
722 975 754 1001 de
767 975 808 1001 his
824 983 884 1001 ma-

96 1017 136 1044 lis
159 1025 219 1051 qua:
244 1025 290 1052 per
311 1018 368 1045 loca
394 1019 500 1053 singula
524 1018 705 1052 patiebantur,
732 1020 765 1046 de
782 1020 884 1054 reliquo

96 1063 223 1089 converti
241 1063 296 1099 (18)
312 1071 340 1091 se
352 1064 450 1092 debere
463 1065 495 1091 ad
512 1065 625 1091 salutent
641 1065 790 1093 suadebant
805 1074 810 1091 :
825 1073 885 1099 per—

96 1109 249 1136 timuerant
262 1109 351 1140 enim.
375 1114 497 1137 verentes
510 1118 544 1136 ne
559 1110 622 1145 quid
638 1111 688 1137 sibi
705 1119 736 1137 ex
750 1110 792 1137 his
805 1110 884 1137 malis

95 1161 162 1188 qum
173 1154 210 1180 illi
224 1154 419 1187 inferebantur,
433 1155 572 1182 accederet
586 1156 652 1191 (19).
669 1156 702 1183 At
715 1157 757 1182 ille
767 1156 884 1184 suadens

97 1207 150 1226 eos
166 1199 233 1226 nihil
247 1200 344 1232 vereri,
361 1200 393 1227 ad
408 1201 557 1228 orationem
573 1202 721 1236 consurgit.
744 1201 820 1229 Tunc
837 1202 884 1229 de-

100 1245 166 1272 inde
176 1245 253 1280 jubet
263 1266 270 1278 ,
288 1246 314 1272 in
329 1254 437 1274 carcere
452 1247 555 1281 positus
565 1267 572 1278 ,
589 1247 654 1281 legis
667 1247 882 1274 Christianorum

97 1289 186 1316 libros
198 1291 368 1324 comparari;
393 1291 471 1318 v-alde
484 1292 556 1318 enim
578 1292 604 1319 hi
620 1293 666 1326 qui
683 1292 759 1320 missi
777 1292 885 1320 fuerant

98 1335 136 1361 ab
152 1342 184 1362 eo
206 1343 253 1369 per
276 1336 396 1369 singulas
411 1337 544 1369 etvitates,
564 1337 598 1364 ab
618 1337 744 1364 omnibus
768 1338 884 1364 homini-

98 1381 153 1408 bus
175 1381 354 1408 exsecrationi
379 1381 557 1416 habebantur,
580 1383 698 1410 maxime
722 1384 791 1418 apud
815 1391 883 1417 quas

97 1425 320 1454 Christianorum
350 1435 449 1455 nomen
474 1428 639 1455 venerationi
667 1433 737 1456 erat.
769 1429 883 1464 Sumpto

102 1479 168 1507 ξτςο
180 1473 348 1507 aliquantulo
365 1474 424 1500 auri
443 1474 524 1501 modo
535 1495 542 1507 ,
567 1474 692 1501 abierunt
705 1475 738 1502 ad
753 1475 810 1502 loca
826 1475 881 1510 (‘20)

97 1518 129 1546 in
143 1519 241 1553 quibus
255 1519 472 1547 Christianorum
487 1520 547 1547 libri
558 1521 879 1556 conscribebantur(‘ll);

96 1569 127 1592 et
140 1565 298 1592 simulantes
313 1573 341 1592 se
360 1566 470 1593 nuntios
485 1573 544 1593 esse
555 1565 736 1598 Christianos,
749 1567 881 1600 rogabant

98 1610 223 1646 prmstari
248 1610 298 1637 sibi
317 1611 401 1638 libros
424 1611 458 1638 ad
478 1612 690 1646 comparandum
715 1621 722 1639 :
745 1617 782 1645 et,
805 1617 882 1639 utne

96 1656 186 1684 multa
199 1656 286 1683 dicam
298 1677 305 1689 ,
322 1662 483 1692 comparant
504 1658 646 1685 universos
664 1658 747 1685 libros
761 1657 882 1692 Scriptu-

97 1708 192 1727 rarum
218 1705 370 1728 nostrarum
382 1720 389 1732 .
414 1707 441 1729 ct
462 1701 587 1729 deferunt
603 1703 635 1730 ad
656 1711 717 1730 eum
732 1703 759 1730 in
775 1711 882 1730 carcere

98 1747 289 1774 constitutum.
320 1746 425 1779 Quibus
446 1747 491 1774 ille
509 1748 645 1782 acceptis,
669 1749 752 1775 homo
777 1753 882 1775 astutus

97 1793 182 1826 coepit
194 1792 221 1818 in
240 1792 340 1820 nostris
355 1793 431 1820 libris
447 1793 604 1820 occasiones
622 1794 757 1828 inquirere
769 1794 884 1821 dualita-

98 1836 136 1864 tis
158 1844 230 1870 suae,
248 1845 299 1864 nec
315 1845 370 1864 suae
385 1837 511 1872 quidem,
528 1838 575 1865 sed
590 1838 746 1873 Seythiani,
770 1839 816 1874 qui
832 1839 883 1866 hoc

98 1886 165 1910 ante
189 1883 337 1918 plurimum
360 1884 490 1918 temporis
512 1884 677 1919 protulerat;
697 1889 724 1911 et
740 1885 766 1911 in
783 1885 883 1912 nostris

138 1973 193 2008 (15)
213 1972 302 2000 Locus
329 1972 408 2000 valde
435 1978 589 2008 corruptus.
620 1973 700 2000 Forte
726 1973 881 2008 legendum,

101 2017 112 2034 ε
130 2008 176 2042 qui
191 2009 298 2043 cybum,
313 2009 383 2041 quod
400 2013 557 2043 nonienrest
570 2008 627 2041 tali,
643 2009 742 2035 ludere.
761 2019 771 2035 ι

137 2043 192 2077 (14)
208 2042 278 2070 Cod.
304 2043 370 2078 Reg.
392 2043 468 2070 Alex.
491 2042 550 2070 Vat.
581 2052 589 2069 ι
610 2043 686 2076 Quod
707 2051 768 2071 cum
791 2045 884 2072 audis-

98 2083 152 2110 set,
171 2087 181 2103 ι
199 2086 248 2112 pro
267 2089 275 2104 ι
294 2086 362 2112 quae.
386 2087 396 2104 ι
425 2078 504 2110 Mox,
533 2088 542 2103 ‹
564 2079 700 2106 narrando
723 2086 783 2114 qua:
809 2085 883 2114 gesta

98 2117 174 2140 sunt.
192 2123 201 2138 ι

135 2148 192 2183 (15)
211 2148 267 2175 Hoc
278 2152 328 2179 est,
341 2147 457 2174 vinculis
470 2147 575 2180 ferreis,
589 2148 623 2175 ab
637 2155 731 2175 eorum
743 2149 861 2183 pondere
875 2159 881 2177 :

98 2191 163 2210 nam
179 2183 305 2210 τάλαντον
322 2184 456 2213 interdum
469 2187 511 2210 est
524 2184 639 2217 pondus.

135 2217 190 2251 (16)
208 2218 276 2245 Cod.
292 2217 358 2252 Reg.
371 2218 449 2245 Alex.
466 2217 540 2248 Vat.,
560 2227 569 2243 ι
589 2219 650 2245 licet
664 2226 803 2253 nunquam
821 2227 879 2246 ces-
896 2217 917 2244 D

96 2257 192 2280 sarent
213 2253 338 2279 alienam.
357 2262 366 2277 ι
393 2252 476 2279 Paulo
501 2257 577 2287 post.
600 2262 609 2278 ε
631 2253 695 2286 quid
721 2252 760 2281 eis
776 2255 880 2281 accide—

96 2288 170 2320 rint,
189 2297 197 2312 ι
213 2289 269 2323 lege
283 2297 292 2313 ί
314 2287 450 2314 acciderit.
470 2297 479 2313 ›
510 2287 571 2314 Mox
587 2295 666 2320 vero,
688 2298 696 2313 ‹
714 2288 881 2316 Aecedentes

95 2330 172 2356 ergo,
188 2327 218 2350 ut
231 2323 352 2356 decebat,
370 2323 403 2349 ad
415 2330 476 2350 eum
492 2323 553 2354 sui,
570 2327 596 2350 et
611 2329 785 2358 suggerentes
800 2325 842 2350 sui
856 2325 880 2350 ei

96 2359 132 2384 de
146 2358 197 2384 itis.
217 2367 226 2383 ι

134 2392 189 2427 (17)
208 2391 495 2426 lncodiceCasinensi,
510 2402 519 2417 ί
537 2397 566 2419 ut
578 2392 719 2425 dicebant;
734 2402 743 2418 ι
766 2401 814 2420 nos
831 2394 880 2420 levi

96 2428 258 2459 mutatione,
286 2437 296 2453 ί
313 2428 445 2458 dicebam,
464 2437 474 2453 ι
493 2428 690 2454 emendandum
713 2430 878 2455 censuimus.

96 2461 152 2489 Sed
165 2467 191 2489 et
203 2463 334 2495 iortasse,
355 2472 363 2487 ε
380 2467 410 2489 ιιι
425 2462 555 2493 decebat,
577 2472 585 2488 ι
605 2462 765 2497 legendum;
785 2465 879 2490 tnelior

100 2502 193 2524 taruen
207 2497 264 2524 visa
275 2502 315 2524 est
331 2498 405 2531 prior
419 2498 507 2524 lectio.

135 2532 192 2566 (18)
212 2534 240 2559 1η
264 2533 359 2559 eodem
382 2533 492 2563 codice,
518 2541 527 2557 ι
542 2532 684 2564 conventi,
705 2541 714 2557 ι
731 2533 878 2565 scribitur;

97 2567 148 2594 sed
175 2577 184 2592 ι
201 2569 333 2599 converti,
357 2576 366 2593 ν
387 2568 529 2602 legendum
553 2575 623 2600 esse,
647 2575 708 2601 quae
728 2574 880 2602 sequuntur

97 2603 181 2631 clare.
197 2607 223 2629 ut
240 2603 368 2634 arbitror,
384 2603 510 2629 innuunt.

135 2637 190 2672 (19)
211 2637 307 2668 Forte,
333 2637 501 2672 «accideret.
521 2646 529 2662 ι
551 2652 580 2657 -μ
598 2636 686 2671 Atque
708 2637 744 2664 ita
768 2638 876 2672 quidem

97 2679 150 2698 ms.
167 2671 231 2705 Heg.
248 2672 323 2698 Alex.
339 2671 398 2698 Vat.

135 2706 191 2742 (ὶο)
210 2707 276 2734 Cod.
300 2715 350 2734 ms.
374 2706 440 2742 Reg.
460 2707 536 2734 Alex.
553 2706 611 2733 Vat.
643 2715 651 2731 ι
669 2707 700 2733 ad
716 2707 760 2733 illa
777 2707 845 2735 loca.
866 2718 876 2733 ι

97 2741 171 2773 Mox,
192 2751 200 2766 ι
221 2750 250 2769 se
265 2743 380 2769 novitios
407 2741 466 2769 esse
490 2742 670 2774 Christianos,
690 2751 699 2767 ι
717 2750 766 2776 pro
781 2751 789 2767 ι
807 2751 877 2769 unn-

97 2777 161 2804 tios.
181 2787 189 2802 ι
209 2776 292 2803 Paulo
306 2782 375 2811 post,
394 2787 403 2802 ‹
419 2782 445 2803 et
466 2786 499 2804 ue
512 2778 595 2804 multa
608 2777 742 2804 dicam...
761 2781 786 2804 et
805 2778 876 2804 refe-

96 2817 160 2838 t'unt
175 2812 207 2838 ad
220 2819 292 2838 eum.
311 2821 320 2837 ι

135 2847 191 2880 (21)
213 2846 293 2873 Vides
311 2850 340 2873 ut
362 2847 453 2873 arcani
471 2847 643 2882 disciplinam
666 2849 692 2876 in
711 2847 878 2877 occullalldis

936 928 962 954 in
977 928 1092 960 somnis,
1111 929 1219 964 elapsus
1235 929 1267 956 de
1279 937 1396 962 carcere,
1414 931 1440 956 in
1455 930 1544 965 fugam
1555 938 1649 957 versus
1663 936 1713 961 est,

935 980 1001 999 auro
1025 973 1144 1007 plurimo
1166 975 1324 1002 custodibus
1342 975 1494 1009 corruptis;
1519 979 1545 1002 ct
1566 975 1665 1002 mansit
1688 976 1713 1001 in

934 1019 1045 1046 castello
1072 1019 1224 1047 Arabionis.
1258 1020 1333 1047 Unde
1354 1021 1479 1054 scriptam
1502 1021 1642 1055 epistolam
1669 1029 1716 1055 per

935 1064 1089 1091 Tur-bouem
1114 1065 1147 1091 ad
1170 1065 1323 1092 Marcellum
1349 1070 1470 1092 nostrum
1495 1066 1588 1099 misit,
1614 1067 1639 1092 in
1661 1075 1714 1100 qua

935 1110 1097 1144 signiﬁcavit
1120 1118 1149 1137 se
1170 1118 1230 1138 esse
1252 1116 1405 1138 venturum.
1428 1111 1487 1144 Quo
1511 1120 1572 1138 eum
1599 1113 1715 1140 venisst-t

935 1154 1002 1189 ('24).
1021 1154 1071 1181 fuit
1085 1155 1164 1182 nobis
1188 1160 1324 1182 certamen
1341 1156 1402 1186 tale.
1420 1157 1499 1191 quale
1510 1162 1536 1183 et
1550 1157 1593 1184 hic
1609 1157 1714 1184 vidistis

933 1205 960 1226 et
981 1200 1096 1227 audistis
1111 1219 1118 1231 ,
1135 1200 1161 1226 in
1177 1207 1231 1234 quo
1243 1220 1249 1231 ,
1269 1205 1349 1235 prout
1370 1201 1507 1235 potuimus
1520 1222 1526 1234 ,
1547 1202 1715 1229 ostendimus

934 1252 994 1271 eum
1009 1245 1281 1280 pseudoprophetam.
1315 1244 1366 1272 Sed
1383 1249 1472 1272 custos
1498 1246 1604 1280 quidem
1621 1253 1714 1273 careo-

934 1291 984 1324 ris,
1000 1290 1046 1325 qui
1058 1298 1119 1318 eum
1135 1290 1286 1324 dimiserat,
1314 1291 1423 1325 punitus
1435 1295 1491 1323 est;
1516 1299 1562 1318 rex
1575 1299 1639 1318 vero
1652 1299 1713 1318 cum

933 1337 1035 1371 requiri
1055 1336 1156 1371 jussit,
1178 1341 1205 1364 et
1227 1337 1253 1364 in
1270 1337 1476 1372 quibuscunqtle
1498 1337 1564 1364 locis
1579 1342 1714 1371 repertum

936 1382 1129 1417 comprehendi
1143 1382 1210 1417 (ἳὸ).
1243 1381 1305 1409 Htec
1317 1391 1378 1409 cum
1393 1390 1441 1417 ego
1454 1382 1648 1417 cognOvissem,
1668 1391 1716 1410 ne~

932 1429 1079 1455 cessat-ium
1095 1427 1145 1455 fuit
1157 1436 1200 1455 me
1210 1428 1290 1455 etiam
1303 1429 1378 1456 vobis
1391 1429 1519 1461 indicare,
1528 1429 1591 1463 quia
1599 1430 1715 1464 requiri-

933 1478 976 1501 tur
989 1473 1039 1501 iste
1050 1481 1064 1500 a
1077 1482 1139 1508 rege
1154 1474 1296 1501 Persarum
1311 1482 1396 1508 usque
1414 1474 1439 1501 in
1455 1475 1615 1501 hodiernum
1631 1475 1712 1502 diem.

971 1519 1025 1546 LV.
1047 1519 1094 1547 llis
1109 1519 1218 1552 auditis,
1235 1519 1320 1546 turbae
1333 1519 1459 1546 volebant
1472 1519 1575 1546 Manem
1591 1528 1714 1555 compre-

897 1550 918 1578 C
936 1566 1051 1592 hensum
1070 1565 1176 1592 tradere
1187 1565 1312 1599 potestati
1329 1565 1506 1591 barbarorum
1524 1566 1569 1600 qui
1581 1550 1660 1593 erant
1672 1567 1713 1592 vi-

933 1611 986 1638 eini
1004 1611 1074 1637 ultra
1093 1610 1236 1646 Strangam
1253 1611 1307 1646 (26)
1325 1610 1434 1637 ﬂuvium
1451 1611 1517 1645 (‘27),
1545 1611 1672 1645 quoniam
1688 1616 1714 1638 et

934 1660 996 1682 ante
1009 1660 1113 1690 tempus
1125 1659 1256 1681 venerant
1268 1655 1377 1689 quidam
1388 1656 1421 1683 ad
1436 1655 1625 1689 requirendum
1640 1664 1713 1687 eum,

933 1710 986 1737 quo
999 1709 1133 1736 nusquam
1151 1705 1267 1735 reperto,
1278 1701 1473 1734 discesserant;
1491 1705 1549 1728 erat
1565 1701 1635 1728 enim
1651 1706 1715 1729 tunc

934 1747 995 1783 fuga
1011 1747 1186 1774 constitutus.
1204 1747 1271 1773 Cum
1291 1755 1353 1782 ergo
1371 1747 1427 1774 lure
1443 1748 1477 1773 ita
1489 1747 1638 1774 Archelaus
1651 1755 1713 1781 pro-

933 1794 1055 1824 didisset,
1074 1793 1204 1820 continuo
1217 1801 1245 1820 se
1261 1793 1287 1819 in
1302 1793 1390 1828 fugam
1407 1793 1480 1820 dedit
1493 1793 1593 1825 Manes,
1609 1797 1635 1820 et
1649 1801 1713 1820 eva—

933 1840 996 1867 dere
1009 1839 1106 1874 potuit.
1123 1839 1187 1866 dum
1206 1847 1285 1866 neruo
1299 1847 1359 1866 eum
1377 1840 1574 1874 insequeretur.
1601 1838 1650 1866 Sed
1667 1847 1715 1873 po-

933 1885 1023 1920 pulus,
1041 1893 1101 1912 cum
1114 1884 1237 1911 Archelai
1255 1893 1336 1919 quem
1350 1885 1462 1912 libenter
1476 1886 1628 1917 audiebant,
1644 1886 1713 1912 rel:\--

934 1974 994 2002 fidei
1005 1973 1142 2008 mysteriis
1153 1973 1218 2001 olim
1234 1973 1412 2001 custodierint
1421 1973 1578 2003 Christiani.
1588 1978 1613 2000 et
1627 1981 1713 2008 quan-

934 2016 961 2037 to
973 2009 1130 2036 curaverint
1150 2009 1255 2038 studio.
1280 2017 1312 2035 ne
1334 2013 1512 2035 sacresanctae
1527 2008 1592 2043 legis
1605 2009 1664 2034 libri
1681 2008 1714 2035 ad

934 2045 1075 2079 gentilium
1091 2052 1189 2070 manus
1204 2044 1383 2077 pervenirent,
1396 2043 1477 2070 etiam
1494 2048 1637 2079 antequam
1651 2042 1714 2071 Dio-

934 2078 1041 2106 eletiani
1055 2078 1207 2113 persecutio
1219 2083 1311 2104 exorta
1325 2083 1407 2109 esset,
1424 2086 1456 2104 ac
1471 2078 1625 2105 traditionis
1641 2079 1713 2112 peri-

934 2115 1023 2141 culum
1041 2114 1204 2140 immineret.
1230 2113 1360 2139 Prae-terea
1378 2113 1440 2138 hinc
1451 2117 1571 2146 apparet,
1588 2120 1640 2139 non
1654 2113 1714 2139 ubi~

933 2158 986 2184 que
999 2149 1046 2177 sed
1061 2148 1144 2176 certis
1156 2148 1317 2183 quibusdam
1333 2149 1357 2174 in
1373 2147 1437 2174 locis
1449 2147 1665 2174 Christianorum
1678 2148 1713 2174 li-

935 2187 997 2212 bros
1014 2184 1092 2211 veudi
1106 2185 1289 2210 eonsuevissc.

967 2220 1023 2254 (2:!)
1044 2219 1114 2246 ldt‘m
1130 2219 1190 2246 eod.
1209 2217 1307 2254 Vatia
1323 2222 1348 2244 et
1360 2225 1391 2243 ex
1406 2217 1606 2254 nostrislibris.
1620 2227 1629 2242 ι

968 2251 1023 2289 {‘23)
1043 2254 1071 2280 In
1086 2253 1180 2289 eodem
1195 2253 1254 2279 cod.
1271 2251 1329 2279 Vat.
1342 2273 1349 2284 ,
1370 2262 1378 2277 ‹
1397 2252 1543 2289 discipulos
1564 2251 1642 2289 istius
1658 2260 1712 2278 non

933 2286 1077 2324 fugarentt
1097 2288 1238 2324 luveniens
1255 2292 1354 2324 autem
1370 2287 1450 2324 etiam
1465 2287 1499 2324 de
1511 2286 1650 2324 Paracleto
1664 2295 1713 2321 po-

933 2322 1014 2351 situm
1026 2325 1051 2350 in
1063 2322 1220 2357 Scripturis.
1235 2332 1243 2347 i
1253 2322 1324 2354 Mox,
1340 2331 1349 2347 ε
1362 2322 1445 2348 mittit
1456 2322 1602 2356 discipulos
1613 2330 1687 2354 suos,
1700 2331 1709 2346 ι

932 2360 991 2386 sine
1006 2358 1162 2393 particula}
1181 2363 1216 2384 et.
1233 2367 1243 2382 ι

968 2391 1023 2429 (Ξὶ)
1041 2393 1108 2429 god.
1137 2392 1202 2427 Reg.
1226 2392 1301 2420 Alex.
1325 2391 1383 2429 Vat.
1411 2401 1419 2416 i
1435 2391 1494 2424 Quo
1509 2399 1569 2418 eum
1589 2391 1713 2429 advenis-

932 2427 981 2456 set.
999 2438 1008 2454 ι
1044 2427 1127 2454 Paulo
1146 2433 1215 2462 post,
1235 2438 1242 2452 I
1262 2428 1535 2462 psendo~prophctaut
1551 2434 1610 2453 esse
1624 2427 1711 2453 inarti-

932 2465 1008 2491 festo.
1028 2463 1062 2489 Se
1074 2465 1090 2489 I.
1110 2473 1119 2488 ι
1234 2489 1239 2496 ι

968 2499 1024 2531 (23)
1044 2498 1113 2524 idem
1129 2499 1188 2525 eod.
1206 2508 1214 2524 ς
1235 2497 1260 2524 in
1274 2497 1480 2532 quibuscunque
1493 2496 1558 2522 loris
1575 2500 1711 2532 repertum

932 2533 1102 2560 ostendimus
1123 2533 1326 2567 comprehendi.
1345 2541 1355 2557 ι
1384 2531 1520 2563 Fortasse,
1539 2541 1547 2556 ι
1563 2531 1712 2558 olfcndere—

931 2574 986 2598 tur,
1000 2568 1202 2601 comprehendi.
1222 2577 1231 2593 ›

967 2603 1022 2636 ('26)
1043 2602 1072 2628 lu
1085 2603 1178 2629 eodem
1192 2603 1254 2629 cod.
1270 2601 1342 2635 Vat.,
1359 2611 1367 2627 ι
1383 2602 1508 2636 potestati
1520 2601 1709 2636 barbarorum,

931 2640 975 2672 qui
991 2643 1068 2665 erant
1080 2638 1161 2664 vieini
1177 2638 1245 2664 ultra
1257 2636 1381 2664 Stracum
1394 2636 1515 2663 (luvium.
1532 2645 1540 2661 ι
1553 2635 1625 2666 illex,
1643 2644 1651 2660 ι
1666 2642 1712 2661 ve-

931 2671 1027 2700 nerant
1039 2673 1149 2707 qnidam
1163 2672 1302 2698 hominum
1316 2672 1349 2698 ad
1364 2671 1553 2706 requirendum
1564 2678 1642 2703 eum;
1658 2678 1711 2705 quo

931 2715 1064 2741 nusquam
1083 2711 1189 2741 reperto
1205 2708 1399 2733 discesserunt.
1417 2716 1427 2732 ι

965 2739 1022 2776 (27)
1044 2739 1076 2768 Et
1089 2739 1133 2769 hic
1147 2742 1287 2777 pra-cisius
1297 2742 1405 2777 imperii
1419 2741 1530 2768 Romani
1547 2741 1636 2773 limes,
1650 2740 1711 2775 qui-

931 2785 992 2804 nam
1007 2777 1133 2804 Archelai
1148 2776 1236 2804 “.etate
1254 2782 1279 2803 et
1297 2776 1386 2803 l’robo
1398 2777 1545 2811 imperante
1559 2781 1646 2807 esset,
1664 2777 1711 2802 de-

931 2818 1062 2847 signatur.
