1865 3042
149 129 159 155 1
168 128 217 156 ῢῖὂ

646 127 737 154 ACTA
756 125 1017 156 DlSPUTATIONIS
1038 125 1066 152 S.
1087 125 1258 153 ARCHELAI

1691 124 1759 150 εδει

149 188 221 215 tione
237 191 373 214 teneretur
387 185 454 221 (28),
471 185 580 220 quidam
597 189 685 213 tamen
700 186 792 213 crebre
809 186 923 213 insecuti
938 188 961 216 Λ
975 193 1020 212 sas
1031 184 1111 211 etiam
1125 184 1256 212 Basilides
1268 184 1378 218 quidam
1394 183 1533 218 antiquior
1546 183 1613 217 (33),
1631 190 1684 208 non
1701 183 1760 209 lon-

148 237 212 261 sunt
226 238 288 269 post
300 241 370 259 eum.
402 232 454 259 Sed
468 232 510 259 ille
524 233 582 258 vias
597 233 697 267 quibus
710 237 830 265 venerat,
848 240 924 266 repe-

147 284 207 306 tens
220 299 227 311 ,
246 279 359 305 transito
374 277 456 304 ﬂuvio
475 277 508 304 ad
522 278 662 305 Arabiouis
676 278 814 305 castellu'm
836 278 924 311 rediit,

148 325 193 352 ubi
210 328 302 359 postea
316 324 526 358 comprehensus
536 343 543 355 ,
560 323 666 351 oblatus
680 328 719 351 est
731 324 803 359 regi;
825 325 925 359 quique

147 370 263 404 plurima
296 370 425 396 adversus
459 377 519 396 eum
554 369 737 405 indignatione
761 375 924 403 commotus,

146 415 215 442 duas
227 419 327 442 mortes
343 415 369 441 in
388 423 449 442 eum
467 415 605 442 vindicare
627 416 748 450 cupiens,
767 423 848 442 unam
866 415 924 448 ﬁlii,

147 461 258 488 alteram
276 461 432 493 carrerarii,
456 461 538 495 jussit
552 469 613 487 cum
628 466 690 488 ante
704 465 809 495 portam
831 461 925 488 civita-

146 507 181 534 tis
195 507 362 535 excoriatum
380 507 525 542 suspendi;
550 512 576 534 et
590 507 684 541 pellem
705 507 781 542 ejus,
807 508 924 535 medica-

146 553 245 580 mentis
269 552 394 580 infectam
410 573 417 586 ,
448 553 553 585 inﬂari;
580 560 674 580 carnes
692 561 756 580 vero
771 554 924 581 volucribus

146 597 204 624 dari
224 597 308 632 jussit
330 598 397 632 (‘29).
427 597 531 630 Quibus
554 602 646 633 postea
666 598 764 633 agnitis
777 598 924 626 Archelaus

146 643 244 677 adjecit
264 650 294 669 ea
310 644 395 678 priori
419 644 617 678 diseeptatioui,
636 649 666 670 ut
678 643 804 671 omnibus
818 644 923 671 innote-

146 692 243 721 sceret,
261 689 403 724 sicutego,
420 689 466 723 qui
487 689 612 723 inscripsi
637 689 663 715 in
685 689 822 723 prioribus
840 697 924 724 expo—

147 734 199 761 sui.
230 734 406 769 Congregatis
421 735 503 769 igitur
517 735 643 762 omnibus
664 735 825 763 Christianis
838 756 844 767 ,
860 736 922 762 ferri

145 780 275 807 adversus
295 788 355 806 eum
373 780 533 808 sententiam
556 781 667 816 placuit,
685 782 766 809 veluti
788 783 923 817 epilogum

145 826 290 860 quemdam
318 826 398 853 morti
424 826 483 861 ejus
505 827 560 862 (50)
579 828 807 860 transmittentes,
826 836 924 855 conso-

147 876 257 899 nantem
282 872 394 906 reliquis
416 873 478 899 vita:
492 873 550 906 ejus
566 873 687 907 negotiis.
715 873 823 901 Addidit
841 874 921 901 etiam

146 919 198 945 hoc
207 918 356 946 Archelaus
369 919 461 946 dicens
477 927 484 945 :
497 918 551 945 Viri
568 919 675 951 fratres,
687 927 720 946 ne
730 920 792 955 quis
803 925 921 947 vestrum

145 963 300 990 incredulus
320 965 355 991 sit
372 964 413 991 his
428 972 488 998 qua:
502 972 515 991 a
543 972 585 992 me
607 965 676 992 dicta
699 971 763 993 sunt
787 976 793 992 :
819 966 846 993 id
883 971 924 994 est

145 1009 217 1043 quod
238 1016 292 1035 non
310 1009 366 1043 ipse
383 1010 487 1044 primus
511 1015 606 1038 auctor
629 1011 751 1038 scelerati
772 1011 852 1046 hujus
876 1011 923 1038 do-

144 1055 242 1089 gmatis
268 1055 401 1082 exstiterit
427 1056 533 1089 Manes;
562 1057 607 1084 sed
633 1061 755 1089 tantum,
779 1058 851 1092 quod
876 1065 924 1092 per

144 1100 234 1134 ipsum
258 1100 394 1135 aliquibus
413 1106 490 1128 terra:
512 1102 634 1136 partibus
657 1102 858 1130 manifestatum
876 1105 919 1130 sit.

145 1145 197 1173 Sed
216 1154 268 1173 non
285 1146 374 1173 statim
390 1147 413 1174 is
427 1147 472 1181 qui
495 1147 594 1182 aliquid
618 1155 781 1182 quocunque
797 1153 922 1183 portave-

144 1192 189 1225 rit,
204 1197 299 1219 auctor
313 1193 372 1227 ejus
382 1193 517 1228 putandus
526 1199 576 1225 est,
592 1195 636 1220 sed
651 1194 696 1228 qui
710 1195 852 1223 invenerit.
868 1196 923 1222 Sic-

143 1242 175 1265 ut
191 1239 261 1265 enim
284 1239 447 1273 gubernator
469 1245 606 1274 acceptam
632 1248 727 1267 navem
750 1249 830 1276 quam
853 1242 922 1269 alius

144 1285 217 1318 fecit,
234 1286 266 1312 ad
281 1294 450 1320 quzecunquc
465 1287 522 1314 loca
539 1287 653 1313 voluerit
674 1288 820 1321 perducere
831 1310 839 1319 ,
857 1290 921 1315 alie-

144 1339 196 1358 nus
210 1336 250 1358 est
267 1336 354 1359 tamen
379 1332 453 1359 omni
476 1339 573 1366 genere
593 1340 608 1359 a
628 1334 829 1360 constructione
843 1334 921 1368 ejus;

143 1376 180 1402 ita
194 1376 384 1411 intelligendus
398 1382 475 1404 estet
487 1377 536 1404 iste
551 1386 556 1404 :
572 1385 624 1403 non
638 1378 709 1404 enim
723 1385 756 1405 ex
771 1378 848 1405 initio
860 1379 922 1406 huic

142 1421 182 1447 rei
200 1421 257 1455 ipse
275 1421 404 1456 originem
423 1422 511 1454 dedit;
531 1422 575 1448 sed
588 1429 619 1448 ea
629 1426 733 1449 tantum
746 1423 801 1457 (51)
815 1432 874 1458 qua:
889 1425 922 1451 ah

143 1467 190 1494 illo
204 1467 311 1495 fuerant
326 1468 444 1500 inventa,
462 1475 508 1502 per
523 1475 550 1495 se
566 1467 660 1494 detulit
678 1468 848 1502 liominibus',
867 1471 920 1497 sic-

976 238 1008 265 ge
1028 235 1088 264 post
1110 234 1265 257 nostrorum
1290 229 1476 264 apostolorum
1500 233 1640 262 tempora;
1664 227 1711 262 qui
1734 233 1760 254 et

975 276 1033 311 ipse
1049 283 1111 303 cum
1128 279 1200 304 esset
1214 281 1350 307 versutus,
1367 280 1393 302 et
1407 275 1518 302 vidisset
1541 273 1615 308 quod
1632 281 1666 300 eo
1690 279 1759 300 tem-

974 330 1040 357 pore
1060 322 1114 356 jam
1140 326 1231 349 essent
1256 322 1347 349 omnia
1363 326 1552 356 prmoecupata
1565 340 1572 351 ,
1599 320 1758 347 dualitatem

976 369 1055 395 istam
1070 368 1157 395 voluit
1171 367 1314 401 aﬂirmare,
1329 375 1390 402 qua;
1400 367 1481 394 etiam
1494 367 1565 402 apud
1579 366 1759 402 Scythianum

974 419 1041 440 erat.
1076 412 1198 448 Denique
1221 421 1284 440 cum
1306 413 1372 439 nihil
1393 412 1518 443 haberet,
1536 411 1609 446 quod
1624 415 1760 438 assereret

975 461 1134 496 proprium,
1159 461 1221 488 aliis
1243 460 1322 488 dictis
1339 459 1394 495 (54)
1417 459 1558 494 proposuit
1581 457 1756 485 adversariis.

975 506 1008 532 Et
1021 513 1116 533 omnes
1135 505 1194 540 ejus
1213 505 1274 532 libri
1290 505 1405 533 diﬂicilia
1426 505 1549 539 quaedam
1567 508 1595 530 et
1608 502 1757 537 asperrima

974 551 1123 578 continent.
1152 550 1247 578 Exstat
1263 555 1353 578 tamen
1366 550 1462 577 tertius
1477 549 1600 576 decimus
1617 548 1687 574 liber
1703 552 1757 574 tra—

975 602 1096 624 ctatuum
1112 597 1182 632 ejus,
1194 597 1272 632 cujus
1287 597 1391 624 initium
1405 596 1458 623 tale
1472 600 1514 622 est
1527 604 1534 621 :
1555 604 1564 620 Ι
1579 594 1705 621 Tertium
1717 593 1758 620 de-

975 644 1075 670 cimum
1096 643 1175 670 nobis
1194 647 1357 670 tractatuum
1373 641 1555 670 scribentibus
1573 641 1693 672 librum,
1712 647 1756 666 ne-

975 691 1124 719 cessarium
1150 697 1303 718 sermonem
1330 689 1494 722 uberemque
1517 687 1647 714 salutaris
1669 692 1757 712 sermo

974 739 1123 772 przestavit.
1143 747 1151 764 ι
1181 736 1232 764 Per
1243 737 1383 771 parvulam
1399 735 1491 762 divitis
1503 755 1510 766 ,
1527 739 1553 760 et
1565 733 1696 768 pauperis
1711 739 1757 758 na-

974 789 1062 811 turam
1081 784 1138 811 sine
1154 783 1245 810 radice
1255 803 1262 814 ,
1278 786 1303 808 et
1318 781 1376 808 sine
1388 781 1447 808 loco
1459 780 1542 807 rebus
1563 778 1757 813 supervenien-

975 835 1038 862 tem,
1056 829 1127 856 unde
1143 827 1314 863 pullulaverit
1337 826 1446 853 indicat.
1481 824 1539 852 Hoc
1555 829 1648 851 autem
1671 824 1755 851 solum

939 857 959 884 Β
973 881 1053 911 caput
1067 875 1136 903 liber
1143 857 1280 902 Icontinet.
1310 872 1406 900 Nonne
1420 872 1542 900 continet
1554 876 1581 899 et
1595 871 1681 898 alium
1698 878 1755 897 ser-

973 929 1091 953 monem,
1104 924 1131 947 et
1143 920 1214 947 sicut
1229 918 1330 954 opinati
1348 922 1411 946 sunt
1425 917 1549 953 quidam,
1561 924 1653 943 nonne
1664 923 1756 942 omnes

973 966 1144 994 offendemini
1162 966 1221 1000 ipso
1234 966 1314 997 libro,
1329 965 1407 999 cujus
1421 963 1527 990 initium
1545 967 1605 989 erat
1621 961 1690 988 hoc?
1704 961 1754 987 Sed

973 1014 1005 1040 ad
1020 1021 1075 1041 rem
1093 1012 1200 1039 rediens
1213 1011 1354 1043 Basilides,
1368 1010 1517 1044 interiectis
1530 1009 1592 1044 plus
1608 1008 1701 1035 minus
1715 1008 1756 1034 vel

973 1061 1128 1096 quingentis
1151 1059 1274 1087 versibus
1292 1059 1331 1085 ait
1351 1067 1357 1084 :
1379 1067 1387 1083 ι
1406 1056 1503 1084 Desine
1524 1057 1558 1083 ab
1582 1055 1657 1082 inani
1671 1059 1698 1081 et
1711 1062 1756 1081 cu-

973 1107 1044 1132 riosa
1060 1105 1189 1132 varietate
1205 1113 1211 1131 :
1235 1104 1406 1138 requiramus
1420 1106 1510 1128 autem
1524 1101 1611 1135 magis
1624 1121 1631 1131 ,
1646 1108 1708 1135 quae
1724 1099 1757 1125 de

973 1151 1050 1178 bonis
1075 1154 1102 1177 et
1125 1150 1204 1176 malis
1229 1149 1309 1176 etiam
1332 1147 1438 1174 barbari
1461 1146 1663 1180 inquisierunt,
1687 1149 1716 1171 et
1730 1144 1755 1170 in

973 1204 1040 1231 quas
1057 1196 1199 1231 opiniones
1215 1195 1248 1222 de
1263 1194 1304 1222 his
1318 1194 1444 1222 onmibus
1468 1196 1661 1227 pervenerunt.
1691 1190 1757 1223 Qui-

972 1243 1034 1270 dam
1048 1243 1120 1269 enim
1135 1242 1231 1268 horum
1244 1241 1380 1272 dixerunt,
1392 1239 1469 1266 initia
1480 1237 1604 1264 omnium
1618 1236 1673 1263 duo
1684 1243 1754 1268 esse,

972 1289 1071 1322 quibus
1086 1288 1157 1314 bona
1171 1292 1197 1314 et
1215 1286 1284 1314 mala
1310 1285 1530 1314 associavcrunt,
1557 1282 1617 1316 ipsa
1635 1282 1755 1309 dicentes

973 1335 1049 1362 initia
1065 1342 1125 1362 esse
1147 1338 1174 1361 et
1196 1332 1330 1367 ingenita,
1352 1331 1379 1358 id
1399 1335 1440 1358 est
1459 1331 1486 1356 in
1506 1329 1651 1364 principiis
1668 1329 1754 1355 lucem

973 1381 1056 1408 fuisse
1068 1401 1075 1414 ,
1090 1388 1122 1407 ac
1138 1379 1261 1407 tenebras
1274 1398 1280 1410 ,
1300 1385 1360 1412 quae
1371 1385 1405 1404 ex
1419 1376 1572 1411 semetipsis
1585 1379 1667 1402 erant
1678 1396 1686 1407 ,
1701 1382 1753 1401 non

972 1434 1032 1461 qua:
1054 1433 1114 1453 esse
1138 1425 1307 1452 dicebantur.
1339 1422 1401 1450 Haec
1426 1429 1488 1449 cum
1512 1421 1585 1456 apud
1611 1421 1754 1455 semetipsa

973 1477 1080 1503 essent,
1097 1472 1233 1507 propriam
1249 1469 1460 1504 unumquodque
1477 1475 1574 1494 eorum
1590 1467 1676 1493 vitam
1693 1473 1753 1501 age-

143 1517 174 1540 ut
194 1514 276 1541 certis
299 1514 459 1541 testimoniis
488 1518 582 1541 notum
604 1518 645 1540 est
661 1522 667 1540 :
683 1514 781 1548 quibus
801 1516 922 1550 proposi-
935 1523 956 1552 ο
973 1518 1033 1551 bat,
1057 1525 1138 1553 quam
1153 1517 1250 1549 vellet,
1276 1522 1302 1542 et
1315 1515 1402 1550 qualis
1425 1514 1476 1541 sibi
1500 1511 1752 1547 competeret(55);

141 1563 200 1586 tum
226 1563 267 1586 est
285 1559 361 1587 vobis
386 1560 542 1591 ostendere,
567 1567 621 1587 non
648 1567 680 1586 ex
696 1560 773 1588 Mane
787 1562 918 1596 originem

142 1604 206 1631 mali
220 1604 302 1639 hujus
318 1612 443 1632 manasse
462 1605 535 1640 (32);
553 1605 598 1632 sed
613 1606 647 1632 ab
661 1606 724 1637 alio,
736 1611 763 1633 et
776 1612 837 1634 ante
851 1608 920 1635 mul-

141 1653 199 1677 tum
217 1650 347 1684 temporis
363 1657 378 1676 a
392 1650 508 1676 barbaro
522 1651 637 1684 quodam
663 1654 768 1684 exorta,
793 1653 819 1679 in
839 1653 921 1680 silen-

141 1695 181 1722 tio
196 1695 302 1728 habita;
319 1695 353 1722 ab
366 1696 418 1723 isto
434 1703 497 1722 vero
511 1696 600 1730 ignoto
616 1696 724 1723 latentia
736 1717 744 1730 ,
758 1698 839 1725 veluti
857 1706 919 1733 pro--

141 1742 202 1777 pria
217 1742 276 1777 ejus
292 1750 352 1770 esse
366 1742 468 1776 prolata
482 1762 490 1774 ,
514 1742 602 1770 deleto
625 1745 817 1777 conscriptoris
832 1745 918 1777 titulo,

143 1788 214 1817 sicut
234 1788 360 1823 superius
372 1790 495 1823 exposui.
526 1790 588 1817 Fuit
600 1792 760 1826 prtedicator
773 1791 843 1826 apud
857 1791 922 1818 Per-

973 1563 1099 1590 omnibus
1114 1562 1186 1589 enim
1203 1561 1319 1588 amicum
1336 1563 1394 1591 est,
1408 1558 1480 1593 quod
1493 1561 1535 1584 est
1549 1556 1694 1592 proprium
1707 1576 1714 1587 ,
1731 1560 1755 1582 et

974 1609 1040 1636 nihil
1062 1609 1112 1636 sibi
1128 1608 1216 1642 ipsum
1237 1607 1336 1634 malum
1358 1605 1474 1632 videtur.
1503 1602 1656 1637 Postquam
1669 1606 1753 1628 autem

974 1654 1007 1681 ad
1028 1654 1187 1681 alterutrum
1206 1651 1370 1687 agnitionem
1389 1654 1504 1684 uterque
1516 1647 1663 1682 pervenit,
1679 1651 1705 1673 et
1719 1651 1755 1673 te-

973 1699 1062 1727 nebrae
1076 1698 1261 1733 contemplata!
1273 1703 1337 1724 sunt
1349 1696 1435 1723 lucem
1451 1694 1509 1729 (56)
1521 1714 1528 1725 ,
1548 1698 1684 1727 tanquam
1697 1698 1753 1718 me-

974 1745 1049 1772 lioris
1065 1745 1104 1772 rei
1121 1748 1228 1779 sumpta
1241 1741 1459 1777 concupiscentia
1469 1759 1478 1772 ,
1500 1738 1713 1766 insectabantur
1726 1745 1755 1764 ea

974 1791 1154 1819 commisceri.
1179 1799 1188 1815 ι

757 1859 892 1887 Nonnulla
911 1861 1023 1894 fortasse
1041 1861 1143 1888 desunt.

178 1932 234 1967 (‘28)
252 1932 318 1960 Cod.
331 1933 396 1969 lleg.
412 1934 487 1962 Alex.
504 1934 564 1961 Vat.
575 1955 582 1966 ,
601 1944 611 1961 ι
628 1935 691 1963 dum
706 1943 740 1962 ne
759 1943 820 1962 eum
846 1937 920 1963 insc-

142 1972 271 2004 queretur
288 1969 311 2004 is
327 1969 452 2003 populus,
467 1974 493 1996 et
506 1969 628 1996 Archelai
648 1978 727 2004 quem
747 1971 860 1998 libenter
870 1979 920 1998 au-

141 2003 258 2040 diehant,
269 2003 398 2040 relatione
409 2009 572 2031 tenerentur.
587 2015 595 2030 ι
613 2003 673 2031 Moir
692 2014 700 2030 ε
718 2006 827 2036 crebro,
845 2016 853 2031 ι
874 2014 921 2040 pro

145 2047 155 2074 ᾳ
172 2038 274 2074 crebre.
294 2048 303 2064 ι
316 2038 400 2065 Paulo
414 2044 482 2073 post,
504 2048 513 2064 ε
532 2045 652 2069 venerat.
670 2045 805 2074 rcpetans,
832 2038 923 2068 trans-

142 2072 181 2110 ito
213 2072 300 2110 ﬂuvio)
313 2072 476 2101 Adrabionis
498 2074 586 2101 rediit.
605 2084 614 2100 ι
643 2072 710 2101 Vide
731 2082 763 2101 an
779 2075 922 2110 legendum
947 2096 953 2101 .

142 2107 178 2134 sit
198 2117 207 2132 ‹
221 2107 363 2140 repedans.
384 2117 392 2134 ν

157 2176 164 2182 θ
179 2142 235 2182 (29)
256 2143 283 2169 ln
300 2143 455 2182 his_verbi§,
477 2153 491 2182 (_
506 2143 732 2182 volucribusdari
743 2145 834 2182 j_u_ssit.
850 2155 858 2171 ι
877 2145 923 2172 dc-

141 2178 207 2204 sinit
227 2179 410 2212 apographum
428 2178 737 2212 Regio-Alexandrinum
752 2179 921 2212 Vaticanum,

140 2218 265 2246 excerpta
282 2214 404 2247 quaedam
421 2221 454 2240 ex
474 2214 547 2239 Actis
567 2213 754 2247 disputationis
771 2215 891 2241 Archelai
908 2223 923 2242 a

975 1937 1134 1972 praedicasse
1154 1937 1235 1964 dicat.
1265 1937 1335 1964 Fieri
1358 1937 1430 1964 enim
1453 1940 1601 1972 potestgut
1628 1934 1757 1972 Basilides

975 1970 1137 1999 Alexandria
1149 1972 1297 2007 digressus,
1314 1971 1410 1999 Persas
1427 1970 1543 2007 quoque
1555 1970 1694 2007 haereticis
1709 1970 1756 1996 do-

976 2008 1109 2041 gmatibus
1125 2005 1233 2033 inficere
1258 2011 1398 2033 tentasset.
1430 2006 1503 2032 Sane
1527 2005 1660 2041 Basilidis
1673 2005 1758 2032 Persa

975 2039 1048 2068 nulla
1059 2062 1066 2073 ,
1082 2042 1153 2076 quod
1169 2042 1268 2073 sciam,
1287 2042 1356 2075 apud
1371 2046 1476 2068 veteres
1496 2041 1612 2076 mentio.
1638 2039 1758 2076 iScripsit

975 2081 1064 2103 autem
1078 2075 1207 2104 Basilides
1227 2077 1424 2103 Alexandrinus
1439 2076 1523 2102 libros
1538 2075 1573 2101 Ἃ
1593 2075 1620 2101 in
1638 2075 1758 2109 Evange-

975 2111 1051 2142 lium.
1071 2112 1163 2138 eodem
1177 2111 1292 2138 Eusebio
1306 2116 1381 2142 teste,
1400 2111 1446 2145 qui
1461 2118 1515 2136 non
1528 2110 1574 2136 alii
1589 2117 1652 2136 esse
1669 2110 1759 2136 viden-

975 2150 1018 2173 tur
1032 2155 1047 2173 a
1063 2151 1225 2173 tractatuum
1241 2146 1316 2173 libris
1327 2167 1333 2178 ,
1355 2153 1423 2180 quos
1439 2145 1529 2171 laudat
1541 2144 1714 2174 Archelaus.
1734 2149 1758 2170 et

976 2182 1010 2208 ab
1022 2182 1164 2214 cxegeticis
1176 2182 1239 2211 illis,
1257 2189 1290 2207 ex
1303 2189 1417 2215 quorum
1434 2181 1503 2207 libro
1512 2180 1549 2206 23
1560 2180 1688 2215 quaedam
1701 2179 1755 2215 lota

977 2216 1057 2243 refert
1072 2216 1196 2242 Clemens
1209 2214 1407 2243 Alexandrinus
1421 2215 1590 2242 Stroruatum
1606 2215 1654 2240 lib.
1669 2214 1697 2241 4.
1719 2214 1755 2240 An

140 2254 199 2284 cap.
216 2245 247 2284 51
265 2245 298 2274 ad
312 2248 346 2275 55
362 2248 519 2280 continens;
537 2245 710 2275 unde-varias
734 2250 861 2276 lectiones
876 2250 923 2276 de-
940 2245 962 2273 D
976 2256 1065 2277 autem
1083 2251 1256 2284 Evangelium
1278 2251 1342 2277 illud
1362 2251 1388 2276 in
1403 2251 1475 2284 quod
1490 2249 1624 2276 Basilides
1641 2249 1756 2282 scripsit,

140 2281 310 2342 sizqipsiqius,
328 2290 442 2317 quarum
456 2291 505 2317 ope
524 2284 646 2317 quaedam
663 2284 788 2311 Archelai
809 2285 866 2312 loca
885 2293 924 2312 re-

140 2323 153 2342 8
167 2325 172 2342 l
189 2324 242 2342 ιιιιη
259 2325 300 2342 lll‘.

139 2321 300 2344 stltuttntur.

175 2351 232 2387 (50)
252 2351 342 2387 Forte,
362 2362 370 2377 ι
387 2352 484 2379 mortis
496 2352 564 2387 ejus.
584 2361 594 2378 ι

174 2387 231 2419 (51)
251 2386 319 2413 Male
330 2388 415 2414 codex
427 2386 595 2418 Casinensis,
616 2398 625 2413 ‹
643 2389 689 2416 sed
702 2390 793 2416 etiam.
813 2399 822 2414 I

154 2455 160 2461 ε
174 2421 229 2461 (32)
249 2421 304 2461 _Aut
317 2422 384 2461 nihil
401 2422 490 2461 video,
507 2427 554 2449 aut
565 2424 600 2461 ita
616 2424 774 2461 corrigenda
787 2430 827 2451 est
841 2425 918 2451 codi-

137 2456 177 2492 cis
193 2456 350 2484 Casinensis
371 2457 468 2492 lectio,
491 2465 551 2492 qua:
575 2460 620 2486 sic~
637 2466 666 2485 se
681 2456 770 2491 habet,
788 2469 797 2484 ‹
816 2468 868 2486 ιιοη
886 2469 918 2487 ex

137 2489 233 2517 Manen
249 2492 380 2526 originem
394 2491 457 2518 mali
474 2489 555 2526 hujus
570 2493 662 2520 Manes
672 2501 742 2521 esse.
764 2489 772 2519 ἰ

173 2526 229 2559 (55)
251 2525 307 2563 Etsi
324 2527 468 2563 Basilidem
492 2525 536 2562 qui
554 2529 634 2562 paulo
654 2534 714 2562 post
737 2530 918 2563 apostolorum

137 2564 260 2599 tempora
273 2561 396 2599 haeresim
420 2562 528 2599 docuit,
544 2561 761 2599 Alexandrinum
778 2564 860 2591 fuisse
871 2584 878 2595 .
894 2569 922 2591 et

137 2594 165 2632 in
180 2594 296 2632 Egypto
311 2596 419 2632 scholas
435 2597 536 2624 erroris
548 2598 695 2632 aperuisse,
709 2603 822 2626 testetur
837 2599 921 2626 Euse-

138 2603 165 2634 ιη
180 2603 296 2656 ωμῖιιρῑο
311 2603 419 2623 seltotas
435 2604 536 2624 erroris
548 2606 695 2632 aperuisse,
709 2603 822 2626 testetur
837 2603 920 2626 Euse-

138 2628 199 2668 bius
215 2630 231 2668 l_i
253 2649 261 2668 2
276 2639 307 2668 IV»
319 2631 420 2658 Ilistar.
436 2632 581 2659 ccclesiast.
592 2653 598 2664 ,
613 2641 672 2667 cap.
687 2633 718 2664 7;
743 2634 920 2660 nihilominus

137 2664 184 2697 qui
201 2665 235 2700 ab
246 2664 379 2693 Archelao
395 2672 570 2700 memoratur,
587 2664 656 2694 idem
672 2675 703 2694 ac
715 2668 846 2696 Basilides
859 2669 920 2695 Alc—

139 2698 289 2728 xattdrinus
305 2708 365 2728 esse
382 2702 502 2734 videtur,
520 2698 581 2730 licet
599 2704 668 2738 apud
685 2702 781 2730 Persas
796 2704 919 2731 lueresim

977 2286 1160 2320 apostolorum
1175 2290 1256 2315 esset,
1272 2293 1304 2320 an
1320 2285 1391 2312 aliud
1407 2285 1479 2318 quod
1494 2292 1546 2311 suo
1557 2287 1647 2320 marte
1660 2284 1758 2320 coutin-

970 2318 1017 2352 xi't,
1034 2321 1112 2355 cujus
1129 2321 1251 2347 meminit
1266 2319 1395 2354 Origenes
1410 2320 1484 2355 hom.
1497 2319 1509 2345 1
1528 2320 1555 2345 in
1571 2318 1688 2355 Lucam.
1702 2318 1758 2345 Hie-

970 2353 1099 2391 ronymus
1115 2356 1141 2382 in
1157 2356 1272 2390 prologo
1293 2353 1405 2391 suorum
1420 2354 1621 2391 Comment.th
1636 2353 1758 2391 Mettius-

970 2388 1029 2423 ιιηι,⁷
1038 2395 1064 2417 et
1077 2388 1276 2417 Ambrosiusin
1290 2390 1402 2424 prologo
1419 2389 1446 2415 in
1469 2388 1651 2424 Evangelium
1669 2389 1754 2419 Luca,

970 2433 1023 2451 non
1041 2425 1106 2452 satis
1120 2425 1221 2458 liquido
1236 2430 1350 2451 constat.

1008 2460 1064 2494 (54)
1085 2460 1175 2490 Forte,
1195 2469 1204 2484 ‹
1222 2461 1336 2486 aliorum
1352 2459 1433 2486 dicta.
1454 2469 1462 2483 ι

1008 2495 1064 2530 (55)
1084 2495 1111 2521 ln
1125 2495 1218 2522 codice
1241 2495 1392 2525 Casinensi,
1418 2504 1427 2519 l
1445 2499 1473 2520 et
1487 2493 1586 2528 quales
1603 2493 1638 2519 ibi
1653 2500 1758 2526 compc-

971 2535 1069 2557 tercnt.
1096 2539 1104 2555 ι

1007 2564 1063 2599 (36)
1083 2564 1218 2591 Tenebras
1240 2563 1467 2599 desideriorlucis
1488 2563 1676 2599 adipiscenda:
1689 2567 1757 2589 actas

972 2599 1057 2626 fuisse
1083 2599 1174 2626 Manes
1188 2607 1295 2633 quoque
1307 2598 1403 2625 asserit
1417 2599 1444 2623 in
1461 2605 1524 2632 cap.
1541 2598 1576 2624 l3
1601 2599 1685 2631 hujus
1699 2604 1759 2630 ope-

972 2635 1021 2667 ris,
1034 2639 1060 2661 et
1076 2635 1145 2668 apud
1159 2633 1248 2660 Titqu
1266 2633 1434 2668 Bostrensern
1451 2633 1582 2660 adversus
1601 2633 1758 2660 Manickew

973 2669 1019 2696 lib.
1033 2676 1052 2703 I,
1070 2667 1129 2704 pag.
1144 2669 1178 2696 47
1193 2668 1319 2696 editionis
1333 2667 1499 2695 Casinianae.
