1865 3042
28 191 1636 208 W

592 282 682 303 CIRCA
709 282 819 302 ANSL‘M
846 280 960 302 DOMIXI
982 280 1074 302 CCXC.

435 301 519 460 ε.
583 301 1211 459 murrinus

61 528 360 573 ECCLESIIE
408 526 806 573 CESARIENSIS
841 527 1192 573 PRESBYTER
1238 529 1312 574 ET
1349 529 1597 574 MABTYR

689 710 987 766 NOTITIA

461 818 604 851 (Gutum,
613 821 662 845 νει.
678 821 748 844 Patr.
774 818 897 850 Bibliotlt.,
911 823 926 844 t.
950 819 990 850 IV,
1004 820 1115 852 Proleg.,
1126 828 1150 852 p.
1163 819 1208 852 m.)

29 990 38 997 .
56 971 129 1003 Quis
143 975 166 997 et
178 974 290 1005 quantus
312 971 352 997 uir
376 970 533 1004 Pamphilus
545 991 553 1003 ,
571 968 655 996 Pierii
665 969 837 996 Alexandrini
849 968 1003 1003 discipulus.
1021 968 1146 996 Ecclesia:
1160 968 1330 996 Casariensis
1354 970 1487 1004 presbyler
1506 974 1530 996 et
1556 979 1636 997 orno-

55 1011 186 1032 mentum.
204 1005 374 1032 Beatissimus
386 1011 496 1040 martyr.

31 1039 56 1067 Ι.
80 1041 220 1068 Sacrorum
231 1041 380 1067 litterarum
392 1038 611 1068 studiosissimus.
625 1040 793 1067 Bibliothecte
806 1038 977 1066 thsariensis
992 1038 1121 1066 conditor.
1139 1039 1178 1065 An
1190 1039 1292 1074 aliquid
1309 1039 1408 1074 proprii
1425 1040 1510 1073 operis
1525 1041 1636 1074 scripse-

55 1076 108 1102 rit.
125 1075 227 1102 Eusebii
243 1075 314 1103 locus
326 1083 461 1110 expensus.

28 1110 67 1137 ll.
86 1110 223 1144 Expositio
237 1108 362 1145 capitum
377 1111 493 1138 Actuum
510 1111 704 1145 apostolorum,
717 1118 780 1136 num
796 1109 921 1136 Euthalio
936 1109 1100 1136 ascribenda.
1123 1108 1260 1143 Pamphilo
1273 1111 1412 1136 asseritur.

28 1145 67 1181 Υ.
80 1146 185 1181 Auctor
194 1144 293 1181 quoque
307 1146 431 1180 Origenis
448 1144 613 1180 Apologetici
628 1153 659 1172 ex
672 1150 784 1181 veterum
802 1145 957 1181 testimoniis
976 1145 1057 1181 fuisse
1069 1144 1227 1179 perhibetur.

26 1180 50 1208 ί.
71 1180 113 1207 Εο
127 1181 152 1206 in
163 1178 237 1215 opere
248 1178 413 1215 potissimum
427 1178 569 1212 prteclarus
586 1181 730 1207 divinitatis
745 1180 843 1206 Christi
857 1184 972 1206 assertor
985 1178 1187 1215 beatusimarlyr
1200 1179 1390 1215 comprobatur.
1407 1178 1560 1212 Interpretis
1579 1178 1632 1204 Rn-

52 1215 108 1250 ﬁni
118 1215 180 1249 fides
194 1214 335 1243 astruitur.
349 1215 499 1242 Novissima
513 1215 629 1249 ejusdem
640 1215 805 1250 Apologetici
818 1214 951 1241 luculenta
965 1214 1045 1241 editio
1065 1214 1223 1241 Parisiensis
1243 1214 1386 1241 exhibetur.
1412 1215 1480 1241 Acta
1497 1215 1628 1249 passionis

53 1249 89 1278 S.
105 1250 236 1285 Pamphili
247 1258 279 1277 ex
292 1259 340 1278 ms.
355 1250 472 1278 Mediceo
487 1251 659 1285 adjiciuntur.

50 1309 77 1335 Ι.
93 1307 250 1342 Pamphilus
274 1312 352 1344 gente
376 1308 531 1336 Pluenicius
557 1316 590 1335 ex
617 1308 802 1344 Berytensium
818 1311 841 1340 Α
855 1312 884 1335 ut
902 1315 961 1335 eam
980 1308 1081 1335 medias
1097 1307 1168 1334 inter
1180 1306 1325 1342 [Egyptum
1349 1311 1376 1333 et
1396 1306 1567 1333 Antiochiam
1585 1306 1635 1332 Ec-

28 1355 98 1387 rbe,
116 1355 197 1382 nobili
206 1361 304 1389 genere
319 1359 412 1388 ortus,
427 1355 541 1382 illustris
552 1363 660 1390 quoque
683 1354 732 1381 fuit
744 1363 804 1381 ntu-

29 1402 134 1429 eribus
150 1401 176 1428 in
194 1402 281 1436 patria
298 1401 405 1436 publice
421 1401 504 1436 gestis
521 1401 569 1436 (l).
583 1399 682 1427 Verum
699 1400 802 1427 relictis

26 1448 199 1476 tecularibus
212 1449 295 1482 curis,
325 1447 516 1475 Alexandriam
544 1455 574 1475 se
600 1447 736 1479 contulit;
759 1447 802 1474 ubi

26 1495 141 1522 'ierium
158 1495 229 1522 illius
246 1494 374 1522 Ecclesiae
398 1494 586 1529 presbyterum
599 1513 606 1524 ,
629 1493 718 1520 virum
743 1493 803 1520 exi-

28 1542 119 1573 tium,
132 1540 159 1567 in
174 1548 315 1568 sacrarum
330 1540 482 1567 litterarum
498 1539 589 1566 studio
603 1539 739 1566 doctorem
754 1539 802 1565 ha.

28 1587 86 1620 uit,
102 1591 135 1614 ut
145 1587 239 1614 scribit
248 1586 360 1613 Photius
373 1586 422 1621 (2).
440 1585 569 1620 Deinceps
580 1593 643 1612 vero
653 1585 802 1612 Cmsaream

26 1632 172 1659 ‘alzestinze
189 1632 365 1664 contendens,
381 1636 461 1666 atque
473 1631 506 1658 ad
519 1630 678 1665 presbyterii
689 1630 801 1665 gradum

26 1681 141 1708 rectus,
158 1675 335 1704 Caesariensis
348 1675 475 1703 Ecclesia:
483 1679 672 1702 ornamentum
684 1674 802 1706 exstitit;

26 1723 110 1757 iique
123 1722 243 1749 maxime
269 1721 413 1753 inclaruit,
441 1728 495 1756 quo
510 1725 630 1755 tempore
647 1720 802 1747 cathedram

26 1769 91 1794 lam
108 1767 292 1803 episcopalem
315 1771 377 1802 post
393 1766 577 1793 Theotecnum
599 1766 707 1793 tenebat
730 1765 799 1801 Aga»

26 1812 86 1838 ius.
114 1810 212 1838 Virum
240 1811 452 1839 disertissimum
479 1810 657 1845 moribusque
674 1818 706 1838 ac
721 1811 803 1845 gestis

26 1865 75 1885 :re
93 1857 303 1892 philosophum,
318 1856 530 1892 ἐλλογιμώτατον
544 1855 617 1891 αὐτῷ
628 1864 657 1882 τε
671 1856 721 1891 βίῳ
732 1856 804 1890 φιλό-

26 1913 96 1939 >φον
126 1903 217 1940 ἀληθῆ
233 1924 241 1936 ,
265 1903 436 1939 Pamphilum
464 1907 588 1930 nostrum
619 1907 697 1930 vocat
719 1902 804 1930 Euse-

31 1958 71 1977 us
90 1949 133 1985 (3)
152 1958 158 1977 :
177 1949 223 1984 qui
243 1949 324 1977 etiam
343 1949 449 1984 singula
469 1956 529 1984 quae
541 1949 574 1976 ad
588 1949 661 1977 illius
679 1948 762 1975 vitam
778 1953 804 1976 et

26 1995 188 2023 lscholam
212 1995 245 2022 ab
262 1994 357 2022 eodem
382 1994 532 2022 institutam
551 1994 703 2028 pertinent;
727 1994 801 2020 varia

855 1354 951 1381 clesias
971 1354 997 1380 in
1018 1361 1188 1381 communem
1200 1360 1280 1379 usum
1294 1352 1427 1386 recepisse
1442 1357 1554 1379 testctur
1569 1360 1636 1379 san-

856 1403 915 1425 ctus
926 1398 1106 1433 Hieronymus
1122 1398 1170 1433 (5).
1192 1397 1323 1424 Mittimus
1344 1398 1423 1424 etiam
1439 1405 1499 1431 qum
1515 1398 1547 1424 de
1576 1398 1634 1432 ipso

854 1444 996 1479 Pamphilo
1012 1444 1082 1471 idem
1096 1443 1191 1471 doctor
1207 1444 1342 1471 maximus
1356 1448 1418 1478 post
1431 1443 1576 1470 Eusebium
1594 1444 1632 1479 (6t

855 1490 917 1517 alibi
931 1494 1039 1517 enarrat
1053 1489 1091 1525 (7)
1107 1499 1114 1516 :
1134 1489 1209 1516 illum
1225 1489 1367 1522 videlicet,
1395 1497 1453 1515 cum
1470 1489 1631 1516 Demetrium

854 1536 1012 1563 Phalereum
1044 1539 1069 1562 et
1101 1535 1272 1562 Pisistratth
1299 1535 1327 1561 in
1358 1542 1440 1562 sacro:
1472 1525 1634 1562 biblibthecaz

853 1583 942 1610 studio
964 1582 1038 1610 vellet
1061 1589 1163 1617 requare
1177 1602 1184 1613 ,
1202 1581 1377 1615 imaginesque
1401 1582 1561 1615 ingeniorum
1575 1589 1635 1615 qua:

854 1637 915 1656 vera
927 1634 986 1655 sunt
1001 1633 1025 1655 et
1040 1633 1138 1655 menta
1155 1632 1334 1659 monumenta,
1355 1631 1409 1653 toto
1429 1626 1489 1652 orbe
1501 1627 1632 1661 perquire—

855 1679 903 1707 ret,
919 1680 980 1701 tunc
997 1674 1036 1701 vel
1058 1674 1170 1700 maxime
1186 1673 1307 1708 Origenis
1318 1672 1399 1699 libros
1412 1673 1556 1708 impensius
1572 1680 1634 1706 pro-

854 1726 980 1753 secutum,
997 1720 1153 1748 Caesariensi
1171 1719 1293 1746 Ecclesire
1309 1719 1463 1750 dedicasse;
1489 1723 1633 1752 praeterea.

855 1774 908 1800 que
919 1766 956 1800 (8)
969 1765 1156 1793 Caesariensem
1174 1764 1355 1791 bibliothecam
1369 1763 1559 1790 studiosissime
1573 1771 1635 1789 cou-

855 1812 956 1847 fecisse.

890 1858 922 1884 Et
937 1858 994 1884 haec
1006 1857 1114 1892 quidem
1129 1857 1199 1884 beati
1216 1856 1342 1891 martyris
1362 1855 1484 1883 studium
1500 1855 1527 1881 in
1548 1855 1633 1881 sacris

854 1904 1000 1939 praesertim
1010 1903 1107 1930 litteris
1118 1903 1271 1930 excolendis
1280 1903 1345 1929 satis
1354 1902 1481 1936 produnt.
1492 1900 1551 1934 Ipse
1558 1908 1632 1931 vero,

855 1948 1081 1984 inquitEusebius
1091 1949 1161 1983 apud
1171 1948 1363 1983 Hieronymum
1377 1947 1424 1982 (9),
1439 1947 1537 1982 proprii
1549 1947 1634 1982 operis

855 1995 921 2022 nihil
934 1995 1039 2021 omnino
1050 1995 1164 2029 scripsit,
1180 1995 1294 2028 exceptis
1307 1993 1432 2027 Epistolis
1443 2001 1507 2028 quas
1520 1993 1553 2019 ad
1567 1994 1634 2020 ami-

26 2049 125 2076 xoque
139 2041 346 2069 confessionum
359 2041 507 2068 certamina
522 2040 718 2075 persecutionis
733 2044 802 2067 tem-
819 2050 840 2076 Β
856 2049 898 2068 cos
918 2041 986 2076 forte
998 2041 1134 2067 mittebat:
1147 2040 1173 2067 in
1190 2045 1292 2066 tantum
1300 2040 1482 2066 sehumililale
1492 2039 1631 2073 dejecerut.

26 2096 74 2115 ire
94 2087 134 2114 ab
145 2095 180 2114 eo
200 2088 329 2119 tolerata;
351 2095 382 2114 ac
409 2091 546 2121 postremo
562 2087 721 2123 martyrium
749 2095 804 2122 quo

26 2138 168 2162 pronatus
189 2138 242 2166 est,
266 2134 395 2168 peculiari
426 2141 507 2168 opere
534 2134 691 2168 complexus
719 2134 803 2161 fuisse

26 2180 180 2208 :rbibetur
194 2190 200 2206 :
215 2180 287 2215 quod
301 2184 390 2207 tamen
407 2179 578 2207 intercidisse
592 2200 599 2211 ,
621 2179 683 2214 jure
707 2180 802 2207 dolen-

27 2234 85 2253 im.
97 2225 207 2253 Passus
221 2230 258 2253 est
276 2225 402 2253 Cwsarea.’
414 2225 565 2252 Palwstinte
573 2226 619 2252 sub
627 2226 804 2260 persecutione

29 2271 176 2304 (utimini,
189 2276 256 2298 teste
267 2270 430 2305 Hieronymo
446 2269 484 2305 (4)
495 2291 503 2303 ,
522 2278 593 2298 anno
609 2270 660 2297 509
683 2270 802 2297 ineunte.

34 2317 74 2344 ll.
93 2317 140 2345 Ad
157 2321 333 2344 monumenta
345 2324 409 2344 vero
424 2317 576 2343 litterarum
586 2316 719 2352 Pamphili
730 2317 802 2351 quod

26 2366 119 2396 tinet,
134 2364 210 2391 nulla
223 2364 266 2391 hic
277 2363 377 2390 mentio
388 2363 421 2390 de
433 2363 564 2390 Lxxvirali
583 2362 711 2395 editione,
722 2370 803 2397 quam

30 2414 127 2436 nctus
146 2413 252 2443 martyr
264 2416 317 2435 una
332 2415 394 2435 cum
410 2407 525 2435 Eusebio
538 2408 698 2442 descripsit,
724 2413 804 2442 prout

26 2465 31 2481 I
44 2454 183 2489 Origene
198 2453 334 2482 asteriscis
347 2453 467 2488 suppleta
476 2453 616 2487 obelisquc
628 2453 733 2480 conﬁxa
746 2452 803 2480 lue-

31 2506 68 2527 nt
89 2509 96 2527 :
114 2508 185 2534 qum
201 2500 308 2534 quidem
329 2499 422 2530 editio,
438 2500 518 2533 vulgo
534 2498 679 2525 Palwstina
699 2507 804 2526 nuneu-

33 2552 65 2573 ta
83 2566 92 2578 ,
117 2554 212 2580 usque
229 2546 296 2573 adeo
321 2545 496 2580 comprobata
517 2545 602 2572 fuisse
616 2545 781 2579 comperitur
794 2564 801 2577 ,

31 2656 80 2689 (ι)
105 2655 179 2682 Vid.
195 2655 258 2682 inl'r.
276 2655 334 2682 Act.
350 2662 419 2688 pars.
436 2653 465 2680 S.
482 2652 610 2688 Pamph.,
629 2653 661 2689 ἑξ
677 2654 693 2681 5
709 2658 735 2681 et
751 2654 776 2681 7.

30 2692 79 2725 (2)
95 2689 181 2717 Bibl.
198 2691 257 2717 cod.
274 2698 328 2722 cxx,
346 2697 405 2724 pag.
417 2689 479 2715 299.

26 2723 76 2760 (‘5)
100 2725 184 2752 Hist.
200 2726 262 2752 eccl.
280 2725 325 2751 lib.
345 2723 392 2755 vn,
412 2723 528 2760 cap._32.

29 2757 79 2794 (4)
103 2760 147 2788 De
164 2761 214 2787 vir.
235 2761 332 2787 illustr.
344 2780 351 2791 ,
368 2766 428 2792 cap.
443 2757 487 2785 75.

31 2797 81 2829 (5)
99 2795 192 2823 Praef.
207 2796 232 2822 in
249 2795 296 2822 lib.
310 2794 427 2828 Paralip.

28 2833 77 2867 (6)
95 2830 181 2860 Hist.
194 2831 256 2858 etcl.
273 2831 319 2857 lib.
333 2838 358 2856 vt
369 2850 377 2863 ,
393 2837 452 2865 cap.
466 2828 511 2859 32.

855 2087 964 2114 Interim
978 2091 1068 2113 tamen
1087 2085 1242 2120 huiusmodi
1266 2085 1386 2120 episcopi
1401 2084 1577 2111 Caesariensis
1592 2089 1632 2111 tc-

856 2133 1012 2161 stimonium
1045 2132 1112 2159 nihil
1139 2131 1270 2166 impedit,
1301 2131 1448 2165 quominus
1476 2129 1633 2164 Pamphilus

854 2178 984 2214 opuscula
998 2179 1051 2205 duo
1063 2186 1123 2212 quas
1142 2177 1230 2204 adhuc
1245 2180 1375 2211 superant
1394 2177 1536 2211 scripsisse
1549 2197 1556 2209 ,
1575 2175 1632 2203 Ex—

854 2226 1007 2259 positionem
1026 2224 1154 2251 nimirum
1171 2223 1285 2257 capitum
1312 2223 1425 2250 Acluum
1455 2222 1633 2256 apostolorum

854 2275 879 2297 et
897 2270 1016 2305 Origenis
1042 2269 1236 2304 Apologeticum
1249 2289 1256 2302 ,
1282 2268 1378 2295 merito
1393 2267 1572 2294 existimetur.
1590 2267 1634 2293 Si—

855 2317 973 2349 quidem.
989 2321 1019 2343 ut
1034 2317 1116 2351 probe
1127 2315 1262 2351 perspexit
1277 2314 1479 2342 eruditissimus
1502 2313 1633 2341 Fontani-

854 2362 917 2389 nius
933 2361 999 2396 (10),
1017 2361 1150 2388 Eusebius
1170 2364 1242 2387 certe
1265 2367 1319 2386 non
1345 2358 1436 2391 dixit,
1460 2358 1631 2392 Pamphilum

855 2407 921 2434 nihil
930 2409 1023 2441 operis,
1035 2408 1080 2435 sed
1089 2407 1154 2434 nihil
1162 2406 1356 2440 raorauoperis
1368 2406 1472 2432 omnino
1479 2405 1631 2438 scripsisse:

856 2455 907 2487 vel,
926 2455 948 2482 si
962 2454 1058 2487 maris,
1079 2454 1137 2488 ipso
1150 2452 1314 2487 Hieronymo
1327 2452 1480 2486 interprete,
1490 2451 1555 2477 nihil
1568 2458 1631 2477 rno-

854 2508 905 2527 Pnu
917 2500 1056 2535 quidquam
1069 2499 1213 2526 condidisse
1225 2505 1363 2526 senuouls.
1374 2497 1455 2531 Atqui
1467 2497 1539 2531 prius
1564 2504 1632 2530 opu<

854 2545 960 2572 sculum
984 2543 1158 2571 conscribcns
1175 2543 1340 2578 Pamphilus,
1355 2542 1421 2569 nihil
1439 2542 1537 2576 proprii
1549 2541 1632 2576 operis

893 2655 930 2690 (7)
941 2654 1152 2689 llieron.,epist.
1162 2655 1205 2687 54,
1218 2655 1253 2682 al.
1267 2654 1326 2690 Ml,
1339 2654 1370 2680 ad
1379 2653 1508 2685 Marcell.,
1518 2659 1594 2678 num.
1606 2652 1632 2679 1.

892 2689 928 2723 (8)
943 2690 980 2716 Id.
998 2690 1036 2716 De
1051 2690 1099 2716 vir.
1118 2690 1229 2722 illustr.,
1247 2696 1306 2723 cap.
1318 2689 1343 2714 ἦ.

891 2725 928 2759 (9)
943 2725 998 2756 ld.,
1014 2725 1060 2759 lib.
1079 2733 1086 2751 ι
1124 2724 1234 2759 Apolog.
1260 2729 1343 2750 contr.
1367 2723 1454 2758 Ruﬁn.
1468 2743 1476 2756 ,
1501 2730 1577 2751 num.
1593 2723 1611 2750 0
1625 2743 1632 2753 ,

855 2764 922 2794 Opp.
939 2765 1004 2786 tom.
1019 2758 1050 2790 ll,
1066 2767 1127 2793 pag.
1145 2759 1206 2786 465.

891 2792 944 2830 ('10)
964 2794 1035 2822 Hist.
1050 2792 1131 2823 (irier.
1148 2794 1236 2828 Aquit.
1258 2793 1304 2821 lib.
1320 2801 1345 2826 ν,
1361 2800 1410 2828 cap
1430 2792 1480 2828 5,5
1493 2793 1519 2825 5,
1530 2801 1554 2828 p.
1569 2792 1630 2823 259.
