  <div class='ocr_page' id='page_1' title='image "/cluster/home/n/w/nwhite01/storage/ocr_20150623/10/njp.32101077772406/839.png"; bbox 0 0 1865 3042; ppageno 0'>
   <div class='ocr_carea' id='block_1_1' title="bbox 250 114 1063 143">
    <p class='ocr_par' dir='ltr' id='par_1_1' title="bbox 250 114 1063 143">
     <span class='ocr_line' id='line_1_1' title="bbox 250 114 1063 143; baseline 0.002 -2"><span class='ocrx_word' id='word_1_1' title='bbox 250 114 314 142; x_wconf 72' lang='grc'><strong>1531</strong></span> <span class='ocrx_word' id='word_1_2' title='bbox 855 116 884 143; x_wconf 87' lang='lat' dir='ltr'><strong>S.</strong></span> <span class='ocrx_word' id='word_1_3' title='bbox 904 116 1063 143; x_wconf 76' lang='lat' dir='ltr'><strong>PAMPHlLl</strong></span> 
     </span>
    </p>
   </div>
   <div class='ocr_carea' id='block_1_2' title="bbox 249 174 1064 210">
    <p class='ocr_par' dir='ltr' id='par_1_2' title="bbox 249 174 1064 210">
     <span class='ocr_line' id='line_1_2' title="bbox 249 174 1064 210; baseline 0.004 -10"><span class='ocrx_word' id='word_1_4' title='bbox 249 174 370 208; x_wconf 83' lang='lat' dir='ltr'><strong>protulit.</strong></span> <span class='ocrx_word' id='word_1_5' title='bbox 386 182 435 202; x_wconf 87' lang='lat' dir='ltr'><strong>nec</strong></span> <span class='ocrx_word' id='word_1_6' title='bbox 449 175 596 210; x_wconf 84' lang='lat' dir='ltr'><strong>quidquam</strong></span> <span class='ocrx_word' id='word_1_7' title='bbox 620 174 741 202; x_wconf 88' lang='lat' dir='ltr'><strong>condidit</strong></span> <span class='ocrx_word' id='word_1_8' title='bbox 763 176 862 209; x_wconf 76' lang='lat' dir='ltr'><strong>proprii</strong></span> <span class='ocrx_word' id='word_1_9' title='bbox 877 177 1004 203; x_wconf 71' lang='lat' dir='ltr'><strong>sermonis</strong></span> <span class='ocrx_word' id='word_1_10' title='bbox 1019 183 1028 203; x_wconf 93' lang='lat'><em>:</em></span> <span class='ocrx_word' id='word_1_11' title='bbox 1045 179 1064 206; x_wconf 83' lang='grc' dir='ltr'><strong>Α</strong></span> 
     </span>
    </p>
   </div>
   <div class='ocr_carea' id='block_1_3' title="bbox 251 220 1030 256">
    <p class='ocr_par' dir='ltr' id='par_1_3' title="bbox 251 220 1030 256">
     <span class='ocr_line' id='line_1_3' title="bbox 251 220 1030 256; baseline 0.003 -10"><span class='ocrx_word' id='word_1_12' title='bbox 251 220 315 247; x_wconf 87' lang='lat' dir='ltr'><strong>illud</strong></span> <span class='ocrx_word' id='word_1_13' title='bbox 322 220 394 247; x_wconf 90' lang='lat' dir='ltr'><strong>euitn</strong></span> <span class='ocrx_word' id='word_1_14' title='bbox 406 221 536 247; x_wconf 86' lang='lat' dir='ltr'><strong>duntaxat</strong></span> <span class='ocrx_word' id='word_1_15' title='bbox 546 228 578 248; x_wconf 83' lang='lat' dir='ltr'><strong>ex</strong></span> <span class='ocrx_word' id='word_1_16' title='bbox 590 221 706 248; x_wconf 92' lang='lat' dir='ltr'><strong>summis</strong></span> <span class='ocrx_word' id='word_1_17' title='bbox 713 229 803 248; x_wconf 90' lang='lat' dir='ltr'><strong>rerum</strong></span> <span class='ocrx_word' id='word_1_18' title='bbox 817 221 949 255; x_wconf 85' lang='lat' dir='ltr'><strong>capitibus</strong></span> <span class='ocrx_word' id='word_1_19' title='bbox 962 230 1030 256; x_wconf 86' lang='lat' dir='ltr'><strong>quas</strong></span> 
     </span>
    </p>
   </div>
   <div class='ocr_carea' id='block_1_4' title="bbox 250 267 1030 302">
    <p class='ocr_par' dir='ltr' id='par_1_4' title="bbox 250 267 1030 302">
     <span class='ocr_line' id='line_1_4' title="bbox 250 267 1030 302; baseline 0.001 -9"><span class='ocrx_word' id='word_1_20' title='bbox 250 267 429 301; x_wconf 86' lang='lat' dir='ltr'><strong>inapostolica</strong></span> <span class='ocrx_word' id='word_1_21' title='bbox 442 267 642 293; x_wconf 84' lang='lat' dir='ltr'><strong>historiatradit</strong></span> <span class='ocrx_word' id='word_1_22' title='bbox 651 272 759 294; x_wconf 84' lang='lat' dir='ltr'><strong>sanctus</strong></span> <span class='ocrx_word' id='word_1_23' title='bbox 772 267 990 302; x_wconf 84' lang='lat' dir='ltr'><strong>Lttcas,-patetab</strong></span> <span class='ocrx_word' id='word_1_24' title='bbox 998 276 1030 294; x_wconf 89' lang='lat' dir='ltr'><strong>eo</strong></span> 
     </span>
    </p>
   </div>
   <div class='ocr_carea' id='block_1_5' title="bbox 249 311 1028 347">
    <p class='ocr_par' dir='ltr' id='par_1_5' title="bbox 249 311 1028 347">
     <span class='ocr_line' id='line_1_5' title="bbox 249 311 1028 347; baseline -0.001 -8"><span class='ocrx_word' id='word_1_25' title='bbox 249 316 414 339; x_wconf 81' lang='lat' dir='ltr'><strong>eontextum.</strong></span> <span class='ocrx_word' id='word_1_26' title='bbox 431 311 523 346; x_wconf 83' lang='lat' dir='ltr'><strong>Neque</strong></span> <span class='ocrx_word' id='word_1_27' title='bbox 545 320 627 346; x_wconf 88' lang='lat' dir='ltr'><strong>porro</strong></span> <span class='ocrx_word' id='word_1_28' title='bbox 641 313 776 346; x_wconf 76' lang='lat' dir='ltr'><strong>posterius</strong></span> <span class='ocrx_word' id='word_1_29' title='bbox 796 313 942 347; x_wconf 80' lang='lat' dir='ltr'><strong>quidquam</strong></span> <span class='ocrx_word' id='word_1_30' title='bbox 967 321 1028 347; x_wconf 79' lang='lat' dir='ltr'><strong>pro-</strong></span> 
     </span>
    </p>
   </div>
   <div class='ocr_carea' id='block_1_6' title="bbox 249 354 1029 392">
    <p class='ocr_par' dir='ltr' id='par_1_6' title="bbox 249 354 1029 392">
     <span class='ocr_line' id='line_1_6' title="bbox 249 354 1029 392; baseline 0 -9"><span class='ocrx_word' id='word_1_31' title='bbox 249 358 300 391; x_wconf 81' lang='lat' dir='ltr'><strong>prii</strong></span> <span class='ocrx_word' id='word_1_32' title='bbox 311 358 395 391; x_wconf 78' lang='lat' dir='ltr'><strong>operis</strong></span> <span class='ocrx_word' id='word_1_33' title='bbox 405 358 461 384; x_wconf 77' lang='lat' dir='ltr'><strong>sive</strong></span> <span class='ocrx_word' id='word_1_34' title='bbox 471 357 596 383; x_wconf 76' lang='lat' dir='ltr'><strong>sermonis</strong></span> <span class='ocrx_word' id='word_1_35' title='bbox 608 358 706 384; x_wconf 84' lang='lat' dir='ltr'><strong>habere</strong></span> <span class='ocrx_word' id='word_1_36' title='bbox 715 358 878 392; x_wconf 86' lang='lat' dir='ltr'><strong>comperit-ur</strong></span> <span class='ocrx_word' id='word_1_37' title='bbox 889 354 896 385; x_wconf 74' lang='grc' dir='ltr'>Ξ</span> <span class='ocrx_word' id='word_1_38' title='bbox 908 359 1029 392; x_wconf 88' lang='lat' dir='ltr'><strong>quando-</strong></span> 
     </span>
    </p>
   </div>
   <div class='ocr_carea' id='block_1_7' title="bbox 250 403 1029 438">
    <p class='ocr_par' dir='ltr' id='par_1_7' title="bbox 250 403 1029 438">
     <span class='ocr_line' id='line_1_7' title="bbox 250 403 1029 438; baseline 0.001 -9"><span class='ocrx_word' id='word_1_39' title='bbox 250 403 370 437; x_wconf 80' lang='lat' dir='ltr'><strong>quidem,</strong></span> <span class='ocrx_word' id='word_1_40' title='bbox 391 408 421 430; x_wconf 93' lang='lat' dir='ltr'><strong>ut</strong></span> <span class='ocrx_word' id='word_1_41' title='bbox 439 403 476 430; x_wconf 89' lang='lat' dir='ltr'><strong>ait</strong></span> <span class='ocrx_word' id='word_1_42' title='bbox 499 403 539 429; x_wconf 91' lang='lat' dir='ltr'><strong>vir</strong></span> <span class='ocrx_word' id='word_1_43' title='bbox 554 403 601 435; x_wconf 83' lang='lat' dir='ltr'><strong>cl.,</strong></span> <span class='ocrx_word' id='word_1_44' title='bbox 629 403 723 430; x_wconf 89' lang='lat' dir='ltr'><strong>beatus</strong></span> <span class='ocrx_word' id='word_1_45' title='bbox 737 407 838 438; x_wconf 83' lang='lat' dir='ltr'><strong>martyr</strong></span> <span class='ocrx_word' id='word_1_46' title='bbox 860 408 953 430; x_wconf 86' lang='lat' dir='ltr'><strong>contra</strong></span> <span class='ocrx_word' id='word_1_47' title='bbox 971 411 1029 430; x_wconf 90' lang='lat' dir='ltr'><strong>ma-</strong></span> 
     </span>
    </p>
   </div>
   <div class='ocr_carea' id='block_1_8' title="bbox 248 447 1028 483">
    <p class='ocr_par' dir='ltr' id='par_1_8' title="bbox 248 447 1028 483">
     <span class='ocr_line' id='line_1_8' title="bbox 248 447 1028 483; baseline 0 -9"><span class='ocrx_word' id='word_1_48' title='bbox 248 447 301 474; x_wconf 82' lang='lat' dir='ltr'><strong>lam</strong></span> <span class='ocrx_word' id='word_1_49' title='bbox 318 447 469 475; x_wconf 81' lang='lat' dir='ltr'><strong>doctrinam</strong></span> <span class='ocrx_word' id='word_1_50' title='bbox 488 447 599 483; x_wconf 77' lang='lat' dir='ltr'><strong>Origeni</strong></span> <span class='ocrx_word' id='word_1_51' title='bbox 616 448 747 482; x_wconf 87' lang='lat' dir='ltr'><strong>objectam</strong></span> <span class='ocrx_word' id='word_1_52' title='bbox 760 469 766 480; x_wconf 84' lang='lat'><strong>,</strong></span> <span class='ocrx_word' id='word_1_53' title='bbox 784 456 874 474; x_wconf 87' lang='lat' dir='ltr'><strong>veram</strong></span> <span class='ocrx_word' id='word_1_54' title='bbox 891 448 951 482; x_wconf 83' lang='lat' dir='ltr'><strong>ejus</strong></span> <span class='ocrx_word' id='word_1_55' title='bbox 977 448 1028 474; x_wconf 79' lang='grc'><strong>(10-</strong></span> 
     </span>
    </p>
   </div>
   <div class='ocr_carea' id='block_1_9' title="bbox 248 491 1026 527">
    <p class='ocr_par' dir='ltr' id='par_1_9' title="bbox 248 491 1026 527">
     <span class='ocr_line' id='line_1_9' title="bbox 248 491 1026 527; baseline 0 -9"><span class='ocrx_word' id='word_1_56' title='bbox 248 493 362 518; x_wconf 87' lang='lat' dir='ltr'><strong>ctrinam</strong></span> <span class='ocrx_word' id='word_1_57' title='bbox 381 492 446 526; x_wconf 84' lang='lat' dir='ltr'><strong>ipsis</strong></span> <span class='ocrx_word' id='word_1_58' title='bbox 456 491 626 527; x_wconf 79' lang='lat' dir='ltr'><strong>Origenianis</strong></span> <span class='ocrx_word' id='word_1_59' title='bbox 637 491 726 518; x_wconf 83' lang='lat' dir='ltr'><strong>verbis</strong></span> <span class='ocrx_word' id='word_1_60' title='bbox 734 499 890 526; x_wconf 80' lang='lat' dir='ltr'><strong>expressam</strong></span> <span class='ocrx_word' id='word_1_61' title='bbox 900 492 1026 526; x_wconf 87' lang='lat' dir='ltr'><strong>opponit;</strong></span> 
     </span>
    </p>
   </div>
   <div class='ocr_carea' id='block_1_10' title="bbox 249 537 1027 572">
    <p class='ocr_par' dir='ltr' id='par_1_10' title="bbox 249 537 1027 572">
     <span class='ocr_line' id='line_1_10' title="bbox 249 537 1027 572; baseline 0 -7"><span class='ocrx_word' id='word_1_62' title='bbox 249 543 279 565; x_wconf 89' lang='lat' dir='ltr'><strong>ut</strong></span> <span class='ocrx_word' id='word_1_63' title='bbox 302 545 335 564; x_wconf 82' lang='lat' dir='ltr'><strong>ex</strong></span> <span class='ocrx_word' id='word_1_64' title='bbox 358 537 500 572; x_wconf 89' lang='lat' dir='ltr'><strong>utriusque</strong></span> <span class='ocrx_word' id='word_1_65' title='bbox 525 543 620 565; x_wconf 88' lang='lat' dir='ltr'><strong>mutuo</strong></span> <span class='ocrx_word' id='word_1_66' title='bbox 645 538 748 564; x_wconf 54' lang='lat' dir='ltr'><strong>collatae</strong></span> <span class='ocrx_word' id='word_1_67' title='bbox 775 537 933 565; x_wconf 77' lang='lat' dir='ltr'><strong>discrimine</strong></span> <span class='ocrx_word' id='word_1_68' title='bbox 957 539 1027 565; x_wconf 86' lang='lat' dir='ltr'><strong>clare</strong></span> 
     </span>
    </p>
   </div>
   <div class='ocr_carea' id='block_1_11' title="bbox 247 583 1026 619">
    <p class='ocr_par' dir='ltr' id='par_1_11' title="bbox 247 583 1026 619">
     <span class='ocr_line' id='line_1_11' title="bbox 247 583 1026 619; baseline 0.001 -9"><span class='ocrx_word' id='word_1_69' title='bbox 247 584 395 615; x_wconf 85' lang='lat' dir='ltr'><strong>evincatur,</strong></span> <span class='ocrx_word' id='word_1_70' title='bbox 417 584 540 619; x_wconf 68' lang='lat' dir='ltr'><strong>Origenis</strong></span> <span class='ocrx_word' id='word_1_71' title='bbox 555 584 653 618; x_wconf 82' lang='lat' dir='ltr'><strong>scripta</strong></span> <span class='ocrx_word' id='word_1_72' title='bbox 669 584 703 610; x_wconf 88' lang='lat' dir='ltr'><strong>ab</strong></span> <span class='ocrx_word' id='word_1_73' title='bbox 719 584 852 611; x_wconf 57' lang='lat' dir='ltr'><strong>haereticis</strong></span> <span class='ocrx_word' id='word_1_74' title='bbox 864 583 949 611; x_wconf 81' lang='lat' dir='ltr'><strong>fuisse</strong></span> <span class='ocrx_word' id='word_1_75' title='bbox 963 592 1026 611; x_wconf 87' lang='lat' dir='ltr'><strong>cor-</strong></span> 
     </span>
    </p>
   </div>
   <div class='ocr_carea' id='block_1_12' title="bbox 247 630 1024 665">
    <p class='ocr_par' dir='ltr' id='par_1_12' title="bbox 247 630 1024 665">
     <span class='ocr_line' id='line_1_12' title="bbox 247 630 1024 665; baseline 0.001 -9"><span class='ocrx_word' id='word_1_76' title='bbox 247 635 324 665; x_wconf 87' lang='lat' dir='ltr'><strong>rupta</strong></span> <span class='ocrx_word' id='word_1_77' title='bbox 341 639 348 661; x_wconf 83' lang='lat'>;</span> <span class='ocrx_word' id='word_1_78' title='bbox 377 638 437 658; x_wconf 87' lang='lat' dir='ltr'><strong>cum</strong></span> <span class='ocrx_word' id='word_1_79' title='bbox 455 631 524 658; x_wconf 88' lang='lat' dir='ltr'><strong>hanc</strong></span> <span class='ocrx_word' id='word_1_80' title='bbox 549 638 630 657; x_wconf 88' lang='lat' dir='ltr'><strong>unam</strong></span> <span class='ocrx_word' id='word_1_81' title='bbox 651 630 829 664; x_wconf 60' lang='lat' dir='ltr'><strong>qumstionem</strong></span> <span class='ocrx_word' id='word_1_82' title='bbox 856 634 1001 664; x_wconf 69' lang='lat' dir='ltr'><strong>pet-tractet</strong></span> <span class='ocrx_word' id='word_1_83' title='bbox 1018 651 1024 664; x_wconf 89' lang='lat'><strong>,</strong></span> 
     </span>
    </p>
   </div>
   <div class='ocr_carea' id='block_1_13' title="bbox 248 676 1027 711">
    <p class='ocr_par' dir='ltr' id='par_1_13' title="bbox 248 676 1027 711">
     <span class='ocr_line' id='line_1_13' title="bbox 248 676 1027 711; baseline 0 -7"><span class='ocrx_word' id='word_1_84' title='bbox 248 677 383 704; x_wconf 84' lang='lat' dir='ltr'><strong>l&#39;uerintue</strong></span> <span class='ocrx_word' id='word_1_85' title='bbox 395 677 517 711; x_wconf 74' lang='lat' dir='ltr'><strong>Origenis</strong></span> <span class='ocrx_word' id='word_1_86' title='bbox 534 677 592 703; x_wconf 91' lang='lat' dir='ltr'><strong>libri</strong></span> <span class='ocrx_word' id='word_1_87' title='bbox 611 676 740 710; x_wconf 82' lang='lat' dir='ltr'><strong>corrupti,</strong></span> <span class='ocrx_word' id='word_1_88' title='bbox 758 684 861 704; x_wconf 80' lang='lat' dir='ltr'><strong>necne:</strong></span> <span class='ocrx_word' id='word_1_89' title='bbox 878 677 950 711; x_wconf 92' lang='lat' dir='ltr'><strong>quod</strong></span> <span class='ocrx_word' id='word_1_90' title='bbox 962 685 1027 704; x_wconf 82' lang='lat' dir='ltr'><strong>sane</strong></span> 
     </span>
    </p>
   </div>
   <div class='ocr_carea' id='block_1_14' title="bbox 246 722 833 758">
    <p class='ocr_par' dir='ltr' id='par_1_14' title="bbox 246 722 833 758">
     <span class='ocr_line' id='line_1_14' title="bbox 246 722 833 758; baseline -0.003 -9"><span class='ocrx_word' id='word_1_91' title='bbox 246 731 299 750; x_wconf 88' lang='lat' dir='ltr'><strong>non</strong></span> <span class='ocrx_word' id='word_1_92' title='bbox 316 728 356 750; x_wconf 82' lang='lat' dir='ltr'><strong>est</strong></span> <span class='ocrx_word' id='word_1_93' title='bbox 372 724 471 758; x_wconf 81' lang='lat' dir='ltr'><strong>proprii</strong></span> <span class='ocrx_word' id='word_1_94' title='bbox 491 724 574 757; x_wconf 79' lang='lat' dir='ltr'><strong>operis</strong></span> <span class='ocrx_word' id='word_1_95' title='bbox 592 723 694 756; x_wconf 85' lang='lat' dir='ltr'><strong>aliquid</strong></span> <span class='ocrx_word' id='word_1_96' title='bbox 709 722 833 750; x_wconf 89' lang='lat' dir='ltr'><strong>condere.</strong></span> 
     </span>
    </p>
   </div>
   <div class='ocr_carea' id='block_1_15' title="bbox 282 767 1025 803">
    <p class='ocr_par' dir='ltr' id='par_1_15' title="bbox 282 767 1025 803">
     <span class='ocr_line' id='line_1_15' title="bbox 282 767 1025 803; baseline -0.001 -9"><span class='ocrx_word' id='word_1_97' title='bbox 282 768 323 795; x_wconf 85' lang='lat' dir='ltr'><strong>lli.</strong></span> <span class='ocrx_word' id='word_1_98' title='bbox 341 768 387 796; x_wconf 91' lang='lat' dir='ltr'><strong>llis</strong></span> <span class='ocrx_word' id='word_1_99' title='bbox 404 773 493 795; x_wconf 88' lang='lat' dir='ltr'><strong>autem</strong></span> <span class='ocrx_word' id='word_1_100' title='bbox 520 769 614 802; x_wconf 83' lang='lat' dir='ltr'><strong>positis</strong></span> <span class='ocrx_word' id='word_1_101' title='bbox 632 769 665 795; x_wconf 85' lang='lat' dir='ltr'><strong>ad</strong></span> <span class='ocrx_word' id='word_1_102' title='bbox 694 773 840 803; x_wconf 87' lang='lat' dir='ltr'><strong>utrumqtte</strong></span> <span class='ocrx_word' id='word_1_103' title='bbox 864 767 1025 803; x_wconf 89' lang='lat' dir='ltr'><strong>opusculum</strong></span> 
     </span>
    </p>
   </div>
   <div class='ocr_carea' id='block_1_16' title="bbox 245 813 1026 849">
    <p class='ocr_par' dir='ltr' id='par_1_16' title="bbox 245 813 1026 849">
     <span class='ocr_line' id='line_1_16' title="bbox 245 813 1026 849; baseline 0 -10"><span class='ocrx_word' id='word_1_104' title='bbox 245 813 386 848; x_wconf 78' lang='lat' dir='ltr'><strong>Pamphilo</strong></span> <span class='ocrx_word' id='word_1_105' title='bbox 400 814 587 845; x_wconf 84' lang='lat' dir='ltr'><strong>astruendum,</strong></span> <span class='ocrx_word' id='word_1_106' title='bbox 600 814 633 840; x_wconf 87' lang='lat' dir='ltr'><strong>de</strong></span> <span class='ocrx_word' id='word_1_107' title='bbox 646 814 736 849; x_wconf 80' lang='lat' dir='ltr'><strong>priore</strong></span> <span class='ocrx_word' id='word_1_108' title='bbox 750 815 858 848; x_wconf 86' lang='lat' dir='ltr'><strong>quidem</strong></span> <span class='ocrx_word' id='word_1_109' title='bbox 874 814 914 841; x_wconf 87' lang='lat' dir='ltr'><strong>sic</strong></span> <span class='ocrx_word' id='word_1_110' title='bbox 935 813 1026 848; x_wconf 88' lang='lat' dir='ltr'><strong>prolo-</strong></span> 
     </span>
    </p>
   </div>
   <div class='ocr_carea' id='block_1_17' title="bbox 245 851 1062 895">
    <p class='ocr_par' dir='ltr' id='par_1_17' title="bbox 245 851 1062 895">
     <span class='ocr_line' id='line_1_17' title="bbox 245 851 1062 895; baseline 0.002 -10"><span class='ocrx_word' id='word_1_111' title='bbox 245 860 337 893; x_wconf 86' lang='lat' dir='ltr'><strong>quitur</strong></span> <span class='ocrx_word' id='word_1_112' title='bbox 356 860 531 888; x_wconf 88' lang='lat' dir='ltr'><strong>doctissimus</strong></span> <span class='ocrx_word' id='word_1_113' title='bbox 547 860 766 888; x_wconf 84' lang='lat' dir='ltr'><strong>Montl&#39;aueouius</strong></span> <span class='ocrx_word' id='word_1_114' title='bbox 782 882 789 893; x_wconf 96' lang='lat'><strong>,</strong></span> <span class='ocrx_word' id='word_1_115' title='bbox 817 862 863 895; x_wconf 88' lang='lat' dir='ltr'><strong>qui</strong></span> <span class='ocrx_word' id='word_1_116' title='bbox 879 868 911 888; x_wconf 83' lang='lat' dir='ltr'><strong>cx</strong></span> <span class='ocrx_word' id='word_1_117' title='bbox 931 859 1025 887; x_wconf 85' lang='lat' dir='ltr'><strong>codice</strong></span> <span class='ocrx_word' id='word_1_118' title='bbox 1041 851 1062 878; x_wconf 78' lang='grc' dir='ltr'><strong>Β</strong></span> 
     </span>
    </p>
   </div>
   <div class='ocr_carea' id='block_1_18' title="bbox 245 906 1023 942">
    <p class='ocr_par' dir='ltr' id='par_1_18' title="bbox 245 906 1023 942">
     <span class='ocr_line' id='line_1_18' title="bbox 245 906 1023 942; baseline 0.004 -11"><span class='ocrx_word' id='word_1_119' title='bbox 245 906 492 933; x_wconf 83' lang='lat' dir='ltr'><strong>Coisliuianoiilud</strong></span> <span class='ocrx_word' id='word_1_120' title='bbox 521 907 626 940; x_wconf 89' lang='lat' dir='ltr'><strong>pritnus</strong></span> <span class='ocrx_word' id='word_1_121' title='bbox 656 907 682 932; x_wconf 92' lang='lat' dir='ltr'><strong>in</strong></span> <span class='ocrx_word' id='word_1_122' title='bbox 711 907 809 940; x_wconf 75' lang='lat' dir='ltr'><strong>vulgus</strong></span> <span class='ocrx_word' id='word_1_123' title='bbox 834 907 923 934; x_wconf 82' lang='lat' dir='ltr'><strong>emisit</strong></span> <span class='ocrx_word' id='word_1_124' title='bbox 944 907 1023 942; x_wconf 81' lang='lat' dir='ltr'><strong>(ll);</strong></span> 
     </span>
    </p>
   </div>
   <div class='ocr_carea' id='block_1_19' title="bbox 247 951 1025 986">
    <p class='ocr_par' dir='ltr' id='par_1_19' title="bbox 247 951 1025 986">
     <span class='ocr_line' id='line_1_19' title="bbox 247 951 1025 986; baseline 0.005 -10"><span class='ocrx_word' id='word_1_125' title='bbox 247 960 258 975; x_wconf 72' lang='grc' dir='ltr'><strong>ε</strong></span> <span class='ocrx_word' id='word_1_126' title='bbox 283 951 479 984; x_wconf 70' lang='lat' dir='ltr'><strong>Expusitionem</strong></span> <span class='ocrx_word' id='word_1_127' title='bbox 495 952 610 986; x_wconf 78' lang='lat' dir='ltr'><strong>capitum</strong></span> <span class='ocrx_word' id='word_1_128' title='bbox 627 952 740 978; x_wconf 76' lang='lat' dir='ltr'><strong>Acutum</strong></span> <span class='ocrx_word' id='word_1_129' title='bbox 755 953 934 986; x_wconf 77' lang='lat' dir='ltr'><strong>apostolorum</strong></span> <span class='ocrx_word' id='word_1_130' title='bbox 965 960 1025 980; x_wconf 86' lang='lat' dir='ltr'><strong>esse</strong></span> 
     </span>
    </p>
   </div>
   <div class='ocr_carea' id='block_1_20' title="bbox 246 997 1022 1033">
    <p class='ocr_par' dir='ltr' id='par_1_20' title="bbox 246 997 1022 1033">
     <span class='ocr_line' id='line_1_20' title="bbox 246 997 1022 1033; baseline 0.004 -11"><span class='ocrx_word' id='word_1_131' title='bbox 246 1005 307 1024; x_wconf 84' lang='lat' dir='ltr'><strong>vere</strong></span> <span class='ocrx_word' id='word_1_132' title='bbox 317 997 449 1032; x_wconf 80' lang='lat' dir='ltr'><strong>Pamphili</strong></span> <span class='ocrx_word' id='word_1_133' title='bbox 471 998 595 1033; x_wconf 76' lang='lat' dir='ltr'><strong>martyris</strong></span> <span class='ocrx_word' id='word_1_134' title='bbox 607 1017 615 1029; x_wconf 81' lang='lat'><strong>,</strong></span> <span class='ocrx_word' id='word_1_135' title='bbox 637 1005 691 1024; x_wconf 88' lang='lat' dir='ltr'><strong>non</strong></span> <span class='ocrx_word' id='word_1_136' title='bbox 707 1003 749 1025; x_wconf 86' lang='lat' dir='ltr'><strong>est</strong></span> <span class='ocrx_word' id='word_1_137' title='bbox 762 999 834 1032; x_wconf 87' lang='lat' dir='ltr'><strong>quod</strong></span> <span class='ocrx_word' id='word_1_138' title='bbox 858 998 1022 1026; x_wconf 85' lang='lat' dir='ltr'><strong>dubitemus.</strong></span> 
     </span>
    </p>
   </div>
   <div class='ocr_carea' id='block_1_21' title="bbox 243 1043 1024 1072">
    <p class='ocr_par' dir='ltr' id='par_1_21' title="bbox 243 1043 1024 1072">
     <span class='ocr_line' id='line_1_21' title="bbox 243 1043 1024 1072; baseline 0.004 -3"><span class='ocrx_word' id='word_1_139' title='bbox 243 1043 310 1070; x_wconf 81' lang='lat' dir='ltr'><strong>Nam</strong></span> <span class='ocrx_word' id='word_1_140' title='bbox 329 1045 354 1070; x_wconf 90' lang='lat' dir='ltr'><strong>iu</strong></span> <span class='ocrx_word' id='word_1_141' title='bbox 369 1051 400 1070; x_wconf 88' lang='lat' dir='ltr'><strong>co</strong></span> <span class='ocrx_word' id='word_1_142' title='bbox 412 1043 466 1070; x_wconf 77' lang='lat' dir='ltr'><strong>fere</strong></span> <span class='ocrx_word' id='word_1_143' title='bbox 478 1048 559 1070; x_wconf 80' lang='lat' dir='ltr'><strong>tutam</strong></span> <span class='ocrx_word' id='word_1_144' title='bbox 573 1048 678 1070; x_wconf 75' lang='lat' dir='ltr'><strong>:etatem</strong></span> <span class='ocrx_word' id='word_1_145' title='bbox 691 1044 816 1071; x_wconf 77' lang='lat' dir='ltr'><strong>contrivit</strong></span> <span class='ocrx_word' id='word_1_146' title='bbox 828 1048 938 1071; x_wconf 84' lang='lat' dir='ltr'><strong>sanctus</strong></span> <span class='ocrx_word' id='word_1_147' title='bbox 952 1053 1024 1072; x_wconf 88' lang='lat' dir='ltr'><strong>mar-</strong></span> 
     </span>
    </p>
   </div>
   <div class='ocr_carea' id='block_1_22' title="bbox 245 1089 1024 1124">
    <p class='ocr_par' dir='ltr' id='par_1_22' title="bbox 245 1089 1024 1124">
     <span class='ocr_line' id='line_1_22' title="bbox 245 1089 1024 1124; baseline 0.004 -9"><span class='ocrx_word' id='word_1_148' title='bbox 245 1094 287 1124; x_wconf 69' lang='lat' dir='ltr'><strong>tyr</strong></span> <span class='ocrx_word' id='word_1_149' title='bbox 298 1109 305 1121; x_wconf 89' lang='lat'><strong>,</strong></span> <span class='ocrx_word' id='word_1_150' title='bbox 324 1094 353 1116; x_wconf 80' lang='grc' dir='ltr'><strong>ιιι</strong></span> <span class='ocrx_word' id='word_1_151' title='bbox 371 1089 517 1124; x_wconf 74' lang='lat' dir='ltr'><strong>Scripturzc</strong></span> <span class='ocrx_word' id='word_1_152' title='bbox 534 1097 618 1116; x_wconf 79' lang='lat' dir='ltr'><strong>sacrae</strong></span> <span class='ocrx_word' id='word_1_153' title='bbox 632 1089 715 1116; x_wconf 86' lang='lat' dir='ltr'><strong>libros</strong></span> <span class='ocrx_word' id='word_1_154' title='bbox 729 1098 812 1117; x_wconf 90' lang='lat' dir='ltr'><strong>manu</strong></span> <span class='ocrx_word' id='word_1_155' title='bbox 824 1099 872 1118; x_wconf 88' lang='lat' dir='ltr'><strong>sua</strong></span> <span class='ocrx_word' id='word_1_156' title='bbox 885 1091 1024 1118; x_wconf 88' lang='lat' dir='ltr'><strong>describe-</strong></span> 
     </span>
    </p>
   </div>
   <div class='ocr_carea' id='block_1_23' title="bbox 243 1135 1023 1169">
    <p class='ocr_par' dir='ltr' id='par_1_23' title="bbox 243 1135 1023 1169">
     <span class='ocr_line' id='line_1_23' title="bbox 243 1135 1023 1169; baseline 0 -7"><span class='ocrx_word' id='word_1_157' title='bbox 243 1140 294 1166; x_wconf 84' lang='lat' dir='ltr'><strong>ret,</strong></span> <span class='ocrx_word' id='word_1_158' title='bbox 311 1139 421 1162; x_wconf 85' lang='lat' dir='ltr'><strong>ornaret</strong></span> <span class='ocrx_word' id='word_1_159' title='bbox 436 1135 520 1162; x_wconf 85' lang='lat' dir='ltr'><strong>titulis</strong></span> <span class='ocrx_word' id='word_1_160' title='bbox 535 1141 617 1169; x_wconf 82' lang='lat' dir='ltr'><strong>atque</strong></span> <span class='ocrx_word' id='word_1_161' title='bbox 632 1136 753 1168; x_wconf 82' lang='lat' dir='ltr'><strong>scholiis,</strong></span> <span class='ocrx_word' id='word_1_162' title='bbox 771 1141 801 1163; x_wconf 87' lang='lat' dir='ltr'><strong>ut</strong></span> <span class='ocrx_word' id='word_1_163' title='bbox 825 1137 904 1163; x_wconf 83' lang='lat' dir='ltr'><strong>(locet</strong></span> <span class='ocrx_word' id='word_1_164' title='bbox 927 1136 1023 1163; x_wconf 80' lang='lat' dir='ltr'><strong>lliero-</strong></span> 
     </span>
    </p>
   </div>
   <div class='ocr_carea' id='block_1_24' title="bbox 243 1180 1023 1216">
    <p class='ocr_par' dir='ltr' id='par_1_24' title="bbox 243 1180 1023 1216">
     <span class='ocr_line' id='line_1_24' title="bbox 243 1180 1023 1216; baseline 0.001 -9"><span class='ocrx_word' id='word_1_165' title='bbox 243 1189 352 1216; x_wconf 88' lang='lat' dir='ltr'><strong>nytnus,</strong></span> <span class='ocrx_word' id='word_1_166' title='bbox 374 1180 411 1206; x_wconf 81' lang='lat' dir='ltr'><strong>De</strong></span> <span class='ocrx_word' id='word_1_167' title='bbox 425 1181 597 1215; x_wconf 72' lang='lat' dir='ltr'><strong>scriptoribus</strong></span> <span class='ocrx_word' id='word_1_168' title='bbox 620 1181 816 1208; x_wconf 77' lang='lat' dir='ltr'><strong>ecclesiasticis.</strong></span> <span class='ocrx_word' id='word_1_169' title='bbox 842 1181 944 1208; x_wconf 81' lang='lat' dir='ltr'><strong>indicat</strong></span> <span class='ocrx_word' id='word_1_170' title='bbox 960 1181 1023 1208; x_wconf 89' lang='lat' dir='ltr'><strong>item</strong></span> 
     </span>
    </p>
   </div>
   <div class='ocr_carea' id='block_1_25' title="bbox 243 1225 1023 1262">
    <p class='ocr_par' dir='ltr' id='par_1_25' title="bbox 243 1225 1023 1262">
     <span class='ocr_line' id='line_1_25' title="bbox 243 1225 1023 1262; baseline 0.001 -10"><span class='ocrx_word' id='word_1_171' title='bbox 243 1231 307 1253; x_wconf 87' lang='lat' dir='ltr'><strong>nota</strong></span> <span class='ocrx_word' id='word_1_172' title='bbox 319 1226 420 1253; x_wconf 88' lang='lat' dir='ltr'><strong>codicis</strong></span> <span class='ocrx_word' id='word_1_173' title='bbox 442 1225 497 1252; x_wconf 77' lang='lat' dir='ltr'><strong>th.</strong></span> <span class='ocrx_word' id='word_1_174' title='bbox 524 1225 574 1252; x_wconf 86' lang='lat' dir='ltr'><strong>PP.</strong></span> <span class='ocrx_word' id='word_1_175' title='bbox 595 1225 759 1253; x_wconf 77' lang='lat' dir='ltr'><strong>Jesuitarunt</strong></span> <span class='ocrx_word' id='word_1_176' title='bbox 775 1247 781 1257; x_wconf 82' lang='lat'><strong>,</strong></span> <span class='ocrx_word' id='word_1_177' title='bbox 806 1227 861 1261; x_wconf 84' lang='lat' dir='ltr'><strong>qui_</strong></span> <span class='ocrx_word' id='word_1_178' title='bbox 878 1227 1023 1262; x_wconf 83' lang='lat' dir='ltr'><strong>prophetas</strong></span> 
     </span>
    </p>
   </div>
   <div class='ocr_carea' id='block_1_26' title="bbox 242 1271 1023 1307">
    <p class='ocr_par' dir='ltr' id='par_1_26' title="bbox 242 1271 1023 1307">
     <span class='ocr_line' id='line_1_26' title="bbox 242 1271 1023 1307; baseline 0.003 -9"><span class='ocrx_word' id='word_1_179' title='bbox 242 1280 336 1299; x_wconf 88' lang='lat' dir='ltr'><strong>omnes</strong></span> <span class='ocrx_word' id='word_1_180' title='bbox 353 1273 480 1299; x_wconf 74' lang='lat' dir='ltr'><strong>continet.</strong></span> <span class='ocrx_word' id='word_1_181' title='bbox 498 1271 716 1300; x_wconf 84' lang='lat' dir='ltr'><strong>Asseritdemum</strong></span> <span class='ocrx_word' id='word_1_182' title='bbox 729 1273 909 1307; x_wconf 83' lang='lat' dir='ltr'><strong>calligraphus</strong></span> <span class='ocrx_word' id='word_1_183' title='bbox 922 1273 1023 1300; x_wconf 80' lang='lat' dir='ltr'><strong>codicis</strong></span> 
     </span>
    </p>
   </div>
   <div class='ocr_carea' id='block_1_27' title="bbox 241 1317 1021 1354">
    <p class='ocr_par' dir='ltr' id='par_1_27' title="bbox 241 1317 1021 1354">
     <span class='ocr_line' id='line_1_27' title="bbox 241 1317 1021 1354; baseline 0.004 -11"><span class='ocrx_word' id='word_1_184' title='bbox 241 1318 421 1345; x_wconf 81' lang='lat' dir='ltr'><strong>vetustissimi</strong></span> <span class='ocrx_word' id='word_1_185' title='bbox 438 1317 519 1353; x_wconf 81' lang='lat' dir='ltr'><strong>hujus</strong></span> <span class='ocrx_word' id='word_1_186' title='bbox 536 1318 707 1345; x_wconf 71' lang='lat' dir='ltr'><strong>bibliotbccm</strong></span> <span class='ocrx_word' id='word_1_187' title='bbox 722 1318 930 1354; x_wconf 77' lang='lat' dir='ltr'><strong>(Coislinianae)</strong></span> <span class='ocrx_word' id='word_1_188' title='bbox 945 1327 1021 1346; x_wconf 89' lang='lat' dir='ltr'><strong>num.</strong></span> 
     </span>
    </p>
   </div>
   <div class='ocr_carea' id='block_1_28' title="bbox 241 1363 1022 1398">
    <p class='ocr_par' dir='ltr' id='par_1_28' title="bbox 241 1363 1022 1398">
     <span class='ocr_line' id='line_1_28' title="bbox 241 1363 1022 1398; baseline 0.004 -9"><span class='ocrx_word' id='word_1_189' title='bbox 241 1363 305 1395; x_wconf 69' lang='lat'><strong>202,</strong></span> <span class='ocrx_word' id='word_1_190' title='bbox 322 1363 367 1397; x_wconf 89' lang='lat' dir='ltr'><strong>qui</strong></span> <span class='ocrx_word' id='word_1_191' title='bbox 380 1363 412 1389; x_wconf 84' lang='lat' dir='ltr'><strong>ad</strong></span> <span class='ocrx_word' id='word_1_192' title='bbox 429 1363 528 1391; x_wconf 72' lang='lat' dir='ltr'><strong>enicem</strong></span> <span class='ocrx_word' id='word_1_193' title='bbox 542 1363 724 1398; x_wconf 85' lang='lat' dir='ltr'><strong>Epistolarum</strong></span> <span class='ocrx_word' id='word_1_194' title='bbox 744 1364 772 1391; x_wconf 88' lang='lat' dir='ltr'><strong>S.</strong></span> <span class='ocrx_word' id='word_1_195' title='bbox 790 1364 864 1392; x_wconf 83' lang='lat' dir='ltr'><strong>Pauli</strong></span> <span class='ocrx_word' id='word_1_196' title='bbox 881 1365 918 1391; x_wconf 89' lang='lat' dir='ltr'><strong>ait</strong></span> <span class='ocrx_word' id='word_1_197' title='bbox 940 1372 968 1392; x_wconf 86' lang='lat' dir='ltr'><strong>se</strong></span> <span class='ocrx_word' id='word_1_198' title='bbox 989 1365 1022 1392; x_wconf 88' lang='lat' dir='ltr'><strong>il—</strong></span> 
     </span>
    </p>
   </div>
   <div class='ocr_carea' id='block_1_29' title="bbox 242 1408 1023 1443">
    <p class='ocr_par' dir='ltr' id='par_1_29' title="bbox 242 1408 1023 1443">
     <span class='ocr_line' id='line_1_29' title="bbox 242 1408 1023 1443; baseline 0.001 -8"><span class='ocrx_word' id='word_1_199' title='bbox 242 1408 298 1434; x_wconf 91' lang='lat' dir='ltr'><strong>lum</strong></span> <span class='ocrx_word' id='word_1_200' title='bbox 314 1408 401 1443; x_wconf 89' lang='lat' dir='ltr'><strong>ipsum</strong></span> <span class='ocrx_word' id='word_1_201' title='bbox 417 1409 537 1436; x_wconf 86' lang='lat' dir='ltr'><strong>codicem</strong></span> <span class='ocrx_word' id='word_1_202' title='bbox 553 1409 701 1436; x_wconf 83' lang='lat' dir='ltr'><strong>contulisse</strong></span> <span class='ocrx_word' id='word_1_203' title='bbox 713 1409 739 1436; x_wconf 91' lang='lat' dir='ltr'><strong>in</strong></span> <span class='ocrx_word' id='word_1_204' title='bbox 760 1409 920 1436; x_wconf 82' lang='lat' dir='ltr'><strong>bibliotheca</strong></span> <span class='ocrx_word' id='word_1_205' title='bbox 934 1409 1023 1437; x_wconf 58' lang='lat' dir='ltr'><strong>Cresa-</strong></span> 
     </span>
    </p>
   </div>
   <div class='ocr_carea' id='block_1_30' title="bbox 242 1454 1022 1490">
    <p class='ocr_par' dir='ltr' id='par_1_30' title="bbox 242 1454 1022 1490">
     <span class='ocr_line' id='line_1_30' title="bbox 242 1454 1022 1490; baseline -0.001 -8"><span class='ocrx_word' id='word_1_206' title='bbox 242 1455 326 1482; x_wconf 88' lang='lat' dir='ltr'><strong>riensi</strong></span> <span class='ocrx_word' id='word_1_207' title='bbox 340 1463 401 1482; x_wconf 89' lang='lat' dir='ltr'><strong>cum</strong></span> <span class='ocrx_word' id='word_1_208' title='bbox 421 1456 475 1482; x_wconf 84' lang='lat' dir='ltr'><strong>alio</strong></span> <span class='ocrx_word' id='word_1_209' title='bbox 489 1455 582 1483; x_wconf 87' lang='lat' dir='ltr'><strong>codice</strong></span> <span class='ocrx_word' id='word_1_210' title='bbox 606 1456 652 1490; x_wconf 86' lang='lat' dir='ltr'><strong>qui</strong></span> <span class='ocrx_word' id='word_1_211' title='bbox 677 1455 763 1490; x_wconf 87' lang='lat' dir='ltr'><strong>ipsius</strong></span> <span class='ocrx_word' id='word_1_212' title='bbox 789 1454 922 1490; x_wconf 81' lang='lat' dir='ltr'><strong>Pamphili</strong></span> <span class='ocrx_word' id='word_1_213' title='bbox 939 1463 1022 1482; x_wconf 81' lang='lat' dir='ltr'><strong>manu</strong></span> 
     </span>
    </p>
   </div>
   <div class='ocr_carea' id='block_1_31' title="bbox 241 1500 1021 1535">
    <p class='ocr_par' dir='ltr' id='par_1_31' title="bbox 241 1500 1021 1535">
     <span class='ocr_line' id='line_1_31' title="bbox 241 1500 1021 1535; baseline 0.001 -9"><span class='ocrx_word' id='word_1_214' title='bbox 241 1505 369 1527; x_wconf 79' lang='lat' dir='ltr'><strong>exaratus</strong></span> <span class='ocrx_word' id='word_1_215' title='bbox 395 1500 492 1527; x_wconf 83' lang='lat' dir='ltr'><strong>fuerat.</strong></span> <span class='ocrx_word' id='word_1_216' title='bbox 510 1500 548 1526; x_wconf 89' lang='lat' dir='ltr'><strong>Ad</strong></span> <span class='ocrx_word' id='word_1_217' title='bbox 566 1500 622 1527; x_wconf 82' lang='lat' dir='ltr'><strong>bzec</strong></span> <span class='ocrx_word' id='word_1_218' title='bbox 639 1508 702 1527; x_wconf 90' lang='lat' dir='ltr'><strong>vero</strong></span> <span class='ocrx_word' id='word_1_219' title='bbox 722 1500 905 1535; x_wconf 77' lang='lat' dir='ltr'><strong>calligrapbus</strong></span> <span class='ocrx_word' id='word_1_220' title='bbox 933 1501 977 1528; x_wconf 91' lang='lat' dir='ltr'><strong>ille</strong></span> <span class='ocrx_word' id='word_1_221' title='bbox 995 1501 1021 1528; x_wconf 95' lang='lat' dir='ltr'><strong>in</strong></span> 
     </span>
    </p>
   </div>
   <div class='ocr_carea' id='block_1_32' title="bbox 242 1546 1022 1582">
    <p class='ocr_par' dir='ltr' id='par_1_32' title="bbox 242 1546 1022 1582">
     <span class='ocr_line' id='line_1_32' title="bbox 242 1546 1022 1582; baseline 0.001 -9"><span class='ocrx_word' id='word_1_222' title='bbox 242 1551 305 1573; x_wconf 89' lang='lat' dir='ltr'><strong>nota</strong></span> <span class='ocrx_word' id='word_1_223' title='bbox 318 1554 377 1579; x_wconf 89' lang='lat' dir='ltr'><strong>sua,</strong></span> <span class='ocrx_word' id='word_1_224' title='bbox 387 1546 480 1574; x_wconf 89' lang='lat' dir='ltr'><strong>eadem</strong></span> <span class='ocrx_word' id='word_1_225' title='bbox 495 1546 621 1581; x_wconf 82' lang='lat' dir='ltr'><strong>loquendi</strong></span> <span class='ocrx_word' id='word_1_226' title='bbox 635 1546 749 1573; x_wconf 81' lang='lat' dir='ltr'><strong>formula</strong></span> <span class='ocrx_word' id='word_1_227' title='bbox 761 1554 844 1581; x_wconf 85' lang='lat' dir='ltr'><strong>caque</strong></span> <span class='ocrx_word' id='word_1_228' title='bbox 855 1555 907 1573; x_wconf 88' lang='lat' dir='ltr'><strong>nott</strong></span> <span class='ocrx_word' id='word_1_229' title='bbox 919 1547 1022 1582; x_wconf 77' lang='lat' dir='ltr'><strong>vulgari</strong></span> 
     </span>
    </p>
   </div>
   <div class='ocr_carea' id='block_1_33' title="bbox 241 1591 1020 1626">
    <p class='ocr_par' dir='ltr' id='par_1_33' title="bbox 241 1591 1020 1626">
     <span class='ocr_line' id='line_1_33' title="bbox 241 1591 1020 1626; baseline 0.001 -9"><span class='ocrx_word' id='word_1_230' title='bbox 241 1591 336 1623; x_wconf 89' lang='lat' dir='ltr'><strong>utitur,</strong></span> <span class='ocrx_word' id='word_1_231' title='bbox 348 1591 392 1625; x_wconf 90' lang='lat' dir='ltr'><strong>qui</strong></span> <span class='ocrx_word' id='word_1_232' title='bbox 413 1591 489 1618; x_wconf 90' lang='lat' dir='ltr'><strong>initio</strong></span> <span class='ocrx_word' id='word_1_233' title='bbox 505 1591 627 1626; x_wconf 76' lang='lat' dir='ltr'><strong>opusculi</strong></span> <span class='ocrx_word' id='word_1_234' title='bbox 658 1591 837 1626; x_wconf 89' lang='lat' dir='ltr'><strong>Pamphiliaui</strong></span> <span class='ocrx_word' id='word_1_235' title='bbox 853 1597 1000 1626; x_wconf 77' lang='lat' dir='ltr'><strong>usurpatur</strong></span> <span class='ocrx_word' id='word_1_236' title='bbox 1014 1599 1020 1624; x_wconf 88' lang='lat'><strong>;</strong></span> 
     </span>
    </p>
   </div>
   <div class='ocr_carea' id='block_1_34' title="bbox 241 1634 1020 1673">
    <p class='ocr_par' dir='ltr' id='par_1_34' title="bbox 241 1634 1020 1673">
     <span class='ocr_line' id='line_1_34' title="bbox 241 1634 1020 1673; baseline 0.001 -10"><span class='ocrx_word' id='word_1_237' title='bbox 241 1637 381 1668; x_wconf 84' lang='lat' dir='ltr'><strong>nimirum,</strong></span> <span class='ocrx_word' id='word_1_238' title='bbox 400 1638 463 1672; x_wconf 76' lang='grc' dir='ltr'><strong>παρ¹</strong></span> <span class='ocrx_word' id='word_1_239' title='bbox 476 1634 512 1663; x_wconf 81' lang='grc' dir='ltr'>ὧν</span> <span class='ocrx_word' id='word_1_240' title='bbox 523 1638 649 1664; x_wconf 82' lang='grc' dir='ltr'><strong>ἁπάντων</strong></span> <span class='ocrx_word' id='word_1_241' title='bbox 659 1637 759 1672; x_wconf 79' lang='grc' dir='ltr'><strong>τόλμης</strong></span> <span class='ocrx_word' id='word_1_242' title='bbox 772 1637 934 1673; x_wconf 75' lang='grc' dir='ltr'><strong>συγγνώμην</strong></span> <span class='ocrx_word' id='word_1_243' title='bbox 945 1638 1020 1670; x_wconf 82' lang='grc' dir='ltr'><strong>αἰτῶ,</strong></span> 
     </span>
    </p>
   </div>
   <div class='ocr_carea' id='block_1_35' title="bbox 241 1682 1019 1718">
    <p class='ocr_par' dir='ltr' id='par_1_35' title="bbox 241 1682 1019 1718">
     <span class='ocr_line' id='line_1_35' title="bbox 241 1682 1019 1718; baseline 0.001 -10"><span class='ocrx_word' id='word_1_244' title='bbox 241 1682 306 1717; x_wconf 69' lang='grc' dir='ltr'><strong>εὑχῇ</strong></span> <span class='ocrx_word' id='word_1_245' title='bbox 322 1683 354 1717; x_wconf 79' lang='grc' dir='ltr'><strong>τῇ</strong></span> <span class='ocrx_word' id='word_1_246' title='bbox 368 1683 437 1717; x_wconf 80' lang='grc' dir='ltr'><strong>ὑπὲρ</strong></span> <span class='ocrx_word' id='word_1_247' title='bbox 454 1683 530 1717; x_wconf 81' lang='grc' dir='ltr'>ἡμῶν</span> <span class='ocrx_word' id='word_1_248' title='bbox 542 1683 591 1717; x_wconf 78' lang='grc' dir='ltr'><strong>τὴν</strong></span> <span class='ocrx_word' id='word_1_249' title='bbox 605 1682 810 1718; x_wconf 62' lang='grc' dir='ltr'><strong>συμπεριφορὰν</strong></span> <span class='ocrx_word' id='word_1_250' title='bbox 825 1682 1000 1718; x_wconf 73' lang='grc' dir='ltr'><strong>κομιζόμενος</strong></span> <span class='ocrx_word' id='word_1_251' title='bbox 1013 1692 1019 1698; x_wconf 90' lang='grc'><strong>·</strong></span> 
     </span>
    </p>
   </div>
   <div class='ocr_carea' id='block_1_36' title="bbox 240 1727 1020 1762">
    <p class='ocr_par' dir='ltr' id='par_1_36' title="bbox 240 1727 1020 1762">
     <span class='ocr_line' id='line_1_36' title="bbox 240 1727 1020 1762; baseline 0.003 -9"><span class='ocrx_word' id='word_1_252' title='bbox 240 1736 301 1762; x_wconf 79' lang='lat' dir='ltr'><strong>qua:</strong></span> <span class='ocrx_word' id='word_1_253' title='bbox 319 1728 398 1754; x_wconf 74' lang='lat' dir='ltr'><strong>verba</strong></span> <span class='ocrx_word' id='word_1_254' title='bbox 411 1728 467 1762; x_wconf 87' lang='lat' dir='ltr'><strong>ipse</strong></span> <span class='ocrx_word' id='word_1_255' title='bbox 479 1736 510 1754; x_wconf 70' lang='lat' dir='ltr'><strong>ev</strong></span> <span class='ocrx_word' id='word_1_256' title='bbox 525 1727 667 1762; x_wconf 81' lang='lat' dir='ltr'><strong>Pamphilo</strong></span> <span class='ocrx_word' id='word_1_257' title='bbox 681 1728 752 1754; x_wconf 86' lang='lat' dir='ltr'><strong>haud</strong></span> <span class='ocrx_word' id='word_1_258' title='bbox 779 1727 860 1754; x_wconf 86' lang='lat' dir='ltr'><strong>dubie</strong></span> <span class='ocrx_word' id='word_1_259' title='bbox 883 1732 1020 1755; x_wconf 86' lang='lat' dir='ltr'><strong>mutuatus</strong></span> 
     </span>
    </p>
   </div>
   <div class='ocr_carea' id='block_1_37' title="bbox 240 1769 1020 1818">
    <p class='ocr_par' dir='ltr' id='par_1_37' title="bbox 240 1769 1020 1818">
     <span class='ocr_line' id='line_1_37' title="bbox 240 1769 1020 1818; baseline 0.004 -22"><span class='ocrx_word' id='word_1_260' title='bbox 240 1775 292 1797; x_wconf 77' lang='lat' dir='ltr'><strong>est.</strong></span> <span class='ocrx_word' id='word_1_261' title='bbox 321 1769 396 1797; x_wconf 87' lang='lat' dir='ltr'><strong>lianc</strong></span> <span class='ocrx_word' id='word_1_262' title='bbox 418 1776 507 1798; x_wconf 89' lang='lat' dir='ltr'><strong>autem</strong></span> <span class='ocrx_word' id='word_1_263' title='bbox 534 1771 744 1805; x_wconf 67' lang='lat' dir='ltr'><strong>Expositioneru,</strong></span> <span class='ocrx_word' id='word_1_264' title='bbox 765 1772 881 1818; x_wconf 46' lang='lat' dir='ltr'><strong>tum.ob</strong></span> <span class='ocrx_word' id='word_1_265' title='bbox 903 1773 1020 1800; x_wconf 85' lang='lat' dir='ltr'><strong>auctoris</strong></span> 
     </span>
    </p>
   </div>
   <div class='ocr_carea' id='block_1_38' title="bbox 241 1817 1019 1853">
    <p class='ocr_par' dir='ltr' id='par_1_38' title="bbox 241 1817 1019 1853">
     <span class='ocr_line' id='line_1_38' title="bbox 241 1817 1019 1853; baseline 0.003 -10"><span class='ocrx_word' id='word_1_266' title='bbox 241 1817 404 1844; x_wconf 78' lang='lat' dir='ltr'><strong>sanctissimi</strong></span> <span class='ocrx_word' id='word_1_267' title='bbox 424 1818 646 1851; x_wconf 88' lang='lat' dir='ltr'><strong>celeberrimique</strong></span> <span class='ocrx_word' id='word_1_268' title='bbox 661 1826 757 1845; x_wconf 88' lang='lat' dir='ltr'><strong>nomen</strong></span> <span class='ocrx_word' id='word_1_269' title='bbox 773 1838 780 1849; x_wconf 92' lang='lat'><strong>,</strong></span> <span class='ocrx_word' id='word_1_270' title='bbox 807 1817 862 1845; x_wconf 76' lang='lat' dir='ltr'><strong>ttim</strong></span> <span class='ocrx_word' id='word_1_271' title='bbox 877 1819 940 1853; x_wconf 87' lang='lat' dir='ltr'><strong>quia</strong></span> <span class='ocrx_word' id='word_1_272' title='bbox 966 1826 1019 1846; x_wconf 91' lang='lat' dir='ltr'><strong>non</strong></span> 
     </span>
    </p>
   </div>
   <div class='ocr_carea' id='block_1_39' title="bbox 240 1862 915 1898">
    <p class='ocr_par' dir='ltr' id='par_1_39' title="bbox 240 1862 915 1898">
     <span class='ocr_line' id='line_1_39' title="bbox 240 1862 915 1898; baseline 0.001 -9"><span class='ocrx_word' id='word_1_273' title='bbox 240 1862 329 1890; x_wconf 75' lang='lat' dir='ltr'><strong>fructu</strong></span> <span class='ocrx_word' id='word_1_274' title='bbox 344 1871 437 1891; x_wconf 80' lang='lat' dir='ltr'><strong>vacare</strong></span> <span class='ocrx_word' id='word_1_275' title='bbox 449 1869 567 1898; x_wconf 85' lang='lat' dir='ltr'><strong>putatur,</strong></span> <span class='ocrx_word' id='word_1_276' title='bbox 580 1864 622 1890; x_wconf 87' lang='lat' dir='ltr'><strong>hie</strong></span> <span class='ocrx_word' id='word_1_277' title='bbox 637 1864 715 1891; x_wconf 81' lang='lat' dir='ltr'><strong>edere</strong></span> <span class='ocrx_word' id='word_1_278' title='bbox 730 1865 817 1891; x_wconf 86' lang='lat' dir='ltr'><strong>visum</strong></span> <span class='ocrx_word' id='word_1_279' title='bbox 833 1869 883 1892; x_wconf 90' lang='lat' dir='ltr'><strong>est.</strong></span> <span class='ocrx_word' id='word_1_280' title='bbox 906 1875 915 1890; x_wconf 76' lang='grc' dir='ltr'><strong>ι</strong></span> 
     </span>
    </p>
   </div>
   <div class='ocr_carea' id='block_1_40' title="bbox 277 1909 1019 1944">
    <p class='ocr_par' dir='ltr' id='par_1_40' title="bbox 277 1909 1019 1944">
     <span class='ocr_line' id='line_1_40' title="bbox 277 1909 1019 1944; baseline 0.004 -10"><span class='ocrx_word' id='word_1_281' title='bbox 277 1909 351 1936; x_wconf 79' lang='lat' dir='ltr'><strong>lianc</strong></span> <span class='ocrx_word' id='word_1_282' title='bbox 362 1917 425 1936; x_wconf 81' lang='lat' dir='ltr'><strong>vero</strong></span> <span class='ocrx_word' id='word_1_283' title='bbox 437 1909 543 1935; x_wconf 71' lang='grc' dir='ltr'><strong>ἔκθεσιν</strong></span> <span class='ocrx_word' id='word_1_284' title='bbox 555 1910 654 1936; x_wconf 75' lang='lat' dir='ltr'><strong>szcculo</strong></span> <span class='ocrx_word' id='word_1_285' title='bbox 667 1910 806 1944; x_wconf 88' lang='lat' dir='ltr'><strong>superiore</strong></span> <span class='ocrx_word' id='word_1_286' title='bbox 816 1910 955 1937; x_wconf 83' lang='lat' dir='ltr'><strong>desinente</strong></span> <span class='ocrx_word' id='word_1_287' title='bbox 969 1910 1019 1938; x_wconf 85' lang='lat' dir='ltr'><strong>sub</strong></span> 
     </span>
    </p>
   </div>
   <div class='ocr_carea' id='block_1_41' title="bbox 240 1953 1019 1988">
    <p class='ocr_par' dir='ltr' id='par_1_41' title="bbox 240 1953 1019 1988">
     <span class='ocr_line' id='line_1_41' title="bbox 240 1953 1019 1988; baseline 0.001 -7"><span class='ocrx_word' id='word_1_288' title='bbox 240 1953 359 1981; x_wconf 77' lang='lat' dir='ltr'><strong>Eutlmlii</strong></span> <span class='ocrx_word' id='word_1_289' title='bbox 375 1954 512 1981; x_wconf 87' lang='lat' dir='ltr'><strong>Sulccnsis</strong></span> <span class='ocrx_word' id='word_1_290' title='bbox 528 1954 645 1988; x_wconf 83' lang='lat' dir='ltr'><strong>episcopi</strong></span> <span class='ocrx_word' id='word_1_291' title='bbox 664 1954 773 1982; x_wconf 87' lang='lat' dir='ltr'><strong>nomine</strong></span> <span class='ocrx_word' id='word_1_292' title='bbox 788 1955 909 1982; x_wconf 85' lang='lat' dir='ltr'><strong>ediderat</strong></span> <span class='ocrx_word' id='word_1_293' title='bbox 918 1955 952 1982; x_wconf 93' lang='lat' dir='ltr'><strong>cl.</strong></span> <span class='ocrx_word' id='word_1_294' title='bbox 970 1955 1019 1982; x_wconf 92' lang='lat' dir='ltr'><strong>Za-</strong></span> 
     </span>
    </p>
   </div>
   <div class='ocr_carea' id='block_1_42' title="bbox 240 1999 1016 2035">
    <p class='ocr_par' dir='ltr' id='par_1_42' title="bbox 240 1999 1016 2035">
     <span class='ocr_line' id='line_1_42' title="bbox 240 1999 1016 2035; baseline 0 -9"><span class='ocrx_word' id='word_1_295' title='bbox 240 2000 352 2034; x_wconf 71' lang='lat' dir='ltr'><strong>ragnius</strong></span> <span class='ocrx_word' id='word_1_296' title='bbox 369 1999 395 2026; x_wconf 92' lang='lat' dir='ltr'><strong>in</strong></span> <span class='ocrx_word' id='word_1_297' title='bbox 412 1999 567 2026; x_wconf 77' lang='lat' dir='ltr'><strong>collectione</strong></span> <span class='ocrx_word' id='word_1_298' title='bbox 583 1999 944 2034; x_wconf 79' lang='lat' dir='ltr'><strong>Monumentorumveterum,</strong></span> <span class='ocrx_word' id='word_1_299' title='bbox 957 2008 1016 2035; x_wconf 82' lang='lat' dir='ltr'><strong>pag.</strong></span> 
     </span>
    </p>
   </div>
   <div class='ocr_carea' id='block_1_43' title="bbox 238 2044 1018 2079">
    <p class='ocr_par' dir='ltr' id='par_1_43' title="bbox 238 2044 1018 2079">
     <span class='ocr_line' id='line_1_43' title="bbox 238 2044 1018 2079; baseline -0.001 -8"><span class='ocrx_word' id='word_1_300' title='bbox 238 2045 300 2072; x_wconf 63' lang='lat'><strong>4&#39;28.</strong></span> <span class='ocrx_word' id='word_1_301' title='bbox 318 2044 473 2079; x_wconf 86' lang='lat' dir='ltr'><strong>lpselanten</strong></span> <span class='ocrx_word' id='word_1_302' title='bbox 490 2044 641 2075; x_wconf 83' lang='lat' dir='ltr'><strong>Euthalius,</strong></span> <span class='ocrx_word' id='word_1_303' title='bbox 656 2052 717 2079; x_wconf 79' lang='lat' dir='ltr'><strong>pag.</strong></span> <span class='ocrx_word' id='word_1_304' title='bbox 729 2044 781 2071; x_wconf 79' lang='grc'><strong>515</strong></span> <span class='ocrx_word' id='word_1_305' title='bbox 792 2064 800 2077; x_wconf 82' lang='grc'><strong>,</strong></span> <span class='ocrx_word' id='word_1_306' title='bbox 820 2044 918 2071; x_wconf 87' lang='lat' dir='ltr'><strong>diserte</strong></span> <span class='ocrx_word' id='word_1_307' title='bbox 933 2048 1018 2071; x_wconf 88' lang='lat' dir='ltr'><strong>testa-</strong></span> 
     </span>
    </p>
   </div>
   <div class='ocr_carea' id='block_1_44' title="bbox 239 2089 1017 2123">
    <p class='ocr_par' dir='ltr' id='par_1_44' title="bbox 239 2089 1017 2123">
     <span class='ocr_line' id='line_1_44' title="bbox 239 2089 1017 2123; baseline -0.001 -5"><span class='ocrx_word' id='word_1_308' title='bbox 239 2096 292 2123; x_wconf 88' lang='lat' dir='ltr'><strong>tur,</strong></span> <span class='ocrx_word' id='word_1_309' title='bbox 311 2096 339 2118; x_wconf 88' lang='lat' dir='ltr'><strong>ttt</strong></span> <span class='ocrx_word' id='word_1_310' title='bbox 351 2091 475 2118; x_wconf 77' lang='lat' dir='ltr'><strong>observat</strong></span> <span class='ocrx_word' id='word_1_311' title='bbox 489 2090 627 2117; x_wconf 78' lang='lat' dir='ltr'><strong>Fabricius</strong></span> <span class='ocrx_word' id='word_1_312' title='bbox 641 2090 696 2121; x_wconf 76' lang='lat'><strong>(1‘2)</strong></span> <span class='ocrx_word' id='word_1_313' title='bbox 709 2111 716 2121; x_wconf 85' lang='lat'><strong>,</strong></span> <span class='ocrx_word' id='word_1_314' title='bbox 739 2097 767 2116; x_wconf 88' lang='lat' dir='ltr'><strong>se</strong></span> <span class='ocrx_word' id='word_1_315' title='bbox 782 2097 862 2117; x_wconf 91' lang='lat' dir='ltr'><strong>usum</strong></span> <span class='ocrx_word' id='word_1_316' title='bbox 877 2089 1017 2117; x_wconf 82' lang='lat' dir='ltr'><strong>codicibus</strong></span> 
     </span>
    </p>
   </div>
   <div class='ocr_carea' id='block_1_45' title="bbox 237 2135 1016 2170">
    <p class='ocr_par' dir='ltr' id='par_1_45' title="bbox 237 2135 1016 2170">
     <span class='ocr_line' id='line_1_45' title="bbox 237 2135 1016 2170; baseline -0.004 -6"><span class='ocrx_word' id='word_1_317' title='bbox 237 2144 253 2164; x_wconf 83' lang='lat' dir='ltr'><strong>e</strong></span> <span class='ocrx_word' id='word_1_318' title='bbox 262 2136 419 2164; x_wconf 69' lang='lat' dir='ltr'><strong>Caesariensi</strong></span> <span class='ocrx_word' id='word_1_319' title='bbox 430 2136 686 2170; x_wconf 75' lang='lat' dir='ltr'><strong>bibliothcra,quam</strong></span> <span class='ocrx_word' id='word_1_320' title='bbox 697 2135 725 2162; x_wconf 88' lang='lat' dir='ltr'><strong>S.</strong></span> <span class='ocrx_word' id='word_1_321' title='bbox 735 2135 890 2169; x_wconf 88' lang='lat' dir='ltr'><strong>Pamphilus</strong></span> <span class='ocrx_word' id='word_1_322' title='bbox 901 2135 1016 2170; x_wconf 93' lang='lat' dir='ltr'><strong>primum</strong></span> 
     </span>
    </p>
   </div>
   <div class='ocr_carea' id='block_1_46' title="bbox 238 2180 1053 2216">
    <p class='ocr_par' dir='ltr' id='par_1_46' title="bbox 238 2180 1053 2216">
     <span class='ocr_line' id='line_1_46' title="bbox 238 2180 1053 2216; baseline -0.004 -7"><span class='ocrx_word' id='word_1_323' title='bbox 238 2190 336 2216; x_wconf 70' lang='lat' dir='ltr'><strong>magno</strong></span> <span class='ocrx_word' id='word_1_324' title='bbox 362 2182 450 2209; x_wconf 91' lang='lat' dir='ltr'><strong>studio</strong></span> <span class='ocrx_word' id='word_1_325' title='bbox 467 2182 612 2213; x_wconf 76' lang='lat' dir='ltr'><strong>instruxit;</strong></span> <span class='ocrx_word' id='word_1_326' title='bbox 632 2180 765 2207; x_wconf 81' lang='lat' dir='ltr'><strong>Eusebius</strong></span> <span class='ocrx_word' id='word_1_327' title='bbox 791 2180 886 2207; x_wconf 88' lang='lat' dir='ltr'><strong>deinde</strong></span> <span class='ocrx_word' id='word_1_328' title='bbox 903 2180 1015 2215; x_wconf 84' lang='lat' dir='ltr'><strong>ejusque</strong></span> <span class='ocrx_word' id='word_1_329' title='bbox 1031 2184 1053 2212; x_wconf 75' lang='grc' dir='ltr'><strong>ι)</strong></span> 
     </span>
    </p>
   </div>
   <div class='ocr_carea' id='block_1_47' title="bbox 238 2226 1019 2260">
    <p class='ocr_par' dir='ltr' id='par_1_47' title="bbox 238 2226 1019 2260">
     <span class='ocr_line' id='line_1_47' title="bbox 238 2226 1019 2260; baseline -0.001 -7"><span class='ocrx_word' id='word_1_330' title='bbox 238 2234 409 2254; x_wconf 80' lang='lat' dir='ltr'><strong>successores</strong></span> <span class='ocrx_word' id='word_1_331' title='bbox 426 2226 544 2260; x_wconf 86' lang='lat' dir='ltr'><strong>episcopi</strong></span> <span class='ocrx_word' id='word_1_332' title='bbox 571 2226 752 2252; x_wconf 63' lang='lat' dir='ltr'><strong>Casarienses</strong></span> <span class='ocrx_word' id='word_1_333' title='bbox 771 2229 914 2252; x_wconf 74' lang='lat' dir='ltr'><strong>servarunt</strong></span> <span class='ocrx_word' id='word_1_334' title='bbox 938 2233 1019 2252; x_wconf 77' lang='lat' dir='ltr'><strong>auxe-</strong></span> 
     </span>
    </p>
   </div>
   <div class='ocr_carea' id='block_1_48' title="bbox 239 2270 1016 2306">
    <p class='ocr_par' dir='ltr' id='par_1_48' title="bbox 239 2270 1016 2306">
     <span class='ocr_line' id='line_1_48' title="bbox 239 2270 1016 2306; baseline 0 -8"><span class='ocrx_word' id='word_1_335' title='bbox 239 2276 366 2306; x_wconf 83' lang='lat' dir='ltr'><strong>ruutque.</strong></span> <span class='ocrx_word' id='word_1_336' title='bbox 385 2271 452 2298; x_wconf 90' lang='lat' dir='ltr'><strong>llinc</strong></span> <span class='ocrx_word' id='word_1_337' title='bbox 473 2272 563 2306; x_wconf 85' lang='lat' dir='ltr'><strong>itaque</strong></span> <span class='ocrx_word' id='word_1_338' title='bbox 583 2271 742 2298; x_wconf 86' lang='lat' dir='ltr'><strong>divisionem</strong></span> <span class='ocrx_word' id='word_1_339' title='bbox 769 2270 886 2304; x_wconf 85' lang='lat' dir='ltr'><strong>capitum</strong></span> <span class='ocrx_word' id='word_1_340' title='bbox 910 2271 1016 2305; x_wconf 87' lang='lat' dir='ltr'><strong>qttalctn</strong></span> 
     </span>
    </p>
   </div>
   <div class='ocr_carea' id='block_1_49' title="bbox 239 2316 1016 2351">
    <p class='ocr_par' dir='ltr' id='par_1_49' title="bbox 239 2316 1016 2351">
     <span class='ocr_line' id='line_1_49' title="bbox 239 2316 1016 2351; baseline 0.001 -8"><span class='ocrx_word' id='word_1_341' title='bbox 239 2317 268 2344; x_wconf 63' lang='grc' dir='ltr'><strong>ὃ,</strong></span> <span class='ocrx_word' id='word_1_342' title='bbox 295 2317 450 2351; x_wconf 87' lang='lat' dir='ltr'><strong>Pamphilus</strong></span> <span class='ocrx_word' id='word_1_343' title='bbox 473 2317 633 2351; x_wconf 78' lang='lat' dir='ltr'><strong>digesserat,</strong></span> <span class='ocrx_word' id='word_1_344' title='bbox 650 2317 730 2344; x_wconf 89' lang='lat' dir='ltr'><strong>etiam</strong></span> <span class='ocrx_word' id='word_1_345' title='bbox 746 2323 778 2343; x_wconf 81' lang='lat' dir='ltr'><strong>ex</strong></span> <span class='ocrx_word' id='word_1_346' title='bbox 796 2316 849 2344; x_wconf 88' lang='lat' dir='ltr'><strong>illis</strong></span> <span class='ocrx_word' id='word_1_347' title='bbox 877 2321 1016 2344; x_wconf 85' lang='lat' dir='ltr'><strong>mutuatus</strong></span> 
     </span>
    </p>
   </div>
   <div class='ocr_carea' id='block_1_50' title="bbox 238 2361 1017 2396">
    <p class='ocr_par' dir='ltr' id='par_1_50' title="bbox 238 2361 1017 2396">
     <span class='ocr_line' id='line_1_50' title="bbox 238 2361 1017 2396; baseline 0 -8"><span class='ocrx_word' id='word_1_348' title='bbox 238 2369 307 2390; x_wconf 86' lang='lat' dir='ltr'><strong>esse.</strong></span> <span class='ocrx_word' id='word_1_349' title='bbox 323 2362 518 2388; x_wconf 84' lang='lat' dir='ltr'><strong>versiculorum</strong></span> <span class='ocrx_word' id='word_1_350' title='bbox 539 2370 604 2388; x_wconf 88' lang='lat' dir='ltr'><strong>vero</strong></span> <span class='ocrx_word' id='word_1_351' title='bbox 621 2361 733 2396; x_wconf 84' lang='lat' dir='ltr'><strong>ipsemet</strong></span> <span class='ocrx_word' id='word_1_352' title='bbox 755 2361 895 2387; x_wconf 83' lang='lat' dir='ltr'><strong>Euthalius</strong></span> <span class='ocrx_word' id='word_1_353' title='bbox 924 2361 1017 2395; x_wconf 86' lang='lat' dir='ltr'><strong>utique</strong></span> 
     </span>
    </p>
   </div>
   <div class='ocr_carea' id='block_1_51' title="bbox 237 2406 1017 2441">
    <p class='ocr_par' dir='ltr' id='par_1_51' title="bbox 237 2406 1017 2441">
     <span class='ocr_line' id='line_1_51' title="bbox 237 2406 1017 2441; baseline 0 -8"><span class='ocrx_word' id='word_1_354' title='bbox 237 2406 374 2434; x_wconf 84' lang='lat' dir='ltr'><strong>addidisse</strong></span> <span class='ocrx_word' id='word_1_355' title='bbox 383 2407 495 2433; x_wconf 76' lang='lat' dir='ltr'><strong>videtur.</strong></span> <span class='ocrx_word' id='word_1_356' title='bbox 506 2406 599 2434; x_wconf 79' lang='lat' dir='ltr'><strong>Exstat</strong></span> <span class='ocrx_word' id='word_1_357' title='bbox 608 2414 687 2441; x_wconf 92' lang='lat' dir='ltr'><strong>porro</strong></span> <span class='ocrx_word' id='word_1_358' title='bbox 698 2407 790 2434; x_wconf 83' lang='lat' dir='ltr'><strong>eadem</strong></span> <span class='ocrx_word' id='word_1_359' title='bbox 799 2406 903 2437; x_wconf 78' lang='grc' dir='ltr'>ἕκθεσις</span> <span class='ocrx_word' id='word_1_360' title='bbox 916 2407 1017 2440; x_wconf 77' lang='lat' dir='ltr'><strong>ab5quc</strong></span> 
     </span>
    </p>
   </div>
   <div class='ocr_carea' id='block_1_52' title="bbox 237 2452 1015 2480">
    <p class='ocr_par' dir='ltr' id='par_1_52' title="bbox 237 2452 1015 2480">
     <span class='ocr_line' id='line_1_52' title="bbox 237 2452 1015 2480; baseline -0.001 -2"><span class='ocrx_word' id='word_1_361' title='bbox 237 2452 345 2479; x_wconf 80' lang='lat' dir='ltr'><strong>immitte</strong></span> <span class='ocrx_word' id='word_1_362' title='bbox 362 2453 480 2480; x_wconf 81' lang='lat' dir='ltr'><strong>aucturis</strong></span> <span class='ocrx_word' id='word_1_363' title='bbox 504 2457 566 2479; x_wconf 88' lang='lat' dir='ltr'><strong>ante</strong></span> <span class='ocrx_word' id='word_1_364' title='bbox 581 2453 790 2480; x_wconf 87' lang='lat' dir='ltr'><strong>cotnmentarios</strong></span> <span class='ocrx_word' id='word_1_365' title='bbox 802 2452 959 2479; x_wconf 82' lang='lat' dir='ltr'><strong>OEcumcnii</strong></span> <span class='ocrx_word' id='word_1_366' title='bbox 989 2452 1015 2478; x_wconf 91' lang='lat' dir='ltr'><strong>iu</strong></span> 
     </span>
    </p>
   </div>
   <div class='ocr_carea' id='block_1_53' title="bbox 273 2529 666 2564">
    <p class='ocr_par' dir='ltr' id='par_1_53' title="bbox 273 2529 666 2564">
     <span class='ocr_line' id='line_1_53' title="bbox 273 2529 666 2564; baseline 0 -9"><span class='ocrx_word' id='word_1_367' title='bbox 273 2529 327 2563; x_wconf 89' lang='grc'><strong>(11)</strong></span> <span class='ocrx_word' id='word_1_368' title='bbox 342 2530 410 2556; x_wconf 83' lang='lat' dir='ltr'><strong>Bibl.</strong></span> <span class='ocrx_word' id='word_1_369' title='bbox 426 2529 506 2557; x_wconf 76' lang='lat' dir='ltr'><strong>Coisl.</strong></span> <span class='ocrx_word' id='word_1_370' title='bbox 519 2551 526 2561; x_wconf 85' lang='lat'><strong>,</strong></span> <span class='ocrx_word' id='word_1_371' title='bbox 544 2537 603 2564; x_wconf 72' lang='lat' dir='ltr'><strong>pag.</strong></span> <span class='ocrx_word' id='word_1_372' title='bbox 624 2529 666 2555; x_wconf 81' lang='lat'><strong>78.</strong></span> 
     </span>
    </p>
   </div>
   <div class='ocr_carea' id='block_1_54' title="bbox 272 2563 874 2599">
    <p class='ocr_par' dir='ltr' id='par_1_54' title="bbox 272 2563 874 2599">
     <span class='ocr_line' id='line_1_54' title="bbox 272 2563 874 2599; baseline -0.003 -8"><span class='ocrx_word' id='word_1_373' title='bbox 272 2565 327 2598; x_wconf 71' lang='grc' dir='ltr'><strong>(ιὲ)</strong></span> <span class='ocrx_word' id='word_1_374' title='bbox 341 2566 380 2591; x_wconf 83' lang='lat' dir='ltr'><strong>Ad</strong></span> <span class='ocrx_word' id='word_1_375' title='bbox 398 2565 465 2599; x_wconf 78' lang='lat' dir='ltr'><strong>Opp.</strong></span> <span class='ocrx_word' id='word_1_376' title='bbox 484 2564 589 2599; x_wconf 84' lang='lat' dir='ltr'><strong>llippol.</strong></span> <span class='ocrx_word' id='word_1_377' title='bbox 607 2568 672 2590; x_wconf 85' lang='lat' dir='ltr'><strong>tom.</strong></span> <span class='ocrx_word' id='word_1_378' title='bbox 692 2563 723 2595; x_wconf 86' lang='lat' dir='ltr'><strong>ll,</strong></span> <span class='ocrx_word' id='word_1_379' title='bbox 741 2571 799 2597; x_wconf 66' lang='lat' dir='ltr'><strong>pag.</strong></span> <span class='ocrx_word' id='word_1_380' title='bbox 814 2564 874 2590; x_wconf 63' lang='lat'><strong>2209.</strong></span> 
     </span>
    </p>
   </div>
   <div class='ocr_carea' id='block_1_55' title="bbox 274 2598 1012 2640">
    <p class='ocr_par' dir='ltr' id='par_1_55' title="bbox 274 2598 1012 2640">
     <span class='ocr_line' id='line_1_55' title="bbox 274 2598 1012 2640; baseline -0.001 -14"><span class='ocrx_word' id='word_1_381' title='bbox 274 2600 328 2640; x_wconf 57' lang='lat' dir='ltr'><strong>illi)</strong></span> <span class='ocrx_word' id='word_1_382' title='bbox 344 2598 495 2640; x_wconf 61' lang='lat' dir='ltr'><strong>l’rolegimt.</strong></span> <span class='ocrx_word' id='word_1_383' title='bbox 508 2600 540 2626; x_wconf 86' lang='lat' dir='ltr'><strong>ad</strong></span> <span class='ocrx_word' id='word_1_384' title='bbox 558 2598 589 2625; x_wconf 87' lang='lat' dir='ltr'><strong>N.</strong></span> <span class='ocrx_word' id='word_1_385' title='bbox 604 2598 677 2625; x_wconf 71' lang='lat' dir='ltr'><strong>Tcst.</strong></span> <span class='ocrx_word' id='word_1_386' title='bbox 694 2599 740 2626; x_wconf 82' lang='lat' dir='ltr'><strong>Gr.</strong></span> <span class='ocrx_word' id='word_1_387' title='bbox 753 2618 759 2629; x_wconf 90' lang='lat'><strong>,</strong></span> <span class='ocrx_word' id='word_1_388' title='bbox 780 2607 857 2633; x_wconf 74' lang='lat' dir='ltr'><strong>pagg.</strong></span> <span class='ocrx_word' id='word_1_389' title='bbox 879 2598 913 2625; x_wconf 67' lang='grc'><strong>15</strong></span> <span class='ocrx_word' id='word_1_390' title='bbox 923 2603 949 2626; x_wconf 85' lang='lat' dir='ltr'><strong>ct</strong></span> <span class='ocrx_word' id='word_1_391' title='bbox 964 2598 1012 2631; x_wconf 82' lang='grc'><strong>76,</strong></span> 
     </span>
    </p>
   </div>
   <div class='ocr_carea' id='block_1_56' title="bbox 237 2633 976 2703">
    <p class='ocr_par' dir='ltr' id='par_1_56' title="bbox 237 2633 976 2703">
     <span class='ocr_line' id='line_1_56' title="bbox 237 2633 976 2703; baseline 0 -9"><span class='ocrx_word' id='word_1_392' title='bbox 237 2633 496 2703; x_wconf 40' lang='grc' dir='ltr'><strong>8(1(1ι11)“ὀξ·ἶῃεηίιιιι.</strong></span> <span class='ocrx_word' id='word_1_393' title='bbox 512 2668 559 2695; x_wconf 87' lang='lat' dir='ltr'><strong>lib.</strong></span> <span class='ocrx_word' id='word_1_394' title='bbox 574 2676 604 2699; x_wconf 85' lang='lat' dir='ltr'><strong>tt.</strong></span> <span class='ocrx_word' id='word_1_395' title='bbox 620 2677 680 2703; x_wconf 87' lang='lat' dir='ltr'><strong>cap.</strong></span> <span class='ocrx_word' id='word_1_396' title='bbox 696 2670 722 2699; x_wconf 81' lang='grc'><strong>5,</strong></span> <span class='ocrx_word' id='word_1_397' title='bbox 743 2669 756 2703; x_wconf 82' lang='lat'><strong>§</strong></span> <span class='ocrx_word' id='word_1_398' title='bbox 775 2669 816 2700; x_wconf 75' lang='lat' dir='ltr'><strong>l6,</strong></span> <span class='ocrx_word' id='word_1_399' title='bbox 834 2676 895 2702; x_wconf 82' lang='lat' dir='ltr'><strong>pag.</strong></span> <span class='ocrx_word' id='word_1_400' title='bbox 915 2668 976 2695; x_wconf 79' lang='grc'><strong>190.</strong></span> 
     </span>
    </p>
   </div>
   <div class='ocr_carea' id='block_1_57' title="bbox 237 2703 1011 2764">
    <p class='ocr_par' dir='ltr' id='par_1_57' title="bbox 237 2703 1011 2764">
     <span class='ocr_line' id='line_1_57' title="bbox 272 2703 1011 2738; baseline 0.003 -10"><span class='ocrx_word' id='word_1_401' title='bbox 272 2703 328 2735; x_wconf 74' lang='grc'><strong>(15)</strong></span> <span class='ocrx_word' id='word_1_402' title='bbox 344 2704 464 2730; x_wconf 78' lang='lat' dir='ltr'><strong>Mémoir.</strong></span> <span class='ocrx_word' id='word_1_403' title='bbox 478 2723 485 2735; x_wconf 88' lang='lat'><strong>,</strong></span> <span class='ocrx_word' id='word_1_404' title='bbox 510 2709 575 2730; x_wconf 88' lang='lat' dir='ltr'><strong>tom.</strong></span> <span class='ocrx_word' id='word_1_405' title='bbox 590 2703 627 2736; x_wconf 65' lang='grc' dir='ltr'>ν,</span> <span class='ocrx_word' id='word_1_406' title='bbox 645 2712 670 2738; x_wconf 89' lang='lat' dir='ltr'><strong>p.</strong></span> <span class='ocrx_word' id='word_1_407' title='bbox 694 2705 756 2736; x_wconf 73' lang='lat'><strong>750,</strong></span> <span class='ocrx_word' id='word_1_408' title='bbox 783 2708 838 2730; x_wconf 87' lang='lat' dir='ltr'><strong>not.</strong></span> <span class='ocrx_word' id='word_1_409' title='bbox 866 2703 896 2730; x_wconf 87' lang='grc'><strong>11</strong></span> <span class='ocrx_word' id='word_1_410' title='bbox 915 2711 962 2730; x_wconf 87' lang='lat' dir='ltr'><strong>sur</strong></span> <span class='ocrx_word' id='word_1_411' title='bbox 984 2703 1011 2730; x_wconf 89' lang='lat' dir='ltr'><strong>S.</strong></span> 
     </span>
     <span class='ocr_line' id='line_1_58' title="bbox 237 2735 348 2764; baseline 0.018 -2"><span class='ocrx_word' id='word_1_412' title='bbox 237 2735 348 2764; x_wconf 80' lang='lat' dir='ltr'><strong>Pamph.</strong></span> 
     </span>
    </p>
   </div>
   <div class='ocr_carea' id='block_1_58' title="bbox 274 2745 1012 2809">
    <p class='ocr_par' dir='ltr' id='par_1_58' title="bbox 274 2745 1012 2809">
     <span class='ocr_line' id='line_1_59' title="bbox 274 2745 1012 2809; baseline 0.005 -12"><span class='ocrx_word' id='word_1_413' title='bbox 430 2773 514 2809; x_wconf 69' lang='lat' dir='ltr'><strong>liuor.</strong></span> <span class='ocrx_word' id='word_1_414' title='bbox 533 2774 632 2807; x_wconf 73' lang='lat' dir='ltr'><strong>Aquil..</strong></span> <span class='ocrx_word' id='word_1_415' title='bbox 644 2773 690 2799; x_wconf 87' lang='lat' dir='ltr'><strong>lib.</strong></span> <span class='ocrx_word' id='word_1_416' title='bbox 711 2782 735 2804; x_wconf 78' lang='grc' dir='ltr'><strong>ι’,</strong></span> <span class='ocrx_word' id='word_1_417' title='bbox 752 2781 810 2807; x_wconf 85' lang='lat' dir='ltr'><strong>cap.</strong></span> <span class='ocrx_word' id='word_1_418' title='bbox 824 2773 850 2806; x_wconf 85' lang='lat' dir='ltr'><strong>l,</strong></span> <span class='ocrx_word' id='word_1_419' title='bbox 868 2772 898 2809; x_wconf 60' lang='grc' dir='ltr'>ἓξ</span> <span class='ocrx_word' id='word_1_420' title='bbox 915 2774 932 2801; x_wconf 80' lang='lat'><strong>5</strong></span> <span class='ocrx_word' id='word_1_421' title='bbox 947 2778 973 2801; x_wconf 85' lang='lat' dir='ltr'><strong>et</strong></span> <span class='ocrx_word' id='word_1_422' title='bbox 986 2773 1012 2806; x_wconf 84' lang='grc'><strong>6,</strong></span> 
     </span>
    </p>
   </div>
   <div class='ocr_carea' id='block_1_59' title="bbox 237 2806 805 2843">
    <p class='ocr_par' dir='ltr' id='par_1_59' title="bbox 237 2806 805 2843">
     <span class='ocr_line' id='line_1_60' title="bbox 237 2806 805 2843; baseline 0 -9"><span class='ocrx_word' id='word_1_423' title='bbox 237 2812 263 2834; x_wconf 83' lang='lat' dir='ltr'><strong>et</strong></span> <span class='ocrx_word' id='word_1_424' title='bbox 280 2815 337 2840; x_wconf 81' lang='lat' dir='ltr'><strong>cap.</strong></span> <span class='ocrx_word' id='word_1_425' title='bbox 353 2806 378 2837; x_wconf 83' lang='grc'><strong>5,</strong></span> <span class='ocrx_word' id='word_1_426' title='bbox 399 2807 413 2842; x_wconf 68' lang='grc' dir='ltr'>ς</span> <span class='ocrx_word' id='word_1_427' title='bbox 429 2808 455 2841; x_wconf 74' lang='grc'><strong>5,</strong></span> <span class='ocrx_word' id='word_1_428' title='bbox 471 2815 546 2843; x_wconf 68' lang='lat' dir='ltr'><strong>pagg.</strong></span> <span class='ocrx_word' id='word_1_429' title='bbox 568 2809 629 2840; x_wconf 61' lang='grc' dir='ltr'><strong>ξοδ,</strong></span> <span class='ocrx_word' id='word_1_430' title='bbox 646 2808 706 2839; x_wconf 69' lang='lat' dir='ltr'><strong>ti-‘i’t,</strong></span> <span class='ocrx_word' id='word_1_431' title='bbox 730 2806 805 2842; x_wconf 78' lang='lat' dir='ltr'><strong>seqq.</strong></span> 
     </span>
    </p>
   </div>
   <div class='ocr_carea' id='block_1_60' title="bbox 1083 117 1782 152">
    <p class='ocr_par' dir='ltr' id='par_1_60' title="bbox 1083 117 1782 152">
     <span class='ocr_line' id='line_1_61' title="bbox 1083 117 1782 152; baseline 0.013 -9"><span class='ocrx_word' id='word_1_432' title='bbox 1083 117 1261 144; x_wconf 79' lang='lat' dir='ltr'><strong>MARTYRIS</strong></span> <span class='ocrx_word' id='word_1_433' title='bbox 1748 124 1782 152; x_wconf 73' lang='grc'><strong>15⁸1</strong></span> 
     </span>
    </p>
   </div>
   <div class='ocr_carea' id='block_1_61' title="bbox 1080 176 1783 210">
    <p class='ocr_par' dir='ltr' id='par_1_61' title="bbox 1080 176 1783 210">
     <span class='ocr_line' id='line_1_62' title="bbox 1080 176 1783 210; baseline 0.001 -7"><span class='ocrx_word' id='word_1_434' title='bbox 1080 176 1156 208; x_wconf 80' lang='lat' dir='ltr'><strong>Acta,</strong></span> <span class='ocrx_word' id='word_1_435' title='bbox 1178 181 1257 210; x_wconf 88' lang='lat' dir='ltr'><strong>atque</strong></span> <span class='ocrx_word' id='word_1_436' title='bbox 1271 176 1297 203; x_wconf 89' lang='lat' dir='ltr'><strong>in</strong></span> <span class='ocrx_word' id='word_1_437' title='bbox 1315 177 1472 204; x_wconf 88' lang='lat' dir='ltr'><strong>melioribus</strong></span> <span class='ocrx_word' id='word_1_438' title='bbox 1489 176 1555 204; x_wconf 83' lang='lat' dir='ltr'><strong>Novi</strong></span> <span class='ocrx_word' id='word_1_439' title='bbox 1568 176 1709 206; x_wconf 78' lang='lat' dir='ltr'><strong>Testamenti</strong></span> <span class='ocrx_word' id='word_1_440' title='bbox 1727 182 1783 209; x_wconf 68' lang='lat' dir='ltr'><strong>odim.</strong></span> 
     </span>
    </p>
   </div>
   <div class='ocr_carea' id='block_1_62' title="bbox 1082 221 1784 256">
    <p class='ocr_par' dir='ltr' id='par_1_62' title="bbox 1082 221 1784 256">
     <span class='ocr_line' id='line_1_63' title="bbox 1082 221 1784 256; baseline 0.006 -8"><span class='ocrx_word' id='word_1_441' title='bbox 1082 222 1161 249; x_wconf 92' lang='lat' dir='ltr'><strong>nibus</strong></span> <span class='ocrx_word' id='word_1_442' title='bbox 1175 221 1282 249; x_wconf 82' lang='lat' dir='ltr'><strong>Roberti</strong></span> <span class='ocrx_word' id='word_1_443' title='bbox 1296 221 1436 256; x_wconf 83' lang='lat' dir='ltr'><strong>Stephani,</strong></span> <span class='ocrx_word' id='word_1_444' title='bbox 1452 221 1563 250; x_wconf 85' lang='lat' dir='ltr'><strong>Joannis</strong></span> <span class='ocrx_word' id='word_1_445' title='bbox 1577 222 1674 250; x_wconf 87' lang='lat' dir='ltr'><strong>llenrici</strong></span> <span class='ocrx_word' id='word_1_446' title='bbox 1686 224 1784 255; x_wconf 58' lang='lat' dir='ltr'><strong>Boarium</strong></span> 
     </span>
    </p>
   </div>
   <div class='ocr_carea' id='block_1_63' title="bbox 1080 267 1775 299">
    <p class='ocr_par' dir='ltr' id='par_1_63' title="bbox 1080 267 1775 299">
     <span class='ocr_line' id='line_1_64' title="bbox 1080 267 1775 299; baseline 0.006 -5"><span class='ocrx_word' id='word_1_447' title='bbox 1080 267 1192 295; x_wconf 85' lang='lat' dir='ltr'><strong>Joannis</strong></span> <span class='ocrx_word' id='word_1_448' title='bbox 1208 267 1282 294; x_wconf 86' lang='lat' dir='ltr'><strong>Millii</strong></span> <span class='ocrx_word' id='word_1_449' title='bbox 1298 276 1304 299; x_wconf 91' lang='lat'><strong>;</strong></span> <span class='ocrx_word' id='word_1_450' title='bbox 1324 275 1440 294; x_wconf 81' lang='lat' dir='ltr'><strong>necnon.</strong></span> <span class='ocrx_word' id='word_1_451' title='bbox 1453 267 1479 294; x_wconf 92' lang='lat' dir='ltr'><strong>in</strong></span> <span class='ocrx_word' id='word_1_452' title='bbox 1495 267 1609 295; x_wconf 89' lang='lat' dir='ltr'><strong>Danielis</strong></span> <span class='ocrx_word' id='word_1_453' title='bbox 1623 268 1707 296; x_wconf 84' lang='lat' dir='ltr'><strong>Heinsii</strong></span> <span class='ocrx_word' id='word_1_454' title='bbox 1720 272 1743 297; x_wconf 82' lang='lat' dir='ltr'><strong>ad</strong></span> <span class='ocrx_word' id='word_1_455' title='bbox 1754 271 1775 298; x_wconf 59' lang='lat' dir='ltr'><strong>Si</strong></span> 
     </span>
    </p>
   </div>
   <div class='ocr_carea' id='block_1_64' title="bbox 1079 313 1784 346">
    <p class='ocr_par' dir='ltr' id='par_1_64' title="bbox 1079 313 1784 346">
     <span class='ocr_line' id='line_1_65' title="bbox 1079 313 1784 346; baseline 0.006 -6"><span class='ocrx_word' id='word_1_456' title='bbox 1079 322 1138 340; x_wconf 77' lang='lat' dir='ltr'><strong>eum</strong></span> <span class='ocrx_word' id='word_1_457' title='bbox 1162 313 1352 340; x_wconf 71' lang='lat' dir='ltr'><strong>Testamentum</strong></span> <span class='ocrx_word' id='word_1_458' title='bbox 1363 313 1601 340; x_wconf 71' lang='lat' dir='ltr'><strong>exercitationibus.</strong></span> <span class='ocrx_word' id='word_1_459' title='bbox 1613 313 1667 341; x_wconf 64' lang='grc' dir='ltr'><strong>Πεξο</strong></span> <span class='ocrx_word' id='word_1_460' title='bbox 1677 315 1771 344; x_wconf 60' lang='lat' dir='ltr'><strong>Fabriciis</strong></span> <span class='ocrx_word' id='word_1_461' title='bbox 1783 342 1784 346; x_wconf 44' lang='grc' dir='ltr'><strong>η</strong></span> 
     </span>
    </p>
   </div>
   <div class='ocr_carea' id='block_1_65' title="bbox 1079 357 1783 393">
    <p class='ocr_par' dir='ltr' id='par_1_65' title="bbox 1079 357 1783 393">
     <span class='ocr_line' id='line_1_66' title="bbox 1079 357 1783 393; baseline 0.001 -8"><span class='ocrx_word' id='word_1_462' title='bbox 1079 360 1124 393; x_wconf 73' lang='lat' dir='ltr'><strong>qui</strong></span> <span class='ocrx_word' id='word_1_463' title='bbox 1138 363 1162 386; x_wconf 90' lang='lat' dir='ltr'><strong>et</strong></span> <span class='ocrx_word' id='word_1_464' title='bbox 1175 359 1231 393; x_wconf 90' lang='lat' dir='ltr'><strong>ipse</strong></span> <span class='ocrx_word' id='word_1_465' title='bbox 1248 359 1265 385; x_wconf 91' lang='lat' dir='ltr'><strong>I.</strong></span> <span class='ocrx_word' id='word_1_466' title='bbox 1283 367 1306 386; x_wconf 90' lang='lat' dir='ltr'><strong>c.</strong></span> <span class='ocrx_word' id='word_1_467' title='bbox 1321 359 1390 386; x_wconf 92' lang='lat' dir='ltr'><strong>hanc</strong></span> <span class='ocrx_word' id='word_1_468' title='bbox 1412 358 1547 392; x_wconf 84' lang='lat' dir='ltr'><strong>Pamphili</strong></span> <span class='ocrx_word' id='word_1_469' title='bbox 1569 357 1733 392; x_wconf 67' lang='lat' dir='ltr'><strong>Expositionrm</strong></span> <span class='ocrx_word' id='word_1_470' title='bbox 1751 370 1783 389; x_wconf 76' lang='lat' dir='ltr'><strong>tum</strong></span> 
     </span>
    </p>
   </div>
   <div class='ocr_carea' id='block_1_66' title="bbox 1079 404 1784 439">
    <p class='ocr_par' dir='ltr' id='par_1_66' title="bbox 1079 404 1784 439">
     <span class='ocr_line' id='line_1_67' title="bbox 1079 404 1784 439; baseline 0.004 -9"><span class='ocrx_word' id='word_1_471' title='bbox 1079 404 1237 431; x_wconf 83' lang='lat' dir='ltr'><strong>Euthaliana</strong></span> <span class='ocrx_word' id='word_1_472' title='bbox 1255 404 1377 431; x_wconf 82' lang='lat' dir='ltr'><strong>collatam</strong></span> <span class='ocrx_word' id='word_1_473' title='bbox 1392 404 1462 439; x_wconf 82' lang='lat' dir='ltr'><strong>typis</strong></span> <span class='ocrx_word' id='word_1_474' title='bbox 1477 404 1654 431; x_wconf 77' lang='lat' dir='ltr'><strong>excutiendam</strong></span> <span class='ocrx_word' id='word_1_475' title='bbox 1662 406 1729 433; x_wconf 77' lang='lat' dir='ltr'><strong>deuito</strong></span> <span class='ocrx_word' id='word_1_476' title='bbox 1739 415 1784 433; x_wconf 79' lang='lat' dir='ltr'><strong>cun-</strong></span> 
     </span>
    </p>
   </div>
   <div class='ocr_carea' id='block_1_67' title="bbox 1080 450 1784 488">
    <p class='ocr_par' dir='ltr' id='par_1_67' title="bbox 1080 450 1784 488">
     <span class='ocr_line' id='line_1_68' title="bbox 1080 450 1784 488; baseline 0.004 -12"><span class='ocrx_word' id='word_1_477' title='bbox 1080 451 1126 477; x_wconf 89' lang='lat' dir='ltr'><strong>vit.</strong></span> <span class='ocrx_word' id='word_1_478' title='bbox 1142 450 1208 482; x_wconf 68' lang='lat' dir='ltr'><strong>Quae</strong></span> <span class='ocrx_word' id='word_1_479' title='bbox 1226 457 1289 477; x_wconf 92' lang='lat' dir='ltr'><strong>cum</strong></span> <span class='ocrx_word' id='word_1_480' title='bbox 1303 451 1337 476; x_wconf 89' lang='lat' dir='ltr'><strong>ita</strong></span> <span class='ocrx_word' id='word_1_481' title='bbox 1353 457 1381 477; x_wconf 85' lang='lat' dir='ltr'><strong>se</strong></span> <span class='ocrx_word' id='word_1_482' title='bbox 1394 450 1522 483; x_wconf 85' lang='lat' dir='ltr'><strong>habeant,</strong></span> <span class='ocrx_word' id='word_1_483' title='bbox 1544 450 1726 478; x_wconf 77' lang='lat' dir='ltr'><strong>existimaverim</strong></span> <span class='ocrx_word' id='word_1_484' title='bbox 1741 460 1784 488; x_wconf 72' lang='lat' dir='ltr'><strong>equr</strong></span> 
     </span>
    </p>
   </div>
   <div class='ocr_carea' id='block_1_68' title="bbox 1078 495 1783 532">
    <p class='ocr_par' dir='ltr' id='par_1_68' title="bbox 1078 495 1783 532">
     <span class='ocr_line' id='line_1_69' title="bbox 1078 495 1783 532; baseline 0.004 -10"><span class='ocrx_word' id='word_1_485' title='bbox 1078 495 1137 522; x_wconf 85' lang='lat' dir='ltr'><strong>dem</strong></span> <span class='ocrx_word' id='word_1_486' title='bbox 1169 495 1364 523; x_wconf 83' lang='lat' dir='ltr'><strong>Wetstbenium</strong></span> <span class='ocrx_word' id='word_1_487' title='bbox 1382 496 1472 523; x_wconf 88' lang='lat' dir='ltr'><strong>minus</strong></span> <span class='ocrx_word' id='word_1_488' title='bbox 1487 497 1608 523; x_wconf 81' lang='lat' dir='ltr'><strong>consulte</strong></span> <span class='ocrx_word' id='word_1_489' title='bbox 1620 505 1690 524; x_wconf 90' lang='lat' dir='ltr'><strong>unum</strong></span> <span class='ocrx_word' id='word_1_490' title='bbox 1703 498 1783 532; x_wconf 63' lang='lat' dir='ltr'><strong>ejusmodi</strong></span> 
     </span>
    </p>
   </div>
   <div class='ocr_carea' id='block_1_69' title="bbox 1078 541 1784 577">
    <p class='ocr_par' dir='ltr' id='par_1_69' title="bbox 1078 541 1784 577">
     <span class='ocr_line' id='line_1_70' title="bbox 1078 541 1784 577; baseline 0.004 -9"><span class='ocrx_word' id='word_1_491' title='bbox 1078 543 1170 576; x_wconf 64' lang='lat' dir='ltr'><strong>opellm</strong></span> <span class='ocrx_word' id='word_1_492' title='bbox 1184 548 1318 569; x_wconf 86' lang='lat' dir='ltr'><strong>auctorem</strong></span> <span class='ocrx_word' id='word_1_493' title='bbox 1335 541 1489 568; x_wconf 85' lang='lat' dir='ltr'><strong>Euthalium</strong></span> <span class='ocrx_word' id='word_1_494' title='bbox 1512 550 1652 576; x_wconf 81' lang='lat' dir='ltr'><strong>agnoscere</strong></span> <span class='ocrx_word' id='word_1_495' title='bbox 1665 543 1725 577; x_wconf 79' lang='lat' dir='ltr'><strong>(l5);</strong></span> <span class='ocrx_word' id='word_1_496' title='bbox 1743 545 1784 571; x_wconf 75' lang='lat' dir='ltr'><strong>nullo</strong></span> 
     </span>
    </p>
   </div>
   <div class='ocr_carea' id='block_1_70' title="bbox 1079 588 1784 623">
    <p class='ocr_par' dir='ltr' id='par_1_70' title="bbox 1079 588 1784 623">
     <span class='ocr_line' id='line_1_71' title="bbox 1079 588 1784 623; baseline 0.004 -9"><span class='ocrx_word' id='word_1_497' title='bbox 1079 595 1143 614; x_wconf 85' lang='lat' dir='ltr'><strong>sane</strong></span> <span class='ocrx_word' id='word_1_498' title='bbox 1159 593 1318 623; x_wconf 78' lang='lat' dir='ltr'><strong>argumento</strong></span> <span class='ocrx_word' id='word_1_499' title='bbox 1332 588 1398 615; x_wconf 87' lang='lat' dir='ltr'><strong>satis</strong></span> <span class='ocrx_word' id='word_1_500' title='bbox 1412 588 1503 621; x_wconf 83' lang='lat' dir='ltr'><strong>ﬁrmo,</strong></span> <span class='ocrx_word' id='word_1_501' title='bbox 1522 596 1576 623; x_wconf 89' lang='lat' dir='ltr'><strong>quo</strong></span> <span class='ocrx_word' id='word_1_502' title='bbox 1603 589 1627 615; x_wconf 94' lang='lat' dir='ltr'><strong>in</strong></span> <span class='ocrx_word' id='word_1_503' title='bbox 1640 597 1702 616; x_wconf 86' lang='lat' dir='ltr'><strong>suam</strong></span> <span class='ocrx_word' id='word_1_504' title='bbox 1719 596 1784 618; x_wconf 79' lang='lat' dir='ltr'><strong>sentcn-</strong></span> 
     </span>
    </p>
   </div>
   <div class='ocr_carea' id='block_1_71' title="bbox 1078 633 1674 668">
    <p class='ocr_par' dir='ltr' id='par_1_71' title="bbox 1078 633 1674 668">
     <span class='ocr_line' id='line_1_72' title="bbox 1078 633 1674 668; baseline 0 -8"><span class='ocrx_word' id='word_1_505' title='bbox 1078 633 1142 660; x_wconf 87' lang='lat' dir='ltr'><strong>tiam</strong></span> <span class='ocrx_word' id='word_1_506' title='bbox 1159 641 1207 661; x_wconf 88' lang='lat' dir='ltr'><strong>nos</strong></span> <span class='ocrx_word' id='word_1_507' title='bbox 1221 633 1367 668; x_wconf 83' lang='lat' dir='ltr'><strong>pertrahat,</strong></span> <span class='ocrx_word' id='word_1_508' title='bbox 1381 634 1407 660; x_wconf 91' lang='lat' dir='ltr'><strong>in</strong></span> <span class='ocrx_word' id='word_1_509' title='bbox 1424 634 1543 660; x_wconf 93' lang='lat' dir='ltr'><strong>medium</strong></span> <span class='ocrx_word' id='word_1_510' title='bbox 1559 634 1674 660; x_wconf 84' lang='lat' dir='ltr'><strong>adducto.</strong></span> 
     </span>
    </p>
   </div>
   <div class='ocr_carea' id='block_1_72' title="bbox 1113 677 1785 713">
    <p class='ocr_par' dir='ltr' id='par_1_72' title="bbox 1113 677 1785 713">
     <span class='ocr_line' id='line_1_73' title="bbox 1113 677 1785 713; baseline 0.003 -8"><span class='ocrx_word' id='word_1_511' title='bbox 1113 679 1156 706; x_wconf 92' lang='lat' dir='ltr'><strong>lV.</strong></span> <span class='ocrx_word' id='word_1_512' title='bbox 1176 680 1210 705; x_wconf 70' lang='lat' dir='ltr'><strong>lie</strong></span> <span class='ocrx_word' id='word_1_513' title='bbox 1225 681 1309 706; x_wconf 86' lang='lat' dir='ltr'><strong>altero</strong></span> <span class='ocrx_word' id='word_1_514' title='bbox 1323 677 1411 706; x_wconf 87' lang='lat' dir='ltr'><strong>autem</strong></span> <span class='ocrx_word' id='word_1_515' title='bbox 1427 678 1562 713; x_wconf 85' lang='lat' dir='ltr'><strong>Pamphili</strong></span> <span class='ocrx_word' id='word_1_516' title='bbox 1585 680 1707 713; x_wconf 82' lang='lat' dir='ltr'><strong>opusculo,</strong></span> <span class='ocrx_word' id='word_1_517' title='bbox 1726 681 1785 708; x_wconf 54' lang='lat' dir='ltr'><strong>scilicet</strong></span> 
     </span>
    </p>
   </div>
   <div class='ocr_carea' id='block_1_73' title="bbox 1079 724 1784 759">
    <p class='ocr_par' dir='ltr' id='par_1_73' title="bbox 1079 724 1784 759">
     <span class='ocr_line' id='line_1_74' title="bbox 1079 724 1784 759; baseline 0 -7"><span class='ocrx_word' id='word_1_518' title='bbox 1079 724 1198 759; x_wconf 79' lang='lat' dir='ltr'><strong>Origenis</strong></span> <span class='ocrx_word' id='word_1_519' title='bbox 1215 725 1389 759; x_wconf 49' lang='lat' dir='ltr'><strong>:lpologctico,</strong></span> <span class='ocrx_word' id='word_1_520' title='bbox 1405 733 1459 751; x_wconf 90' lang='lat' dir='ltr'><strong>non</strong></span> <span class='ocrx_word' id='word_1_521' title='bbox 1480 730 1522 751; x_wconf 88' lang='lat' dir='ltr'><strong>est</strong></span> <span class='ocrx_word' id='word_1_522' title='bbox 1538 725 1667 752; x_wconf 83' lang='lat' dir='ltr'><strong>enimvero</strong></span> <span class='ocrx_word' id='word_1_523' title='bbox 1688 733 1724 752; x_wconf 88' lang='lat' dir='ltr'><strong>cur</strong></span> <span class='ocrx_word' id='word_1_524' title='bbox 1740 729 1784 752; x_wconf 67' lang='lat' dir='ltr'><strong>min</strong></span> 
     </span>
    </p>
   </div>
   <div class='ocr_carea' id='block_1_74' title="bbox 1077 769 1785 804">
    <p class='ocr_par' dir='ltr' id='par_1_74' title="bbox 1077 769 1785 804">
     <span class='ocr_line' id='line_1_75' title="bbox 1077 769 1785 804; baseline 0.001 -8"><span class='ocrx_word' id='word_1_525' title='bbox 1077 769 1208 797; x_wconf 83' lang='lat' dir='ltr'><strong>faciamus</strong></span> <span class='ocrx_word' id='word_1_526' title='bbox 1224 779 1230 797; x_wconf 88' lang='lat'><strong>:</strong></span> <span class='ocrx_word' id='word_1_527' title='bbox 1248 771 1316 796; x_wconf 92' lang='lat' dir='ltr'><strong>hanc</strong></span> <span class='ocrx_word' id='word_1_528' title='bbox 1325 770 1395 796; x_wconf 90' lang='lat' dir='ltr'><strong>enim</strong></span> <span class='ocrx_word' id='word_1_529' title='bbox 1406 770 1574 804; x_wconf 83' lang='lat' dir='ltr'><strong>provinciam</strong></span> <span class='ocrx_word' id='word_1_530' title='bbox 1584 777 1669 804; x_wconf 76' lang='lat' dir='ltr'><strong>cepere</strong></span> <span class='ocrx_word' id='word_1_531' title='bbox 1684 771 1785 803; x_wconf 73' lang='lat' dir='ltr'><strong>jamdudum</strong></span> 
     </span>
    </p>
   </div>
   <div class='ocr_carea' id='block_1_75' title="bbox 1078 814 1785 850">
    <p class='ocr_par' dir='ltr' id='par_1_75' title="bbox 1078 814 1785 850">
     <span class='ocr_line' id='line_1_76' title="bbox 1078 814 1785 850; baseline -0.001 -8"><span class='ocrx_word' id='word_1_532' title='bbox 1078 816 1146 842; x_wconf 87' lang='lat' dir='ltr'><strong>inter</strong></span> <span class='ocrx_word' id='word_1_533' title='bbox 1168 815 1331 842; x_wconf 83' lang='lat' dir='ltr'><strong>recentiores</strong></span> <span class='ocrx_word' id='word_1_534' title='bbox 1357 815 1407 841; x_wconf 91' lang='lat' dir='ltr'><strong>viri</strong></span> <span class='ocrx_word' id='word_1_535' title='bbox 1424 815 1576 842; x_wconf 86' lang='lat' dir='ltr'><strong>doctissimi</strong></span> <span class='ocrx_word' id='word_1_536' title='bbox 1591 835 1598 845; x_wconf 90' lang='lat'><strong>,</strong></span> <span class='ocrx_word' id='word_1_537' title='bbox 1616 814 1709 842; x_wconf 85' lang='lat' dir='ltr'><strong>lluetius</strong></span> <span class='ocrx_word' id='word_1_538' title='bbox 1724 817 1741 841; x_wconf 91' lang='lat' dir='ltr'><strong>in</strong></span> <span class='ocrx_word' id='word_1_539' title='bbox 1755 817 1785 850; x_wconf 73' lang='lat' dir='ltr'><strong>pti-</strong></span> 
     </span>
    </p>
   </div>
   <div class='ocr_carea' id='block_1_76' title="bbox 1077 858 1785 895">
    <p class='ocr_par' dir='ltr' id='par_1_76' title="bbox 1077 858 1785 895">
     <span class='ocr_line' id='line_1_77' title="bbox 1077 858 1785 895; baseline 0.003 -10"><span class='ocrx_word' id='word_1_540' title='bbox 1077 859 1129 886; x_wconf 90' lang='lat' dir='ltr'><strong>mis</strong></span> <span class='ocrx_word' id='word_1_541' title='bbox 1144 859 1200 895; x_wconf 65' lang='lat' dir='ltr'><strong>(l4)</strong></span> <span class='ocrx_word' id='word_1_542' title='bbox 1213 880 1221 892; x_wconf 97' lang='lat'><strong>,</strong></span> <span class='ocrx_word' id='word_1_543' title='bbox 1235 858 1424 886; x_wconf 85' lang='lat' dir='ltr'><strong>Tillemontius</strong></span> <span class='ocrx_word' id='word_1_544' title='bbox 1449 858 1506 894; x_wconf 83' lang='grc'><strong>(15)</strong></span> <span class='ocrx_word' id='word_1_545' title='bbox 1535 864 1562 886; x_wconf 93' lang='lat' dir='ltr'><strong>et</strong></span> <span class='ocrx_word' id='word_1_546' title='bbox 1578 859 1727 886; x_wconf 81' lang='lat' dir='ltr'><strong>Fontauiuius</strong></span> <span class='ocrx_word' id='word_1_547' title='bbox 1743 861 1785 893; x_wconf 46' lang='grc' dir='ltr'><strong>μῦς</strong></span> 
     </span>
    </p>
   </div>
   <div class='ocr_carea' id='block_1_77' title="bbox 1076 905 1785 940">
    <p class='ocr_par' dir='ltr' id='par_1_77' title="bbox 1076 905 1785 940">
     <span class='ocr_line' id='line_1_78' title="bbox 1076 905 1785 940; baseline 0 -8"><span class='ocrx_word' id='word_1_548' title='bbox 1076 913 1162 940; x_wconf 88' lang='lat' dir='ltr'><strong>nuper</strong></span> <span class='ocrx_word' id='word_1_549' title='bbox 1177 913 1240 932; x_wconf 90' lang='lat' dir='ltr'><strong>vero</strong></span> <span class='ocrx_word' id='word_1_550' title='bbox 1250 905 1316 932; x_wconf 86' lang='lat' dir='ltr'><strong>satis</strong></span> <span class='ocrx_word' id='word_1_551' title='bbox 1329 912 1444 939; x_wconf 90' lang='lat' dir='ltr'><strong>operose</strong></span> <span class='ocrx_word' id='word_1_552' title='bbox 1460 910 1613 939; x_wconf 84' lang='lat' dir='ltr'><strong>postremus</strong></span> <span class='ocrx_word' id='word_1_553' title='bbox 1627 905 1785 940; x_wconf 73' lang='lat' dir='ltr'><strong>Origeuianonm</strong></span> 
     </span>
    </p>
   </div>
   <div class='ocr_carea' id='block_1_78' title="bbox 1075 950 1787 986">
    <p class='ocr_par' dir='ltr' id='par_1_78' title="bbox 1075 950 1787 986">
     <span class='ocr_line' id='line_1_79' title="bbox 1075 950 1787 986; baseline 0 -9"><span class='ocrx_word' id='word_1_554' title='bbox 1075 951 1161 978; x_wconf 84' lang='lat' dir='ltr'><strong>editor</strong></span> <span class='ocrx_word' id='word_1_555' title='bbox 1175 950 1338 978; x_wconf 88' lang='lat' dir='ltr'><strong>Parisiensis</strong></span> <span class='ocrx_word' id='word_1_556' title='bbox 1356 951 1422 986; x_wconf 83' lang='grc'><strong>(17).</strong></span> <span class='ocrx_word' id='word_1_557' title='bbox 1437 950 1541 977; x_wconf 83' lang='lat' dir='ltr'><strong>Verum</strong></span> <span class='ocrx_word' id='word_1_558' title='bbox 1556 958 1589 978; x_wconf 84' lang='lat' dir='ltr'><strong>ue</strong></span> <span class='ocrx_word' id='word_1_559' title='bbox 1604 951 1681 978; x_wconf 85' lang='lat' dir='ltr'><strong>ollicio</strong></span> <span class='ocrx_word' id='word_1_560' title='bbox 1693 957 1787 986; x_wconf 57' lang='lat' dir='ltr'><strong>uostrupe</strong></span> 
     </span>
    </p>
   </div>
   <div class='ocr_carea' id='block_1_79' title="bbox 1076 996 1787 1031">
    <p class='ocr_par' dir='ltr' id='par_1_79' title="bbox 1076 996 1787 1031">
     <span class='ocr_line' id='line_1_80' title="bbox 1076 996 1787 1031; baseline -0.003 -7"><span class='ocrx_word' id='word_1_561' title='bbox 1076 997 1148 1024; x_wconf 90' lang='lat' dir='ltr'><strong>nitus</strong></span> <span class='ocrx_word' id='word_1_562' title='bbox 1163 997 1258 1024; x_wconf 84' lang='lat' dir='ltr'><strong>deesse</strong></span> <span class='ocrx_word' id='word_1_563' title='bbox 1273 996 1429 1029; x_wconf 88' lang='lat' dir='ltr'><strong>videamur,</strong></span> <span class='ocrx_word' id='word_1_564' title='bbox 1454 997 1498 1023; x_wconf 92' lang='lat' dir='ltr'><strong>hic</strong></span> <span class='ocrx_word' id='word_1_565' title='bbox 1512 1002 1616 1024; x_wconf 76' lang='lat' dir='ltr'><strong>veteres</strong></span> <span class='ocrx_word' id='word_1_566' title='bbox 1633 1002 1717 1024; x_wconf 85' lang='lat' dir='ltr'><strong>tantum</strong></span> <span class='ocrx_word' id='word_1_567' title='bbox 1727 1002 1744 1023; x_wconf 76' lang='lat' dir='ltr'><strong>et</strong></span> <span class='ocrx_word' id='word_1_568' title='bbox 1755 998 1787 1031; x_wconf 76' lang='lat' dir='ltr'><strong>qui-</strong></span> 
     </span>
    </p>
   </div>
   <div class='ocr_carea' id='block_1_80' title="bbox 1068 1040 1786 1078">
    <p class='ocr_par' dir='ltr' id='par_1_80' title="bbox 1068 1040 1786 1078">
     <span class='ocr_line' id='line_1_81' title="bbox 1068 1040 1786 1078; baseline -0.001 -7"><span class='ocrx_word' id='word_1_569' title='bbox 1068 1040 1135 1071; x_wconf 86' lang='lat' dir='ltr'><strong>dem</strong></span> <span class='ocrx_word' id='word_1_570' title='bbox 1153 1044 1301 1078; x_wconf 72' lang='lat' dir='ltr'><strong>przeeipuos</strong></span> <span class='ocrx_word' id='word_1_571' title='bbox 1316 1051 1533 1070; x_wconf 80' lang='lat' dir='ltr'><strong>commemorare</strong></span> <span class='ocrx_word' id='word_1_572' title='bbox 1561 1051 1645 1078; x_wconf 63' lang='lat' dir='ltr'><strong>opera:</strong></span> <span class='ocrx_word' id='word_1_573' title='bbox 1664 1045 1786 1078; x_wconf 49' lang='lat' dir='ltr'><strong>pretiumdn.</strong></span> 
     </span>
    </p>
   </div>
   <div class='ocr_carea' id='block_1_81' title="bbox 1075 1088 1787 1124">
    <p class='ocr_par' dir='ltr' id='par_1_81' title="bbox 1075 1088 1787 1124">
     <span class='ocr_line' id='line_1_82' title="bbox 1075 1088 1787 1124; baseline -0.003 -8"><span class='ocrx_word' id='word_1_574' title='bbox 1075 1089 1175 1121; x_wconf 85' lang='lat' dir='ltr'><strong>ci&#39;mus,</strong></span> <span class='ocrx_word' id='word_1_575' title='bbox 1187 1089 1232 1123; x_wconf 92' lang='lat' dir='ltr'><strong>qui</strong></span> <span class='ocrx_word' id='word_1_576' title='bbox 1245 1088 1432 1123; x_wconf 78' lang='lat' dir='ltr'><strong>Origem&#39;anum</strong></span> <span class='ocrx_word' id='word_1_577' title='bbox 1448 1089 1641 1124; x_wconf 78' lang='lat' dir='ltr'><strong>Apologett&#39;cum</strong></span> <span class='ocrx_word' id='word_1_578' title='bbox 1652 1090 1714 1116; x_wconf 85' lang='lat' dir='ltr'><strong>beato</strong></span> <span class='ocrx_word' id='word_1_579' title='bbox 1723 1091 1787 1123; x_wconf 70' lang='lat' dir='ltr'><strong>martyri</strong></span> 
     </span>
    </p>
   </div>
   <div class='ocr_carea' id='block_1_82' title="bbox 1074 1133 1787 1169">
    <p class='ocr_par' dir='ltr' id='par_1_82' title="bbox 1074 1133 1787 1169">
     <span class='ocr_line' id='line_1_83' title="bbox 1074 1133 1787 1169; baseline -0.001 -8"><span class='ocrx_word' id='word_1_580' title='bbox 1074 1135 1224 1162; x_wconf 81' lang='lat' dir='ltr'><strong>asseruisse</strong></span> <span class='ocrx_word' id='word_1_581' title='bbox 1239 1139 1398 1162; x_wconf 90' lang='lat' dir='ltr'><strong>noscuntur.</strong></span> <span class='ocrx_word' id='word_1_582' title='bbox 1415 1133 1487 1161; x_wconf 86' lang='lat' dir='ltr'><strong>Inter</strong></span> <span class='ocrx_word' id='word_1_583' title='bbox 1499 1142 1549 1162; x_wconf 72' lang='lat'><strong>805</strong></span> <span class='ocrx_word' id='word_1_584' title='bbox 1560 1141 1622 1162; x_wconf 86' lang='lat' dir='ltr'><strong>vero</strong></span> <span class='ocrx_word' id='word_1_585' title='bbox 1635 1135 1721 1169; x_wconf 83' lang='lat' dir='ltr'><strong>primus</strong></span> <span class='ocrx_word' id='word_1_586' title='bbox 1732 1142 1787 1161; x_wconf 76' lang='lat' dir='ltr'><strong>occur-</strong></span> 
     </span>
    </p>
   </div>
   <div class='ocr_carea' id='block_1_83' title="bbox 1074 1179 1788 1215">
    <p class='ocr_par' dir='ltr' id='par_1_83' title="bbox 1074 1179 1788 1215">
     <span class='ocr_line' id='line_1_84' title="bbox 1074 1179 1788 1215; baseline -0.001 -9"><span class='ocrx_word' id='word_1_587' title='bbox 1074 1179 1108 1206; x_wconf 90' lang='lat' dir='ltr'><strong>rit</strong></span> <span class='ocrx_word' id='word_1_588' title='bbox 1121 1179 1253 1206; x_wconf 83' lang='lat' dir='ltr'><strong>Eusebius</strong></span> <span class='ocrx_word' id='word_1_589' title='bbox 1271 1179 1345 1215; x_wconf 84' lang='lat' dir='ltr'><strong>(l8);</strong></span> <span class='ocrx_word' id='word_1_590' title='bbox 1371 1188 1451 1214; x_wconf 65' lang='lat' dir='ltr'><strong>quem</strong></span> <span class='ocrx_word' id='word_1_591' title='bbox 1479 1180 1603 1214; x_wconf 80' lang='lat' dir='ltr'><strong>sequitur</strong></span> <span class='ocrx_word' id='word_1_592' title='bbox 1627 1184 1717 1207; x_wconf 82' lang='lat' dir='ltr'><strong>sanctus</strong></span> <span class='ocrx_word' id='word_1_593' title='bbox 1735 1179 1788 1205; x_wconf 60' lang='lat' dir='ltr'><strong>ilico</strong></span> 
     </span>
    </p>
   </div>
   <div class='ocr_carea' id='block_1_84' title="bbox 1074 1224 1788 1260">
    <p class='ocr_par' dir='ltr' id='par_1_84' title="bbox 1074 1224 1788 1260">
     <span class='ocr_line' id='line_1_85' title="bbox 1074 1224 1788 1260; baseline -0.001 -10"><span class='ocrx_word' id='word_1_594' title='bbox 1074 1232 1171 1260; x_wconf 86' lang='lat' dir='ltr'><strong>nymus</strong></span> <span class='ocrx_word' id='word_1_595' title='bbox 1183 1244 1190 1255; x_wconf 83' lang='lat'><strong>,</strong></span> <span class='ocrx_word' id='word_1_596' title='bbox 1213 1224 1251 1251; x_wconf 92' lang='lat' dir='ltr'><strong>sic</strong></span> <span class='ocrx_word' id='word_1_597' title='bbox 1269 1224 1394 1259; x_wconf 87' lang='lat' dir='ltr'><strong>inquiens</strong></span> <span class='ocrx_word' id='word_1_598' title='bbox 1416 1225 1471 1260; x_wconf 86' lang='grc'><strong>(19)</strong></span> <span class='ocrx_word' id='word_1_599' title='bbox 1488 1235 1494 1252; x_wconf 92' lang='lat'><strong>:</strong></span> <span class='ocrx_word' id='word_1_600' title='bbox 1525 1225 1635 1259; x_wconf 73' lang='lat' dir='ltr'><strong>Scripsit</strong></span> <span class='ocrx_word' id='word_1_601' title='bbox 1650 1224 1788 1260; x_wconf 42' lang='lat' dir='ltr'><strong>(Pamphilus</strong></span> 
     </span>
    </p>
   </div>
   <div class='ocr_carea' id='block_1_85' title="bbox 1074 1270 1788 1306">
    <p class='ocr_par' dir='ltr' id='par_1_85' title="bbox 1074 1270 1788 1306">
     <span class='ocr_line' id='line_1_86' title="bbox 1074 1270 1788 1306; baseline -0.003 -10"><span class='ocrx_word' id='word_1_602' title='bbox 1074 1276 1213 1305; x_wconf 83' lang='lat' dir='ltr'><strong>antequam</strong></span> <span class='ocrx_word' id='word_1_603' title='bbox 1231 1270 1358 1297; x_wconf 70' lang='lat' dir='ltr'><strong>Eusebius</strong></span> <span class='ocrx_word' id='word_1_604' title='bbox 1369 1270 1543 1298; x_wconf 72' lang='lat' dir='ltr'><strong>Cwsariensis</strong></span> <span class='ocrx_word' id='word_1_605' title='bbox 1558 1291 1565 1303; x_wconf 93' lang='lat'><strong>,</strong></span> <span class='ocrx_word' id='word_1_606' title='bbox 1585 1271 1747 1306; x_wconf 80' lang='lat' dir='ltr'><strong>Apolageticunt</strong></span> <span class='ocrx_word' id='word_1_607' title='bbox 1763 1277 1788 1302; x_wconf 65' lang='lat' dir='ltr'><strong>pra</strong></span> 
     </span>
    </p>
   </div>
   <div class='ocr_carea' id='block_1_86' title="bbox 1076 1315 1788 1350">
    <p class='ocr_par' dir='ltr' id='par_1_86' title="bbox 1076 1315 1788 1350">
     <span class='ocr_line' id='line_1_87' title="bbox 1076 1315 1788 1350; baseline -0.001 -8"><span class='ocrx_word' id='word_1_608' title='bbox 1076 1315 1195 1350; x_wconf 79' lang='lat' dir='ltr'><strong>Origene.</strong></span> <span class='ocrx_word' id='word_1_609' title='bbox 1216 1315 1313 1342; x_wconf 87' lang='lat' dir='ltr'><strong>Veruttt</strong></span> <span class='ocrx_word' id='word_1_610' title='bbox 1329 1315 1428 1343; x_wconf 88' lang='lat' dir='ltr'><strong>Doctor</strong></span> <span class='ocrx_word' id='word_1_611' title='bbox 1444 1317 1582 1344; x_wconf 80' lang='lat' dir='ltr'><strong>maximus</strong></span> <span class='ocrx_word' id='word_1_612' title='bbox 1592 1337 1599 1348; x_wconf 88' lang='lat'><strong>,</strong></span> <span class='ocrx_word' id='word_1_613' title='bbox 1613 1321 1701 1344; x_wconf 82' lang='lat' dir='ltr'><strong>mutata</strong></span> <span class='ocrx_word' id='word_1_614' title='bbox 1711 1316 1788 1348; x_wconf 63' lang='lat' dir='ltr'><strong>deintqs</strong></span> 
     </span>
    </p>
   </div>
   <div class='ocr_carea' id='block_1_87' title="bbox 1073 1361 1788 1396">
    <p class='ocr_par' dir='ltr' id='par_1_87' title="bbox 1073 1361 1788 1396">
     <span class='ocr_line' id='line_1_88' title="bbox 1073 1361 1788 1396; baseline -0.003 -9"><span class='ocrx_word' id='word_1_615' title='bbox 1073 1361 1206 1387; x_wconf 85' lang='lat' dir='ltr'><strong>sententia</strong></span> <span class='ocrx_word' id='word_1_616' title='bbox 1219 1381 1226 1392; x_wconf 90' lang='lat'><strong>,</strong></span> <span class='ocrx_word' id='word_1_617' title='bbox 1255 1361 1282 1387; x_wconf 94' lang='lat' dir='ltr'><strong>in</strong></span> <span class='ocrx_word' id='word_1_618' title='bbox 1298 1361 1463 1395; x_wconf 84' lang='lat' dir='ltr'><strong>assignando</strong></span> <span class='ocrx_word' id='word_1_619' title='bbox 1484 1361 1639 1396; x_wconf 86' lang='lat' dir='ltr'><strong>scriptionis</strong></span> <span class='ocrx_word' id='word_1_620' title='bbox 1651 1366 1737 1388; x_wconf 76' lang='lat' dir='ltr'><strong>auctore</strong></span> <span class='ocrx_word' id='word_1_621' title='bbox 1748 1368 1788 1385; x_wconf 75' lang='lat' dir='ltr'><strong>tam</strong></span> 
     </span>
    </p>
   </div>
   <div class='ocr_carea' id='block_1_88' title="bbox 1073 1403 1788 1440">
    <p class='ocr_par' dir='ltr' id='par_1_88' title="bbox 1073 1403 1788 1440">
     <span class='ocr_line' id='line_1_89' title="bbox 1073 1403 1788 1440; baseline -0.008 -8"><span class='ocrx_word' id='word_1_622' title='bbox 1073 1405 1211 1432; x_wconf 88' lang='lat' dir='ltr'><strong>disseruit.</strong></span> <span class='ocrx_word' id='word_1_623' title='bbox 1229 1405 1367 1432; x_wconf 87' lang='lat' dir='ltr'><strong>Socratem</strong></span> <span class='ocrx_word' id='word_1_624' title='bbox 1386 1404 1442 1440; x_wconf 66' lang='lat'><strong>(90)</strong></span> <span class='ocrx_word' id='word_1_625' title='bbox 1455 1405 1625 1439; x_wconf 65' lang='lat' dir='ltr'><strong>praeterimus</strong></span> <span class='ocrx_word' id='word_1_626' title='bbox 1635 1410 1659 1431; x_wconf 87' lang='lat' dir='ltr'><strong>et</strong></span> <span class='ocrx_word' id='word_1_627' title='bbox 1667 1403 1788 1438; x_wconf 68' lang='lat' dir='ltr'><strong>Nicephorum</strong></span> 
     </span>
    </p>
   </div>
   <div class='ocr_carea' id='block_1_89' title="bbox 1073 1449 1789 1487">
    <p class='ocr_par' dir='ltr' id='par_1_89' title="bbox 1073 1449 1789 1487">
     <span class='ocr_line' id='line_1_90' title="bbox 1073 1449 1789 1487; baseline -0.004 -9"><span class='ocrx_word' id='word_1_628' title='bbox 1073 1452 1130 1487; x_wconf 70' lang='lat' dir='ltr'><strong>(2t)</strong></span> <span class='ocrx_word' id='word_1_629' title='bbox 1145 1452 1266 1486; x_wconf 88' lang='lat' dir='ltr'><strong>aliosque</strong></span> <span class='ocrx_word' id='word_1_630' title='bbox 1282 1451 1417 1486; x_wconf 89' lang='lat' dir='ltr'><strong>sequioris</strong></span> <span class='ocrx_word' id='word_1_631' title='bbox 1433 1452 1482 1478; x_wconf 77' lang='lat' dir='ltr'><strong>:cvi</strong></span> <span class='ocrx_word' id='word_1_632' title='bbox 1500 1452 1646 1486; x_wconf 80' lang='lat' dir='ltr'><strong>scriptores</strong></span> <span class='ocrx_word' id='word_1_633' title='bbox 1657 1472 1664 1483; x_wconf 89' lang='lat'><strong>,</strong></span> <span class='ocrx_word' id='word_1_634' title='bbox 1687 1451 1724 1485; x_wconf 93' lang='lat' dir='ltr'><strong>qui</strong></span> <span class='ocrx_word' id='word_1_635' title='bbox 1742 1449 1789 1475; x_wconf 68' lang='lat' dir='ltr'><strong>Eas:-</strong></span> 
     </span>
    </p>
   </div>
   <div class='ocr_carea' id='block_1_90' title="bbox 1074 1495 1789 1532">
    <p class='ocr_par' dir='ltr' id='par_1_90' title="bbox 1074 1495 1789 1532">
     <span class='ocr_line' id='line_1_91' title="bbox 1074 1495 1789 1532; baseline -0.004 -8"><span class='ocrx_word' id='word_1_636' title='bbox 1074 1497 1148 1524; x_wconf 89' lang='lat' dir='ltr'><strong>bium</strong></span> <span class='ocrx_word' id='word_1_637' title='bbox 1169 1497 1328 1532; x_wconf 86' lang='lat' dir='ltr'><strong>plerumque</strong></span> <span class='ocrx_word' id='word_1_638' title='bbox 1344 1497 1468 1523; x_wconf 89' lang='lat' dir='ltr'><strong>assectati</strong></span> <span class='ocrx_word' id='word_1_639' title='bbox 1485 1496 1572 1524; x_wconf 81' lang='lat' dir='ltr'><strong>fuisse</strong></span> <span class='ocrx_word' id='word_1_640' title='bbox 1586 1497 1706 1523; x_wconf 79' lang='lat' dir='ltr'><strong>videntur.</strong></span> <span class='ocrx_word' id='word_1_641' title='bbox 1723 1495 1746 1521; x_wconf 80' lang='lat' dir='ltr'><strong>At</strong></span> <span class='ocrx_word' id='word_1_642' title='bbox 1759 1500 1789 1519; x_wconf 73' lang='lat' dir='ltr'><strong>tot</strong></span> 
     </span>
    </p>
   </div>
   <div class='ocr_carea' id='block_1_91' title="bbox 1073 1540 1789 1575">
    <p class='ocr_par' dir='ltr' id='par_1_91' title="bbox 1073 1540 1789 1575">
     <span class='ocr_line' id='line_1_92' title="bbox 1073 1540 1789 1575; baseline -0.008 -6"><span class='ocrx_word' id='word_1_643' title='bbox 1073 1541 1287 1570; x_wconf 83' lang='lat' dir='ltr'><strong>estomittendus</strong></span> <span class='ocrx_word' id='word_1_644' title='bbox 1303 1540 1427 1573; x_wconf 89' lang='lat' dir='ltr'><strong>Photius,</strong></span> <span class='ocrx_word' id='word_1_645' title='bbox 1440 1541 1487 1575; x_wconf 91' lang='lat' dir='ltr'><strong>qui</strong></span> <span class='ocrx_word' id='word_1_646' title='bbox 1502 1541 1552 1568; x_wconf 90' lang='lat' dir='ltr'><strong>sibi</strong></span> <span class='ocrx_word' id='word_1_647' title='bbox 1568 1541 1648 1567; x_wconf 85' lang='lat' dir='ltr'><strong>lectos</strong></span> <span class='ocrx_word' id='word_1_648' title='bbox 1663 1547 1713 1567; x_wconf 85' lang='lat' dir='ltr'><strong>esse</strong></span> <span class='ocrx_word' id='word_1_649' title='bbox 1721 1542 1789 1565; x_wconf 72' lang='lat' dir='ltr'><strong>testatur</strong></span> 
     </span>
    </p>
   </div>
   <div class='ocr_carea' id='block_1_92' title="bbox 1073 1584 1788 1623">
    <p class='ocr_par' dir='ltr' id='par_1_92' title="bbox 1073 1584 1788 1623">
     <span class='ocr_line' id='line_1_93' title="bbox 1073 1584 1788 1623; baseline -0.008 -9"><span class='ocrx_word' id='word_1_650' title='bbox 1073 1588 1128 1623; x_wconf 65' lang='lat'><strong>(“22)</strong></span> <span class='ocrx_word' id='word_1_651' title='bbox 1143 1587 1274 1622; x_wconf 88' lang='lat' dir='ltr'><strong>Pamphili</strong></span> <span class='ocrx_word' id='word_1_652' title='bbox 1292 1587 1417 1622; x_wconf 85' lang='lat' dir='ltr'><strong>martyris</strong></span> <span class='ocrx_word' id='word_1_653' title='bbox 1435 1591 1462 1614; x_wconf 88' lang='lat' dir='ltr'><strong>et</strong></span> <span class='ocrx_word' id='word_1_654' title='bbox 1486 1586 1595 1614; x_wconf 84' lang='lat' dir='ltr'><strong>Eusebii</strong></span> <span class='ocrx_word' id='word_1_655' title='bbox 1613 1594 1656 1620; x_wconf 93' lang='lat' dir='ltr'><strong>pro</strong></span> <span class='ocrx_word' id='word_1_656' title='bbox 1676 1584 1759 1619; x_wconf 76' lang='lat' dir='ltr'><strong>Origene</strong></span> <span class='ocrx_word' id='word_1_657' title='bbox 1771 1585 1788 1608; x_wconf 73' lang='lat' dir='ltr'><strong>ir</strong></span> 
     </span>
    </p>
   </div>
   <div class='ocr_carea' id='block_1_93' title="bbox 1071 1630 1789 1667">
    <p class='ocr_par' dir='ltr' id='par_1_93' title="bbox 1071 1630 1789 1667">
     <span class='ocr_line' id='line_1_94' title="bbox 1071 1630 1789 1667; baseline -0.007 -7"><span class='ocrx_word' id='word_1_658' title='bbox 1071 1634 1135 1660; x_wconf 88' lang='lat' dir='ltr'><strong>bros</strong></span> <span class='ocrx_word' id='word_1_659' title='bbox 1149 1641 1195 1660; x_wconf 78' lang='lat' dir='ltr'><strong>sex</strong></span> <span class='ocrx_word' id='word_1_660' title='bbox 1208 1642 1215 1665; x_wconf 87' lang='lat'><strong>;</strong></span> <span class='ocrx_word' id='word_1_661' title='bbox 1232 1632 1366 1667; x_wconf 89' lang='lat' dir='ltr'><strong>sitnulque</strong></span> <span class='ocrx_word' id='word_1_662' title='bbox 1376 1632 1456 1658; x_wconf 88' lang='lat' dir='ltr'><strong>docet</strong></span> <span class='ocrx_word' id='word_1_663' title='bbox 1465 1631 1648 1667; x_wconf 84' lang='lat' dir='ltr'><strong>Pamphilum,</strong></span> <span class='ocrx_word' id='word_1_664' title='bbox 1668 1638 1717 1658; x_wconf 86' lang='lat' dir='ltr'><strong>cum</strong></span> <span class='ocrx_word' id='word_1_665' title='bbox 1729 1630 1789 1657; x_wconf 53' lang='lat' dir='ltr'><strong>deti»</strong></span> 
     </span>
    </p>
   </div>
   <div class='ocr_carea' id='block_1_94' title="bbox 1071 1675 1788 1711">
    <p class='ocr_par' dir='ltr' id='par_1_94' title="bbox 1071 1675 1788 1711">
     <span class='ocr_line' id='line_1_95' title="bbox 1071 1675 1788 1711; baseline -0.007 -7"><span class='ocrx_word' id='word_1_666' title='bbox 1071 1681 1145 1704; x_wconf 88' lang='lat' dir='ltr'><strong>retur</strong></span> <span class='ocrx_word' id='word_1_667' title='bbox 1161 1677 1186 1703; x_wconf 95' lang='lat' dir='ltr'><strong>in</strong></span> <span class='ocrx_word' id='word_1_668' title='bbox 1203 1684 1321 1710; x_wconf 89' lang='lat' dir='ltr'><strong>carcere,</strong></span> <span class='ocrx_word' id='word_1_669' title='bbox 1338 1676 1458 1710; x_wconf 87' lang='lat' dir='ltr'><strong>quinque</strong></span> <span class='ocrx_word' id='word_1_670' title='bbox 1474 1677 1580 1711; x_wconf 88' lang='lat' dir='ltr'><strong>priores</strong></span> <span class='ocrx_word' id='word_1_671' title='bbox 1596 1676 1733 1711; x_wconf 74' lang='lat' dir='ltr'><strong>Apologetiti</strong></span> <span class='ocrx_word' id='word_1_672' title='bbox 1749 1675 1788 1700; x_wconf 76' lang='grc' dir='ltr'><strong>ίΙΙιΙΙΞ</strong></span> 
     </span>
    </p>
   </div>
   <div class='ocr_carea' id='block_1_95' title="bbox 1071 1721 1789 1756">
    <p class='ocr_par' dir='ltr' id='par_1_95' title="bbox 1071 1721 1789 1756">
     <span class='ocr_line' id='line_1_96' title="bbox 1071 1721 1789 1756; baseline -0.003 -8"><span class='ocrx_word' id='word_1_673' title='bbox 1071 1722 1162 1754; x_wconf 85' lang='lat' dir='ltr'><strong>libros,</strong></span> <span class='ocrx_word' id='word_1_674' title='bbox 1179 1725 1308 1756; x_wconf 66' lang='lat' dir='ltr'><strong>praesente</strong></span> <span class='ocrx_word' id='word_1_675' title='bbox 1321 1721 1403 1748; x_wconf 88' lang='lat' dir='ltr'><strong>etiam</strong></span> <span class='ocrx_word' id='word_1_676' title='bbox 1416 1721 1547 1755; x_wconf 86' lang='lat' dir='ltr'><strong>Eusebio,</strong></span> <span class='ocrx_word' id='word_1_677' title='bbox 1557 1722 1698 1748; x_wconf 80' lang='lat' dir='ltr'><strong>elaborasse</strong></span> <span class='ocrx_word' id='word_1_678' title='bbox 1708 1731 1714 1750; x_wconf 88' lang='lat'><strong>:</strong></span> <span class='ocrx_word' id='word_1_679' title='bbox 1726 1725 1789 1747; x_wconf 75' lang='lat' dir='ltr'><strong>serta</strong></span> 
     </span>
    </p>
   </div>
   <div class='ocr_carea' id='block_1_96' title="bbox 1071 1764 1790 1802">
    <p class='ocr_par' dir='ltr' id='par_1_96' title="bbox 1071 1764 1790 1802">
     <span class='ocr_line' id='line_1_97' title="bbox 1071 1764 1790 1802; baseline -0.007 -7"><span class='ocrx_word' id='word_1_680' title='bbox 1071 1774 1144 1800; x_wconf 84' lang='lat' dir='ltr'><strong>vero,</strong></span> <span class='ocrx_word' id='word_1_681' title='bbox 1161 1771 1220 1801; x_wconf 88' lang='lat' dir='ltr'><strong>post</strong></span> <span class='ocrx_word' id='word_1_682' title='bbox 1237 1766 1369 1802; x_wconf 89' lang='lat' dir='ltr'><strong>Pamphili</strong></span> <span class='ocrx_word' id='word_1_683' title='bbox 1386 1767 1551 1802; x_wconf 84' lang='lat' dir='ltr'><strong>martyrium</strong></span> <span class='ocrx_word' id='word_1_684' title='bbox 1564 1787 1572 1799; x_wconf 91' lang='lat'><strong>,</strong></span> <span class='ocrx_word' id='word_1_685' title='bbox 1589 1767 1667 1794; x_wconf 83' lang='lat' dir='ltr'><strong>fuisse</strong></span> <span class='ocrx_word' id='word_1_686' title='bbox 1680 1767 1707 1793; x_wconf 87' lang='lat' dir='ltr'><strong>ab</strong></span> <span class='ocrx_word' id='word_1_687' title='bbox 1719 1764 1790 1791; x_wconf 63' lang='lat' dir='ltr'><strong>Euseb»</strong></span> 
     </span>
    </p>
   </div>
   <div class='ocr_carea' id='block_1_97' title="bbox 1070 1810 1791 1848">
    <p class='ocr_par' dir='ltr' id='par_1_97' title="bbox 1070 1810 1791 1848">
     <span class='ocr_line' id='line_1_98' title="bbox 1070 1810 1791 1848; baseline -0.004 -9"><span class='ocrx_word' id='word_1_688' title='bbox 1070 1813 1231 1840; x_wconf 86' lang='lat' dir='ltr'><strong>absolutum.</strong></span> <span class='ocrx_word' id='word_1_689' title='bbox 1245 1810 1294 1839; x_wconf 79' lang='grc' dir='ltr'>Ὧν</span> <span class='ocrx_word' id='word_1_690' title='bbox 1310 1814 1334 1840; x_wconf 79' lang='lat' dir='ltr'><strong>oi</strong></span> <span class='ocrx_word' id='word_1_691' title='bbox 1350 1813 1399 1848; x_wconf 83' lang='grc' dir='ltr'><strong>μὲν</strong></span> <span class='ocrx_word' id='word_1_692' title='bbox 1426 1813 1507 1839; x_wconf 80' lang='grc' dir='ltr'>πέντε</span> <span class='ocrx_word' id='word_1_693' title='bbox 1532 1813 1662 1848; x_wconf 77' lang='grc' dir='ltr'><strong>Παμφίλῳ</strong></span> <span class='ocrx_word' id='word_1_694' title='bbox 1673 1813 1698 1839; x_wconf 67' lang='grc' dir='ltr'><strong>τὸ</strong></span> <span class='ocrx_word' id='word_1_695' title='bbox 1708 1811 1791 1845; x_wconf 57' lang='grc' dir='ltr'><strong>δεῖμα(-</strong></span> 
     </span>
    </p>
   </div>
   <div class='ocr_carea' id='block_1_98' title="bbox 1071 1856 1791 1894">
    <p class='ocr_par' dir='ltr' id='par_1_98' title="bbox 1071 1856 1791 1894">
     <span class='ocr_line' id='line_1_99' title="bbox 1071 1856 1791 1894; baseline -0.001 -9"><span class='ocrx_word' id='word_1_696' title='bbox 1071 1867 1126 1894; x_wconf 82' lang='grc' dir='ltr'>ριον</span> <span class='ocrx_word' id='word_1_697' title='bbox 1136 1858 1262 1890; x_wconf 69' lang='grc' dir='ltr'><strong>οἰκοῦντι,</strong></span> <span class='ocrx_word' id='word_1_698' title='bbox 1278 1859 1464 1894; x_wconf 81' lang='grc' dir='ltr'><strong>συμπαρόντος</strong></span> <span class='ocrx_word' id='word_1_699' title='bbox 1479 1860 1526 1885; x_wconf 71' lang='grc' dir='ltr'>καὶ</span> <span class='ocrx_word' id='word_1_700' title='bbox 1540 1859 1674 1889; x_wconf 68' lang='grc' dir='ltr'><strong>Εὐσεϐιου,</strong></span> <span class='ocrx_word' id='word_1_701' title='bbox 1684 1856 1791 1890; x_wconf 59' lang='lat' dir='ltr'><strong>siava-</strong></span> 
     </span>
    </p>
   </div>
   <div class='ocr_carea' id='block_1_99' title="bbox 1070 1903 1791 1940">
    <p class='ocr_par' dir='ltr' id='par_1_99' title="bbox 1070 1903 1791 1940">
     <span class='ocr_line' id='line_1_100' title="bbox 1070 1903 1791 1940; baseline -0.004 -9"><span class='ocrx_word' id='word_1_702' title='bbox 1070 1913 1117 1931; x_wconf 80' lang='grc' dir='ltr'><strong>σαν</strong></span> <span class='ocrx_word' id='word_1_703' title='bbox 1127 1913 1133 1919; x_wconf 90' lang='grc'><strong>·</strong></span> <span class='ocrx_word' id='word_1_704' title='bbox 1148 1905 1162 1931; x_wconf 82' lang='grc' dir='ltr'>ὁ</span> <span class='ocrx_word' id='word_1_705' title='bbox 1177 1905 1205 1931; x_wconf 80' lang='grc' dir='ltr'><strong>δὲ</strong></span> <span class='ocrx_word' id='word_1_706' title='bbox 1221 1905 1297 1937; x_wconf 76' lang='grc' dir='ltr'>ἕκτος</span> <span class='ocrx_word' id='word_1_707' title='bbox 1310 1925 1318 1937; x_wconf 89' lang='grc'><em>,</em></span> <span class='ocrx_word' id='word_1_708' title='bbox 1341 1905 1401 1931; x_wconf 70' lang='grc' dir='ltr'>ἐπεὶ</span> <span class='ocrx_word' id='word_1_709' title='bbox 1416 1906 1430 1931; x_wconf 86' lang='grc' dir='ltr'><strong><em>ὁ</em></strong></span> <span class='ocrx_word' id='word_1_710' title='bbox 1448 1905 1555 1940; x_wconf 77' lang='grc' dir='ltr'><strong>μάρτυς</strong></span> <span class='ocrx_word' id='word_1_711' title='bbox 1573 1905 1640 1939; x_wconf 69' lang='grc' dir='ltr'><strong>ξίφει</strong></span> <span class='ocrx_word' id='word_1_712' title='bbox 1653 1904 1692 1930; x_wconf 82' lang='grc' dir='ltr'><strong>τοῦ</strong></span> <span class='ocrx_word' id='word_1_713' title='bbox 1707 1903 1742 1938; x_wconf 61' lang='lat' dir='ltr'><strong>{ﬁt</strong></span> <span class='ocrx_word' id='word_1_714' title='bbox 1752 1903 1791 1928; x_wconf 62' lang='lat' dir='ltr'><strong>iat-</strong></span> 
     </span>
    </p>
   </div>
   <div class='ocr_carea' id='block_1_100' title="bbox 1068 1947 1791 1986">
    <p class='ocr_par' dir='ltr' id='par_1_100' title="bbox 1068 1947 1791 1986">
     <span class='ocr_line' id='line_1_101' title="bbox 1068 1947 1791 1986; baseline -0.001 -11"><span class='ocrx_word' id='word_1_715' title='bbox 1068 1949 1152 1984; x_wconf 78' lang='grc' dir='ltr'><strong>χθεὶς,</strong></span> <span class='ocrx_word' id='word_1_716' title='bbox 1168 1950 1279 1977; x_wconf 78' lang='grc' dir='ltr'>ἀνὲλυσε</span> <span class='ocrx_word' id='word_1_717' title='bbox 1295 1951 1362 1986; x_wconf 78' lang='grc' dir='ltr'>πρὸς</span> <span class='ocrx_word' id='word_1_718' title='bbox 1373 1950 1402 1976; x_wconf 82' lang='grc' dir='ltr'>ὃν</span> <span class='ocrx_word' id='word_1_719' title='bbox 1421 1950 1513 1977; x_wconf 71' lang='grc' dir='ltr'>ἐπόθει</span> <span class='ocrx_word' id='word_1_720' title='bbox 1534 1950 1610 1982; x_wconf 83' lang='grc' dir='ltr'><strong>Θεὸν,</strong></span> <span class='ocrx_word' id='word_1_721' title='bbox 1626 1949 1727 1983; x_wconf 73' lang='grc' dir='ltr'><strong>Εὐσεὸξῳ</strong></span> <span class='ocrx_word' id='word_1_722' title='bbox 1736 1947 1791 1973; x_wconf 53' lang='lat' dir='ltr'><strong>iam</strong></span> 
     </span>
    </p>
   </div>
   <div class='ocr_carea' id='block_1_101' title="bbox 1068 1992 1789 2032">
    <p class='ocr_par' dir='ltr' id='par_1_101' title="bbox 1068 1992 1789 2032">
     <span class='ocr_line' id='line_1_102' title="bbox 1068 1992 1789 2032; baseline -0.004 -11"><span class='ocrx_word' id='word_1_723' title='bbox 1068 1995 1253 2032; x_wconf 78' lang='grc' dir='ltr'><strong>ἀπαρτίζεται.</strong></span> <span class='ocrx_word' id='word_1_724' title='bbox 1271 1995 1332 2023; x_wconf 66' lang='lat' dir='ltr'><strong>Haec</strong></span> <span class='ocrx_word' id='word_1_725' title='bbox 1348 1996 1415 2023; x_wconf 83' lang='lat' dir='ltr'><strong>satis</strong></span> <span class='ocrx_word' id='word_1_726' title='bbox 1429 2003 1523 2022; x_wconf 88' lang='lat' dir='ltr'><strong>sunto.</strong></span> <span class='ocrx_word' id='word_1_727' title='bbox 1544 1995 1596 2028; x_wconf 88' lang='lat' dir='ltr'><strong>Qui</strong></span> <span class='ocrx_word' id='word_1_728' title='bbox 1611 2003 1670 2022; x_wconf 87' lang='lat' dir='ltr'><strong>vero</strong></span> <span class='ocrx_word' id='word_1_729' title='bbox 1691 1994 1748 2029; x_wconf 79' lang='lat' dir='ltr'><strong>plura</strong></span> <span class='ocrx_word' id='word_1_730' title='bbox 1761 1992 1789 2018; x_wconf 69' lang='lat' dir='ltr'><strong>but</strong></span> 
     </span>
    </p>
   </div>
   <div class='ocr_carea' id='block_1_102' title="bbox 1068 2039 1790 2076">
    <p class='ocr_par' dir='ltr' id='par_1_102' title="bbox 1068 2039 1790 2076">
     <span class='ocr_line' id='line_1_103' title="bbox 1068 2039 1790 2076; baseline -0.01 -8"><span class='ocrx_word' id='word_1_731' title='bbox 1068 2041 1101 2068; x_wconf 89' lang='lat' dir='ltr'><strong>de</strong></span> <span class='ocrx_word' id='word_1_732' title='bbox 1114 2048 1194 2076; x_wconf 89' lang='lat' dir='ltr'><strong>opere</strong></span> <span class='ocrx_word' id='word_1_733' title='bbox 1207 2042 1277 2069; x_wconf 80' lang='lat' dir='ltr'><strong>scire</strong></span> <span class='ocrx_word' id='word_1_734' title='bbox 1288 2042 1398 2074; x_wconf 85' lang='lat' dir='ltr'><strong>studet,</strong></span> <span class='ocrx_word' id='word_1_735' title='bbox 1421 2042 1571 2076; x_wconf 86' lang='lat' dir='ltr'><strong>scriptores</strong></span> <span class='ocrx_word' id='word_1_736' title='bbox 1593 2049 1625 2068; x_wconf 76' lang='lat' dir='ltr'><strong>ex</strong></span> <span class='ocrx_word' id='word_1_737' title='bbox 1652 2039 1790 2068; x_wconf 39' lang='lat' dir='ltr'><strong>recentioribus</strong></span> 
     </span>
    </p>
   </div>
   <div class='ocr_carea' id='block_1_103' title="bbox 1068 2086 1382 2114">
    <p class='ocr_par' dir='ltr' id='par_1_103' title="bbox 1068 2086 1382 2114">
     <span class='ocr_line' id='line_1_104' title="bbox 1068 2086 1382 2114; baseline 0.003 -2"><span class='ocrx_word' id='word_1_738' title='bbox 1068 2086 1149 2113; x_wconf 91' lang='lat' dir='ltr'><strong>modo</strong></span> <span class='ocrx_word' id='word_1_739' title='bbox 1161 2086 1283 2114; x_wconf 81' lang='lat' dir='ltr'><strong>laudatos</strong></span> <span class='ocrx_word' id='word_1_740' title='bbox 1293 2087 1382 2113; x_wconf 84' lang='lat' dir='ltr'><strong>adeat.</strong></span> 
     </span>
    </p>
   </div>
   <div class='ocr_carea' id='block_1_104' title="bbox 1102 2129 1789 2161">
    <p class='ocr_par' dir='ltr' id='par_1_104' title="bbox 1102 2129 1789 2161">
     <span class='ocr_line' id='line_1_105' title="bbox 1102 2129 1789 2161; baseline -0.003 -3"><span class='ocrx_word' id='word_1_741' title='bbox 1102 2131 1134 2158; x_wconf 88' lang='lat' dir='ltr'><strong>V.</strong></span> <span class='ocrx_word' id='word_1_742' title='bbox 1145 2132 1197 2159; x_wconf 80' lang='lat' dir='ltr'><strong>Sed</strong></span> <span class='ocrx_word' id='word_1_743' title='bbox 1208 2139 1290 2159; x_wconf 91' lang='lat' dir='ltr'><strong>unum</strong></span> <span class='ocrx_word' id='word_1_744' title='bbox 1299 2132 1386 2159; x_wconf 89' lang='lat' dir='ltr'><strong>adhuc</strong></span> <span class='ocrx_word' id='word_1_745' title='bbox 1395 2131 1529 2159; x_wconf 84' lang='lat' dir='ltr'><strong>hactenus</strong></span> <span class='ocrx_word' id='word_1_746' title='bbox 1538 2132 1619 2159; x_wconf 88' lang='lat' dir='ltr'><strong>dictis</strong></span> <span class='ocrx_word' id='word_1_747' title='bbox 1630 2129 1789 2161; x_wconf 52' lang='lat' dir='ltr'><strong>addidissujim“</strong></span> 
     </span>
    </p>
   </div>
   <div class='ocr_carea' id='block_1_105' title="bbox 1067 2173 1789 2211">
    <p class='ocr_par' dir='ltr' id='par_1_105' title="bbox 1067 2173 1789 2211">
     <span class='ocr_line' id='line_1_106' title="bbox 1067 2173 1789 2211; baseline -0.006 -8"><span class='ocrx_word' id='word_1_748' title='bbox 1067 2177 1102 2203; x_wconf 90' lang='lat' dir='ltr'><strong>rit</strong></span> <span class='ocrx_word' id='word_1_749' title='bbox 1116 2185 1123 2209; x_wconf 90' lang='lat'><strong>;</strong></span> <span class='ocrx_word' id='word_1_750' title='bbox 1140 2185 1195 2211; x_wconf 91' lang='lat' dir='ltr'><strong>quo</strong></span> <span class='ocrx_word' id='word_1_751' title='bbox 1210 2178 1338 2204; x_wconf 89' lang='lat' dir='ltr'><strong>nimirum</strong></span> <span class='ocrx_word' id='word_1_752' title='bbox 1354 2181 1468 2210; x_wconf 87' lang='lat' dir='ltr'><strong>constet,</strong></span> <span class='ocrx_word' id='word_1_753' title='bbox 1487 2182 1516 2204; x_wconf 92' lang='lat' dir='ltr'><strong>ut</strong></span> <span class='ocrx_word' id='word_1_754' title='bbox 1534 2178 1586 2204; x_wconf 83' lang='lat' dir='ltr'><strong>viri</strong></span> <span class='ocrx_word' id='word_1_755' title='bbox 1600 2175 1729 2204; x_wconf 76' lang='lat' dir='ltr'><strong>doctissimi</strong></span> <span class='ocrx_word' id='word_1_756' title='bbox 1737 2173 1789 2200; x_wconf 66' lang='lat' dir='ltr'><strong>terius</strong></span> 
     </span>
    </p>
   </div>
   <div class='ocr_carea' id='block_1_106' title="bbox 1068 2219 1788 2258">
    <p class='ocr_par' dir='ltr' id='par_1_106' title="bbox 1068 2219 1788 2258">
     <span class='ocr_line' id='line_1_107' title="bbox 1068 2219 1788 2258; baseline -0.003 -10"><span class='ocrx_word' id='word_1_757' title='bbox 1068 2227 1129 2248; x_wconf 87' lang='lat' dir='ltr'><strong>utar</strong></span> <span class='ocrx_word' id='word_1_758' title='bbox 1147 2223 1216 2257; x_wconf 73' lang='lat'><strong>(2&#39;5),</strong></span> <span class='ocrx_word' id='word_1_759' title='bbox 1235 2227 1359 2250; x_wconf 82' lang='lat' dir='ltr'><strong>sanctum</strong></span> <span class='ocrx_word' id='word_1_760' title='bbox 1372 2228 1519 2258; x_wconf 85' lang='lat' dir='ltr'><strong>martyrem</strong></span> <span class='ocrx_word' id='word_1_761' title='bbox 1533 2223 1561 2250; x_wconf 89' lang='lat' dir='ltr'><strong>in</strong></span> <span class='ocrx_word' id='word_1_762' title='bbox 1580 2222 1691 2257; x_wconf 64' lang='lat' dir='ltr'><strong>Origenis</strong></span> <span class='ocrx_word' id='word_1_763' title='bbox 1707 2219 1788 2253; x_wconf 49' lang='lat' dir='ltr'><strong>Apolage</strong></span> 
     </span>
    </p>
   </div>
   <div class='ocr_carea' id='block_1_107' title="bbox 1067 2266 1789 2303">
    <p class='ocr_par' dir='ltr' id='par_1_107' title="bbox 1067 2266 1789 2303">
     <span class='ocr_line' id='line_1_108' title="bbox 1067 2266 1789 2303; baseline -0.006 -9"><span class='ocrx_word' id='word_1_764' title='bbox 1067 2269 1116 2294; x_wconf 86' lang='lat' dir='ltr'><strong>tico</strong></span> <span class='ocrx_word' id='word_1_765' title='bbox 1130 2269 1285 2295; x_wconf 85' lang='lat' dir='ltr'><strong>adornanth</strong></span> <span class='ocrx_word' id='word_1_766' title='bbox 1297 2269 1456 2303; x_wconf 74' lang='lat' dir='ltr'><strong>przeclarum</strong></span> <span class='ocrx_word' id='word_1_767' title='bbox 1471 2269 1566 2295; x_wconf 69' lang='lat' dir='ltr'><strong>suteiu</strong></span> <span class='ocrx_word' id='word_1_768' title='bbox 1585 2268 1710 2295; x_wconf 87' lang='lat' dir='ltr'><strong>Christum</strong></span> <span class='ocrx_word' id='word_1_769' title='bbox 1723 2266 1789 2300; x_wconf 70' lang='lat' dir='ltr'><strong>pietatis</strong></span> 
     </span>
    </p>
   </div>
   <div class='ocr_carea' id='block_1_108' title="bbox 1066 2311 1788 2347">
    <p class='ocr_par' dir='ltr' id='par_1_108' title="bbox 1066 2311 1788 2347">
     <span class='ocr_line' id='line_1_109' title="bbox 1066 2311 1788 2347; baseline -0.003 -8"><span class='ocrx_word' id='word_1_770' title='bbox 1066 2319 1271 2340; x_wconf 85' lang='lat' dir='ltr'><strong>monumentum</strong></span> <span class='ocrx_word' id='word_1_771' title='bbox 1299 2313 1450 2347; x_wconf 84' lang='lat' dir='ltr'><strong>reliquisse.</strong></span> <span class='ocrx_word' id='word_1_772' title='bbox 1471 2313 1541 2340; x_wconf 89' lang='lat' dir='ltr'><strong>Dum</strong></span> <span class='ocrx_word' id='word_1_773' title='bbox 1564 2314 1634 2340; x_wconf 88' lang='lat' dir='ltr'><strong>enim</strong></span> <span class='ocrx_word' id='word_1_774' title='bbox 1650 2313 1688 2339; x_wconf 87' lang='lat' dir='ltr'><strong>ille</strong></span> <span class='ocrx_word' id='word_1_775' title='bbox 1698 2312 1718 2337; x_wconf 92' lang='lat' dir='ltr'><strong>in</strong></span> <span class='ocrx_word' id='word_1_776' title='bbox 1731 2311 1748 2336; x_wconf 87' lang='lat' dir='ltr'><strong>id</strong></span> <span class='ocrx_word' id='word_1_777' title='bbox 1762 2316 1788 2341; x_wconf 53' lang='grc' dir='ltr'><strong>μμ</strong></span> 
     </span>
    </p>
   </div>
   <div class='ocr_carea' id='block_1_109' title="bbox 1067 2357 1787 2390">
    <p class='ocr_par' dir='ltr' id='par_1_109' title="bbox 1067 2357 1787 2390">
     <span class='ocr_line' id='line_1_110' title="bbox 1067 2357 1787 2390; baseline -0.004 -5"><span class='ocrx_word' id='word_1_778' title='bbox 1067 2358 1201 2386; x_wconf 86' lang='lat' dir='ltr'><strong>lissimum</strong></span> <span class='ocrx_word' id='word_1_779' title='bbox 1222 2359 1362 2390; x_wconf 83' lang='lat' dir='ltr'><strong>incumbit,</strong></span> <span class='ocrx_word' id='word_1_780' title='bbox 1376 2364 1404 2385; x_wconf 89' lang='lat' dir='ltr'><strong>ut</strong></span> <span class='ocrx_word' id='word_1_781' title='bbox 1416 2359 1450 2386; x_wconf 86' lang='lat' dir='ltr'><strong>ab</strong></span> <span class='ocrx_word' id='word_1_782' title='bbox 1462 2359 1561 2386; x_wconf 64' lang='lat' dir='ltr'><strong>hwresi</strong></span> <span class='ocrx_word' id='word_1_783' title='bbox 1577 2359 1672 2385; x_wconf 79' lang='lat' dir='ltr'><strong>Atiaua</strong></span> <span class='ocrx_word' id='word_1_784' title='bbox 1690 2357 1787 2384; x_wconf 61' lang='lat' dir='ltr'><strong>immanem</strong></span> 
     </span>
    </p>
   </div>
   <div class='ocr_carea' id='block_1_110' title="bbox 1065 2403 1788 2439">
    <p class='ocr_par' dir='ltr' id='par_1_110' title="bbox 1065 2403 1788 2439">
     <span class='ocr_line' id='line_1_111' title="bbox 1065 2403 1788 2439; baseline -0.001 -9"><span class='ocrx_word' id='word_1_785' title='bbox 1065 2405 1231 2431; x_wconf 85' lang='lat' dir='ltr'><strong>demonstret</strong></span> <span class='ocrx_word' id='word_1_786' title='bbox 1247 2403 1389 2438; x_wconf 66' lang='lat' dir='ltr'><strong>Origene-tn</strong></span> <span class='ocrx_word' id='word_1_787' title='bbox 1403 2425 1410 2436; x_wconf 88' lang='lat'><strong>,</strong></span> <span class='ocrx_word' id='word_1_788' title='bbox 1434 2410 1516 2439; x_wconf 84' lang='lat' dir='ltr'><strong>atque</strong></span> <span class='ocrx_word' id='word_1_789' title='bbox 1534 2405 1627 2431; x_wconf 82' lang='lat' dir='ltr'><strong>animo</strong></span> <span class='ocrx_word' id='word_1_790' title='bbox 1650 2405 1681 2430; x_wconf 89' lang='lat' dir='ltr'><strong>ita</strong></span> <span class='ocrx_word' id='word_1_791' title='bbox 1696 2406 1788 2435; x_wconf 57' lang='lat' dir='ltr'><strong>conpl-&#39;1&#39;</strong></span> 
     </span>
    </p>
   </div>
   <div class='ocr_carea' id='block_1_111' title="bbox 1066 2445 1787 2484">
    <p class='ocr_par' dir='ltr' id='par_1_111' title="bbox 1066 2445 1787 2484">
     <span class='ocr_line' id='line_1_112' title="bbox 1066 2445 1787 2484; baseline -0.004 -8"><span class='ocrx_word' id='word_1_792' title='bbox 1066 2454 1117 2482; x_wconf 88' lang='lat' dir='ltr'><strong>tus,</strong></span> <span class='ocrx_word' id='word_1_793' title='bbox 1133 2450 1263 2484; x_wconf 86' lang='lat' dir='ltr'><strong>quidquid</strong></span> <span class='ocrx_word' id='word_1_794' title='bbox 1279 2451 1382 2484; x_wconf 82' lang='lat' dir='ltr'><strong>uspiam</strong></span> <span class='ocrx_word' id='word_1_795' title='bbox 1396 2451 1429 2477; x_wconf 74' lang='lat' dir='ltr'><strong>de.</strong></span> <span class='ocrx_word' id='word_1_796' title='bbox 1447 2450 1517 2478; x_wconf 87' lang='lat' dir='ltr'><strong>Filio</strong></span> <span class='ocrx_word' id='word_1_797' title='bbox 1536 2451 1584 2478; x_wconf 82' lang='lat' dir='ltr'><strong>Dei</strong></span> <span class='ocrx_word' id='word_1_798' title='bbox 1599 2448 1747 2477; x_wconf 77' lang='lat' dir='ltr'><strong>Adamantius</strong></span> <span class='ocrx_word' id='word_1_799' title='bbox 1764 2445 1787 2470; x_wconf 76' lang='grc'><strong>111·</strong></span> 
     </span>
    </p>
   </div>
   <div class='ocr_carea' id='block_1_112' title="bbox 1100 2526 1787 2590">
    <p class='ocr_par' dir='ltr' id='par_1_112' title="bbox 1100 2526 1787 2590">
     <span class='ocr_line' id='line_1_113' title="bbox 1100 2526 1787 2590; baseline 0 -36"><span class='ocrx_word' id='word_1_800' title='bbox 1100 2528 1168 2589; x_wconf 72' lang='grc'><strong>(17)1</strong></span> <span class='ocrx_word' id='word_1_801' title='bbox 1176 2528 1280 2590; x_wconf 49' lang='lat' dir='ltr'><strong>Olg&#39;gen.</strong></span> <span class='ocrx_word' id='word_1_802' title='bbox 1294 2528 1359 2563; x_wconf 87' lang='lat' dir='ltr'><strong>Opp.</strong></span> <span class='ocrx_word' id='word_1_803' title='bbox 1375 2534 1440 2555; x_wconf 90' lang='lat' dir='ltr'><strong>tom.</strong></span> <span class='ocrx_word' id='word_1_804' title='bbox 1454 2528 1497 2562; x_wconf 73' lang='grc' dir='ltr'><strong>ιν,</strong></span> <span class='ocrx_word' id='word_1_805' title='bbox 1514 2530 1542 2555; x_wconf 88' lang='lat' dir='ltr'><strong>in</strong></span> <span class='ocrx_word' id='word_1_806' title='bbox 1554 2529 1661 2555; x_wconf 81' lang='lat' dir='ltr'><strong>admou.</strong></span> <span class='ocrx_word' id='word_1_807' title='bbox 1671 2526 1699 2553; x_wconf 86' lang='lat' dir='ltr'><strong>ad</strong></span> <span class='ocrx_word' id='word_1_808' title='bbox 1711 2526 1787 2559; x_wconf 63' lang='grc' dir='ltr'><strong>Αροὶάλη</strong></span> 
     </span>
     <span class='ocr_line' id='line_1_114' title="bbox 1100 2571 1231 2590; baseline -0.008 0"><span class='ocrx_word' id='word_1_809' title='bbox 1100 2571 1141 2590; x_wconf 65' lang='lat' dir='ltr'><strong>se.</strong></span> <span class='ocrx_word' id='word_1_810' title='bbox 1174 2578 1186 2582; x_wconf 95' lang='lat'><em>-</em></span> <span class='ocrx_word' id='word_1_811' title='bbox 1224 2582 1231 2589; x_wconf 94' lang='lat'><strong>.</strong></span> 
     </span>
    </p>
   </div>
   <div class='ocr_carea' id='block_1_113' title="bbox 1083 2571 1231 2597">
    <p class='ocr_par' dir='ltr' id='par_1_113' title="bbox 1083 2571 1231 2597">
     <span class='ocr_line' id='line_1_115' title="bbox 1083 2571 1231 2597; baseline -0.007 -7"><span class='ocrx_word' id='word_1_812' title='bbox 1083 2571 1141 2597; x_wconf 71' lang='lat' dir='ltr'><strong>agg.</strong></span> <span class='ocrx_word' id='word_1_813' title='bbox 1157 2571 1231 2590; x_wconf 76' lang='lat' dir='ltr'><strong>t-to.</strong></span> 
     </span>
    </p>
   </div>
   <div class='ocr_carea' id='block_1_114' title="bbox 1064 2571 1583 2633">
    <p class='ocr_par' dir='ltr' id='par_1_114' title="bbox 1064 2571 1583 2633">
     <span class='ocr_line' id='line_1_116' title="bbox 1064 2571 1231 2598; baseline -0.006 -8"><span class='ocrx_word' id='word_1_814' title='bbox 1064 2571 1141 2598; x_wconf 71' lang='lat' dir='ltr'><strong>pagg.</strong></span> <span class='ocrx_word' id='word_1_815' title='bbox 1157 2571 1231 2590; x_wconf 76' lang='lat' dir='ltr'><strong>t-to.</strong></span> 
     </span>
     <span class='ocr_line' id='line_1_117' title="bbox 1099 2598 1583 2633; baseline 0.004 -10"><span class='ocrx_word' id='word_1_816' title='bbox 1099 2598 1154 2632; x_wconf 73' lang='lat' dir='ltr'><strong>(l8)</strong></span> <span class='ocrx_word' id='word_1_817' title='bbox 1172 2598 1241 2633; x_wconf 72' lang='lat' dir='ltr'><strong>(list.</strong></span> <span class='ocrx_word' id='word_1_818' title='bbox 1253 2599 1316 2624; x_wconf 72' lang='grc' dir='ltr'><strong>ατί.</strong></span> <span class='ocrx_word' id='word_1_819' title='bbox 1329 2598 1374 2625; x_wconf 90' lang='lat' dir='ltr'><strong>lib.</strong></span> <span class='ocrx_word' id='word_1_820' title='bbox 1393 2606 1418 2624; x_wconf 80' lang='lat' dir='ltr'><strong>vr</strong></span> <span class='ocrx_word' id='word_1_821' title='bbox 1431 2618 1439 2630; x_wconf 95' lang='lat'><strong>,</strong></span> <span class='ocrx_word' id='word_1_822' title='bbox 1457 2607 1518 2633; x_wconf 71' lang='lat' dir='ltr'><strong>cap.</strong></span> <span class='ocrx_word' id='word_1_823' title='bbox 1538 2599 1583 2625; x_wconf 78' lang='grc'><strong>53.</strong></span> 
     </span>
    </p>
   </div>
   <div class='ocr_carea' id='block_1_115' title="bbox 1099 2632 1534 2668">
    <p class='ocr_par' dir='ltr' id='par_1_115' title="bbox 1099 2632 1534 2668">
     <span class='ocr_line' id='line_1_118' title="bbox 1099 2632 1534 2668; baseline 0.007 -10"><span class='ocrx_word' id='word_1_824' title='bbox 1099 2633 1152 2667; x_wconf 79' lang='lat' dir='ltr'><strong>(l9)</strong></span> <span class='ocrx_word' id='word_1_825' title='bbox 1167 2632 1205 2659; x_wconf 80' lang='lat' dir='ltr'><strong>De</strong></span> <span class='ocrx_word' id='word_1_826' title='bbox 1222 2633 1268 2659; x_wconf 78' lang='lat' dir='ltr'><strong>vir.</strong></span> <span class='ocrx_word' id='word_1_827' title='bbox 1284 2633 1380 2659; x_wconf 79' lang='lat' dir='ltr'><strong>illustr.</strong></span> <span class='ocrx_word' id='word_1_828' title='bbox 1396 2652 1403 2664; x_wconf 86' lang='lat'><strong>,</strong></span> <span class='ocrx_word' id='word_1_829' title='bbox 1416 2642 1476 2668; x_wconf 87' lang='lat' dir='ltr'><strong>cap.</strong></span> <span class='ocrx_word' id='word_1_830' title='bbox 1491 2634 1534 2661; x_wconf 75' lang='lat'><strong>75.</strong></span> 
     </span>
    </p>
   </div>
   <div class='ocr_carea' id='block_1_116' title="bbox 1099 2667 1570 2702">
    <p class='ocr_par' dir='ltr' id='par_1_116' title="bbox 1099 2667 1570 2702">
     <span class='ocr_line' id='line_1_119' title="bbox 1099 2667 1570 2702; baseline 0.002 -8"><span class='ocrx_word' id='word_1_831' title='bbox 1099 2667 1155 2702; x_wconf 70' lang='lat'><strong>(‘20)</strong></span> <span class='ocrx_word' id='word_1_832' title='bbox 1170 2667 1241 2695; x_wconf 79' lang='lat' dir='ltr'><strong>llist.</strong></span> <span class='ocrx_word' id='word_1_833' title='bbox 1257 2667 1320 2694; x_wconf 73' lang='grc' dir='ltr'><strong>εισι.</strong></span> <span class='ocrx_word' id='word_1_834' title='bbox 1338 2669 1385 2694; x_wconf 84' lang='lat' dir='ltr'><strong>lib.</strong></span> <span class='ocrx_word' id='word_1_835' title='bbox 1400 2676 1430 2694; x_wconf 88' lang='grc' dir='ltr'><strong>ιιι</strong></span> <span class='ocrx_word' id='word_1_836' title='bbox 1441 2667 1525 2702; x_wconf 54' lang='lat' dir='ltr'><strong>,tap.</strong></span> <span class='ocrx_word' id='word_1_837' title='bbox 1544 2669 1570 2695; x_wconf 84' lang='grc' dir='ltr'><strong>ἳ.</strong></span> 
     </span>
    </p>
   </div>
   <div class='ocr_carea' id='block_1_117' title="bbox 1098 2702 1564 2736">
    <p class='ocr_par' dir='ltr' id='par_1_117' title="bbox 1098 2702 1564 2736">
     <span class='ocr_line' id='line_1_120' title="bbox 1098 2702 1564 2736; baseline 0.002 -8"><span class='ocrx_word' id='word_1_838' title='bbox 1098 2703 1153 2736; x_wconf 59' lang='lat' dir='ltr'><strong>(il)</strong></span> <span class='ocrx_word' id='word_1_839' title='bbox 1170 2702 1241 2729; x_wconf 62' lang='lat' dir='ltr'><strong>llisl.</strong></span> <span class='ocrx_word' id='word_1_840' title='bbox 1257 2702 1319 2728; x_wconf 83' lang='lat' dir='ltr'><strong>eccl.</strong></span> <span class='ocrx_word' id='word_1_841' title='bbox 1335 2703 1380 2729; x_wconf 88' lang='lat' dir='ltr'><strong>lib.</strong></span> <span class='ocrx_word' id='word_1_842' title='bbox 1394 2711 1409 2728; x_wconf 81' lang='lat' dir='ltr'><strong>x</strong></span> <span class='ocrx_word' id='word_1_843' title='bbox 1421 2722 1428 2733; x_wconf 85' lang='lat'><strong>,</strong></span> <span class='ocrx_word' id='word_1_844' title='bbox 1442 2711 1501 2736; x_wconf 87' lang='lat' dir='ltr'><strong>cap.</strong></span> <span class='ocrx_word' id='word_1_845' title='bbox 1520 2704 1564 2730; x_wconf 75' lang='grc' dir='ltr'><strong>Μ.</strong></span> 
     </span>
    </p>
   </div>
   <div class='ocr_carea' id='block_1_118' title="bbox 1098 2737 1777 2772">
    <p class='ocr_par' dir='ltr' id='par_1_118' title="bbox 1098 2737 1777 2772">
     <span class='ocr_line' id='line_1_121' title="bbox 1098 2737 1777 2772; baseline 0.003 -9"><span class='ocrx_word' id='word_1_846' title='bbox 1098 2737 1154 2770; x_wconf 73' lang='lat'><strong>(‘22)</strong></span> <span class='ocrx_word' id='word_1_847' title='bbox 1166 2737 1236 2772; x_wconf 71' lang='lat' dir='ltr'><strong>Bibl.</strong></span> <span class='ocrx_word' id='word_1_848' title='bbox 1250 2738 1309 2764; x_wconf 87' lang='lat' dir='ltr'><strong>cod.</strong></span> <span class='ocrx_word' id='word_1_849' title='bbox 1326 2746 1406 2764; x_wconf 77' lang='lat' dir='ltr'><strong>cxvut</strong></span> <span class='ocrx_word' id='word_1_850' title='bbox 1421 2758 1429 2770; x_wconf 84' lang='lat'><strong>,</strong></span> <span class='ocrx_word' id='word_1_851' title='bbox 1446 2747 1506 2772; x_wconf 71' lang='lat' dir='ltr'><strong>pag.</strong></span> <span class='ocrx_word' id='word_1_852' title='bbox 1525 2738 1590 2765; x_wconf 75' lang='lat'><strong>‘295.</strong></span> <span class='ocrx_word' id='word_1_853' title='bbox 1717 2768 1737 2772; x_wconf 30' lang='grc' dir='ltr'><strong>Α,</strong></span> <span class='ocrx_word' id='word_1_854' title='bbox 1756 2764 1777 2772; x_wconf 72' lang='grc'><strong>,,</strong></span> 
     </span>
    </p>
   </div>
   <div class='ocr_carea' id='block_1_119' title="bbox 1098 2765 1786 2819">
    <p class='ocr_par' dir='ltr' id='par_1_119' title="bbox 1098 2765 1786 2819">
     <span class='ocr_line' id='line_1_122' title="bbox 1098 2765 1786 2819; baseline 0 -21"><span class='ocrx_word' id='word_1_855' title='bbox 1098 2765 1294 2819; x_wconf 38' lang='grc' dir='ltr'><strong>(ξῖιὶρλξίαηιηη</strong></span> <span class='ocrx_word' id='word_1_856' title='bbox 1311 2773 1346 2799; x_wconf 84' lang='lat' dir='ltr'><strong>De</strong></span> <span class='ocrx_word' id='word_1_857' title='bbox 1357 2765 1526 2800; x_wconf 60' lang='lat' dir='ltr'><strong>diviiifJit.</strong></span> <span class='ocrx_word' id='word_1_858' title='bbox 1547 2774 1593 2802; x_wconf 89' lang='lat' dir='ltr'><strong>lib.</strong></span> <span class='ocrx_word' id='word_1_859' title='bbox 1612 2781 1646 2804; x_wconf 72' lang='lat' dir='ltr'><strong>IV,</strong></span> <span class='ocrx_word' id='word_1_860' title='bbox 1660 2765 1786 2805; x_wconf 58' lang='lat' dir='ltr'><strong>canem</strong></span> 
     </span>
    </p>
   </div>
   <div class='ocr_carea' id='block_1_120' title="bbox 1064 2807 1667 2841">
    <p class='ocr_par' dir='ltr' id='par_1_120' title="bbox 1064 2807 1667 2841">
     <span class='ocr_line' id='line_1_123' title="bbox 1064 2807 1667 2841; baseline 0.002 -10"><span class='ocrx_word' id='word_1_861' title='bbox 1064 2815 1122 2841; x_wconf 66' lang='lat' dir='ltr'><strong>pag.</strong></span> <span class='ocrx_word' id='word_1_862' title='bbox 1141 2807 1200 2833; x_wconf 69' lang='lat' dir='ltr'><strong>5M.</strong></span> <span class='ocrx_word' id='word_1_863' title='bbox 1661 2824 1667 2832; x_wconf 95' lang='lat'><strong>.</strong></span> 
     </span>
    </p>
   </div>
  </div>
