1865 3042
31 128 92 157 553

786 132 886 161 ACTA.

1576 137 1584 162 l
1591 137 1640 164 55ιό

29 188 214 218 ulentissimc
240 190 342 224 docuit,
358 192 469 220 sedulus
483 191 594 227 colligit,
615 191 733 226 illudque
749 191 808 226 ejus
823 194 845 222 Α
859 199 888 219 se
901 191 980 219 laesos
990 197 1082 227 putant
1095 193 1131 220 ab
1144 200 1177 220 eo
1191 193 1236 228 qui
1256 193 1289 220 de
1312 193 1425 228 Origene
1457 203 1510 222 non
1538 197 1642 232 aliquid

30 232 254 264 htrectatoribus
270 238 383 272 objicit;
401 238 465 272 quid
490 238 547 272 ipse
571 245 679 272 quoque
702 237 735 264 de
757 237 807 263 hoc

29 279 164 314 raecipuo
180 282 320 310 catholicze
341 283 461 310 veritatis
474 283 561 318 capite
576 283 708 315 sentiret,
730 282 807 317 plane

27 331 194 360 ompertum
210 327 282 356 fecit.

49 368 155 405 Neque
175 373 227 399 ulla
246 374 365 406 demum,
381 374 467 409 pergit
483 374 524 401 vir
538 374 572 401 cl.
585 395 592 407 ,
616 374 735 408 legitima
761 382 807 402 su—

27 415 109 448 picio
122 418 210 445 estde
234 419 284 445 (ide
302 418 402 452 Ruﬁni,
416 420 461 454 qui
479 420 550 446 hunc
563 419 755 454 Apologeticum
779 419 806 446 in

27 462 153 489 .atinum
166 464 312 490 transtulit.
331 464 469 498 Siquidem
481 464 627 498 quominus
643 464 670 490 in
682 471 713 491 eo
726 471 807 498 opere

26 508 130 536 .atinis
149 509 244 537 litteris
269 510 405 537 reddendo
427 510 453 537 id
474 510 605 545 interpres
629 510 808 537 committeret

30 554 91 580 uod
107 554 136 581 in
153 556 214 583 aliis
225 556 356 590 ejusmodi
373 556 609 584 lucubrationibus
629 557 680 584 sibi
698 556 807 584 licuisse

29 598 202 632 sistimavit,
217 600 352 628 deterrere
367 606 438 629 certe
451 601 539 637 ipsum
561 601 653 628 debuit
673 605 761 628 metus
773 601 807 628 ab

26 644 151 679 trigenis
164 645 327 674 adversariis
345 647 470 682 injectus,
483 647 583 683 quibus
594 647 762 674 stomachum
776 655 806 674 se

26 694 161 718 lcturum
173 691 291 724 videbat.
318 693 442 728 quamvis
457 701 510 720 non
528 701 607 720 suum
624 713 632 726 ,
658 692 704 720 sed
720 692 806 719 sancti

25 737 157 771 'amphili
181 737 214 764 de
240 737 354 773 Origene
367 738 498 773 judicium
535 739 667 774 proterret
683 747 688 765 :
705 743 806 772 quanto

26 781 109 816 uagis
126 781 151 809 si
165 783 229 816 quid
244 783 302 817 ipsc
319 783 489 818 inseruisset,
503 786 574 819 quod
592 792 679 819 neque
703 785 736 812 ab
747 784 806 811 Ori-

27 834 86 854 ene
97 827 233 862 scriptum
247 849 254 861 ,
269 837 359 864 neque
376 838 391 857 a
407 834 500 858 sancto
520 830 662 865 Pamphilo
679 831 803 863 relatum,

26 874 108 901 vinci
124 874 270 910 aliquando
285 877 437 910 potuisset?

47 919 137 952 Quod
156 920 264 955 quidem
275 929 305 948 ex
325 922 402 948 initio
418 921 584 956 prtefationis
599 921 746 948 Rutiuianae
770 921 802 947 li-

28 965 103 992 uido
118 970 237 993 constat.
258 965 303 994 Sic
325 967 396 994 enim
417 968 549 1002 interpres
573 966 719 994 Macarium
737 967 803 994 allo-

28 1015 102 1039 utus
119 1021 127 1039 :
143 1022 152 1038 ε
170 1012 291 1048 lnjungis
303 1013 371 1040 mihi
385 1021 458 1047 rem,
480 1013 577 1048 inquit,
593 1021 652 1049 quae
666 1013 713 1040 tibi
728 1014 803 1049 agni-

24 1065 46 1084 I‘.
62 1057 194 1085 veritatis
207 1059 320 1093 gratiam
338 1058 460 1086 conferat
477 1067 483 1085 :
502 1060 568 1086 mihi
581 1064 670 1086 tamen
681 1067 733 1086 non
752 1060 801 1086 du—

23 1102 74 1130 -ito
92 1102 163 1138 quin
177 1103 306 1130 otl'ensam
323 1104 467 1131 maximam
481 1109 618 1139 comparet
634 1111 726 1131 eorum
754 1103 799 1139 qui

859 238 928 264 male
941 239 1065 265 senserit.
1084 238 1115 265 Et
1129 239 1252 273 quamvis
1269 247 1321 266 non
1335 247 1422 266 meam
1439 241 1472 267 de
1486 250 1519 268 eo
1531 247 1639 270 senten—

857 284 931 315 tiam,
948 283 992 311 sed
1006 285 1090 311 sancti
1107 285 1232 320 martyris
1254 285 1383 319 Pamphili
1410 287 1562 314 sciscitatus
1578 289 1617 315 sis
1630 309 1639 322 ,

857 333 884 355 et
901 329 997 356 librum
1014 329 1084 364 ejus,
1101 338 1180 365 quem
1197 338 1246 365 pro
1271 330 1388 366 Origene
1410 332 1436 358 in
1453 332 1546 360 Grreco
1570 335 1639 361 scri-

856 374 942 409 psisse
958 375 1072 402 traditur
1084 397 1091 409 ,
1115 377 1255 404 transferri
1279 378 1325 404 tibi
1342 380 1500 412 poposceris
1522 380 1549 406 in
1564 380 1638 407 Lati-

857 427 940 452 num;
955 424 1044 447 tatnen
1059 427 1111 447 non
1130 420 1224 447 dubito
1239 421 1354 456 futuros,
1368 423 1413 457 qui
1428 429 1453 450 et
1467 424 1493 449 in
1509 431 1541 450 eo
1559 424 1641 452 laesos

856 472 886 492 se
897 470 1000 500 putent,
1014 466 1035 492 si
1051 474 1101 494 nos
1114 466 1214 501 aliquid
1234 474 1282 502 pro
1297 475 1329 494 eo
1343 468 1386 495 vel
1399 468 1487 496 alieno
1513 477 1637 496 sermone

856 510 989 537 dicamus.
1011 519 1020 536 ι
1035 509 1121 537 Tanta
1138 518 1219 545 porro
1233 512 1324 538 cautio
1335 531 1342 543 ,
1359 515 1388 538 ut
1399 519 1460 538 cum
1483 512 1542 538 viro
1558 512 1637 538 docto

856 556 1062 589 concludamus,
1076 556 1167 584 nimia:
1178 556 1294 584 licentia:
1307 557 1491 591 suspicionem
1516 565 1570 584 non
1587 565 1637 592 pa-

856 602 930 634 titur,
942 609 991 630 nec
1004 602 1093 629 Ruﬁni
1107 610 1205 629 nomen
1229 602 1262 629 de
1278 602 1494 630 testimoniorum
1518 603 1637 638 pondere

855 648 956 683 aliquid
976 647 1118 675 detrahere
1131 648 1194 682 jure
1207 648 1296 676 debet.
1309 647 1374 674 Illud
1392 656 1500 683 quoque
1520 648 1634 679 accedit,

855 695 927 729 quod
943 702 976 720 ex
991 693 1095 721 laciniis
1111 693 1210 720 Gratcis
1221 693 1401 728 Origeniauis,
1415 694 1471 721 suis
1482 694 1636 728 quibusque

855 740 923 767 locis
937 739 1058 771 intextis,
1077 739 1111 766 de
1122 739 1233 773 reliquis
1247 739 1328 766 etiam
1347 739 1391 766 ubi
1407 747 1466 766 esse
1478 740 1584 770 desunt,
1598 739 1637 766 in—

857 785 982 819 terpretis
996 784 1061 811 [ich
1088 784 1208 811 fulcitur.
1235 785 1366 812 Caeterum
1395 793 1523 820 nuperam
1555 786 1636 820 hujus

858 831 1015 866 Apologetici
1030 831 1096 858 satis
1111 831 1275 858 luculentam
1290 832 1435 859 editionem
1454 831 1634 859 Parisiensem

820 867 841 896 Β
855 877 926 912 typis
939 877 1140 912 exprimendam
1156 878 1321 906 curavimus.

891 922 938 949 His
951 930 1032 957 porro
1046 922 1076 950 Β.
1088 922 1221 958 Pamphili
1245 924 1371 958 operibus
1387 945 1393 956 ,
1422 924 1488 950 Acta
1503 923 1636 958 passionis

854 967 976 1002 ejusdem
993 967 1141 1001 adjecimus
1153 987 1161 1000 ,
1178 976 1211 994 ex
1226 968 1302 995 libris
1329 968 1436 995 Eusebii
1461 968 1636 995 Caesariensis

854 1014 1006 1048 desumpta,
1022 1022 1082 1048 quae
1095 1015 1269 1042 doctissimus
1282 1015 1566 1050 Papebrocltiusjuxta
1581 1023 1634 1043 me.

853 1058 1000 1087 Mcdiceum
1013 1059 1084 1094 regis
1104 1059 1329 1088 Christianissimi
1343 1060 1476 1095 evulgavit
1492 1059 1559 1096 (2t).

283 1309 471 1364 ACTA
515 1308 884 1365 PASSIONIS
928 1308 985 1366 S.
1035 1309 1373 1365 PAMPHILI

678 1427 982 1471 MARTYRIS

39 1525 101 1556 Ea:
132 1524 222 1556 libris
237 1525 364 1556 Eusebii
381 1524 579 1556 Cwsariensis
592 1524 628 1555 de
643 1522 730 1554 illius
746 1523 826 1559 Vita,
838 1523 938 1563 juxta
952 1532 1007 1554 ms.
1031 1522 1201 1553 Mediceum
1229 1523 1311 1561 regis
1337 1521 1605 1556 Christianisst'mt'.

801 1617 837 1624 -ι

1086 1604 1091 1618 ν

712 1682 809 1713 PARS
829 1681 951 1714 PRIOR

142 1762 267 1791 Omnium
279 1763 416 1791 duodecim
433 1763 478 1799 qui
505 1771 563 1790 cum
587 1764 643 1798 ipso
657 1763 730 1798 passi
747 1767 820 1797 sunt,
835 1768 912 1798 atque
926 1763 955 1790 in
966 1763 1060 1798 primis
1073 1761 1206 1797 Pamphili
1220 1761 1310 1789 Iaudes
1324 1761 1507 1806 coptplectem.

39 1851 87 1877 A'.
98 1849 202 1885 Καιρδς
212 1849 244 1885 δὴ
252 1849 329 1876 καλεῖ
339 1849 406 1885 πρὸς
417 1849 483 1875 πᾶσι
498 1849 527 1875 τὸ
539 1849 610 1884 μέγα
622 1849 668 1875 καὶ
676 1849 800 1885 περιϐόη-
813 1850 834 1880 C

21 1904 53 1922 ον
63 1894 247 1930 ἀνιστορῆσαι
261 1893 372 1929 θέατρον
397 1892 538 1928 Παμφίλου
551 1893 597 1919 τοῦ
611 1891 803 1928 ἁγίου’μάρτυ-

21 1950 55 1972 ος
63 1940 115 1967 καὶ
120 1939 174 1966 τῶν
181 1940 228 1966 σὺν
236 1939 308 1974 αὐτῷ
316 1938 510 1965 τελειωθέντων
523 1938 678 1973 θαυμασίων
686 1938 801 1974 ἀνδρῶν,

21 1986 55 2013 αἱ
85 1984 276 2020 πολυτρόπους
293 1984 432 2016 εὐσεϐείας
459 1983 555 2015 ἄθλους
579 1983 800 2019 ὲπιδεδεγμένων.

25 2031 155 2058 λείστων
183 2029 248 2065 γοῦν
277 2030 346 2056 ὅσων
373 2029 443 2056 κατὰ
471 2030 515 2056 τὸν
541 2030 709 2064 ἐγνωσμένον
736 2031 801 2066 ἡμῖν

21 2077 150 2113 λυγμὸν,
170 2076 381 2112 ἁνδρισαμένων,
405 2076 450 2102 τὸν
469 2077 530 2111 περὶ
550 2073 587 2103 ὧν
609 2077 623 2102 ὁ
642 2076 719 2111 λόγος
731 2075 801 2110 ἀγῶ-

21 2135 36 2153 ι
66 2123 268 2155 σπανιώτατον,
289 2123 318 2150 ὃν
342 2124 422 2159 ἡμεῖς
447 2123 579 2159 ἔγνωμεν,
609 2125 799 2160 ἱστορήσαμεν,

21 2169 122 2205 Βρόως
140 2170 168 2195 ὲν
185 2168 257 2203 αὐτῷ
279 2168 334 2194 πᾶν
351 2165 419 2198 εἶδος
434 2167 543 2202 ἡλικιῶν
558 2176 587 2194 τε
605 2167 740 2202 σώματος.
754 2167 801 2194 καὶ

21 2215 107 2250 υχῶν
129 2213 252 2248 ἀγωγῆς,
275 2213 333 2248 βίου
358 2221 388 2239 τε
414 2212 461 2238 καὶ
482 2211 652 2247 ἀναστροφῆς
674 2212 800 2248 διαφόρου

22 2260 221 2297 εριειληφότα,
238 2259 359 2294 βασάνων
377 2267 406 2284 τε
426 2258 555 2289 ποικίλοις
577 2258 668 2289 εἴδεσι,
686 2258 801 2290 καὶτοῖς

21 2307 81 2334 ατὰ
104 2306 136 2332 τὺ
153 2305 252 2332 τέλειον
271 2303 418 2340 μαρτύριον
435 2303 642 2338 ἑνηλλαγμένοις
661 2303 802 2337 στεφάνοις

21 2352 191 2387 εκοσμένον.
209 2351 295 2382 Nion;
310 2359 340 2377 τε
356 2350 409 2386 γὰρ
424 2347 458 2384 ἦν
474 2349 546 2380 ἰδεῖν,
561 2349 607 2376 καὶ
624 2349 720 2384 κομιδῇ
738 2350 800 2375 παῖ-

21 2407 54 2430 ις
79 2396 138 2423 τῶν
155 2397 204 2423 σὺν
218 2396 308 2428 αὐτοῖς
323 2395 478 2429 Αἰγυπτίων
495 2395 580 2427 τινὰς,
598 2395 675 2430 ⁴ἡμῶν
691 2395 753 2426 τοὺς
773 2394 801 2420 δὲ

21 2445 109 2475 λλους
123 2442 194 2478 (μεθ’
210 2440 246 2469 ὢν
261 2443 307 2469 καὶ
323 2443 337 2468 ὁ
351 2441 504 2477 Πορφύριος
515 2439 563 2476 ἦν)
578 2440 711 2475 ἀκμαίους
723 2449 753 2466 τε
767 2437 799 2467 αὖ

21 2488 123 2524 ώματί
135 2496 164 2514 τε
175 2487 242 2523 ὁμοῦ
255 2488 301 2513 καὶ
313 2487 451 2522 φρονήσει,
469 2486 530 2516 τοὺς
546 2485 617 2520 ἀμφὶ
633 2485 663 2511 τὸ
680 2484 800 2511 ποθεινόν

25 2544 55 2561 οι
79 2533 180 2568 Ενομα,
195 2533 300 2560 καὶτὸν
320 2533 462 2568 Ἰαμνήτην
485 2531 600 2562 Παῦλον,
621 2531 749 2557 Σέλευκόν
770 2539 799 2556 τε

21 2580 56 2607 αὶ
78 2579 236 2611 Ἰουλιανὺν,
263 2578 345 2613 ἄμφω
366 2578 414 2612 τῆς
431 2576 621 2603 Καππαδοκῶν
637 2576 687 2610 γῆς
705 2575 799 2611 ὡρμη-

21 2625 112 2656 ἐνους
125 2631 133 2638 ⁸
154 2621 224 2659 ’ἦσαν
237 2623 265 2649 δὲ
275 2624 303 2649 ὲν
317 2622 406 2654 αὐτοῖς
420 2622 466 2648 καὶ
481 2621 540 2656 ἱερᾷ
555 2621 643 2655 πολιᾷ,
660 2620 800 2655 βαουτάτῳ

21 2680 36 2698 s
55 2670 138 2706 γήρᾳ
154 2669 368 2704 πεπυκασμένοι,
389 2667 494 2703 Οὐάλης
507 2668 628 2698 διάκονος
650 2667 698 2702 τῆς
719 2667 798 2702 Ἱερο-

816 2520 836 2547 D

42 2758 108 2790 (24)
128 2758 195 2784 Acta
210 2756 260 2784 SS.
272 2777 278 2786 .
292 2755 354 2783 Jun.
368 2761 379 2783 t
401 2755 421 2785 l.
438 2763 464 2790 p.
481 2755 525 2787 64,
538 2762 614 2789 seqq.

42 2793 110 2826 (25)
133 2791 229 2819 Procul
255 2792 289 2818 ab
312 2789 536 2826 auctoris'ntente
558 2789 692 2816 aberravit
716 2789 798 2826 inter-

25 2824 185 2862 rcs,'apud
212 2827 388 2861 Lipomanum
414 2830 440 2852 et
465 2825 585 2862 sarium,
614 2833 675 2862 cum
695 2824 796 2850 vertit:

21 2859 203 2890 tdoluscénlcs
219 2859 359 2895 etpucros.
375 2865 449 2895 atqu:
463 2860 526 2886 adeo
541 2859 616 2895 plane
631 2859 755 2894 infantes,
768 2866 798 2885 ea:

885 1849 907 1876 Ι.
925 1848 1043 1884 Tempus
1059 1855 1133 1876 nunc
1159 1851 1252 1875 monet
1271 1854 1363 1874 coram
1380 1847 1506 1875 omnibus
1523 1848 1632 1882 aperire

852 1895 987 1922 theatrum
1013 1901 1142 1929 magnum
1171 1892 1242 1921 istud
1265 1900 1297 1920 ac
1317 1893 1524 1920 celeberrimum
1544 1895 1631 1922 sancti

851 1939 977 1975 martyris
1005 1938 1154 1973 Pamphili,
1171 1942 1197 1965 et
1212 1946 1306 1965 eorum
1331 1938 1377 1973 qui
1391 1945 1452 1965 cum
1474 1939 1532 1972 ipso
1546 1939 1631 1966 vitam

851 1987 996 2013 tiniverunt
1012 1984 1213 2011 admirabilium
1239 1986 1370 2018 virorum,
1386 1989 1412 2012 et
1428 1992 1476 2019 per
1493 1986 1566 2012 varia
1583 1993 1634 2020 pro

850 2033 949 2067 pietate
975 2031 1122 2058 certamina
1149 2030 1410 2058 circumductorum.
1441 2031 1545 2058 Etenim
1569 2031 1632 2058 licet

850 2077 959 2112 plurimi
973 2084 1006 2104 ex
1023 2076 1111 2109 nobis,
1128 2080 1247 2111 tempore
1261 2077 1459 2108 persecutionis
1475 2082 1566 2104 contra
1579 2085 1631 2104 nos

850 2122 1001 2158 publicatus,
1018 2125 1127 2148 strenue
1141 2128 1200 2147 sese
1215 2121 1365 2154 gesserint;
1381 2120 1479 2146 horum
1493 2124 1582 2147 tamen
1596 2120 1632 2147 de

850 2168 947 2202 quibus
963 2175 1035 2194 nunc
1047 2173 1137 2194 sermo
1155 2169 1205 2197 est,
1221 2165 1392 2192 rarissimum
1407 2173 1520 2201 agonem
1537 2166 1630 2193 nobis-

850 2221 902 2249 que
923 2213 1069 2248 cognitum,
1087 2213 1146 2239 ideo
1162 2211 1252 2246 potius
1268 2211 1447 2245 scripsimus;
1465 2211 1530 2246 quia
1554 2211 1580 2238 in
1597 2219 1631 2238 eo

850 2259 940 2286 statim
957 2258 1105 2293 apparebit,
1120 2257 1194 2284 velut
1209 2257 1260 2284 sub
1276 2264 1331 2283 uno
1348 2261 1474 2291 aspectu,
1489 2264 1570 2284 omne
1583 2264 1630 2292 ge-

850 2311 901 2331 nus
917 2308 972 2330 tum
986 2303 1071 2330 mtatis
1088 2309 1234 2336 corporeae,
1252 2306 1308 2328 tum
1325 2300 1475 2335 spiritualis
1490 2301 1628 2328 conditio-

850 2349 902 2381 nis,
920 2349 1034 2383 vitaeque
1056 2352 1082 2376 et
1104 2347 1256 2375 studiorum
1279 2346 1422 2374 diversitas
1446 2354 1562 2381 magna,
1581 2347 1629 2374 sed

850 2394 983 2428 imprimis
996 2393 1111 2420 varietas
1128 2397 1324 2420 tormentorum
1337 2397 1419 2426 atque
1429 2392 1525 2418 exinde
1536 2399 1631 2419 secun-

849 2440 912 2467 dum
937 2439 1058 2475 martyrii
1082 2439 1214 2474 cujusque
1236 2438 1498 2466 consummationem
1521 2442 1630 2473 parata-

850 2493 909 2513 rum
927 2485 1024 2519 cuique
1037 2492 1210 2512 coronarum.
1225 2483 1293 2510 Nam
1309 2483 1398 2510 videre
1414 2487 1471 2510 erat
1494 2482 1628 2517 quosdam

852 2539 944 2558 eorum
959 2531 1004 2565 qui
1018 2531 1087 2558 inter
1099 2531 1171 2565 ipsos
1182 2535 1260 2557 erant
1272 2529 1458 2564 [Egyptiorum
1473 2528 1529 2564 (‘25)
1538 2528 1630 2564 junio-

854 2585 896 2604 res
911 2581 992 2611 atque
1016 2576 1126 2603 omnino
1140 2583 1258 2610 pueros;
1276 2576 1344 2603 alios
1359 2579 1449 2602 autem
1473 2579 1627 2602 nostrorum

854 2623 893 2656 (in
919 2622 1018 2656 quibus
1044 2621 1124 2647 etiam
1148 2620 1314 2656 Porphyrius
1340 2619 1408 2654 erat)
1425 2618 1526 2646 viribus
1549 2618 1629 2645 simul

852 2668 974 2702 corporis
997 2666 1078 2694 simul
1098 2670 1125 2693 et
1142 2665 1224 2693 animi
1251 2665 1393 2700 prudentia
1420 2664 1560 2697 robustos;
1582 2671 1629 2691 eos

852 2757 885 2784 iis
901 2756 944 2790 qui
960 2760 1031 2782 erant
1047 2762 1105 2780 cum
1120 2754 1184 2788 ipsis
1199 2752 1334 2790 (fortassis
1350 2752 1486 2790 ngyptiis
1499 2752 1629 2786 interpres

854 2788 1009 2825 scripserat,
1031 2790 1068 2816 uti
1091 2789 1215 2822 debebat)
1232 2788 1299 2825 qlia;
1317 2793 1411 2825 autent
1429 2788 1630 2825 pubescentes...

853 2821 941 2861 nempe
956 2825 1018 2853 mihi
1034 2824 1216 2851 durissimum
1232 2823 1373 2850 Jamm'trm
1392 2821 1516 2850 Paulum.
