1865 3042
42 106 91 133 {fill

778 98 867 127 ACTA
872 118 878 125 .

1570 97 1638 126 15H

42 163 144 198 τολιτείᾳ
154 161 199 189 καὶ
210 162 333 198 ἀσκήσει.
352 163 476 190 Μάλιστα
488 162 563 198 παρὰ
578 161 642 192 τοὺς
653 159 712 187 καθ’
726 160 800 195 ἡμᾶς

858 162 1035 192 contemptum
1045 158 1135 185 επιξυιί
1150 158 1313 190 consideres,
1329 165 1374 186 seu
1387 158 1519 186 bonorum
1533 159 1636 194 largam

42 210 151 244 ςιέπρεπε
168 209 200 243 τῇ
219 209 282 243 περὶ
295 209 327 235 τὰ
342 208 400 235 θεῖα
413 208 489 242 λόγια
505 207 675 243 γνησιωτάτῃ
691 205 802 240 σπουδῇ,

42 255 131 290 ιτρύτῳ
143 262 172 280 τε
190 253 208 280 ἃ
224 253 356 289 προῦθετο
373 254 523 289 φιλοπονίᾳ,
539 253 586 280 καὶ
607 254 639 288 τῇ
662 251 724 286 περὶ
742 252 805 282 τοὺς

42 301 208 336 προσήκοντας
233 299 280 325 καὶ
299 300 402 332 πάντας
428 301 491 332 τοὺς
512 298 586 334 αὐτῷ
607 298 804 332 πλησιάζοντας

42 345 153 380 ὒφελείᾳ·
168 340 198 370 οὗ
209 344 242 370 τὰ
255 344 335 372 λοιπὰ
350 345 400 380 τῆς
413 345 511 380 ἀρετῆς
524 343 734 379 κατορθώματα,
753 351 804 377 μα-

42 390 155 427 ιροτὲρας
169 389 232 417 ὂντα
248 389 408 426 διηγήσεως,
422 391 465 417 ἐπ’
481 390 547 421 ιδίας
558 389 607 424 τῆς
622 388 668 415 τοῦ
684 389 744 414 κατ’
757 388 805 414 αὺ-

42 436 72 463 τὸν
84 435 231 467 ὑποθέσεως
253 435 310 470 βίου
329 437 437 472 γραφῆς
452 437 481 463 ἐν
497 435 586 472 τρισὶν
606 435 656 470 ήδη
674 434 804 470 πρότερον

42 482 198 516 ιπομνήμασι
216 481 456 517 παραδεδώκαμεν.
482 481 563 508 Ἀλλὰ
579 481 632 517 γὰρ
653 481 696 506 ἐπ’
715 480 804 506 ἐκεῖνα

42 530 88 560 mia;
101 527 245 563 φιλοτίμως
259 528 306 554 καὶ⁹
325 527 411 554 ταῦτα
431 527 528 554 ειδέναι
545 527 666 562 ἔχοντας,
683 525 805 559 ἀναπέμ-

42 575 131 609 μαντες,
147 573 180 600 τὰ
205 573 252 600 νῦν
278 573 404 609 ἐχώμεθα
420 574 470 609 τῆς
492 573 562 601 κατὰ
577 573 639 604 τοὺς
665 571 804 607 μάρτυρας

42 620 188 651 ικολουθίας.
206 619 335 655 Δεύτερος
355 620 422 655 μετὰ
438 620 578 655 Πάμφιλον
592 619 636 645 ἐπὶ
653 617 697 645 τὸν
713 617 804 650 ἀγῶνα

42 668 132 702 παρῄει,
151 667 306 703 ίεροπρεπεῖ
323 667 402 702 πολιᾷ
415 665 604 701 τετιμημένος,
621 663 736 698 Οὐάλης,
752 663 805 689 τῶν

42 707 175 744 ιπὸἈξλΞας
185 713 315 744 διάκονος,
335 712 401 747 αὐτῇ
414 711 542 747 προσόψει
562 709 723 745 σεμνότατος
741 716 805 743 πρε-

42 757 132 793 ςεύτης,
147 757 200 784 τῶν
214 758 291 784 θείων
315 756 429 793 Γραφῶν
443 757 466 783 εί
481 757 527 783 καί
543 765 583 787 τις
600 755 677 786 ἄλλος
692 754 804 789 ἐπιστή-

42 813 99 831 ιων·
121 804 250 835 τοσαύτας
266 804 297 838 γέ
310 813 349 830 τοι
366 804 473 838 μνήμας
487 801 573 829 αὐτῶν
593 801 803 836 ἐνεστέρνισατο,

42 851 64 881 ig
84 850 118 884 μὴ
134 850 217 876 ὲνδεῖν
233 850 282 884 τῆς
307 849 360 876 ἀπὸ
381 848 550 884 γραμμάτων
575 847 719 880 ἐντεύξεως
731 866 738 877 ,
755 846 804 880 τῆς

47 893 124 920 Ε’ποτε
137 895 330 931 λάϐοιΓραφῆς
342 894 387 926 οὒς
398 894 419 920 δ’
432 893 477 920 οὖν
488 892 724 929 ἀπομνημονεῦσαι
736 891 804 922 διεξ-

42 940 106 971 ὂθυς.
127 940 222 976 Τρίτος
245 942 259 967 ὁ
287 940 516 976 θερμουργότατος
543 939 589 966 καὶ
609 938 646 974 τῷ
669 938 803 973 πνεύματι

42 984 100 1017 ξων,
113 985 166 1011 ἀπὸ
179 986 229 1020 τῆς
254 985 394 1020 Ἰαμνιτῶν
408 985 520 1017 πόλεως,
537 985 565 1011 ὃν
582 985 672 1014 αὐτοῖς
689 982 802 1018 ἐγνωρί-

42 1030 85 1059 ζετο
100 1030 212 1062 Παῦλος,
229 1032 280 1066 πρὸ
297 1030 343 1057 τοῦ
360 1031 505 1066 μαρτυρίου
522 1030 564 1057 διὰ
581 1030 721 1065 καυτήριον
737 1029 803 1054 ὑπο-

42 1075 107 1110 ιονῆς
122 1076 165 1102 τὸν
178 1077 227 1111 τῆς
244 1076 387 1111 ὁμολογίας
402 1075 546 1111 διαθλήσας
563 1075 665 1109 ἀγῶνα.

856 205 882 231 in
909 211 1040 238 pauperes
1061 204 1256 238 erogationem,
1282 211 1330 231 seu
1355 204 1523 231 saecularium
1550 206 1637 232 hono-

855 257 914 276 rum
930 249 963 276 ad
987 257 1057 284 quos
1076 250 1196 284 aspirare
1220 254 1325 284 poterat
1347 249 1562 284 dcspicientiam,
1587 258 1635 278 seu

855 296 969 330 denique
995 296 1118 323 arctioris
1140 302 1165 324 et
1192 297 1386 331 philosophica),
1413 297 1553 331 cujusdam
1575 296 1637 323 vita:

855 341 1084 368 exercitationem.
1101 340 1153 368 Sed
1178 349 1231 375 prae
1248 342 1352 368 cunctis
1373 346 1472 368 nostra:
1488 341 1574 368 :etatis
1587 341 1637 367 ho-

855 387 974 414 minibus
986 387 1101 414 eminuit
1114 387 1140 414 in
1155 395 1188 414 eo
1199 388 1257 415 viro
1279 388 1497 415 ardentissimum
1516 387 1634 413 studium

855 440 994 460 sacrarum
1009 433 1171 466 litterarum,
1188 438 1215 460 et
1228 433 1254 460 in
1270 434 1303 460 iis
1318 434 1399 461 rebus
1416 441 1485 468 quas
1507 434 1557 461 sibi
1577 441 1637 468 per-

856 479 983 506 liciendas
1005 483 1192 514 proposuerat,
1210 480 1346 506 indefessa
1364 480 1464 507 laboris
1488 479 1636 507 assiduitas

855 532 887 552 ac
908 525 1062 559 diligentia;
1083 525 1114 552 ad
1133 525 1190 552 haec
1209 525 1354 560 singularis
1376 525 1401 551 in
1419 526 1557 560 proximos
1573 533 1638 552 cun-

855 575 966 605 ctosque
978 570 1024 605 qui
1039 571 1072 597 ad
1087 571 1175 606 ipsum
1191 575 1363 598 accesserant
1379 571 1565 599 beneﬁcentia.
1580 571 1634 598 llu-

852 616 897 651 jus
915 616 964 642 viri
989 616 1105 650 reliquas
1129 616 1241 644 virtutes
1258 624 1354 651 resque
1378 617 1506 651 prieclare
1522 622 1614 652 gestas
1627 639 1637 651 ,

855 670 914 697 quae
929 663 1102 696 prolixiorem
1123 663 1272 690 orationem
1289 663 1452 695 desiderant,
1474 663 1635 698 jampridem

855 717 904 735 nos
920 709 945 734 in
971 709 1098 742 peculiari
1121 716 1201 743 opere
1216 708 1287 743 quod
1304 709 1337 735 de
1357 708 1416 742 ejus
1438 709 1493 735 vita
1515 709 1637 736 conscri-

856 754 969 788 psimus.
986 754 1071 780 tribus
1084 754 1160 780 libris
1174 754 1306 787 complexi
1325 761 1420 780 sumus
1435 763 1441 780 :
1458 754 1479 781 si
1495 754 1540 788 qui
1555 754 1638 789 igitur

856 797 952 824 harum
974 805 1065 824 rerum
1083 797 1333 831 cognoscendarum
1352 798 1478 831 cupidine
1491 802 1633 829 tenentur,

856 852 903 871 eos
920 844 983 871 illuc
1001 844 1162 871 amandasse
1176 843 1305 876 contenti,
1323 844 1350 870 in
1364 844 1569 879 praesentiarum
1585 852 1638 871 (ξατ-

855 896 927 925 ptam
946 891 979 917 de
994 891 1157 925 martyribus
1172 891 1273 918 nostris
1290 891 1473 917 narrationem
1491 897 1638 925 proseque-

856 944 925 962 mur.
951 935 1091 962 Secundus
1115 939 1176 970 post
1200 935 1371 970 Pamphilum
1391 935 1418 961 in
1433 939 1569 962 certamen
1589 935 1637 962 dc-

856 982 959 1009 scnndit
979 981 1058 1009 Elia:
1070 981 1146 1008 urbis
1166 981 1307 1013 diaconus,
1330 980 1439 1013 Valens,
1455 985 1570 1015 augusta
1592 987 1639 1007 ca-

855 1025 920 1053 nitie
928 1026 1101 1060 conspicuus,
1116 1026 1227 1060 ipsoque
1240 1029 1351 1060 aspectu
1364 1026 1526 1052 venerabilis
1541 1033 1635 1057 senex,

856 1072 902 1106 qui
913 1071 1018 1098 divinas
1029 1070 1183 1106 Scripturas
1195 1078 1250 1105 prae
1261 1071 1365 1098 caeteris
1376 1071 1483 1106 egregie
1501 1071 1616 1098 callebat
1627 1080 1634 1102 ;

42 1129 72 1148 sas
94 1123 163 1149 enim
188 1131 274 1158 usque
296 1124 362 1150 adeo
383 1123 454 1150 ﬁdeli
477 1124 606 1150 memoria
636 1120 873 1156 complectebatur,
899 1125 929 1146 ut
951 1120 1018 1146 nihil
1044 1119 1155 1146 omnino
1176 1119 1327 1152 interesset,
1356 1126 1390 1146 an
1414 1127 1446 1146 ex
1460 1119 1550 1146 codice
1576 1121 1637 1153 ipso

42 1172 131 1202 egeret,
150 1176 183 1195 an
207 1168 351 1202 cujuslibet
375 1168 522 1203 Scriptura:
544 1169 663 1202 integras
686 1167 798 1202 paginas
827 1165 961 1192 recitaret.
993 1164 1101 1191 Tertius
1125 1165 1195 1191 inter
1222 1172 1268 1191 eos
1289 1165 1385 1192 claruit
1404 1163 1514 1195 Paulus,
1534 1164 1637 1192 lamni-

43 1220 113 1240 arum
129 1215 226 1249 oppido
241 1216 387 1248 oriundus,
405 1216 446 1243 vir
468 1216 496 1242 in
519 1215 623 1250 agendo
650 1214 769 1242 fervidus
794 1217 823 1240 et
850 1212 946 1240 ardore
971 1213 1082 1247 spiritus
1106 1213 1209 1247 plenus,
1228 1212 1274 1248 qui
1301 1217 1362 1239 ante
1388 1213 1545 1248 martyrium
1571 1221 1637 1239 ean-

42 1259 110 1287 lnitis
127 1260 189 1288 ferri
205 1262 325 1290 ustiones
346 1270 501 1298 perpessus,
525 1262 705 1290 confessionis
721 1267 850 1288 coronam
868 1260 1006 1287 retulerat.

674 1379 773 1409 PARS
804 1377 977 1408 ALTERA.

427 1438 584 1466 Sanctarum
609 1439 774 1474 singulorum
789 1439 943 1471 certamina,
963 1442 986 1464 et
1003 1438 1124 1472 martyrii
1136 1438 1231 1465 exitus.

61 1494 97 1521 Θ’.
110 1496 220 1528 Τούτοις
231 1497 276 1524 ἐπὶ
288 1497 336 1532 τῆς
349 1497 458 1532 εἱρκτῆς
468 1497 539 1524 δυεῖν
553 1499 623 1524 ἐτοῖν
639 1499 741 1534 χρόνων
756 1506 802 1525 κα-

891 1497 935 1523 IX.
962 1497 1029 1524 Cum
1048 1497 1204 1531 prmlaudati
1228 1504 1282 1524 tres
1298 1498 1383 1524 sancti
1408 1497 1544 1525 biennium
1565 1499 1637 1534 egis-

45 1542 234 1578 ατριϐομένοις,
253 1543 380 1575 ὑπόθεσις
403 1544 448 1570 τοῦ
469 1545 617 1579 μαρτυρίου
634 1545 740 1578 ἐγένετο
756 1545 803 1570 Αί-

42 1588 142 1614 ὐπτίων
158 1587 259 1623 ἄφιξις,
280 1588 333 1615 τῶν
352 1589 399 1615 σὺν
416 1589 506 1621 αὐτοῖς
524 1589 718 1616 τελειωθέντων
729 1609 735 1621 ,
758 1589 804 1621 οὓς

42 1635 92 1661 ιατὰ
105 1635 152 1669 τὴν
175 1634 301 1662 Κιλικίαν
325 1631 396 1661 οὗτοι
420 1636 672 1671 καταπονουμένους
699 1638 727 1662 ἐν
749 1637 804 1668 τοῖς

42 1680 172 1713 ιετὰλλοις,
189 1681 270 1716 μέχρι
288 1681 341 1708 τῶν
358 1682 446 1709 τόπων
465 1683 685 1717 καταστήσαντες
699 1682 744 1708 ἐπὶ
756 1681 804 1717 τὴν

44 1726 123 1753 ίκείαν
136 1727 341 1753 ὲπαλινὸστουν*
361 1728 406 1754 καὶ
422 1727 452 1763 δὴ
471 1728 537 1763 πρὸς
553 1730 610 1759 ταῖς
627 1728 738 1759 εἰσόδοις
752 1728 804 1754 τῶν

42 1773 92 1799 νατᾶ
103 1773 269 1808 Καισάρειαν
285 1772 386 1804 πυλῶν,
399 1773 470 1804 τίνες
485 1771 538 1799 εἷεν
554 1774 598 1799 καὶ
615 1773 694 1800 πόθεν
708 1773 803 1807 ἀφικό-

42 1825 108 1848 ιενοι,
126 1818 192 1853 πρὸς
211 1818 264 1844 τῶν
282 1817 407 1852 φυλάκων
420 1817 611 1853 ἐρωτηθέντες,
625 1818 671 1844 καὶ
684 1817 765 1852 μηδὲν
780 1817 803 1842 τ’

45 1863 137 1897 ληθοῦς
157 1863 374 1899 ἀποκρύψαντες,
393 1863 549 1898 Χριστιανοὶ
572 1863 600 1889 δὲ
623 1863 721 1897 φάντες
741 1864 803 1889 ἐαυ-

43 1909 94 1940 οὺς,
110 1909 269 1944 κακούργων
286 1909 377 1944 τρόπῳ
391 1908 433 1933 ἐπ’
457 1908 530 1943 αὐτῷ
543 1908 627 1944 φώρῳ
651 1908 804 1943 ληφθέντων

42 1954 261 1989 γαταλαμϐάνοντο
272 1963 278 1968 ·
299 1954 379 1980 πέντε
396 1953 424 1979 δὲ
438 1952 505 1988 ἦσαν
520 1954 565 1980 τὸν
584 1953 706 1989 ἀριθμόν.
725 1955 755 1980 Οἱ
776 1954 804 1980 δὲ

42 1997 221 2032 τροσαχθέντες
233 1997 271 2032 τῷ
286 1997 405 2033 ἄρχοντι,
424 1997 490 2023 κάπὶ
504 1997 596 2024 τούτου
612 1999 803 2033 παρρησιασά-

42 2050 108 2074 .ενοι,
118 2042 227 2078 δεσμοῖς
238 2042 286 2077 μὲν
297 2042 393 2068 αὐτίκα
405 2042 602 2077 παραδίδονται.
616 2043 654 2078 Τῇ
667 2044 802 2080 ὑστεραίᾳ,

42 2088 163 2123 [εριττίου
187 2089 268 2124 μηνὸς
285 2088 479 2124 ἑκκαιδεκάτῃ,
505 2089 574 2115 κατὰ
603 2089 752 2124 Ῥωμαίους
777 2090 804 2116 δὲ

42 2135 56 2168 ᾖ
71 2134 121 2169 πρὸ
133 2133 341 2169 δεκατεσσάρων
358 2134 501 2160 Καλάνδων
515 2135 651 2169 Μαρτίων,
662 2135 759 2166 αὐτοὺς
772 2135 803 2170 δὴ

42 2177 141 2210 ούτους,
169 2180 217 2206 σὺν
243 2181 299 2210 τοῖς
323 2180 392 2214 ἀμφὶ
412 2179 457 2206 τὺν
472 2179 620 2214 Πάμφιλον,
646 2180 684 2215 τῷ
707 2181 802 2216 Φιρμι-

43 2224 104 2259 ιανῴ
128 2225 319 2260 προσάγουσιν.
344 2225 372 2251 ’0
397 2224 424 2250 δὲ
442 2225 495 2251 τῶν
520 2225 671 2259 Αἰγυπτίων
690 2227 802 2252 ἀπεπει-

44 2268 88 2294 ito
104 2269 201 2303 μόνων,
217 2269 269 2304 πρὸ
284 2270 336 2295 τῶν
354 2269 474 2304 βασάνων
487 2269 584 2295 εἴδεσιν
598 2271 732 2302 παντοίοις
746 2270 803 2296 δια-

43 2314 167 2347 υμνάςων
189 2316 252 2347 τοὺς
269 2315 365 2350 ἄνδρας
376 2323 383 2330 ν
398 2315 442 2340 τὸν
461 2315 510 2349 μὲν
529 2313 574 2341 οὖν
590 2316 739 2351 προήγορον
757 2317 804 2342 αύ-

42 2358 76 2384 ῶν
100 2360 129 2386 ὲν
157 2361 232 2396 μέσῳ
252 2360 371 2394 ἀγαγὼν,
405 2360 430 2386 τί
457 2359 500 2394 εἴη
528 2361 574 2387 καὶ
597 2360 676 2386 πόθεν
699 2361 801 2396 ἠρώτα.

59 2447 115 2487 (35)
132 2447 271 2487 Encgrapba
292 2451 385 2487 nostra
395 2447 590 2487 Illl_edicei_ms.,
606 2447 651 2473 ἐπὶ
666 2447 714 2487 τῆς
729 2447 804 2487 Κρή-

42 2490 82 2516 ης.
97 2483 125 2509 in
139 2482 228 2513 Creta,
245 2483 321 2516 quasi
335 2482 378 2509 isti
394 2482 430 2509 ibi
445 2482 612 2509 exsulasseut
628 2491 634 2508 :
652 2483 696 2509 sed
718 2482 803 2509 corri-

45 2522 125 2544 untur
140 2525 174 2544 ex
193 2525 243 2544 ms.
261 2517 414 2551 Lipomani,
438 2522 518 2551 atque
539 2517 653 2551 ipsumet
667 2516 802 2548 Eusebio,

45 2553 134 2613 accbin
149 2552 340 2586 compendium
359 2553 552 2584 contrahente,
574 2556 601 2578 et
619 2551 667 2586 τῆς
693 2551 804 2587 εἱρκτῆς

45 2595 78 2613 ert
100 2592 169 2613 ente:

42 2592 169 2618 crlbenle'.

60 2622 116 2655 (54)
138 2622 253 2649 Additur
268 2622 294 2648 in
312 2621 394 2652 Ilist..
409 2621 583 2657 ὁμολογητάς,
598 2622 766 2657 confessores.

61 2657 118 2691 (35)
135 2657 250 2684 Additur
268 2657 377 2687 ibidem,
392 2656 498 2690 perinde
512 2665 542 2682 ac
557 2657 655 2690 priores
679 2656 720 2682 illi
738 2664 803 2690 quos

42 2700 103 2725 upra
120 2693 320 2719 commemorari
337 2692 452 2727 (scilicet
468 2691 585 2726 {Egyptii
606 2691 661 2721 alii,
677 2691 721 2725 qui
743 2699 802 2725 cap.

43 2728 59 2751 ί)
76 2729 268 2759 narrabantur,
290 2726 346 2753 lter
359 2726 420 2753 lial.
438 2726 584 2752 Januarius
608 2727 802 2759 comprehensi)

46 2761 175 2793 rol‘essos,
198 2771 224 2788 se
237 2764 270 2788 ad
286 2763 431 2788 ministeria
451 2762 640 2795 confessorith
662 2762 689 2786 in
709 2760 804 2787 Cilicia

42 2797 176 2823 onslitulis
199 2797 342 2824 exhibenda
366 2798 498 2830 proﬁcisci
520 2806 526 2822 :
544 2804 659 2830 quorum
683 2796 728 2822 alii
743 2797 804 2830 qui-

856 1547 915 1570 sent
928 1543 955 1570 in
976 1551 1084 1570 carcere
1105 1543 1172 1577 (35),
1193 1543 1300 1570 Occasio
1323 1545 1442 1578 martyrii
1464 1545 1551 1571 oblata
1570 1545 1636 1579 ipsis

855 1593 894 1616 est
906 1596 951 1623 per
962 1597 1019 1621 eos,
1034 1589 1080 1624 qui
1095 1589 1174 1616 etiam
1195 1597 1255 1616 cum
1272 1589 1323 1616 illis
1335 1594 1455 1617 extremo
1471 1591 1557 1618 allecti
1572 1599 1636 1626 sup-

854 1634 935 1668 plicio
948 1634 1067 1666 fuerunt,
1083 1634 1234 1670 Egyptios.
1251 1635 1283 1662 lli
1296 1643 1310 1662 a
1324 1635 1419 1662 Cilicia
1433 1637 1636 1664 revertebantur

854 1679 975 1712 domum,
992 1684 1135 1715 postquam
1158 1681 1221 1708 illuc
1242 1689 1326 1716 usque
1339 1682 1510 1709 deduxerunt
1529 1683 1561 1710 ad
1578 1691 1637 1709 mc-

855 1725 917 1751 talla
932 1725 1074 1752 damnatos
1089 1725 1160 1760 (5i);
1177 1731 1257 1760 atque
1277 1727 1308 1753 ad
1331 1726 1482 1761 ingressum
1497 1733 1635 1762 portarum

854 1770 984 1798 Caesareae
999 1771 1156 1807 interrogati
1184 1772 1240 1806 (55)
1256 1773 1302 1806 qui
1319 1777 1411 1800 essent
1435 1777 1462 1800 et
1477 1774 1548 1801 unde
1561 1775 1637 1801 vcni-

854 1820 931 1849 rent,
949 1824 1010 1843 cum
1037 1824 1124 1851 neque
1141 1817 1199 1851 ejus
1221 1818 1292 1852 quod
1311 1823 1369 1845 erat
1386 1819 1535 1853 quidquam
1555 1820 1638 1848 dissi-

854 1862 999 1892 mularent,
1015 1870 1097 1896 seque
1112 1862 1281 1890 Christianos
1304 1871 1365 1890 esse
1379 1864 1582 1898 proﬁterentur;
1596 1866 1637 1892 in-

855 1909 911 1933 star
924 1906 1107 1933 maleﬁcorum
1130 1906 1187 1941 ipso
1204 1907 1230 1933 in
1247 1907 1367 1935 facinore
1388 1908 1635 1943 deprehensorum,

855 1950 962 1977 fuerant
983 1951 1182 1986 comprehensi,
1202 1960 1316 1980 numero
1332 1953 1452 1987 quinque
1467 1962 1474 1980 :
1492 1955 1524 1981 ad
1543 1955 1637 1989 prresi-

855 1997 914 2023 dem
931 2001 1019 2023 autem
1036 1997 1155 2030 adducti,
1169 1998 1316 2032 eademque
1327 1999 1425 2026 ﬁducia
1438 1999 1490 2032 usi,
1506 2001 1636 2027 continuo

855 2041 881 2068 in
897 2041 1002 2068 vincula
1020 2042 1074 2069 dati
1099 2047 1184 2069 erant.
1210 2043 1344 2070 Postridie
1358 2051 1435 2076 vero,
1452 2044 1498 2078 qui
1524 2045 1557 2071 16
1577 2044 1636 2072 dies

854 2093 913 2116 erat
923 2089 1024 2116 mensis
1036 2088 1150 2121 Perittii,
1163 2090 1215 2116 hoc
1226 2093 1266 2116 est
1277 2089 1354 2123 juxta
1368 2089 1505 2117 llomanos
1515 2090 1572 2117 dies
1585 2099 1632 2118 xiv

855 2139 918 2161 ante
937 2133 1073 2161 Kalendas
1091 2133 1210 2167 Martias,
1228 2134 1309 2161 iidem
1333 2135 1413 2161 simul
1437 2142 1498 2162 cum
1515 2136 1567 2163 illis
1588 2137 1635 2171 qui

820 2167 840 2194 Ι)
855 2179 997 2214 Pamphilo
1013 2180 1135 2211 aderant,
1152 2179 1309 2207 Firmiliano
1328 2180 1499 2208 exhibentur.
1521 2181 1572 2214 Qui
1588 2167 1634 2209 so-

856 2226 897 2253 los
920 2225 1062 2260 Egyptios
1079 2225 1221 2252 tentandos
1247 2225 1299 2252 sibi
1318 2233 1429 2253 sumens
1445 2227 1519 2253 onmi
1536 2235 1635 2262 genere

857 2275 1070 2303 tormentorum,
1099 2271 1195 2298 nudari
1221 2271 1294 2298 viros
1313 2271 1408 2305 jussit;
1433 2271 1539 2304 deinde,
1566 2279 1629 2299 eum

856 2316 902 2350 qui
927 2316 1079 2350 praecipuus
1100 2316 1169 2342 inter
1194 2323 1288 2342 omnes
1311 2315 1452 2343 videbatur
1470 2317 1497 2343 in
1515 2317 1634 2344 medium

857 2361 1005 2395 adducens,
1031 2362 1094 2396 quis
1111 2365 1183 2388 esset
1206 2367 1232 2389 et
1258 2361 1338 2394 unde,
1365 2361 1558 2397 interrogabat.
1582 2362 1634 2389 llic

856 2449 928 2478 dem,
948 2448 1037 2474 eadem
1059 2456 1111 2482 qua
1133 2448 1174 2474 illi
1188 2448 1281 2482 quibus
1297 2448 1474 2475 ministraturi
1493 2454 1633 2482 venerant,

856 2491 929 2516 pwna
944 2483 1061 2509 damnati
1077 2487 1147 2514 sunt,
1164 2484 1244 2510 oculis
1256 2492 1286 2509 ac
1301 2483 1407 2518 pedibus
1420 2483 1525 2510 inutiles
1538 2484 1633 2510 redditi

857 2521 922 2552 (uno
939 2518 1041 2544 scilicet
1064 2518 1144 2544 oculo
1159 2523 1244 2550 ernto,
1266 2523 1293 2545 et
1315 2518 1402 2544 cruris
1418 2519 1500 2545 unius
1521 2519 1634 2546 succisis

856 2552 973 2586 nervis);
991 2557 1041 2578 (res
1057 2561 1114 2578 vero
1129 2561 1160 2579 ea:
1175 2553 1249 2587 ipsis,
1265 2553 1291 2579 in
1305 2553 1367 2580 urbe
1380 2552 1519 2584 Ascalone,
1537 2554 1564 2579 in
1581 2562 1634 2588 qua

856 2587 935 2614 vincti
949 2588 1111 2619 tenebantur,
1126 2596 1184 2613 cum
1202 2588 1385 2614 admirabilem
1400 2589 1481 2614 animi
1497 2588 1633 2622 fortiludi-

857 2630 914 2658 item
937 2622 1119 2658 ostendissent,
1137 2623 1237 2658 diverso
1255 2623 1372 2658 marlyrii
1395 2624 1466 2649 exitu
1481 2623 1632 2650 occubuere.

858 2656 956 2691 Quippe
969 2665 1034 2683 unus
1047 2656 1165 2688 illorum,
1180 2656 1244 2684 Ares
1258 2656 1368 2688 notitiae,
1383 2658 1496 2692 ﬂammis
1513 2666 1632 2684 consum-

857 2698 916 2726 ptus
926 2695 981 2724 est;
1000 2691 1105 2726 reliquis
1119 2692 1231 2724 duabus,
1243 2701 1352 2726 quorum
1367 2701 1433 2719 unus
1441 2693 1552 2724 Prolvus,
1566 2693 1634 2719 alter

859 2726 933 2753 Elius
958 2727 1110 2758 uocabatur,
1126 2731 1203 2761 caput
1219 2727 1306 2761 gladio
1328 2729 1476 2756 priecisum.
1500 2728 1565 2752 (lah-
1591 2734 1594 2737 τ

857 2766 947 2787 autent
968 2761 994 2787 hi
1011 2769 1024 2787 a
1040 2761 1140 2788 Gr:ecis
1156 2763 1189 2788 19
1205 2762 1264 2788 ῡυιῑι

858 2801 918 2831 post
930 2797 1196 2830 comprehensionem
1212 2805 1271 2831 sum
