1865 3042
70 113 133 140 15ιό

821 111 920 140 ACTA."

1618 117 1685 145 15η

68 167 258 206 παραπλησίως
275 167 425 203 κεφαλικὴν
442 167 575 203 τιμωρίαν
598 169 658 194 κατ’
682 167 771 194 αὐτῶν
792 167 842 201 ἐξε·

922 175 1006 202 ocem,
1023 169 1193 198 consimilem
1212 170 1239 197 iu
1257 177 1304 198 eos
1322 170 1383 197 tulit
1400 171 1560 199 sententiam
1578 172 1684 207 capitis,

21 243 30 248 ς
68 214 239 249 νεγκάμενος,
256 213 366 247 ὑπάγει.

21 255 23 257 ’
100 261 146 287 1Β¹.
163 259 244 287 οὔπω
265 259 293 286 δὲ
314 259 388 295 αὐτῷ
406 261 459 286 πᾶν
480 261 572 296 εἴρητο
592 260 672 291 ἔπος·
691 261 736 286 καὶ
755 260 850 292 πόθεν;

26 326 31 340 -,
73 306 182 341 ’Δναϐοᾷ
206 306 347 341 μειράκιόν
363 314 400 339 τι,
419 306 467 341 τῆς
487 307 626 342 οἰκετικῆς
638 306 684 333 τοῦ
709 306 850 342 Παμφίλου

28 347 30 349 ’
67 352 219 388 θεραπείας,
237 352 269 378 ὲκ
293 351 375 386 μέσου
392 351 440 378 τοῦ
463 352 580 388 πλήθους
602 352 656 379 τῶν
675 353 747 388 ἀμφὶ
766 353 796 380 τὺ
811 352 850 378 δι-

25 428 27 430 ,
67 397 206 432 καστήριον
226 396 397 423 κυκλούντων
413 397 556 432 παρελθὼν
572 398 612 429 είς
629 397 710 433 μέσον
723 405 729 412 ·
745 397 809 424 ὲὸόα
822 397 850 423 δὲ

22 438 27 441 ’
67 443 166 479 μεγάλῃ
178 444 264 478 φωνῇ,
275 444 346 478 ταφῇ
359 443 392 469 τὰ
404 442 519 478 σώματα
528 442 726 478 ἐξαιτούμενος.
741 444 849 479 Πορφύ-

23 483 26 487 ’
66 497 117 526 ριος
131 487 164 524 ἦν
177 490 191 515 ὁ
209 488 357 524 μακάριοςο
372 489 482 524 θρέμμα
495 490 604 525 γνήσιον
624 490 778 524 Παμφίλου,
794 490 849 516 οὐδ’

24 565 30 569 ,
64 535 127 563 ὅλων
138 534 209 562 ὀκτὼ
227 536 274 562 καὶ
289 535 354 562 δέκα
375 535 452 566 ὲτῶν,
469 535 689 571 καλλιγραφικῆς
705 535 848 572 ἔμπειρος,

65 579 236 615 σωφροσύνης
252 579 281 605 δὲ
301 579 383 606 ἕνεκα
401 579 447 606 καὶ
472 579 580 616 τρόπων
601 580 690 607 πάντα
706 581 849 608 καλύπτων

23 621 28 624 ”
63 624 190 660 ἐγκώμια,
208 625 245 656 ὠς
259 622 303 651 οἶα
320 625 373 651 ὑπὸ
389 624 519 660 τηλικῷδε
538 625 615 661 ἀνδρὶ
629 627 846 662 συνησκημένος’

62 671 97 702 ὡς
111 671 133 698 δ’
145 670 214 704 ἔγνω
228 671 277 706 τὴν
293 671 364 697 κατὰ
378 670 424 698 τοῦ
435 671 565 698 δεσπότου
576 671 675 707 ψῆφον,
692 673 745 700 ἀπὸ
763 674 848 709 μέσης

21 715 28 753 ς
62 717 109 753 τῆς
123 717 242 752 πληθύος
257 717 404 753 ἀνέκραγε,
427 719 461 753 γῇ
482 718 515 745 τὰ
534 718 648 754 σώματα
664 719 847 755 παραδοθῆναι

61 763 148 796 ἀξιῶν.
172 764 201 790 ’0
222 763 250 790 δὲ
272 764 322 790 οὐκ
340 763 493 799 ἄνθρωπος,
516 764 583 791 ἀλλὰ
602 764 663 801 θὴρ,
681 765 728 792 καὶ
752 765 846 801 θηρίου

61 809 155 840 παντὸς
171 809 349 845 ἀγριώτερος,
361 810 431 845 μήτε
445 809 495 844 τῆς
509 811 643 845 αἰτήσεως
658 810 768 846 εὔλογον
779 813 846 839 ἀπο-

22 880 24 882 τ
59 854 208 889 δεξάμενος,
225 855 294 890 μήτε
307 854 346 890 τῷ
361 854 411 889 τῆς
428 854 535 890 ἡλικίας
552 855 702 891 ἀπονείμας
716 856 768 892 νέῳ
780 865 846 890 συγ-

22 934 24 936 _
60 898 178 934 γνώμην,
205 900 272 926 αὐτὸ
302 900 381 935 μόνον
411 900 448 931 ὡς
474 900 657 935 ὐμολογοῦντα
682 902 845 937 Χριστιανὸν

59 945 151 980 ἔμαθε,
168 946 250 973 παντὶ
278 945 367 972 σθένει
389 947 445 978 τοῖς
472 946 646 981 βασανισταῖς
673 948 734 974 κατ’
762 948 844 974 αὑτοῦ

58 990 170 1026 χρῆσθαι
191 991 365 1028 προστάττει.
401 992 444 1024 Ὠς
468 992 496 1019 δὲ
523 993 748 1029 ὲπικελευομένου
771 993 845 1021 θύειν

22 1071 24 1074 Ι
59 1037 178 1065 ἀνένευεν
191 1038 205 1064 ὁ
219 1038 379 1074 θαυμάσιος,
393 1038 443 1065 οὐκ
457 1037 497 1064 ἔθ’
510 1037 553 1065 οἷα
567 1039 670 1075 σάρκας
683 1039 825 1075 ἀνθρώπου
835 1059 844 1072 ,

57 1084 112 1111 ἀλλ’
126 1081 168 1112 οἷα
178 1084 270 1117 λίθους
284 1085 300 1120 ἢ
315 1084 390 1118 ξύλα,
402 1084 420 1120 ἦ
431 1093 457 1111 τι
472 1084 526 1112 τῶν
541 1085 652 1121 ἀψύχων
661 1086 753 1122 ἕτερον
766 1086 844 1121 ἄχρις

56 1130 153 1158 όστέων
167 1131 258 1158 αὐτῶν
274 1131 320 1158 καὶ
343 1132 413 1159 κατὰ
428 1131 527 1167 βάθους
546 1132 707 1167 σπλάγχνων
728 1132 844 1163 αἰκίζειν

57 1176 144 1204 αὐτὸν.
166 1176 216 1203 καὶ
235 1177 289 1202 πᾶν
304 1176 335 1202 τὸ
352 1176 431 1212 σῶμα
450 1177 623 1209 καταξαίνειν
640 1177 841 1203 ὲπικελεύεται·

56 1223 94 1254 είς
123 1221 229 1258 μακρὸν
253 1222 281 1249 δὲ
305 1222 400 1249 τούτου
429 1223 582 1258 γινομένου,
603 1223 690 1258 μάτην
711 1224 844 1259 ἐγχειρεῖν

56 1268 158 1302 διέγνω.
183 1268 316 1303 ’Δφώνου,
340 1269 438 1305 μικροῦ
459 1269 514 1296 δεῖν
530 1269 577 1296 καὶ
600 1268 704 1304 ἀψύχου
725 1269 772 1296 τοῦ
790 1268 843 1295 σώ-

58 1323 137 1349 ματος
152 1314 192 1350 τῷ
207 1315 324 1349 γενναίῳ
345 1315 463 1350 μάρτυρι
479 1315 672 1347 καταστάντος,
686 1315 845 1351 παραμένον

54 1360 83 1386 τὸ
95 1360 210 1396 ἀνηλεὲς
229 1361 275 1387 καὶ
289 1361 470 1397 ἀπάνθρωπον
485 1361 654 1397 κεκτημένος
669 1363 683 1388 ό
697 1361 842 1398 δικαστὴς,

55 1407 152 1443 τριχῶν
170 1407 371 1442 πεπλεγμένοις
384 1408 526 1443 ὑφάσμασι
542 1407 592 1440 τὰς
607 1408 768 1445 ἐκδαρείσας
783 1411 844 1441 ταῖς

56 1452 180 1487 βασάνοις
195 1453 314 1489 πλευρὰς
324 1453 422 1489 ψήχειν
434 1454 481 1481 καὶ
494 1453 597 1489 τρίϐειν
607 1455 652 1481 ἐπὶ
667 1454 748 1481 πλέον
761 1464 844 1490 προσ-

55 1499 156 1545 τάττει·
169 1498 222 1527 εἷθ’
239 1499 333 1537 ὤσπερ
349 1500 430 1536 κόρον
445 1499 534 1545 λαϐὼν
551 1500 597 1527 καὶ
610 1500 660 1535 τῆς
677 1501 775 1535 μανίας
795 1502 844 1536 ὲμ-
857 1517 878 1545 C

54 1544 190 1580 φορηθεὶς,
214 1545 311 1581 μακρῷ
328 1546 375 1572 καὶ
391 1544 521 1580 μαλθακῷ
542 1545 609 1581 πυρὶ
633 1545 842 1580 παρώληθῆναι

54 1589 131 1616 αὑτὸν
149 1591 340 1625 ἀποφαίνεται.
358 1588 440 1621 Οὗτος
456 1591 506 1626 μὲν
517 1588 563 1617 οὖν
577 1591 629 1626 πρὸ
640 1590 690 1626 τῆς
703 1590 749 1617 τοῦ
766 1591 843 1626 Παμ-

53 1634 126 1669 φίλου
142 1636 309 1668 τελειώσεως
321 1627 435 1668 ὒστατος
451 1636 497 1662 ἐπὶ
512 1636 558 1662 τὸν
576 1636 670 1671 ἀγῶνα
687 1636 841 1672 παρελθὼν,

51 1682 84 1718 τῇ
100 1682 154 1709 ἀπὸ
169 1682 218 1709 τοῦ
241 1682 366 1718 σώματος
382 1682 528 1717 ἀπαλλαγῇ
549 1681 596 1709 τὸν
608 1682 743 1718 δεσπότην
760 1683 842 1718 προέ-

51 1727 140 1756 λιιῦεν.

84 1776 133 1816 ll".
153 1774 210 1803 Ἦν
225 1776 254 1803 δὲ
269 1776 324 1812 ἄρα
344 1777 388 1803 τὸν
404 1777 557 1812 Πορφὺριον
574 1776 686 1811 θεωρεῖν
711 1775 842 1810 ἱερονίκου

49 1821 168 1849 διαθέσει
202 1822 350 1858 πάμμαχον
386 1822 570 1857 νενικηκότος,
589 1820 780 1856 κεκονισμένον
813 1821 843 1846 τὸ

53 1867 141 1903 σῶμα,
163 1869 276 1904 φαιδρὸν
292 1869 320 1895 δὲ
335 1869 383 1904 τὴν
396 1868 466 1903 ὄψιν,
485 1867 627 1903 θαρσαλέῳ
639 1876 668 1893 τε
689 1867 842 1902 φρονήματι

50 1913 97 1939 καὶ
123 1913 232 1949 ταύρῳ,
255 1912 303 1949 τὴν
317 1913 364 1939 ἐπὶ
383 1913 429 1939 τὸν
452 1912 566 1938 θάνατον
588 1911 746 1946 βαδίζοντα’
769 1910 841 1937 θείου

52 1960 212 1995 Ιίνεύματος
227 1959 265 1992 ὡς
288 1959 395 1995 ἀληθῶς
415 1959 556 1994 ἔμπλεων
583 1958 628 1984 καὶ
654 1957 685 1992 δὴ
707 1957 842 1991 φιλοσόφῳ

50 2005 170 2040 σχήματι
189 2004 229 2040 τῷ
250 2005 314 2040 περὶ
329 2004 410 2031 αὺτὸν
426 2003 578 2038 ἀναϐολαίῳ
595 2002 696 2037 τρόπον
712 2001 842 2036 ἐξωμίδος

49 2051 250 2087 ἠμφιεσμένος,
267 2050 323 2077 ἄνω
340 2050 445 2086 βλέπων
459 2050 506 2076 καὶ
523 2049 611 2075 πάντα
627 2048 672 2074 τὸν
687 2048 782 2082 θνητὸν
796 2048 843 2074 καὶ

49 2096 222 2133 ἀνθρώπινον
236 2096 413 2132 ὑπερφρονῶν
427 2095 492 2130 βίον,
506 2095 620 2130 ἀτρεμεῖ
629 2094 662 2128 τῇ
761 2092 843 2127 πρόσ-

49 2151 103 2170 εισι
119 2144 154 2178 τῇ
176 2143 260 2178 πυρᾷ.
278 2142 346 2177 Ἤδη
363 2140 450 2176 ἑαυτῷ
473 2140 523 2176 τῆς
539 2139 636 2174 φλογὸς
664 2137 840 2173 πελαζούσης,

902 221 984 249 atque
998 215 1120 243 recessit.

936 261 994 289 Xll.
1017 261 1069 288 Sed
1095 262 1214 289 nondum
1238 266 1295 289 tota
1323 263 1452 295 tragiedia
1480 268 1589 298 peracta
1617 268 1685 291 erat.

901 307 1044 341 Quomodo
1061 313 1151 336 autem
1172 312 1282 343 peracta
1303 308 1362 335 est?
1377 308 1522 336 Revocm'it
1533 317 1596 336 eum
1608 310 1686 344 juve—

901 354 944 381 nis
960 354 1070 388 quidam
1086 354 1119 381 de
1134 354 1223 381 medio
1242 355 1327 381 turbae
1346 354 1464 382 tribunal
1483 356 1686 383 circumstantis

901 399 1055 434 prosiliens,
1076 408 1108 427 ex
1126 399 1260 427 famulitio
1277 399 1409 434 Pamphili
1422 409 1429 432 ;
1444 402 1580 428 revocavit
1595 407 1684 429 autem

900 453 967 474 voce
977 453 1085 481 magna,
1095 446 1245 481 deposcens
1255 453 1369 481 corpora
1384 447 1417 474 ad
1428 447 1605 482 sepulturam.
1619 448 1685 474 Bea-

901 496 945 518 tus
958 491 1002 518 hic
1011 490 1180 527 Porphyrius
1191 496 1261 523 erat.
1273 492 1406 527 genuinus
1416 492 1550 528 Pamphili
1562 494 1684 526 vernula,

900 537 1016 564 necdum
1031 536 1180 564 octodecim
1194 544 1281 564 annos
1294 541 1384 571 natus,
1396 537 1452 573 (58)
1464 538 1599 566 scribendi
1614 539 1685 574 peri-

900 582 1034 615 tissimus,
1050 590 1158 610 morum
1173 589 1205 609 ac
1222 582 1361 617 sapientia:
1375 583 1454 610 titulo
1466 583 1592 611 omnibus
1603 591 1686 611 enco-

900 627 963 655 miis
977 627 1076 662 major,
1094 632 1126 654 ut
1141 627 1188 662 qui
1202 635 1263 654 cum
1284 628 1331 655 tali
1351 628 1410 655 viro
1425 636 1485 655 sese
1501 633 1661 656 exercuerat
1676 639 1682 656 :

899 673 957 708 qui,
973 677 1003 700 ut
1016 673 1142 707 cognovit
1156 672 1238 699 latam
1259 673 1285 700 in
1307 673 1449 700 dominum
1471 682 1550 700 suum
1573 681 1684 701 senten-

899 719 975 750 tiam,
991 725 1024 745 ex
1038 717 1126 744 media
1145 717 1223 744 turba
1242 717 1405 750 vociferans,
1422 718 1510 745 oravit
1522 723 1552 745 ut
1569 726 1683 754 corpora

899 763 951 791 sibi
967 763 1082 798 sepelire
1098 763 1199 791 liceret.
1216 762 1320 790 Prmses
1335 771 1409 795 vero,
1424 771 1477 791 non
1491 770 1618 799 tanquam
1632 766 1683 792 lio-

898 816 953 841 mo,
969 808 1016 836 sed
1036 812 1066 835 ut
1080 807 1147 841 fera,
1161 808 1204 835 vel
1219 809 1242 835 si
1256 809 1321 844 quid
1335 808 1392 836 fera
1407 809 1555 836 immanius
1571 815 1622 842 est,
1636 818 1684 837 ne-

896 862 950 889 que
965 855 1159 890 postulationis
1176 854 1330 888 aequitatem
1346 855 1510 890 suscipiens,
1531 863 1619 890 neque
1636 856 1683 890 ju-

896 901 1015 928 ventutis
1025 901 1160 928 rationem
1176 901 1258 927 ullam
1275 901 1391 935 habens,
1407 902 1495 929 solum
1513 902 1576 936 quia
1587 903 1683 930 didicit

896 947 1093 974 adolescentem
1118 953 1147 974 se
1168 946 1354 974 Christianum
1382 947 1478 979 fateri,
1506 948 1683 976 carnificibus

895 993 1023 1028 praecepit
1039 1000 1134 1020 omnes
1156 992 1183 1019 in
1197 999 1230 1020 eo
1248 993 1400 1027 torquendo
1416 993 1488 1020 vires
1507 994 1680 1021 contendere.

895 1039 964 1067 Cum
976 1047 1041 1074 ergo
1053 1039 1160 1074 jubenti
1178 1039 1334 1067 sacrificare
1353 1039 1494 1067 abnuisset
1514 1040 1683 1068 admirabilis

896 1086 951 1118 ille,
965 1093 1019 1113 non
1035 1086 1091 1121 jam
1107 1089 1136 1113 ut
1150 1094 1260 1114 carnem
1279 1086 1437 1119 humanam,
1458 1086 1505 1114 sed
1522 1091 1551 1113 ut
1566 1087 1680 1122 lapidem

896 1137 943 1159 aut
959 1133 1061 1168 lignum
1081 1137 1128 1159 aut
1143 1132 1216 1160 aliud
1232 1131 1415 1168 quodcunque
1434 1132 1625 1164 inanimatum,
1640 1141 1683 1160 us-

896 1186 949 1213 que
963 1179 996 1206 ad
1012 1179 1069 1214 ipsa
1086 1186 1148 1206 ossa
1168 1183 1194 1205 et
1211 1178 1342 1206 interiora
1358 1178 1474 1212 viscera,
1492 1179 1621 1214 praecepit
1643 1185 1683 1214 ty.

895 1231 999 1251 rannus
1011 1224 1199 1251 excarniﬁcari
1209 1231 1309 1258 corpus
1325 1223 1384 1258 ejus
1397 1232 1403 1250 :
1415 1230 1468 1258 quo
1484 1223 1586 1251 diutius
1597 1223 1679 1253 facto.

895 1270 1005 1305 agnovit
1023 1270 1130 1298 tandem
1145 1271 1172 1297 in
1188 1278 1289 1297 vanum
1309 1270 1336 1297 id
1353 1271 1407 1306 agi.
1425 1270 1499 1298 Licet
1512 1275 1601 1298 autem
1618 1271 1682 1298 abs-

895 1324 948 1352 que
960 1324 1026 1344 voce
1040 1320 1067 1343 et
1083 1323 1157 1350 pazne
1177 1316 1280 1350 absque
1294 1316 1384 1343 anima
1406 1316 1529 1351 generosi
1553 1317 1680 1353 martyris

895 1369 995 1397 corpus
1010 1362 1123 1397 jacerct,
1146 1362 1258 1390 immitis
1276 1367 1366 1389 tamen
1383 1365 1465 1397 atque
1481 1361 1580 1389 efferus
1597 1363 1680 1397 judex

894 1408 976 1444 jussit
989 1408 1122 1436 laceratas
1134 1408 1194 1443 ejus
1204 1415 1300 1435 carnes
1313 1415 1345 1435 ac
1356 1407 1440 1435 latera
1454 1407 1568 1436 selaceis
1583 1410 1681 1442 pannis

895 1455 1041 1482 confricari
1054 1458 1135 1489 atque
1148 1454 1233 1481 deteri
1247 1454 1321 1489 (59);
1340 1454 1503 1489 tandemque
1518 1454 1591 1482 velut
1602 1462 1681 1481 exsa-

896 1504 1038 1528 turaturus
1062 1499 1203 1532 furorem,
1228 1499 1302 1526 lento
1324 1506 1355 1526 ac
1378 1499 1485 1534 longius
1508 1499 1596 1534 posito
1618 1499 1680 1534 igne

896 1551 1040 1582 martyrem
1057 1545 1181 1573 consumi
1195 1545 1330 1580 praecepit.
1347 1543 1385 1571 ita
1402 1544 1458 1576 ille,
1474 1549 1535 1572 ante
1548 1552 1679 1572 consum-

894 1593 1041 1620 matioucm
1056 1591 1202 1626 Pamphili,
1217 1591 1329 1618 ultimus
1341 1598 1500 1625 progressus
1509 1591 1543 1618 ad
1553 1599 1678 1626 agonem,

893 1639 1034 1666 dominum
1051 1645 1131 1665 suum
1145 1638 1280 1673 praevertit
1293 1637 1466 1665 abdicatione
1477 1645 1618 1673 corporea.

928 1770 997 1797 Xlll.
1019 1769 1084 1797 Erat
1100 1773 1190 1796 autem
1204 1768 1295 1796 videre
1310 1768 1490 1805 Porphyrium
1507 1769 1594 1796 instar
1608 1769 1679 1797 sacri

894 1816 1002 1843 athletae
1027 1814 1148 1842 universi
1177 1815 1335 1842 certaminis
1360 1814 1489 1841 victorem
1519 1815 1679 1849 gloriosum,

893 1861 1039 1890 dissectum
1049 1868 1174 1895 corpore,
1184 1861 1232 1888 sed
1247 1860 1317 1888 facie
1330 1860 1511 1896 splendidum,
1526 1861 1640 1895 lmtaque
1652 1867 1680 1888 et

893 1907 1026 1942 intrepida
1038 1911 1128 1933 mente
1138 1905 1172 1932 ad
1187 1910 1301 1933 mortem
1311 1905 1474 1940 procedere;
1486 1906 1579 1940 utique
1588 1907 1680 1933 divino

893 1953 1002 1988 plenum
1019 1952 1137 1988 Spiritu;
1153 1957 1180 1979 et
1193 1952 1303 1986 quidem
1322 1956 1450 1986 tanquam
1465 1951 1492 1978 in
1512 1951 1603 1978 habitu
1619 1952 1680 1986 phi-

893 1999 1046 2034 losophice,
1057 1998 1145 2026 solum
1159 1997 1288 2032 injectum
1302 1996 1354 2024 sibi
1370 1997 1591 2028 instrumentum,
1601 1999 1679 2032 quasi

893 2045 1005 2080 pallium
1031 2050 1149 2080 gestans,
1183 2043 1391 2078 despiciensque
1413 2043 1523 2075 omnia,
1551 2049 1579 2070 et
1608 2052 1680 2070 mor-

893 2091 975 2119 talem
1002 2095 1083 2125 atque
1111 2091 1259 2117 humanam
1286 2088 1357 2115 hanc
1383 2089 1466 2115 vitam
1489 2094 1677 2120 contemnens,

893 2137 996 2171 absque
1011 2136 1065 2162 ulla
1082 2136 1180 2163 mentis
1195 2135 1340 2162 formidine
1353 2135 1385 2162 ad
1399 2142 1495 2170 rogum
1507 2135 1676 2169 procedebat.

48 2189 86 2221 ὼς
101 2189 136 2216 ἂν
153 2189 183 2216 δὲ
201 2188 312 2224 μηδενὸς
328 2187 403 2222 αὐτῷ
421 2186 553 2222 παρόντος
569 2183 701 2220 λυπηροῦ,
715 2183 842 2218 ἀταράχῳ

922 2191 962 2211 um
980 2190 1043 2210 vero
1057 2182 1090 2209 ad
1107 2182 1195 2217 ipsum
1208 2182 1265 2216 jam
1283 2181 1476 2215 propinquaret
1488 2180 1607 2213 flamma,
1617 2185 1679 2208 tan-

47 2236 97 2262 καὶ
111 2236 225 2271 νήφοντι
247 2233 369 2269 λογισμῷ
389 2233 452 2268 περὶ
468 2231 522 2259 τῶν
541 2231 649 2258 οίκείων
670 2231 726 2262 τοῖς
742 2229 842 2266 γνωρί-

49 2290 114 2318 μοις
130 2283 145 2309 ὁ
163 2282 238 2318 ἥρως
267 2281 433 2311 διετάττετο,
452 2281 491 2311 εἰς
513 2279 552 2305 ἔτι
566 2278 626 2304 τότε
646 2277 677 2304 τὸ
697 2277 841 2312 πρόσωπον

48 2327 167 2364 φαιδρὸν
181 2327 228 2353 καὶ
240 2326 449 2361 ἀπαράλλακτον
461 2323 658 2359 διαφυλάττων.
686 2322 730 2353 Ὠς
742 2321 770 2347 δὲ
785 2322 841 2352 τοῖς

47 2374 201 2410 γνωρίμοις
220 2372 363 2408 αὐτάρκως
378 2370 549 2405 συνετάξατο,
565 2369 633 2404 πρὸς
646 2368 691 2394 τὸν
708 2367 774 2394 Θεὸν
789 2366 840 2401 ήδη

46 2420 146 2447 λοιπὸν
169 2419 314 2454 ἡπείγετο-
330 2417 379 2453 τῆς
396 2417 429 2451 γέ
445 2425 485 2443 τοι
500 2415 589 2452 πυρᾶς
605 2414 634 2447 ἐξ
650 2414 841 2448 ἀποστήματος

46 2466 146 2501 κύκλῳ
161 2465 224 2501 περὶ
238 2465 317 2491 αὐτὸν
333 2463 478 2498 ἁφθείσης,
493 2461 597 2489 ἐνθένδε
609 2459 736 2487 κάκεῖθεν
753 2459 840 2493 ὑφήρ-

47 2512 122 2545 παξε
139 2511 179 2546 τῷ
195 2511 309 2546 στόματι
325 2510 373 2546 τὴν
389 2510 485 2544 φλόγα,
500 2507 674 2542 ἐπισπέρχων
687 2505 768 2536 αὐτὸς
779 2505 842 2530 ἑαυ-

47 2559 96 2585 τὸν
113 2558 163 2584 ἐπὶ
174 2557 223 2592 τὴν
238 2555 422 2592 προκειμένην
437 2553 549 2589 πορείαν
561 2561 568 2568 ·
586 2552 633 2578 καὶ
646 2551 724 2578 τοῦτο
740 2550 842 2585 ἐπρατ-

47 2613 109 2641 πεν,
125 2604 204 2631 οὐδὲν
219 2603 312 2638 ἕτερον
325 2603 342 2637 ἦ
363 2601 464 2636 Ἰησοῦν
477 2597 702 2634 ἀνακαλούμενος.

87 2652 140 2678 1Δ’.
168 2649 292 2680 Τοιοῦτος
304 2649 351 2675 καὶ
372 2646 526 2683 Πορφυρίου
550 2643 647 2676 ἇθλος⁸
671 2643 720 2678 τῆς
734 2642 762 2668 δὲ
785 2642 845 2668 κατ’

49 2697 137 2724 αὑτὸν
157 2695 321 2726 τελειώσεως
346 2693 459 2727 ἄγγελος
478 2691 518 2727 τῷ
544 2689 678 2726 Παμφίλῳ
699 2688 845 2722 γενόμενος

49 2742 203 2773 Σέλευκος,
229 2739 274 2767 τοῦ
300 2739 348 2766 σὺν
374 2738 464 2770 αὐτοῖς
490 2735 664 2769 καταξιοῦται
689 2733 845 2768 παραυτίκα

102 2801 152 2835 '58)
173 2800 294 2833 Utraque
303 2799 361 2826 hmc
371 2793 695 2835 commcndatiodcest'in
709 2791 841 2835 Historia,

171 2825 345 2870 llo-equoque
357 2837 522 2859 tormentum
534 2830 628 2858 eadem
643 2828 765 2856 Historia
778 2825 969 2863 prtetermittit.

217 2884 352 2914 PnnOL.
369 2881 428 2910 Gn.
438 2880 480 2910 Χ-

894 2237 975 2265 quam
991 2229 1015 2257 si
1032 2229 1100 2256 nihil
1118 2228 1251 2255 molestiae
1272 2231 1409 2262 pateretur
1423 2227 1465 2254 vir
1478 2226 1522 2253 ille
1537 2231 1677 2258 strenuus,

895 2277 1060 2303 llICOIICUSSO
1080 2279 1161 2309 atque
1181 2273 1317 2301 constanti
1340 2281 1433 2304 sensu.
1455 2280 1516 2307 quae
1533 2279 1582 2299 sua
1601 2278 1679 2299 erant

894 2322 1001 2358 legabat
1016 2320 1206 2352 familiaribus,
1221 2327 1308 2354 usque
1323 2319 1350 2346 in
1368 2319 1432 2346 illud
1449 2324 1555 2353 tempus
1567 2325 1679 2346 servans

895 2370 951 2397 oris
964 2368 1136 2396 serenitatem
1152 2366 1335 2393 immutatam.
1349 2363 1385 2391 Ut
1399 2371 1462 2391 vero
1476 2363 1548 2390 notis
1562 2363 1618 2390 suis
1630 2371 1679 2397 pro

895 2413 971 2440 libitu
994 2411 1129 2444 valefecit,
1152 2416 1225 2438 totus
1245 2411 1278 2437 ad
1304 2409 1387 2437 Deum
1409 2416 1557 2436 conversus
1576 2413 1632 2441 est;
1653 2413 1680 2435 et.

896 2459 959 2493 quia
975 2465 1058 2492 rogus
1074 2457 1107 2484 ad
1122 2456 1294 2484 intervallqu
1310 2454 1520 2489 circumpositus
1531 2459 1600 2486 erat,
1616 2454 1680 2480 hinc

896 2502 959 2530 inde
976 2502 1101 2537 captabat
1115 2509 1163 2529 ore
1180 2501 1314 2532 flammas,
1329 2500 1406 2534 quasi
1420 2507 1449 2527 se
1459 2500 1547 2534 ipsum
1564 2499 1680 2526 incitans

896 2545 930 2572 ad
945 2545 1111 2580 propositam
1124 2544 1177 2572 sibi
1192 2545 1282 2575 viam;
1297 2545 1348 2572 hoc
1362 2548 1450 2571 autem
1466 2543 1592 2576 faciebat,
1606 2543 1678 2570 aliud

896 2591 964 2618 nihil
978 2598 1060 2625 quam
1075 2589 1168 2618 Iesum
1186 2591 1348 2618 inclamans.

932 2636 1002 2663 XIV.
1023 2635 1089 2664 Tale
1114 2635 1166 2663 fuit
1191 2641 1326 2664 certamen
1356 2634 1498 2670 Porphyrii
1519 2644 1526 2662 :
1547 2635 1594 2670 qui
1616 2641 1680 2660 vero

896 2684 981 2719 ipsius
1002 2688 1116 2711 mortem
1138 2681 1281 2717 Pamphilo
1300 2683 1434 2709 nuntiavit
1453 2681 1593 2714 Seleucus,
1607 2682 1682 2713 ejus-

897 2731 958 2758 dem
978 2739 1040 2758 cum
1065 2731 1123 2765 ipso
1148 2728 1236 2757 factus
1264 2729 1336 2756 illico
1363 2734 1405 2757 est
1431 2729 1514 2756 sortis
1535 2728 1678 2764 particeps.

1453 2865 1490 2894 £9
