1865 3042
171 114 239 144 l5“

777 112 806 140 Β.
827 112 986 141 PAMPIIILI
1008 113 1186 141 MARTYRIS

1734 111 1797 138 ιεις

171 178 277 207 Etenim
287 177 374 213 ipsum
385 174 527 211 Porphyrii
539 174 618 201 linem
630 173 771 208 Pamphilo
780 174 949 202 nuntiantem

1043 175 1112 209 ήρου.
1135 173 1236 200 Λύτίκα
1251 173 1277 208 γ’
1291 169 1337 199 οὖν
1354 171 1551 206 διαγγείλαντα
1570 170 1657 196 αὑτὸν
1675 168 1714 204 τῷ
1729 170 1800 204 ηιμ.

170 225 253 254 simul
268 229 295 253 et
314 228 461 259 martyrum
480 227 616 250 catervam
634 221 813 255 osculantem,
830 229 954 256 compre-

171 273 323 300 henderunt
341 269 450 301 milites.
473 273 555 304 atque
570 268 603 295 ad
625 267 814 302 proconsulem
834 268 954 294 adduxe-

171 323 235 347 runt
243 327 249 345 ε
256 317 314 353 qui,
321 316 399 352 quasi
409 323 490 343 mora:
504 315 647 350 impatiens
655 314 742 341 donec
750 313 794 340 illc
801 314 882 341 simul
890 321 953 341 cum

171 364 337 401 praecedente
351 362 502 398 Porphyrio
525 361 589 389 hinc
611 361 749 396 migraret,
766 360 848 395 jussit
865 360 953 395 ipsum

170 411 278 447 capitali
289 409 421 439 sententia
436 408 525 443 plecti.
538 407 708 435 Venerathic
723 414 755 433 ex
769 406 952 441 Cappadocia,

171 455 569 492 vehementerqueinclaruerat
576 451 953 486 militaribusexercitiisttO),

170 509 197 530 et
210 510 263 530 non
278 501 449 529 mediocriter
462 500 532 535 apud
541 499 678 526 Romanos
688 503 830 533 promotus
845 496 951 529 fuerat;

170 549 318 585 quinetiam
338 552 415 576 aetate
431 551 458 574 ct
475 546 598 581 corporis
616 545 713 573 robore
725 544 878 578 viriumque
893 550 953 570 ma-

169 596 310 632 gnitudine
329 599 355 622 ct
375 594 475 622 virtute
488 593 634 628 plerosque
650 591 792 619 hominum
809 589 953 618 antecede-

170 643 230 675 bat;
248 650 310 668 nam
322 641 398 668 vultu
414 641 471 675 ipso
488 638 634 666 admodum
648 636 802 672 spectabilis
817 643 872 671 prae
885 643 954 662 cun-

171 689 234 721 ctis,
249 687 367 724 speciem
383 685 544 722 praeferebat
557 684 738 719 undequaque
753 682 952 718 dignissimam,

171 734 266 762 forma:
279 733 385 761 eximia
396 731 492 768 gratia.
510 731 610 759 Fuerat
624 735 714 758 autem
731 729 811 756 initio
825 735 953 763 persecu-

171 781 253 808 tionis
265 784 373 816 propter
390 779 452 806 ﬁdei
469 777 665 806 confessionem
682 775 848 804 certantibus
865 781 953 801 annu—

171 833 292 856 meratus
313 834 360 862 per
379 825 547 854 tolerantiam
569 824 729 857 verberum;
758 822 806 850 sed
829 821 952 849 abdicata

1005 220 1073 256 φίλῳ
1085 220 1115 247 τὸ
1129 219 1175 246 τοῦ
1190 219 1341 254 Πορφυρίου
1358 218 1444 250 τέλος,
1459 218 1508 244 καὶ
1522 217 1581 243 τῶν
1596 215 1747 251 μαρτιψων
1758 215 1800 242 ’ὢν

1003 266 1089 301 δῆμον
1115 265 1145 291 ἐν
1171 264 1302 300 φιλήματι
1331 264 1538 298 ἀσπασάμενον,
1571 261 1753 291 συλλαϐόπες
1776 263 1800 288 οἱ

1005 311 1170 348 στρατιῶται
1202 311 1313 345 ἄγουσιν
1345 311 1391 337 ἐπὶ
1422 310 1468 336 τὸν
1496 308 1668 344 ἡγούμενον.
1701 307 1730 333 '0
1757 308 1797 337 ἃ,

1004 357 1097 395 ὥσπερ
1114 357 1283 384 ἐπισπεύδων
1304 356 1345 392 τῷ
1365 355 1491 391 προτέρῳ
1508 354 1594 380 αὑτὸν
1613 353 1798 387 συναπόδημον

1003 403 1139 438 γενέσθαι,
1155 403 1258 438 κεφαλῇ
1274 401 1436 438 κολασθῆναι
1450 401 1632 437 προσ-τάττει.
1653 399 1710 435 Τῆς
1724 400 1797 426 Κατ-

1004 449 1128 476 παδοκῶν
1144 445 1222 480 οὗτος
1235 448 1347 484 ὡρμᾶτο
1364 448 1430 483 τῆς·
1445 447 1635 483 λαμπρότατα
1655 447 1685 472 δὲ
1704 446 1757 472 τῶν
1770 447 1796 472 ἐν

1004 495 1158 530 στρατείαις
1174 495 1364 530 εὐδοκιμήσας,
1379 493 1434 520 τῶν
1451 494 1480 519 ὲν
1505 493 1683 528 Ῥωμαϊκαῖς
1703 500 1798 527 προκνρ

1004 542 1069 572 παῖς
1087 541 1117 567 οὐ
1133 542 1233 577 μικρᾶς
1246 540 1408 576 ἐπείληπται
1421 539 1517 571 ἀξίας·
1539 539 1572 565 οὺ
1592 538 1649 573 μὴν
1675 538 1743 565 ἀλλὰ
1755 539 1797 564 ni.

1003 587 1071 622 αὐτῇ
1099 587 1191 622 ἡλικίᾳ
1216 587 1264 614 καὶ
1288 585 1366 623 ῥώμῃ
1390 586 1527 621 σώματος,
1556 584 1674 620 μεγέθει
1703 593 1732 610 τε
1753 586 1795 611 καὶ

1005 633 1106 669 ἰσχύος,
1118 634 1200 669 ἀρετῇ
1214 634 1338 660 πλεῖστον
1357 633 1420 659 ὅσον
1432 633 1496 664 τοὺς
1510 632 1627 662 λοιποὺς
1641 631 1796 667 ἀνθρώπως

1004 679 1188 712 ἐπλεονέκτει,
1205 680 1252 706 καὶ
1265 679 1314 715 τὴν
1330 678 1462 714 πρόσοψιν
1472 678 1501 704 δὲ
1519 678 1607 712 αὐτὴν
1618 677 1795 713 περίϐλεπος

1002 722 1036 760 ἦν
1047 726 1103 757 τοῖς
1117 727 1192 758 πᾶσι,
1213 726 1242 752 τό
1255 734 1284 752 τε
1308 726 1363 751 πᾶν
1376 723 1444 756 εἶδος
1465 724 1647 758 ἀξιαγαστος,
1668 723 1794 758 μεγέθους

1003 770 1084 798 ἕνεκα
1098 771 1143 798 καὶ
1158 771 1318 807 εὐμορφίας·
1336 770 1476 806 καταρχὰς
1489 770 1538 805 μὲν
1555 768 1604 796 οὖν
1619 769 1744 804 διωγμοῦ
1758 769 1795 795 διὰ

1007 816 1145 851 μαστίγων
1159 817 1306 852 ὑπομονῆς,
1320 818 1375 848 τοῖς
1388 816 1459 842 κατὰ
1471 815 1520 851 τὴν
1535 815 1689 850 ὁμολογίαν
1701 815 1797 850 διέπρε-

171 875 266 902 militia
280 859 421 902 aemulator
432 872 520 899 factus
531 878 624 898 eorum
637 869 683 904 qui
695 869 728 896 ad
739 868 865 903 pietatem
880 874 956 894 exer-

1043 871 1053 888 ν
1069 863 1172 897 ἀγῶσι”
1191 862 1260 898 μετὰ
1278 863 1306 889 δὲ
1319 862 1368 898 τὴν
1387 862 1437 897 τῆς
1454 861 1602 897 στρατείας
1620 862 1794 895 ἀπαλλαγὴν.

171 926 277 951 cantur.
300 919 401 947 Christi
425 925 582 953 germanum
603 916 716 943 militem
736 922 796 942 sese.
815 913 951 948 probavit;

171 966 301 1002 orphanis
315 964 444 993 desolatis
459 972 491 991 ac
511 963 601 990 viduis
621 966 772 996 protectore
786 960 952 993 carentibus,

170 1013 351 1046 omnibusque
361 1017 421 1038 cum
433 1008 546 1044 penuria
560 1013 586 1035 et
598 1007 784 1035 imbecillitate
797 1005 954 1033 cenﬁictan-

170 1060 253 1091 tibus,
274 1048 398 1093 provisor
417 1055 516 1088 factus,
536 1055 622 1089 patris
644 1057 691 1081 aut
710 1053 844 1080 curatoris
860 1052 893 1079 ad
910 1052 954 1078 in-

171 1111 239 1136 star.
256 1109 472 1138 cunctarumque
492 1101 695 1136 desperatorum
715 1099 854 1127 laboribus
874 1103 954 1133 atque

171 1151 300 1179 mrumnis
321 1149 451 1177 medelam
472 1147 583 1175 ferens:
600 1151 764 1182 quapropter
784 1153 800 1172 a
821 1144 887 1176 Deo,
907 1144 954 1179 qui

171 1198 271 1225 talibus
282 1196 368 1231 magis
383 1202 465 1230 quam
477 1194 650 1221 victimarum
665 1192 760 1219 nidore
775 1199 807 1219 ac
822 1190 954 1226 sanguine

170 1244 338 1274 delectatur,
366 1240 515 1276 martyriali
540 1239 614 1266 exitu
643 1238 742 1273 dignus
767 1241 809 1265 est
833 1236 952 1264 habitus.

168 1287 256 1315 Porro
275 1286 397 1314 decimus
413 1285 457 1312 hic
470 1284 581 1316 athleta,
593 1291 647 1310 una
659 1283 808 1317 eademque
823 1288 954 1309 consum-

167 1333 256 1361 mavit
268 1339 381 1368 agonem
398 1338 478 1359 suum
490 1330 552 1362 die;
570 1332 698 1364 atque,ut
711 1335 760 1363 par
775 1332 817 1355 est
833 1327 954 1360 credere,

171 1380 304 1416 martyrio
321 1386 372 1407 suo
386 1377 582 1413 ampliSSimam
597 1376 658 1404 coeli
676 1379 782 1410 portam
798 1382 860 1402 cum
877 1381 954 1402 rese-

170 1431 270 1459 rasset,
287 1425 370 1454 simul
385 1429 412 1452 et
429 1423 572 1458 Pamphilo
586 1422 637 1457 ipsi
651 1421 788 1457 spatiosus
801 1421 834 1448 ad
850 1419 898 1448 Dei
911 1427 954 1447 re-

171 1480 256 1507 gnum
270 1471 423 1508 patefactus
434 1475 475 1498 est
488 1470 638 1506 ingressus.

206 1591 266 1620 XV.
288 1591 393 1619 Seleuci
407 1597 471 1618 vero
483 1588 596 1625 vestigia
610 1592 720 1617 secutus
733 1592 775 1617 est
786 1587 954 1622 Theodulus,

171 1640 234 1675 pius
251 1647 283 1666 ac
299 1637 461 1666 venerabilis
482 1644 575 1668 senex,
597 1636 624 1662 in
645 1635 833 1670 proconsulari
853 1634 956 1663 familia

172 1686 261 1720 primo
275 1684 378 1711 honore
390 1683 526 1716 dignatus,
544 1686 599 1708 tum
612 1688 719 1708 morum
734 1680 875 1715 statisque
888 1687 958 1715 prae-

174 1731 314 1766 rogativa,
343 1735 401 1756 tum
432 1729 547 1756 ﬁliorum
579 1727 660 1754 trium
689 1726 956 1762 (41)generatione.

173 1777 293 1804 maxime
318 1783 384 1803 vero
411 1775 456 1809 pio
480 1773 575 1800 aﬂcctu
604 1780 668 1807 erga
692 1773 847 1807 principes,
869 1773 957 1807 incly-

175 1827 219 1849 tus
232 1831 238 1848 :
253 1821 299 1856 qui
316 1820 408 1847 eadem
423 1826 455 1846 ac
465 1818 598 1846 Seleucus
613 1817 750 1850 iactitans,
766 1822 793 1845 et
808 1823 956 1854 martyrum

175 1868 281 1902 aliquos
302 1866 396 1894 osculo
422 1866 599 1897 devenerans,
624 1864 734 1891 domino
755 1871 805 1891 suo
827 1864 958 1892 adductus

174 1914 236 1946 fuit,
263 1920 380 1947 eumque
402 1912 435 1938 ad
460 1911 589 1945 majorem
613 1917 694 1945 quam
717 1909 762 1937 alii
789 1909 956 1937 iracundiam

174 1959 326 1992 concitans,
349 1959 434 1993 ipsam
459 1956 586 1984 salutaris
606 1955 786 1984 confessionis
803 1955 958 1991 passionem

176 2005 282 2040 excepit
299 2004 373 2032 cruci
391 2003 518 2031 traditus.

212 2096 281 2124 XVI.
303 2095 360 2123 Sub
380 2096 447 2127 haec,
471 2102 533 2122 cum
557 2094 706 2121 etiamnum
729 2092 856 2120 deﬁceret
875 2100 957 2125 unus,

177 2141 264 2169 adfuit
282 2141 328 2175 qui
348 2140 544 2167 duodenarium
564 2147 708 2166 numerum
731 2139 854 2173 impleret
874 2137 959 2165 Julia-

177 2195 229 2215 nus
243 2197 249 2214 :
264 2187 309 2222 qui
322 2194 353 2214 ea
366 2187 422 2221 ipsa
435 2186 501 2213 hora
514 2193 624 2221 peregre
637 2185 794 2217 adveniens,
809 2189 836 2212 et
848 2185 959 2212 vixdum

177 2235 318 2267 ingressus
345 2233 493 2264 civitatem,
520 2240 581 2259 cum
606 2231 782 2258 intellexisset
801 2239 861 2266 qua:
881 2236 960 2258 erant

177 2285 248 2312 acta,
265 2283 292 2306 et
309 2280 341 2306 ad
357 2284 505 2314 martyrum
523 2282 696 2312 conspectum
711 2277 866 2304 festinasset
881 2286 959 2305 acce-

177 2326 257 2357 dere;
279 2325 325 2352 ubi
345 2332 439 2352 eorum
457 2331 569 2359 corpora
585 2324 660 2350 humi
678 2323 797 2358 jacentia
815 2323 890 2356 vidit,
906 2324 960 2351 eir-

177 2369 320 2398 cumfusus
338 2369 461 2404 singulis,
477 2375 570 2396 omnes
584 2372 626 2395 est
639 2368 787 2396 osculatus.
804 2367 861 2395 Hoc
877 2377 959 2404 agen-

177 2420 232 2443 tem
253 2414 517 2449 comprehenderunt
540 2412 656 2439 ministri
677 2412 801 2445 caedium,
818 2417 898 2447 atque
911 2413 959 2449 ad:

178 2446 430 2494 duxerunt-praesidi
439 2468 445 2485 :
454 2459 499 2493 qui
507 2465 626 2493 congrua
639 2457 777 2492 proposito
786 2465 836 2485 suo
846 2446 962 2490 iaciens:

178 2507 259 2533 etiam
277 2506 350 2532 hunc
364 2505 437 2532 lento
455 2504 510 2539 igni
529 2504 648 2531 tradidit.
669 2504 707 2532 ita
727 2505 809 2532 etiam
823 2504 958 2538 Julianus,

179 2552 294 2586 gestiens
315 2555 396 2586 atque
413 2549 506 2577 laetitia
525 2550 676 2583 exsultans,
702 2554 729 2577 et
750 2549 806 2577 Deo
827 2550 910 2578 tantis
930 2558 961 2578 se

179 2596 259 2625 bonis
275 2597 385 2632 dignato
400 2603 496 2631 magna
510 2603 577 2623 voce
593 2596 694 2631 gratias
707 2603 800 2631 agens,
819 2601 960 2631 susceptus

179 2647 221 2670 est
234 2643 302 2671 inter
314 2643 412 2670 choros
425 2646 584 2677 martyrum.
594 2641 658 2669 Erat
669 2646 761 2670 autem
773 2642 837 2670 huic
852 2650 961 2678 quoque

216 2730 271 2790 (4οὶ
290 2730 390 2770 ibidem
408 2729 524 2764 legitur:
541 2730 598 2770 Τῇς
612 2731 644 2771 ἐκ
658 2730 800 2771 στρατείας
818 2730 960 2757 ἐπιλέκτου

216 2765 258 2790 ιλε
272 2774 315 2790 ας.
331 2773 359 2790 m
372 2764 472 2790 delecta
491 2764 525 2790 ad
540 2765 664 2790 mximam
678 2771 817 2790 iuuentute.

180 2764 315 2800 νεαλείας,
331 2766 359 2792 in
372 2764 472 2792 deiecta
491 2764 525 2790 ad
540 2765 664 2792 militiam
672 2764 817 2800 juventute.

217 2800 272 2834 (41)
292 2799 386 2831 Trium
408 2799 526 2835 ﬁliorum
544 2799 793 2835 patribus'prazmia
813 2801 884 2835 apud
907 2800 962 2827 R0-

182 2843 278 2863 manos
293 2835 377 2863 fuisse
392 2834 540 2870 proposita,
557 2836 648 2864 notius
660 2834 702 2864 est
717 2843 798 2871 quam
809 2834 840 2864 ut
851 2836 894 2864 hic
905 2843 961 2863 mo-

1004 909 1124 944 ζηλωτὴν
1136 908 1216 940 αὐτὸς
1229 908 1323 936 ἑαυτὸν
1337 909 1512 943 καταστήσας
1525 908 1579 934 τῶν
1592 908 1646 943 τῆς
1661 907 1796 938 εὖσεξείσς

1003 954 1139 990 ἀσκητῶν,
1153 954 1270 990 Χριστοῦ
1285 955 1393 990 γνήσιος
1409 954 1580 989 στρατιώτης
1592 954 1794 980 ἀποδέδεικται-

1003 1001 1140 1036 ὁρφανῶν,
1162 1000 1273 1036 ἐρήμων
1290 1001 1336 1027 καὶ
1355 999 1448 1036 χηρῶν
1471 1000 1681 1036 ἀποριστάτων,
1702 1000 1755 1026 τῶν
1771 1008 1796 1026 τε

1004 1046 1032 1071 ἐν
1047 1045 1126 1081 πενίᾳ
1150 1045 1196 1071 καὶ
1221 1044 1348 1080 ἀσθενείᾳ
1368 1045 1633 1079 καταπονουμένων,
1653 1044 1799 1075 ἐπξσκοπέρς

1004 1100 1045 1123 τις
1070 1088 1113 1117 οἷα
1139 1090 1186 1117 καὶ¹
1207 1090 1371 1125 φροντιστὴς
1389 1089 1630 1124 ἐπιμελούμενος·
1654 1089 1760 1125 πατρός
1774 1097 1799 1116 τι

1004 1138 1052 1164 καὶ
1078 1137 1225 1172 κηδεμόνος
1252 1136 1329 1172 δίκην
1352 1136 1406 1163 τῶν
1431 1136 1655 1171 ἀπερριμμένων
1680 1136 1800 1163 ἁπάντων

1004 1184 1065 1215 τοὺς
1092 1183 1198 1214 πόνους,
1224 1182 1271 1209 καὶ
1297 1182 1346 1214 τὰς
1373 1182 1562 1214 κακοπαθείας
1588 1182 1799 1217 ἀνακτώμενος·

1004 1229 1064 1256 ὅθεν
1080 1229 1201 1261 εἰκότως,
1213 1229 1281 1264 πρὸς
1292 1230 1348 1260 τοῖς
1361 1228 1492 1259 τοιούτοις
1503 1228 1535 1264 δὴ
1548 1229 1644 1264 χαίρει
1656 1228 1726 1260 Θεὸς
1740 1229 1801 1264 μῖλ-

1004 1274 1049 1301 λον
1062 1274 1080 1310 ἢ
1094 1275 1153 1306 ταῖς
1167 1274 1210 1301 διὰ
1224 1274 1326 1300 καπνοῦ
1340 1274 1387 1301 καὶ
1400 1274 1518 1309 αἵματος
1530 1274 1657 1306 Θυσίαις,
1670 1275 1723 1310 τῆς
1738 1276 1801 1301 κατα

1004 1319 1035 1346 τὸ
1061 1320 1210 1356 μαρτύριον
1238 1319 1341 1355 ἠξιώθη
1368 1319 1544 1351 τελειώσεως.
1571 1320 1701 1353 Δέκατος
1732 1317 1801 1351 οὗτος

1005 1364 1123 1402 ἀθλητὴς
1141 1367 1189 1392 σὺν
1203 1367 1258 1398 τοῖς
1271 1366 1438 1402 εἰρημένοις,
1455 1368 1504 1402 μιᾷ
1518 1367 1568 1394 καὶ
1587 1369 1623 1402 τῇ
1646 1368 1717 1403 αὐτῇ
1735 1376 1801 1394 τετε-

1005 1411 1101 1438 λειωτο
1115 1411 1216 1448 ἡμέρᾳ,
1233 1411 1293 1438 καθ’
1312 1412 1346 1447 ἢν
1363 1412 1402 1444 ὡς
1419 1412 1490 1438 ἔοικε
1513 1413 1656 1448 μεγίστης
1676 1409 1717 1448 τῷ
1733 1414 1800 1448 Παμ-

1005 1457 1083 1492 φίλου
1101 1457 1243 1493 μαρτυρίῳ
1257 1457 1344 1492 πύλης
1356 1457 1477 1493 οὐρανῶν
1488 1457 1710 1493 διανοιχθείσης,
1728 1459 1800 1492 εὐμα-

1007 1504 1052 1540 ρὲς
1073 1503 1120 1539 ἅμ’
1135 1503 1208 1538 αὐτῷ
1223 1504 1270 1530 καὶ
1283 1503 1397 1538 ἄφθονος
1413 1504 1430 1539 ἡ
1447 1504 1498 1539 τῆς
1512 1503 1560 1530 τοῦ
1576 1504 1652 1530 Θεοῦ
1669 1504 1799 1540 βασιλείας

969 1539 992 1571 c
1007 1539 1129 1583 ἐγίγνετο
1143 1548 1268 1584 πάροδος.

1042 1594 1091 1620 1Ε¹.
1109 1594 1175 1620 Κατ’
1191 1593 1262 1629 ἴχνος
1290 1593 1356 1629 δῆτα
1382 1592 1421 1628 τῷ
1438 1593 1564 1628 Σελεύκῳ
1580 1594 1747 1628 Θεόδουλος,
1764 1603 1799 1621 σε·

1009 1639 1074 1675 μνός
1087 1648 1129 1671 τις
1145 1639 1192 1666 καὶ
1199 1639 1326 1674 θεοσεϐὴς
1341 1639 1442 1674 παρῄει
1457 1639 1628 1676 πρεσδὺτης,
1644 1641 1700 1675 τῆς
1710 1642 1802 1675 ἠγεμτρ

1009 1686 1087 1721 νικῆς
1101 1686 1220 1718 οἰκετιας
1235 1685 1345 1721 πρώτης
1365 1686 1447 1722 τιμῆς
1461 1685 1615 1721 ἠξιωμένος
1632 1687 1747 1722 τρόπων
1762 1687 1802 1713 ω

1007 1731 1114 1768 ἡλικίας
1133 1731 1229 1758 ἓνεκα·
1254 1731 1300 1757 καὶ
1319 1731 1362 1758 διὰ
1380 1732 1409 1758 τὸ
1427 1732 1578 1767 τριγονείας
1594 1732 1682 1758 αὑτὸν
1704 1733 1802 1768 πατέρα

1008 1778 1182 1810 καθεστάναι,
1204 1778 1252 1804 καὶ
1268 1777 1306 1804 ἔτι
1328 1777 1428 1813 μᾶλλον
1440 1778 1474 1804 δι’
1496 1779 1530 1813 ἦν
1547 1778 1638 1804 ἔσωσε
1661 1779 1729 1814 περὶ
1746 1780 1801 1809 τοίς

1008 1824 1157 1859 κηδεμόνας
1173 1822 1278 1850 εὔνοιαν
1288 1831 1295 1838 ·
1310 1823 1340 1849 τὸ
1356 1823 1547 1859 παραπλήσιον
1563 1823 1596 1858 δὴ
1623 1823 1664 1859 τῷ
1682 1823 1801 1857 Σελεύκῳ

1008 1869 1054 1896 καὶ
1074 1866 1150 1900 οὗτος
1165 1868 1400 1904 διαπραξάμενος,
1423 1869 1470 1895 καί
1492 1877 1567 1900 τινας
1581 1868 1639 1894 τῶν
1657 1869 1800 1904 puper

1008 1915 1201 1950 ἀσπασάμενος
1232 1914 1373 1950 φιλήματι,
1401 1914 1568 1948 προσάγεται
1595 1914 1639 1949 τῷ

1011 1960 1110 1995 μᾶλλον
1130 1959 1223 1986 ἐαυτὸν
1241 1960 1303 1996 (ῖσ.
1315 1959 1341 1986 δὲ
1356 1959 1456 1995 αὐτόν)
1474 1959 1528 1986 τῶν
1549 1959 1640 1986 ἄλλων
1657 1960 1703 1985 ἐπ’
1722 1960 1799 1995 om;

1010 2004 1121 2037 ὸξύνας,
1158 2003 1255 2031 ταυτὸν
1285 2003 1335 2030 rei
1366 2004 1499 2039 σωτηρίου
1531 2005 1688 2040 μαρτυρίου
1721 2004 1799 2036 πάθος

1013 2049 1122 2086 σταυρῷ
1137 2048 1302 2085 παραδοθεὶς
1315 2049 1469 2081 ἀνεδέξατο.

1044 2095 1102 2128 ις’,
1127 2095 1187 2121 Ἐπὶ
1201 2094 1305 2126 τούτοις
1320 2094 1378 2126 ἐνὸς
1392 2094 1431 2120 ἔτι
1447 2094 1600 2126 λείποντοςδ
1614 2094 1646 2126 ὃς
1659 2095 1709 2121 τὸν
1721 2095 1795 2122 δωδέ-

1010 2148 1091 2166 κατον
1110 2139 1318 2174 ἀποπληρώσειε
1341 2140 1397 2170 τοῖς
1419 2139 1573 2174 εἰρημένοις
1593 2139 1718 2174 ἀριθμὸν
1741 2140 1796 2166 Ἰω-

1010 2186 1099 2217 λιανὸς
1113 2186 1204 2221 παρῆν
1225 2185 1318 2211 τοῦτον
1341 2184 1556 2220 ἀποπληρώσων.
1586 2185 1634 2218 Ἐξ
1655 2186 1796 2221 ἀριδημέας

1010 2229 1087 2264 οὗτος
1107 2232 1190 2266 αὐτῆς
1211 2232 1284 2267 ὥρας
1306 2231 1479 2266 ἀφικόμενος.
1499 2231 1567 2266 μηδέ
1583 2232 1725 2258 εἰσὸαλών
1745 2241 1795 2263 τως

1009 2280 1042 2314 τῇ
1059 2278 1145 2310 πόλει,
1166 2277 1246 2309 εὐθὺς
1261 2277 1298 2309 ὼς
1313 2276 1385 2312 εἶχεν
1399 2277 1453 2303 ἀπὸ
1464 2277 1513 2312 τῆς
1526 2276 1598 2309 ὁδοῦ,
1615 2277 1712 2312 μαθὼν
1729 2279 1795 2312 παρὰ

1009 2323 1055 2350 τοῦ
1067 2322 1244 2359 [γενομένου]
1258 2323 1305 2349 καὶ
1318 2323 1442 2358 ὁρμήσας
1461 2323 1506 2348 ἐπὶ
1520 2322 1569 2358 τὴν
1584 2322 1642 2348 τῶν
1656 2324 1795 2358 μαρτύρων

1010 2369 1084 2400 θέαν,
1100 2369 1136 2400 ὼς
1153 2368 1199 2394 ἐπὶ
1216 2368 1264 2403 τῆς
1277 2369 1328 2403 γῆς
1343 2369 1428 2404 χαμαὶ
1444 2368 1560 2403 κείμενα.
1571 2367 1607 2394 τὰ
1627 2368 1683 2394 τῶν
1701 2369 1795 2404 μαρτῷ

1010 2422 1065 2450 ρων
1090 2414 1220 2441 ἐθεάσατο
1245 2413 1368 2449 σώματα,
1397 2414 1486 2449 χαρᾶς
1514 2413 1643 2448 ἔμπλεως
1671 2414 1793 2449 γεγονὼς.

1010 2461 1118 2496 ἑκάστῳ
1136 2460 1339 2496 περιπλέκεται,
1357 2461 1488 2496 φιλήματι
1509 2461 1572 2492 τοὺς
1588 2460 1696 2492 πάντας
1717 2462 1794 2488 ἀστα-

1011 2507 1133 2542 ζόμενος.
1160 2507 1220 2533 Ἔτι
1245 2507 1274 2533 δὲ
1295 2506 1374 2533 τοῦτο
1394 2507 1550 2542 πράττοντα
1575 2507 1752 2539 συλλαϐόπες
1773 2508 1794 2533 οἱ

1010 2550 1065 2577 τῶν
1087 2550 1173 2585 φόνων
1193 2551 1310 2578 διάκονοι
1334 2551 1503 2586 προσάγουσι
1518 2551 1556 2586 τῷ
1574 2552 1698 2587 ἄρχοντι.
1725 2552 1751 2579 '0
1770 2552 1795 2578 ἃ

1011 2596 1146 2624 ἀκόλουθα
1165 2598 1197 2632 τῇ
1216 2597 1373 2633 προαιρέσει
1395 2597 1498 2631 τελῶν,
1515 2598 1614 2633 μακρῷ
1637 2599 1685 2625 καὶ
1712 2599 1795 2626 τοῦτον

1012 2643 1080 2678 πυρὶ
1094 2642 1284 2678 παραδίδωσιν.
1307 2642 1386 2669 Οὕτω
1408 2643 1478 2678 δῆτα
1492 2645 1541 2671 καὶ
1568 2644 1714 2678 Ἰουλιανὸς
1729 2653 1795 2679 σκιρ-

1011 2730 1070 2771 n_eri
1081 2731 1177 2771 debeat
1189 2739 1200 2771 _:
1217 2735 1297 2766 atque
1313 2731 1339 2758 id
1359 2731 1406 2771 hic
1422 2733 1477 2760 dici
1489 2733 1572 2771 credo
1587 2735 1739 2770 τριγσνεῑας
1751 2743 1794 2771 ςα-

1011 2766 1093 2804 τέραρ
1106 2765 1230 2794 Valesius
1241 2765 1338 2804 tamen
1355 2768 1435 2804 aliter
1450 2769 1543 2804 vertit.
1562 2765 1734 2804 quéd'tertid
1742 2770 1792 2803 jam

1011 2801 1220 2872 ἒεζρὲεείιέροιεε
1235 2802 1339 2829 haberet
1354 2811 1364 2829 :
1379 2803 1427 2831 sed
1448 2803 1502 2832 hoc
1526 2801 1656 2833 Straboni
1676 2801 1794 2833 scribitur
