1865 3042
79 116 160 144 1349

660 116 843 145 EXPOSITIO
861 117 893 144 ΙΝ
915 117 991 146 AC'I‘.
1014 117 1136 147 APOST.

1638 123 1708 151 I550

76 173 143 200 τῶν
162 173 210 200 καὶ
232 173 448 209 ὐπεραλλόμενος
464 174 569 211 μεγάλῃ
585 176 619 210 τῇ
639 177 725 210 φωνῇ,
739 175 778 210 τῷ
797 176 858 211 τηλι

944 184 1010 204 enus
1032 185 1065 204 ex
1087 178 1273 213 Cappadocia;
1299 179 1389 213 quoad
1412 187 1503 207 mores
1521 188 1587 208 vero
1610 181 1705 216 plenus

77 219 192 245 κούτων
207 219 287 246 αὑτὸν
303 220 412 253 ἀγαθῶν
423 220 568 252 ἀξιώσαντι
580 220 638 256 Θεῷ
654 221 767 257 χάριτας
779 221 875 257 ὁμολο-

926 222 1024 256 pietate
1038 230 1069 249 ac
1082 223 1177 257 plenus
1193 223 1254 255 fide,
1272 224 1312 250 vir
1332 230 1490 252 mansuetus
1508 230 1589 260 atque
1603 227 1705 254 discre—

76 264 156 298 γῶν,
173 265 319 301 μαρτύρων
339 266 367 292 ὲν
380 267 469 301 χοροῖς
484 266 693 300 ἀνελαμϐάνετο.
712 264 765 292 Ἦν
778 266 808 292 δὲ
828 276 861 293 κα

944 276 980 302 is,
997 269 1136 297 studiosus
1157 269 1183 296 in
1205 269 1342 302 omnibus.
1365 274 1392 297 et
1411 269 1528 305 Spiritus
1543 272 1628 300 sancti
1639 281 1705 300 sua-

77 306 176 342 οὗτος,
191 309 220 336 τὸ
238 311 286 345 μὲν
299 311 377 344 γένος
389 311 437 345 τῆς
449 311 651 343 Καππαδοκῶν,
667 311 711 338 τὸν
725 311 752 338 δὲ
765 311 873 348 τρόπον,

926 314 1009 340 vitate
1024 314 1159 346 redolens,
1178 322 1265 350 coque
1278 315 1376 350 dignus
1390 315 1477 344 factus
1495 317 1541 344 tali
1554 324 1615 344 cum
1627 317 1706 345 beato

77 357 197 392 πλήρης
215 357 263 392 μὲν
285 357 443 388 εὐλαϐείας,
467 357 573 392 πλήρης
595 357 624 384 δὲ
646 357 772 388 πίστεως,
791 358 861 393 πρᾷο

944 359 1069 393 ’amphilo
1082 360 1172 390 exitus
1184 361 1347 395 martyrialis
1363 368 1474 389 corona.

78 405 158 440 ἀνὴρ
171 405 217 432 καὶ
231 405 354 440 ἐπιεικής
364 413 370 419 ·
384 405 419 431 τά
430 413 459 431 τε
473 404 540 431 ἄλλα
555 404 706 436 σπουδαῖος,
734 404 780 431 καὶ
796 405 883 431 πνέων
900 406 1014 438 εὐωδίας
1028 407 1105 441 ἁγίου
1131 407 1297 443 Πνεὺματος,
1323 408 1447 436 τοσοῦτον
1466 410 1588 442 συνοδίας
1609 411 1704 445 etiam;

81 453 138 478 σὺν
151 451 190 487 τῷ
205 453 330 487 μακαρίῳ
344 451 477 486 Παμφίλῳ
491 450 539 485 τῆς
554 450 600 476 τοῦ
614 449 761 485 μαρτυρίου
777 450 930 483 τελεώσεως
945 452 1056 488 ἠξιώθη.

123 499 173 525 lZ’.
198 498 258 524 Ἐπὶ
270 497 400 533 τέτταρας
414 497 446 532 δὴ
457 497 564 532 ἡμέρας
581 495 714 527 τοσαύτας
729 505 759 522 τε
774 495 873 528 νύκτας

80 544 236 580 προστάξει
252 544 299 570 τοῦ
313 542 487 578 Φιρμιλιανοῦ
507 542 540 569 τὰ
556 541 675 576 πανάγια
692 541 804 577 σώματα
819 541 872 568 τῶν

78 590 135 617 ’τοῦ
153 590 219 617 Θεοῦ
245 589 388 625 μαρτύρων
411 589 475 626 βορὰ
498 590 553 620 τοῖς
576 588 751 624 σαρκοϐόροις
770 588 873 624 θηρίοις

79 634 216 666 ἐξέκειτο.
238 634 281 665 Ὠς
301 633 330 660 δὲ
351 634 426 660 οὐδὲν
447 634 537 666 αὐτοῖς
553 634 676 670 προσῄει,
693 634 723 660 οὺ
745 633 807 668 θὴρ,
822 634 872 660 οὐκ

79 679 192 714 ὄρνεον,
208 679 238 706 οὐ
253 680 335 711 κύων,
349 679 378 712 ἐξ
393 679 545 714 οἰκονομίας
564 679 642 711 Θεοῦ,
658 678 800 713 λειφθέντα
817 678 872 705 σῶα

80 725 135 752 καὶ
150 725 265 760 ἀϐλαϐῆ,
281 725 332 760 τῆς
346 725 536 761 προσηκούσης
549 725 633 759 τιμῆς
646 725 693 751 καὶ
703 724 812 759 κηδείας
824 723 871 750 λα-

79 771 181 806 χόντα,
203 772 236 807 τῇ
255 771 363 807 συνήθει
387 772 519 807 παρεδόθη
537 772 619 806 ταφῇ,
635 770 706 798 ναῶν
720 770 803 801 οἴκοις
820 778 870 796 πε-

81 816 229 851 ρικαλλέσι
243 817 417 848 ἀποτεθέντα,
439 818 467 844 ὲν
489 818 571 852 ἱεροῖς
589 825 618 843 τε
635 815 868 852 προσευκτηρίοις,

960 497 1042 525 XVII.
1062 497 1240 527 Sanctissima
1259 506 1353 526 eorum
1374 506 1498 534 corpora,
1520 500 1554 527 de
1578 501 1703 528 mandato

926 542 1085 576 Firmiliani,
1105 551 1153 578 per
1170 544 1228 571 dies
1248 548 1365 578 quatuor
1378 543 1542 578 totidemque
1557 549 1650 571 noctes
1660 545 1702 578 ja-

925 594 1050 622 cuerunt.
1068 589 1186 617 ferarum
1209 589 1411 617 carnivorarum
1431 589 1557 617 dentibus
1571 591 1702 625 exposita.
1749 616 1753 621 ,

923 634 992 662 Cum
1002 642 1066 662 vero
1078 635 1150 662 nulla
1168 642 1255 670 neque
1268 635 1323 662 fera
1335 642 1423 670 neque
1438 635 1556 662 volueris
1571 639 1618 662 aut
1628 636 1703 663 canis

923 682 1078 716 quisquam,
1101 688 1149 716 per
1173 680 1221 707 Dei
1239 681 1454 716 dispositionem,
1468 688 1500 708 ea
1517 680 1701 716 contingeret;

923 727 1026 761 integra
1045 727 1091 754 illa
1108 731 1189 761 atque
1202 726 1303 754 intacta
1316 726 1420 758 relicta,
1438 733 1558 761 congruo
1573 733 1634 754 cum
1655 727 1703 754 ho-

923 779 989 800 nore
1009 776 1036 799 et
1052 780 1128 804 cura,
1150 777 1287 800 consuetae
1303 773 1449 807 sepulturae
1462 777 1525 800 sum
1538 773 1645 806 tradita,
1660 780 1703 799 rc-

924 818 1067 852 positaque
1079 818 1134 853 (42)
1152 818 1179 845 in
1197 818 1295 846 aedium
1317 825 1456 846 sacrarum
1472 818 1660 852 pulcherrimis
1676 824 1702 844 (Ι.

80 863 127 893 είς
143 862 273 898 ἄλληκτον
288 863 396 899 μνήμην
409 862 449 898 τῷ
460 863 505 890 τοῦ
520 862 587 888 Θεοῦ
605 862 661 897 λαῷ
674 862 806 898 τιμᾶσθαι
821 871 859 888 πα

944 863 1048 890 ratoriis
1070 863 1183 895 sanctis,
1203 863 1230 890 in
1248 867 1405 898 perpetuam
1422 863 1581 890 memoriam
1596 863 1642 890 Dei
1655 871 1704 898 po-

81 908 261 944 ραδεδομένα.

121 997 179 1032 (42)
200 996 280 1024 Deest
288 997 344 1024 haec
354 996 475 1024 clausula
488 997 514 1023 in
530 996 650 1023 Historia
662 1004 670 1023 :
682 1004 764 1032 quam
777 1000 866 1032 tamen

81 1030 205 1059 Eusebio
218 1032 374 1066 abjudieare
387 1032 453 1058 nihil
464 1039 514 1059 nos
527 1032 609 1066 cogit.
625 1031 672 1066 qui
689 1031 775 1058 Vitam
788 1030 869 1057 Pam-

80 1067 151 1101 phili
167 1075 243 1101 aeque
255 1075 287 1094 ac
298 1066 446 1093 Historiam
457 1067 661 1093 ecclesiasticam
674 1066 792 1100 scripsit,
805 1073 867 1093 cum

77 1102 141 1136 jam
158 1102 352 1130 Constantinus
370 1102 429 1137 lege
449 1102 502 1129 lata
521 1102 690 1136 permisisset
705 1101 868 1128 Christianis

926 908 990 942 pulo
1004 907 1038 935 ad
1052 908 1184 936 honorem
1199 909 1272 936 data.

920 996 1098 1032 sacrasazdes
1115 997 1240 1028 condere,
1261 1001 1288 1024 et
1303 1001 1453 1032 martyrum
1473 1004 1587 1032 corpora
1603 997 1642 1023 eis
1658 996 1700 1023 in—

919 1030 999 1058 ferre.
1014 1030 1042 1058 Si
1059 1032 1121 1066 quis
1134 1036 1226 1058 tamen
1248 1032 1325 1058 malit
1345 1030 1402 1059 haEc
1417 1032 1452 1058 ab
1467 1030 1625 1059 alio‘addita
1639 1039 1701 1059 cre-

918 1066 991 1099 dere,
1008 1067 1089 1093 nolim
1102 1066 1126 1094 ei
1142 1067 1282 1101 operosius
1294 1067 1489 1094 contradicere.
1691 1080 1694 1084 -

654 1286 1017 1353 ΕΚΘΕΣΙΣ
1047 1279 1109 1318 (⁵³)

294 1408 615 1454 ΚΕΦΑΛΑΙΩΝ
632 1407 744 1451 ΤΩΝ
771 1401 1032 1450 ΠΡΑΞΕΩΝ
1059 1406 1170 1449 ΤΟΥ
1195 1405 1493 1450 ΠΛΜΦΙΛΟΥ

575 1587 834 1644 SANCTI
889 1584 1228 1643 PAMPHILI

795 1695 1002 1728 MARTYRIS

181 1788 512 1838 EXPOSITIO
549 1788 813 1836 CAPITUM
859 1786 1100 1832 ACTUUM
1137 1781 1602 1831 APOSTOLORUM.

568 1884 714 1919 lmerprete
734 1883 764 1911 V.
782 1883 812 1910 C.
835 1883 970 1910 Rernarda
983 1882 1015 1909 de
1032 1881 1212 1916 Mautfaucon.

125 2044 174 2071 Ἕκ
189 2042 316 2078 Πατὲρων
338 2040 419 2076 ἡμεῖς
441 2040 488 2067 καὶ
510 2038 674 2066 διδασκάλων
694 2037 739 2064 τὸν
763 2037 861 2072 τρόπον

949 2036 1036 2069 Quam
1062 2042 1076 2061 a
1101 2034 1227 2062 Patribus
1251 2039 1277 2061 ct
1297 2033 1454 2061 doctoribus
1469 2033 1562 2059 utilem
1580 2031 1693 2059 formam

81 2091 133 2119 καὶ
155 2089 200 2116 τὸν
225 2088 308 2115 τύπον
332 2085 510 2121 ὠφελημένοι,
539 2084 714 2120 ἐγχειροῦμεν
749 2083 865 2118 μετρίως

81 2137 149 2172 τῇδε
169 2134 222 2161 τῶν
243 2133 394 2168 κεφαλαίων
408 2130 523 2162 ἐκθέσει,
540 2129 676 2160 αἰτοῦντες
701 2126 865 2162 συγγνώμην

82 2180 249 2218 προπετείας
264 2179 344 2214 ἡμεῖς
364 2178 387 2204 οἱ
401 2177 454 2203 νέοι
467 2176 554 2212 χρόνῳ
568 2184 597 2201 τε
609 2174 664 2211 (Μ)
676 2174 723 2200 καὶ
737 2172 864 2218 μαθημα-ι

79 2217 148 2259 των,
160 2226 271 2252 ὲκάστου
281 2223 334 2250 τῶν
345 2221 582 2256 ἀναγινωσκόντων
590 2220 654 2254 εὐχῇ
667 2219 699 2254 τῇ
709 2218 778 2253 ὑπὲρ
787 2217 864 2253 ἡμῶν

79 2261 134 2310 τὴν
158 2270 364 2307 συμπεριφορὰν
391 2267 574 2303 κομιζόμενοι.
617 2264 795 2300 Ἐκτιθέμεθα
818 2262 864 2290 οὖν

81 2319 170 2354 αὐτὴν
182 2318 242 2345 καθ’
255 2316 374 2352 ἱστορίαν
385 2315 476 2341 Λουκᾶ
488 2311 676 2347 εὐαγγελιστοῦ
689 2311 735 2337 καὶ
750 2319 865 2346 συγγρα-

81 2366 166 2401 φέως.
182 2362 330 2399 Τοιγαροῦν
343 2360 386 2387 διὰ.
398 2360 446 2395 μὲν
461 2359 507 2386 τοῦ
520 2359 591 2393 ἄλφα
605 2358 652 2384 καὶ
666 2356 733 2392 βῆτα
747 2356 802 2391 (45)
816 2357 864 2383 αὑ-

81 2410 179 2445 τοτελῆ
193 2410 227 2436 τὰ
243 2408 385 2443 κεφάλαια,
402 2405 446 2432 διὰ
463 2405 491 2431 δὲ
504 2405 551 2431 τοῦ
563 2403 725 2438 ἀστερίσκου
742 2401 798 2437 (46)
815 2402 864 2433 τὰς

81 2459 113 2485 ὲν
128 2457 204 2492 μέρει
220 2454 320 2486 τούτων
336 2451 466 2488 ἐχομένας
479 2449 678 2486 ὑπώιαιρέσεις
695 2448 863 2483 ὲσημειωσά-

83 2501 166 2538 μεθα.

120 2567 176 2602 (ίῦ)
196 2566 272 2594 Hanc
281 2565 387 2592 ἔκθεσιν
397 2563 448 2602 suh
459 2561 580 2602 Eutlialit:
595 2559 734 2602 sulcensis
745 2558 864 2602 episcopi

82 2593 194 2632 nomine
210 2602 348 2628 desinente
363 2599 461 2627 saeculo
478 2596 644 2632 prmcedente
659 2594 780 2622 ediderat
792 2593 863 2619 Lau-

82 2639 188 2666 rentius
203 2636 353 2669 Zacagnius
368 2635 394 2660 in
413 2631 569 2669 collectione
584 2631 811 2669 Λέοηιιιηςῃιογιιηι
827 2635 865 2654 vc-

84 2663 180 2701 ἱὲὲίὶὶη.
195 2680 254 2705 pag.
271 2663 333 2702 K28,
351 2669 444 2695 Romae
457 2667 575 2705 vulgata.
593 2665 679 2705 Porro
691 2663 864 2705 _M_ontl'a|lcof

83 2697 276 2736 Hai'é’dahbh‘éin
288 2697 402 2732 contulit
412 2710 472 2730 cum
486 2697 606 2737 Romana
618 2699 775 2731 Fabricius;
787 2697 864 2732 cujus
881 2710 901 2737 ι)

105 2742 196 2768 roindc
212 2741 381 2775 collationem
399 2738 443 2764 hic
457 2736 627 2775 subiicimus.
640 2769 646 2775 _
771 2768 778 2775 ἢ
791 2767 797 2775 Ι
830 2765 842 2771 _

84 2768 97 2839 ἑ
119 2777 174 2838 Si“)
196 2775 314 2808 Euthal.,
326 2774 428 2810 χρόνων
440 2780 468 2798 τε
481 2768 527 2798 καὶ
537 2769 704 2806 μαθημάτων
715 2768 778 2803 παρ’
787 2768 863 2802 ὑμῶν

99 2821 116 2838 κ
138 2819 210 2839 στου.

916 2085 943 2108 ct
959 2081 1067 2108 modum
1090 2080 1258 2114 accepimus,
1281 2079 1307 2105 in
1326 2079 1376 2105 hac
1392 2078 1510 2112 capitum
1527 2077 1696 2112 expositione

916 2134 964 2161 pro
988 2126 1099 2153 modulo
1125 2130 1219 2153 nostro
1242 2123 1386 2154 tradimus,
1413 2123 1573 2151 temeritatis
1596 2127 1696 2150 nostra;

915 2172 1023 2200 veniam
1035 2177 1161 2206 rogantes
1174 2178 1235 2203 nos,
1249 2170 1294 2205 qui
1305 2174 1331 2197 et
1344 2169 1433 2204 quoad
1448 2173 1555 2196 atatem
1568 2173 1594 2195 et
1605 2169 1693 2203 quoad

915 2218 1065 2245 doctrinam
1086 2217 1199 2251 juvenes
1222 2223 1327 2248 sumus,
1348 2215 1448 2250 quique
1468 2222 1501 2241 ex
1525 2213 1692 2248 singulorum

915 2263 963 2297 qui
980 2262 1037 2289 hac
1054 2261 1143 2296 legent
1160 2261 1295 2295 precibus,
1314 2259 1455 2286 utilitatem
1477 2258 1597 2293 undique
1617 2259 1694 2286 colli-

915 2314 1018 2343 gemus.
1037 2306 1112 2333 Hanc
1123 2305 1203 2341 igitur
1215 2304 1411 2339 expositionem
1422 2302 1535 2330 facimus
1544 2302 1693 2330 secundum

915 2353 1056 2381 historiam
1071 2352 1151 2379 Lucro
1165 2350 1337 2385 evangelista
1350 2353 1377 2376 et
1391 2348 1540 2383 scriptoris.
1553 2347 1604 2375 Per
1613 2347 1693 2382 alpha

915 2400 1006 2435 itaque
1022 2403 1048 2426 et
1066 2399 1123 2425 beta
1139 2397 1242 2432 integra
1255 2396 1359 2430 capita;
1373 2402 1421 2430 per
1435 2394 1595 2422 asteriscum
1608 2401 1673 2421 vero
1685 2397 1693 2403 '

915 2451 1007 2472 corum
1026 2444 1054 2470 in
1071 2447 1164 2478 partes
1181 2441 1378 2469 subdivisiones
1392 2440 1591 2467 adnotavimus.

950 2555 1005 2590 (45)
1025 2554 1076 2588 ld.,
1092 2554 1137 2581 διὰ
1151 2554 1198 2590 μὲν
1214 2553 1260 2580 τοῦ
1280 2552 1424 2588 μέλανος...
1440 2550 1483 2577 διὰ
1499 2550 1526 2576 δὲ
1539 2549 1586 2576 τοῦ
1603 2558 1691 2576 κιννα-

915 2591 1027 2617 ϐάρεως.

948 2599 1221 2660 ἴίὲἱςᾈειθτῑεοονυῐη
1245 2622 1401 2660 hujusmodi
1422 2625 1493 2648 notat
1515 2620 1622 2660 penitus
1644 2620 1691 2659 ah-

914 2655 978 2687 sunt
991 2655 1006 2685 ἐι
1022 2658 1189 2686 Coisliniano
1204 2655 1307 2686 codice.
1326 2657 1397 2684 unde
1411 2656 1572 2690 opusculum
1588 2655 1692 2681 descri—

916 2695 1020 2729 psimus
1033 2703 1038 2720 :
1052 2694 1114 2727 quia
1127 2693 1249 2720 asterisci
1262 2699 1331 2729 quos
1347 2691 1503 2729 Pamphilus
1515 2690 1690 2729 initioascri-

935 2733 1016 2760 serat,
1041 2724 1211 2755 librariorum
1237 2724 1379 2754 oscitantia
1408 2724 1501 2760 postea
1526 2724 1691 2760 exciderant.

928 2765 969 2791 ied
991 2764 1131 2791 commode
1148 2762 1270 2795 contigit,
1290 2767 1318 2787 ut
1341 2759 1458 2795 suppleri
1477 2761 1513 2787 illi
1531 2759 1693 2795 potuerinta

916 2799 1008 2827 codice
1021 2797 1158 2826 Vaticano.
1174 2797 1364 2824 Momraucou.
