1865 3042
149 124 211 152 1551

132 210 209 264 'post
225 230 470 264 resurrectionem)
484 234 512 257 et
526 229 559 256 de
582 229 750 264 apparitione
772 229 806 255 ad
826 234 935 263 aposto-

147 277 198 308 los,
229 277 316 312 deque
342 277 525 312 promissione
549 276 613 303 doni
637 275 754 310 Spiritus
775 276 879 309 sancti;
902 276 935 302 de

147 323 239 357 specie
255 327 281 350 et
295 323 376 350 modo
389 322 587 357 assumptionis
602 321 714 348 Christi.

186 368 218 395 ll.
239 368 311 395 Petri
333 369 459 404 dialogus
478 368 512 395 ad
532 367 680 402 discrpulos
697 368 731 394 de
749 371 834 395 morte
851 372 878 394 et
893 375 934 394 re-

149 413 310 448 probatione
324 413 417 447 Judae;
434 414 480 440 ubi
497 418 523 441 et
539 413 572 440 de
588 413 761 447 cooptatione
771 413 890 441 Matthiae
906 414 933 440 in

149 460 208 494 ejus
221 459 322 492 locum,
340 460 385 495 qui
401 464 473 488 sorte
487 461 589 488 electus
599 466 641 488 est
653 461 738 497 gratia
751 460 798 488 Dei
811 469 860 496 per
874 469 934 488 ora-

149 506 261 533 tionem.

185 551 228 578 lll.
250 551 288 579 De
303 551 396 579 divino
409 553 496 580 sancti
514 552 633 588 Spiritus
647 553 765 581 adventu
780 554 813 581 ad
826 561 873 581 eos
886 553 933 588 qui

149 598 331 631 crediderant,
356 599 383 625 in
406 599 450 626 die
471 598 661 633 Peutecostes;
679 600 723 627 ubi
742 604 768 627 et
778 599 850 627 Petri
865 604 934 627 cate-

149 645 250 678 chesis,
268 650 295 672 et
313 645 372 673 ioca
393 654 425 672 ex
442 646 582 680 prophetis
600 647 634 674 de
651 647 787 681 passione.
809 654 933 674 resurre-

149 691 239 718 ctione
256 696 283 719 et
298 691 484 726 assumptione
501 691 622 725 Christi;
643 692 677 719 de
695 692 767 719 dono
786 692 849 719 item
872 692 934 727 Spi-

148 739 219 766 ritus
234 738 331 766 sancti.
347 737 384 765 De
405 738 456 764 {ide
473 739 645 772 prtesentium
666 743 692 766 et
708 739 740 766 de
758 739 846 766 salute
861 739 934 774 ipso-

150 792 208 811 rum
240 791 289 819 per
318 783 493 818 baptismum.
526 785 564 812 De
592 785 738 812 concordia
766 785 825 811 utili
851 789 877 812 et
900 785 934 812 de

148 830 316 858 incremento
333 829 463 857 ﬁdelium.

184 918 229 946 ιν.
251 918 288 946 De
314 918 455 946 curatione
482 919 508 945 in
535 912 645 946 Christo
670 918 730 953 ejus
756 919 803 954 qui
823 919 857 946 ab
874 924 935 946 ortu

150 965 264 993 claudus
288 969 355 992 erat.
379 965 417 992 De
442 965 516 992 Petri
543 965 689 997 catechesi,
717 964 762 991 ubi
787 964 933 1000 redarguit,

150 1011 316 1045 compatitur
334 1015 361 1038 et
376 1011 411 1038 ad
426 1011 542 1038 salutent
560 1011 607 1038 dat
617 1011 740 1038 consilia.
755 1009 824 1038 Hinc
837 1012 935 1038 adven-

150 1062 194 1084 tus
209 1056 382 1083 sacerdotum
399 1064 432 1083 ex
449 1057 488 1083 rei
503 1063 586 1092 gestae
602 1056 697 1088 livore,
715 1060 742 1083 et
756 1055 888 1090 judicium
899 1056 936 1082 de

150 1103 294 1134 miraculo,
308 1102 435 1138 Petrique
448 1102 586 1130 confessio
603 1103 677 1130 circa
691 1101 795 1129 Christi
808 1103 934 1130 virtutem

149 1154 177 1176 et
192 1150 317 1184 gratiam.
342 1148 381 1176 De
405 1148 552 1176 incredulis
569 1149 739 1176 sacerdotum
756 1149 934 1184 principibus,

150 1195 370 1230 praecipientibus
384 1202 440 1221 non
455 1199 580 1230 oportere
591 1195 618 1221 in
631 1195 742 1222 nomine
753 1195 855 1222 Christi
869 1203 935 1223 con-

150 1241 264 1268 ﬁdenter
276 1248 365 1276 agere,
383 1245 409 1268 et
423 1241 457 1268 de
468 1241 644 1268 renovatione
658 1241 853 1276 apostolorum.
867 1242 935 1269 Gra-

150 1288 250 1315 tiarum
264 1287 335 1314 actio
349 1286 477 1315 Ecclesia:
493 1295 542 1322 pro
559 1287 629 1314 lidcli
641 1287 826 1322 apostolorum
841 1295 934 1322 perse-

150 1334 283 1362 verantia.

186 1380 218 1407 V.
239 1380 277 1407 De
293 1380 416 1407 unanimi
447 1384 475 1407 et
491 1379 631 1407 communi
646 1386 782 1407 consensu
796 1379 932 1413 ﬁdelium;

151 1425 197 1453 ubi
218 1425 251 1453 de
274 1425 379 1452 Anania
405 1431 432 1452 et
451 1424 594 1460 Sappbira,
614 1432 646 1452 ac
667 1424 700 1453 de
722 1425 819 1452 acerba
838 1432 933 1452 eorum

149 1475 246 1499 morte.

187 1517 229 1545 Vl.
251 1516 329 1550 Quod
345 1517 484 1552 apostolos
499 1517 525 1544 in
543 1524 681 1544 carcerem
698 1516 836 1552 coniectos
852 1524 933 1552 ange-

149 1563 192 1590 lus
206 1563 312 1590 Domini
329 1567 412 1590 noctu
432 1562 566 1594 eduxerit,
583 1562 742 1597 praecipiens
759 1567 789 1590 ut
809 1562 867 1590 sine
883 1563 934 1590 im—

149 1610 303 1644 pedimento
315 1608 408 1636 Jesum
419 1609 606 1643 praedicarent.
620 1608 689 1636 Iiinc
699 1609 772 1643 quod
783 1609 934 1644 insequenti

149 1657 192 1683 die
203 1656 374 1682 sacerdotum
389 1655 526 1690 principes
540 1656 614 1690 ipsos
632 1663 742 1682 rursum
758 1658 935 1690 comprehen-

150 1709 206 1733 ses,
218 1707 248 1728 ut
259 1709 313 1728 non
325 1701 395 1728 ultra
406 1701 663 1736 docerent,ﬂagcllis
674 1709 760 1728 cccsos
770 1701 932 1729 dimiserint.

149 1747 307 1774 Camalielis
334 1754 418 1782 sagax
446 1747 579 1774 sententia
607 1747 680 1774 circa
707 1748 846 1782 apostolos
871 1757 933 1776 cum

149 1792 280 1826 exemplis
296 1791 457 1826 quibusdam
471 1795 498 1819 et
511 1791 798 1820 demonstrationibus.

185 1837 241 1865 Vll.
262 1837 299 1865 De
313 1838 483 1865 ordinatione
498 1842 600 1872 septem
614 1838 800 1866 diaconorum.

186 1882 254 1910 Vill.
274 1882 428 1911 Judaeorum
444 1883 591 1910 commotio
607 1887 634 1910 et
648 1885 823 1919 sycophantia
839 1891 932 1913 contra

150 1929 329 1965 Stephanum.
345 1929 447 1957 Concio
459 1929 580 1964 ejusdem
591 1929 625 1957 de
637 1934 799 1957 testamento
811 1930 857 1958 Dei
871 1939 932 1958 cum

149 1975 305 2001 Abrahamo
325 1977 352 2001 et
371 1974 512 2001 duodecim
529 1974 708 2008 patriarchis;
730 1974 775 2002 ubi
797 1975 830 2002 de
850 1975 932 2009 fame,

149 2020 279 2055 frumenti
301 2020 449 2055 emptione,
476 2024 504 2047 et
525 2020 559 2047 de
587 2020 649 2047 liliis
676 2019 759 2048 Jacob
782 2029 811 2048 se
838 2026 934 2049 mutuo

149 2054 374 2099 agnoscentibus;
394 2065 428 2093 de
450 2070 513 2093 ortu
536 2065 647 2101 Moysis,
664 2071 692 2094 et
711 2067 745 2094 de
764 2067 934 2102 apparitione

149 2111 195 2138 Dei
213 2110 247 2138 ad
268 2110 387 2146 Moysem
405 2110 475 2138 facta
496 2111 523 2137 in
548 2116 640 2138 monte
663 2111 743 2144 Sina;
760 2111 794 2138 de
814 2112 886 2139 exitu
907 2117 934 2140 et

148 2158 225 2184 vituli
238 2157 342 2185 fabrica
358 2165 373 2184 a
387 2157 450 2185 ﬁliis
469 2157 550 2185 Israel
566 2166 651 2193 usque
664 2158 698 2184 ad
716 2162 836 2193 tempora
854 2159 932 2186 Salo-

751 123 779 149 S.
801 122 962 149 PAMPHILI
983 122 1028 149 MA
1035 123 1159 150 RTYRIS

183 185 202 211 l.
228 184 266 212 De
291 184 416 212 doctrina
434 183 534 210 Christi
556 191 589 211 ex
609 183 809 210 resurrectione
834 182 877 217 (id
895 188 932 209 est

1020 183 1059 209 Δ¹.
1081 184 1148 219 Περὶ
1162 184 1211 220 τῆς
1225 184 1253 216 ὲξ
1270 185 1444 216 ἀναστάσεως
1462 181 1647 212 διδασκαλίας
1667 180 1777 216 Χριστοῦ

1719 121 1781 147 1532

987 229 1034 256 καὶ
1050 229 1181 261 ὀπτασίας
1197 230 1264 266 πρὸς
1281 231 1344 262 τοὺς
1359 230 1495 265 μαθητὰς,
1516 230 1565 255 καὶ
1581 228 1647 263 περὶ
1662 228 1777 260 ἐπαγγε-

986 275 1046 306 λίας
1058 276 1106 311 τῆς
1120 275 1167 301 τοῦ
1188 276 1265 310 ἁγίου
1293 276 1451 311 Πνεύματος
1466 275 1577 309 δωρεᾶς
1587 283 1594 289 ·
1609 273 1677 304 θέας
1690 280 1719 298 τε
1735 272 1777 298 καὶ

985 321 1086 356 τρόπου
1101 322 1150 356 τῆς
1168 321 1325 357 ἀναλήψεως
1341 322 1387 348 τοῦ
1404 321 1526 357 Χριστοῦ
1540 320 1609 355 (Π).

1024 367 1060 392 B'.
1073 367 1176 402 Πέτρου
1191 367 1313 402 διάλογος
1324 368 1391 403 πρὸς
1403 368 1467 399 τοὺς
1482 366 1705 402 μαθητευθὲντας
1716 366 1775 401 περὶ

984 413 1099 439 θανάτου
1113 413 1158 438 καὶ
1172 413 1305 448 ἀποϐολῆς
1315 413 1370 449 (18)
1390 413 1476 439 Ἰούδα
1485 421 1492 426 ·
1504 409 1582 445 ’ὲνῷ
1596 411 1661 447 περὶ
1674 411 1774 437 ἀντεισ-

985 459 1095 494 αγωγῆς
1107 458 1226 485 Ματθίου
1239 458 1424 494 κληρωθὲντος
1438 457 1533 493 χάριτι
1548 457 1617 484 Θεοῦ
1633 457 1679 483 διὰ
1693 465 1772 492 προσ-

983 505 1075 540 ευχῆς.

1020 551 1056 577 Γ¹.
1075 551 1143 586 Περὶ
1160 551 1234 583 Θείας
1246 550 1292 577 τοῦ
1308 551 1385 585 ἀγίου
1402 550 1562 586 Πνεύματος
1577 550 1772 584 ὲπιᾳοιτήσεως

984 596 1013 623 ὲν
1029 596 1120 632 ἡμέρᾳ⁴
1135 597 1335 632 Πεντηκοστῆς,
1353 596 1504 631 γενομένης
1526 596 1566 627 είς
1584 597 1650 627 τοὺς
1664 596 1770 622 πιστεύ-

985 651 1093 676 σαντας,
1110 645 1118 654 ·
1134 644 1162 670 ἐν
1178 640 1200 676 ᾧ
1213 643 1316 678 Πέτρου
1334 643 1499 678 κατήχησις,
1514 643 1523 652 ⁸
1536 642 1583 668 καὶ
1595 642 1663 677 περὶ
1680 642 1769 668 "toﬁna

984 689 1016 715 ἐκ
1030 688 1084 715 τῶν
1095 688 1251 725 προφητῶν,
1267 691 1275 699 '
1289 697 1320 714 πε
1326 688 1350 723 ρὶ
1362 689 1465 719 πάθους
1475 688 1523 714 καὶ
1537 688 1717 719 ἀναστάσεως
1730 688 1771 713 καὶ

984 735 1142 771 ἀναλήψεως
1165 735 1294 771 Χριστοῦ,
1313 735 1416 770 δωρεᾶς
1431 744 1461 762 τε
1479 735 1527 762 τοῦ
1550 734 1629 768 ἁγίου
1649 734 1771 768 Πνεῦμα-

985 790 1041 812 τος.
1056 782 1064 792 ⁹
1080 780 1149 816 Περὶ
1170 781 1286 812 πίστεως
1309 780 1362 807 τῶν
1379 780 1521 816 παρόντων
1539 780 1587 806 καὶ
1605 779 1657 815 τῆς
1670 779 1715 806 διὰ
1730 779 1773 805 τοῦ

987 825 1173 861 βαπτίσματος
1187 825 1276 852 αὐτῶν
1293 826 1438 861 σωτηρίας.
1454 827 1461 835 ⁸
1476 825 1545 860 Περὶ
1561 825 1691 860 ὁμονοίας
1704 833 1774 851 κοιν-

950 860 972 888 B
986 870 1105 906 ωφελοῦς
1124 871 1170 898 καὶ
1185 870 1342 906 προσθήκης
1354 871 1407 896 τῶν
1425 870 1621 897 πιστευόντων.

1021 918 1056 943 Δ¹.
1075 917 1142 953 Περὶ
1158 917 1207 952 τῆς
1221 917 1249 944 ἐν
1265 916 1375 952 Χριστῷ
1387 916 1537 952 θεραπείας
1551 916 1598 942 τοῦ
1614 917 1649 942 ἐκ
1663 916 1774 950 στενῆς

986 963 1081 998 χωλοῦ·
1095 963 1197 998 Πέτρου
1212 972 1241 989 τε
1255 963 1432 998 κατηχήσεως
1441 962 1613 997 ἐλεγκτικῆς,
1629 961 1774 997 συμπαθῆ-

985 1009 1075 1043 τικῆς,
1089 1008 1320 1043 πμϐουλευτικῆς
1336 1008 1404 1043 πρὸς
1417 1007 1555 1043 σωτηρίας
1571 1006 1658 1032 αὐτοῦ
1676 1006 1742 1040 (49)·
1764 1006 1772 1015 ³

986 1056 1014 1082 ὲν
1031 1051 1055 1088 ᾧ
1071 1054 1214 1081 ἐπιστασία
1228 1054 1378 1090 ἀρχιερέων
1394 1053 1466 1089 ζήλῳ
1484 1052 1530 1079 τοῦ
1549 1053 1706 1086 γεγονότος,
1731 1053 1774 1078 καὶ

986 1101 1075 1136 κρίσις
1091 1100 1138 1126 τοῦ
1157 1099 1304 1135 θαύματος,
1325 1100 1430 1135 Πέτρου
1445 1107 1474 1125 τε
1494 1098 1626 1134 ὁμολογία
1646 1098 1697 1132 τῆς
1711 1097 1775 1133 Χρι-

987 1145 1050 1173 στοῦ
1062 1145 1202 1181 δυνάμεώς
1214 1154 1244 1171 τε
1264 1146 1310 1172 καὶ
1329 1145 1448 1181 χάριτος.
1465 1147 1472 1155 ‘
1490 1145 1559 1180 Περὶ
1579 1143 1705 1170 ἀπίστων
1721 1143 1774 1178 (50)

985 1191 1135 1228 ἀρχιερέων
1148 1191 1379 1227 προσταττόντων,
1391 1191 1429 1222 ὡς
1443 1191 1472 1217 οὒ
1484 1189 1525 1216 δεῖ
1535 1188 1775 1225 παρρησιάζεσθαι

985 1239 1032 1265 ἐπὶ
1056 1238 1094 1273 τῷ
1107 1238 1218 1273 ὀνόματι
1235 1237 1353 1273 Χριστοῦ
1369 1237 1436 1273 (Si),
1456 1235 1503 1263 καὶ
1524 1235 1705 1266 ἀνανεώσεως
1722 1234 1774 1268 (ΒΞ)

985 1284 1038 1312 τῶν
1053 1284 1219 1311 ἀποστόλων.
1244 1285 1253 1294 “
1267 1284 1434 1319 Εὐχαριστία
1456 1282 1510 1309 ἀπὸ
1531 1282 1584 1317 τῆς
1613 1281 1775 1316 Ἐκκλησίας

986 1330 1056 1366 ὑπὲρ
1067 1331 1116 1366 τῆς
1125 1330 1178 1357 τῶν
1190 1330 1344 1356 ἀποστόλων
1359 1325 1458 1364 πιστῆς
1475 1329 1637 1364 καρτερίας.

1020 1376 1057 1402 E'.
1078 1375 1146 1410 Περὶ
1170 1374 1305 1410 ὁμοψύχου
1322 1374 1369 1400 καὶ
1386 1373 1533 1408 καθολικῆς
1552 1371 1702 1403 κοινωνίας
1723 1371 1774 1398 τῶν

986 1421 1187 1448 πιστευσάντων
1197 1429 1203 1435 ·
1223 1422 1231 1430 “
1246 1422 1274 1446 ὲν
1326 1421 1391 1454 περὶ
1418 1418 1540 1446 Ἀνανίου
1556 1418 1604 1445 καὶ
1617 1417 1774 1452 Σαπφείρας

985 1467 1031 1494 καὶ
1045 1467 1095 1502 τῆς
1112 1467 1214 1502 πικρᾶς
1229 1465 1318 1492 αὐτῶν
1332 1464 1468 1499 τελευτῆς.

1025 1513 1060 1546 ς’
1076 1512 1136 1539 Ὅτι
1153 1512 1216 1543 τοὺς
1233 1511 1396 1541 ἀποστόλους
1413 1509 1600 1545 ὲμὸληθέντας
1618 1511 1649 1535 ὲν
1670 1509 1709 1544 τῷ
1734 1509 1773 1535 δέ·

988 1557 1134 1593 σμωτηρίῳ
1146 1559 1160 1584 ό
1171 1557 1283 1592 ἄγγελος
1298 1556 1400 1592 Κυρίου
1414 1556 1521 1590 νύκτωρ
1537 1555 1656 1589 ἐξέωσεν
1667 1556 1773 1592 ἐπιτρέ-

985 1605 1039 1639 ψας
1053 1603 1198 1636 ἀκωλύτως
1213 1603 1361 1639 κηρύσσειν
1375 1602 1421 1628 τὸν
1442 1601 1558 1636 Ἰησοῦν·
1580 1603 1589 1612 ”
1603 1603 1634 1629 ἐν
1688 1603 1730 1628 ὅτι
1745 1603 1774 1637 τῇ

986 1650 1049 1685 ἑξῆς
1061 1650 1085 1676 οί
1100 1650 1238 1685 ἀρχιερεῖς
1255 1649 1353 1679 αὐτοὺς
1372 1648 1452 1675 πάλιν
1469 1648 1679 1683 συλλαϐόμενοι,
1696 1649 1740 1682 ἐφ’
1755 1645 1774 1681 ᾧ

988 1694 1085 1730 μηκέτι
1104 1694 1249 1725 διδάσκειν,
1276 1693 1452 1729 μαστίξαντες
1475 1692 1627 1719 ἀπέλυσαν.
1645 1694 1653 1702 “
1682 1693 1775 1727 Γαμα-

985 1740 1076 1775 λιήλου
1093 1739 1190 1775 γνώμη
1211 1739 1292 1774 πιστὴ
1309 1738 1373 1774 περὶ
1394 1737 1561 1769 ἀποστόλων,
1588 1737 1661 1772 μετά
1685 1746 1775 1773 παρα-

984 1785 1135 1821 δειγμάτων
1147 1784 1228 1812 τινῶν
1245 1784 1292 1811 καὶ
1304 1784 1474 1817 ἀποδείξεων.

1020 1831 1057 1857 Ζ’.
1075 1830 1142 1866 Περὶ
1155 1829 1320 1865 χειροτονίας
1331 1828 1385 1855 τῶν
1403 1829 1473 1855 ἐπτά
1489 1829 1631 1856 διακόνων.

1020 1887 1060 1914 Π¹.
1090 1887 1222 1914 Ἰουδαίων
1245 1885 1428 1917 ἐπανάστασις
1448 1885 1496 1912 καὶ
1514 1886 1685 1920 συκοφαντία
1707 1886 1776 1913 κατᾶ

985 1932 1129 1967 Στεφάνου,
1138 1931 1219 1958 αὑτοῦ
1228 1940 1256 1958 τε
1264 1931 1418 1966 δημηγορία
1426 1939 1459 1956 πε
1464 1931 1492 1966 pi.
1503 1930 1554 1965 τῆς
1563 1931 1633 1966 πρὸς
1651 1931 1778 1967 Ἀϐραὰμ

984 1976 1116 2012 διαθήκης
1137 1976 1183 2002 τοῦ
1199 1975 1265 2002 Θεοῦ
1289 1976 1336 2002 καὶ
1353 1975 1480 2011 περὶτῆς
1498 1975 1553 2001 τῶν
1578 1976 1612 2012 ιβ’
1636 1985 1775 2012 πατριαρ-

984 2023 1050 2058 χῶν·
1068 2024 1077 2033 ‘
1093 2023 1121 2048 ὲν
1140 2019 1162 2056 ᾧ
1183 2022 1216 2048 τά
1238 2021 1302 2058 περὶ
1319 2021 1365 2048 τοῦ
1383 2021 1462 2056 λιμοῦ
1480 2021 1527 2048 καὶ
1553 2022 1708 2057 πυρωνίας,
1731 2023 1776 2048 καὶ

984 2068 1192 2104 ἀναγνωρισμοῦ
1206 2068 1259 2095 τῶν
1282 2067 1347 2094 υἱῶν
1367 2067 1475 2098 Ἰακὼϐ,
1493 2068 1541 2094 καὶ
1558 2069 1626 2104 περὶ
1642 2069 1776 2103 γενέσεως

984 2115 1121 2146 Μωῡσέως
1137 2115 1184 2141 καὶ
1197 2115 1246 2150 τῆς
1259 2114 1326 2150 πρὸς
1342 2113 1422 2140 αὑτὸν
1436 2113 1556 2140 Μωῦσέα
1569 2113 1736 2148 θεοφανείας
1748 2115 1775 2140 ἐν

983 2160 1040 2196 ὄρει
1061 2159 1126 2186 Σινὰ
1144 2159 1302 2195 γενομένης·
1317 2161 1325 2169 ”
1343 2159 1407 2195 περὶ
1423 2159 1473 2194 τῆς
1489 2159 1580 2191 ἐξόδου
1609 2160 1659 2186 καὶ
1680 2169 1776 2196 μοι-χο-

149 2203 239 2230 Inonis
264 2207 291 2230 et
318 2203 411 2238 templi
433 2203 680 2236 constructionem;
709 2203 741 2230 de
760 2202 931 2231 confessione

1020 2207 1072 2238 ιῖας
1086 2206 1131 2233 τοῦ
1154 2205 1261 2242 Ἰσραὴλ
1277 2206 1339 2241 ἄχρι
1354 2206 1407 2232 τῶν
1421 2206 1524 2240 χρόνων
1547 2205 1596 2232 τοῦ
1619 2207 1775 2242 Σολομῶνος

147 2249 266 2276 cmlestis
284 2249 376 2284 gloria:
392 2247 457 2276 Iesu
474 2248 586 2281 Christi,
603 2257 664 2284 qua:
683 2249 800 2276 revelata
822 2254 864 2276 est
881 2250 932 2284 ipsi

149 2294 297 2329 Stephano,
315 2302 397 2329 super
413 2302 465 2329 qua
482 2295 618 2330 lapidatus
641 2295 698 2329 ipse
720 2294 874 2329 Stephanus
889 2295 932 2330 pie

147 2340 320 2367 obdormivit.

182 2431 228 2459 IX.
248 2431 287 2459 De
301 2432 489 2466 persecutione
505 2431 642 2464 Ecclesia),
664 2437 691 2459 et
709 2432 848 2466 sepultura
871 2432 931 2460 Ste-

147 2478 246 2512 phani;
263 2479 307 2505 ubi
322 2478 356 2505 de
366 2477 491 2512 Philippo
509 2478 642 2513 apostolo,
655 2479 701 2513 qui
717 2479 817 2506 multos
832 2487 846 2506 a
860 2486 931 2506 mor-

146 2524 188 2551 bis
201 2525 306 2551 curavit
317 2524 344 2551 in
359 2523 493 2551 Samaria.

183 2569 216 2596 x.
237 2569 275 2597 De
294 2570 404 2597 Simone
424 2569 512 2605 Mago,
533 2570 579 2604 qui
602 2569 715 2596 credidit
737 2574 763 2596 et
779 2570 932 2604 haptizatus

147 2614 198 2641 fuit
219 2622 281 2642 cum
307 2615 369 2643 aliis
394 2615 502 2648 multis;
526 2615 573 2642 ubi
598 2614 632 2642 de
656 2615 786 2642 missione
809 2615 882 2642 Petri
905 2621 932 2643 et

185 2723 239 2758 (47)
257 2724 366 2760 Eutyal.
384 2724 473 2757 addit,
490 2725 612 2760 καὶπερὶ
629 2724 679 2760 τῆς
693 2723 796 2757 ἐνδόξου
810 2724 858 2752 καὶ
869 2724 928 2753 δου-

147 2758 234 2794 τέραςν
245 2758 326 2794 αυτοῦ
341 2760 499 2794 παρουσίας.
525 2770 531 2772 ·

185 2793 239 2830 es)
256 2793 306 2830 ιιι-ι
321 2793 480 2830 ἀποςτολῆς.

185 2828 239 2860 (49)
257 2828 295 2855 Id.
301 2848 307 2857 .
321 2828 419 2855 αὐτῶν.

985 2252 1031 2278 καὶ
1045 2252 1094 2287 τῆς
1110 2251 1156 2278 τοῦ
1176 2251 1240 2278 ναοῦ
1257 2252 1438 2286 κατασκευῆς·
1454 2252 1464 2262 '
1480 2251 1611 2286 ὁμολογία
1623 2252 1678 2288 τῆς
1696 2254 1774 2289 ὑπερ-

983 2296 1107 2331 ουρανίου
1141 2296 1219 2331 δόξης
1259 2295 1346 2330 Ἰησοῦ
1379 2295 1498 2330 Χριστοῦ
1533 2295 1774 2330 ἀποκαλυφθείπς

983 2341 1056 2377 αὑτῷ
1071 2342 1207 2376 Στεφάνῳ,
1227 2342 1270 2376 ἐφ’
1333 2340 1502 2372 λιθόλευστος
1527 2340 1680 2376 γενόμενος
1698 2341 1774 2372 αὐτὸς

984 2388 1126 2423 Στέφανος,
1140 2387 1257 2419 εὐσεϐῶς
1273 2387 1414 2422 ἐκοιμήθη.

1018 2433 1056 2461 Θ¹.
1074 2434 1142 2469 Περὶ
1157 2433 1276 2468 διωγμοῦ
1290 2433 1340 2468 τῆς
1358 2432 1534 2466 Ἐκκλησίας,
1552 2433 1602 2459 καὶ
1614 2434 1706 2469 ταφῆς
1718 2434 1776 2460 Στε-

981 2478 1079 2514 φάνου·
1098 2480 1106 2489 '
1123 2479 1152 2505 ἐν
1168 2475 1190 2512 ᾧ
1205 2479 1268 2514 περὶ
1285 2478 1418 2504 Φιλίππου
1431 2478 1584 2504 ἀποστόλου
1602 2479 1719 2510 πολλοὺς
1736 2481 1774 2504 ἱα-

982 2525 1098 2560 σαμένου
1111 2525 1157 2551 ἐπὶ
1169 2526 1217 2561 τῆς
1230 2525 1398 2560 Σαμαρείας.

1017 2571 1045 2597 l’.
1066 2571 1133 2606 Περὶ
1154 2571 1276 2606 Σίμωνος
1299 2569 1346 2597 τοῦ
1374 2570 1472 2604 Μάγου
1499 2570 1704 2602 πιστεύσαντος
1729 2571 1772 2597 καὶ

983 2615 1176 2650 βαπτισθέντος
1189 2616 1237 2642 σὺν
1257 2615 1361 2652 ἑτέροις
1376 2615 1508 2643 πλείοσιν*
1527 2619 1537 2627 “
1558 2616 1590 2644 ὲν
1605 2613 1628 2651 ᾧ
1646 2617 1712 2654 περὶ
1730 2617 1775 2650 τῆς

1020 2724 1075 2794 ἕὸθ)
1096 2724 1146 2758 Id.,
1161 2725 1224 2760 περὶ
1237 2725 1350 2761 ἀπειλῆς
1364 2726 1419 2752 τῶν
1431 2727 1495 2763 ἀρχ.

1032 2760 1078 2792 51)
1097 2760 1148 2794 Id.,
1161 2761 1207 2786 ἐπὶ
1219 2760 1249 2786 τὸ
1265 2761 1348 2794 ὄνομα
1366 2761 1413 2788 τοῦ
1426 2763 1495 2794 Χριο

1161 2760 1249 2798 ἐπὶ-τὸ
1265 2760 1348 2798 ὄνομα
1366 2761 1413 2788 τοῦ
1426 2760 1562 2798 Χριστοῦ.

1019 2795 1075 2831 (52)
1095 2795 1133 2823 ld.
1148 2796 1259 2830 rectius,
1273 2795 1401 2830 ἀνέσεως,
1415 2795 1586 2827 ιίὶἡιὶεεὶοηι.
