1865 3042
106 106 119 134 1
124 106 176 134 553

666 107 849 134 EXPOSITIO
868 105 998 140 INIACT.
1021 104 1142 132 APOST.

1655 108 1726 136 I358

106 166 153 192 τοῦ
168 166 271 202 Πέτρου
286 167 331 193 καὶ
349 166 469 193 Ἰωάννου
481 167 548 202 πρὸς
561 168 659 199 αὐτοὺς
671 169 831 203 ἀποστολῆς.
845 177 874 193 κο

966 167 1053 194 ianuis
1066 167 1100 193 ad
1116 166 1186 200 illos,
1201 171 1228 194 et
1244 167 1380 195 invocatio
1397 168 1484 196 sancti
1504 168 1623 203 Spiritus
1638 169 1664 196 in
1681 171 1726 197 ba-

106 212 253 247 ἑπίκλησις
279 212 325 238 τοῦ
356 213 433 246 ἁγίου
465 213 622 249 Ιινεύματος
643 214 689 240 ἐπὶ
712 214 774 246 τοὺς
797 214 892 248 βαπτι-

104 257 230 289 σθέντας.

139 303 192 331 ῘΑ’.
211 304 271 330 ’Ότι
284 305 334 330 οὐκ
349 304 481 340 ἀργυρίου
495 305 562 341 (55),
577 306 638 332 οὐδὲ
649 306 819 340 ὑποκριταῖς,
832 305 888 331 ἀλλ’

103 349 194 384 ἁγίοις
209 349 252 376 διὰ
272 350 389 378 πίστεως
408 352 425 385 ἡ
451 351 551 386 μετοχὴ
573 351 618 377 τοῦ
640 352 718 386 ἁγίου
734 351 891 386 Πνεύματος

103 395 204 422 ἐδίδοτο
222 396 288 431 (54)·
304 397 312 406 “
323 397 352 422 ἐν
367 393 389 430 ᾧ
404 396 438 422 τὰ
453 395 516 431 περ)¹
530 397 699 433 ὑποκρίσεως
711 397 758 424 καὶ
774 396 891 431 ἐπιπλή-

102 440 174 473 ξεως
188 441 317 476 Σίμωνος.

139 486 189 511 IB'.
213 486 272 512 Ὀτι
295 488 350 517 τοῖς
366 486 477 520 ἀγαθοῖς
497 487 543 512 καὶ
560 487 664 518 πιστοῖς
688 488 773 514 εὐοδοῖ
789 489 803 514 ὸ
824 489 889 520 Θεὸς

99 531 153 566 τὴν
173 531 318 567 σωτηρίαν,
335 532 417 568 δήλην
433 533 490 568 (Ia.
518 533 612 570 δῆλον)
630 534 662 559 ὲκ
683 533 732 568 τῆς
748 533 818 560 κατὰ
843 534 889 561 τὸν

98 578 229 613 εὐνοῦχον
245 578 407 611 ὑποθέσεως.

138 624 188 651 II".
206 625 273 659 Περὶ
292 625 341 660 τῆς
353 625 497 661 οὐρανόθεν
513 625 587 657 θείας
603 626 724 661 κλήσεως
744 625 790 652 τοῦ
815 626 888 653 Παύ-

97 670 149 697 λου
162 672 201 702 είς
218 671 368 707 ἀποστολὴν
382 671 516 707 Χριστοῦυ
533 673 542 682 ‘
559 673 589 698 ἐν
608 669 631 706 ᾧ
645 673 708 708 περὶ
729 673 826 704 ἰάσεως
841 673 887 700 καὶ

39 744 43 745 γ
98 716 290 752 βαπτίσματος
309 717 413 744 Παύλου
433 718 476 745 διὰ
501 718 620 745 Ἀνανίου
641 719 700 745 κατ’
717 719 886 754 ἀποκάλυψιν

96 762 180 795 Θεοῦ,
205 763 359 799 παρρησίας
382 772 411 789 τε
434 763 514 790 αὑτοῦ
539 763 586 790 καὶ
611 764 754 799 συντυχίας
774 765 824 800 τῆς
842 764 886 791 διὰ

96 808 226 844 Βαρνάϐα
242 807 297 843 (55)
309 808 376 843 πρὸς
385 809 447 840 τοὺς
463 809 635 840 ἀποστόλους.

942 213 1068 247 ptizatos.

976 303 1020 330 XI.
1038 303 1115 336 Quod
1131 311 1184 330 non
1208 304 1310 338 argenti
1326 304 1411 338 pretio
1426 324 1433 336 ,
1451 311 1538 339 neque
1554 305 1703 340 Iiypocritis
1714 325 1724 339 ε,

941 348 987 374 sed
1004 348 1105 375 sanctis
1123 356 1170 382 per
1196 348 1275 375 ﬁdem
1300 349 1471 383 participatio
1496 350 1582 376 sancti
1604 349 1722 384 Spiritus

940 393 1034 427 detur;
1046 394 1091 421 ubi
1102 395 1135 422 de
1150 394 1297 430 hypocrisi,
1310 395 1380 422 etde
1392 396 1576 430 increpatione
1588 395 1718 424 Simonis.

976 480 1032 507 XII.
1048 481 1126 514 Quod
1140 482 1240 516 probos
1257 488 1283 509 et
1295 483 1386 510 ﬁdeles
1401 483 1472 511 Deus
1493 484 1526 511 ad
1548 485 1662 512 salutem
1677 485 1723 513 de-

939 527 1030 558 ducat,
1046 533 1075 554 ut
1089 529 1213 564 exemplo
1226 529 1344 556 eunuchi
1355 530 1445 564 palam
1459 535 1510 557 est.

974 613 1042 641 XIII.
1064 614 1101 642 De
1116 615 1205 643 divina
1220 624 1253 643 ex
1269 617 1339 644 caelo
1352 617 1423 645 facta
1438 619 1582 647 vocatione
1595 619 1671 647 Pauli
1686 621 1719 648 ad

938 660 1120 694 apostolatum
1133 661 1253 694 Christi;
1265 662 1310 689 ubi
1324 663 1357 689 de
1369 664 1510 691 curatione
1520 669 1546 691 et
1558 665 1719 700 baptismate

937 704 1013 732 Pauli
1029 713 1074 739 per
1087 705 1220 733 Ananiam
1233 708 1382 734 secundum
1401 709 1591 737 revelationem
1612 710 1673 744 Dei;
1685 712 1718 739 de

937 749 995 784 ejus
1009 749 1071 776 item
1083 750 1181 777 ﬁducia
1195 751 1221 777 in
1234 751 1379 785 loquendo,
1392 752 1424 779 de
1434 755 1572 782 consortio
1583 755 1642 790 ejus
1655 763 1718 783 cum

936 795 1066 830 apostolis
1082 803 1129 830 per
1143 795 1304 823 Barnabam.

149 855 184 880 A'.
204 839 270 889 Περὶ
288 839 381 880 Ᾰίνέου
403 839 586 890 πανραλυτικοῦ
612 839 730 887 ίαθέντος
749 856 777 882 ἐν
796 855 874 892 Λύδδι

970 839 1040 866 XIV.
1062 839 1099 868 De
1112 840 1198 868 Enea
1212 842 1370 878 paralytico,
1382 843 1428 878 qui
1441 843 1539 879 Lyddae
1550 853 1596 880 per
1606 846 1716 874 Petrum

94 898 144 925 διὰ
158 899 259 934 Πέτρου
271 906 280 915 ·
297 899 306 909 '
323 900 351 925 ἐν
365 894 387 933 ᾦ
407 898 442 925 τὰ
465 900 529 935 περὶ
546 899 651 926 Ταϐιθὰ
662 900 710 934 τῆς
727 900 882 936 φιλοχήρου,

94 945 131 979 ἣν
145 944 255 979 ἤγειρεν
274 943 307 970 ἐκ
327 943 432 980 νεκρῶν
455 944 469 971 ό
491 943 593 979 Πέτρος
615 944 659 971 διὰ
682 945 834 980 προσευχῆς
854 945 883 971 ὲν

101 989 212 1024 Ἰόππῃ.

132 1034 185 1061 ΙΕ’.
201 1034 269 1070 Περὶ¹
282 1034 432 1069 Κορνηλίου
449 1035 498 1060 ὅσα
511 1043 540 1061 τε
559 1034 627 1069 πρὸς
647 1034 726 1061 αὑτὸν
742 1035 755 1061 ό
770 1034 883 1069 ἄγγελος

93 1078 174 1106 εἶπεν
184 1088 190 1095 ·
205 1081 234 1107 ἐν
246 1076 268 1114 ᾧ
280 1081 326 1107 κα)⁴
338 1080 388 1107 ὃσα
402 1080 497 1116 Πέτρῳ
511 1080 566 1115 (56)
580 1080 725 1116 οὐρανόθεν
738 1081 802 1115 περὶ
815 1080 881 1116 κλή-

94 1135 168 1158 σεως
186 1126 269 1153 ἐθνῶν
282 1126 395 1162 ἐρρήθη.
404 1127 413 1136 ‘
428 1127 487 1154 Ὅτι
503 1126 680 1162 μετασταλεὶς
692 1127 706 1152 ὸ
719 1127 821 1162 Πέτρος
834 1124 882 1162 ἦλα

93 1173 145 1199 θεν
158 1173 225 1208 πρὸς
237 1173 396 1208 Κορνήλιον.
409 1176 417 1183 ·
435 1172 619 1208 Ἑπανάληψις
630 1171 705 1209 παρὰ
720 1172 880 1209 Κορνηλίου,

92 1216 136 1246 ὧν
154 1217 230 1246 εἶπεν
243 1219 257 1245 ὁ
271 1218 384 1254 ἄγγελος
396 1219 451 1254 (57)
472 1219 545 1254 αὑτῷ
569 1218 608 1254 τῷ
630 1218 781 1258 Κορνηλίῳ.
797 1219 808 1230 “
828 1219 882 1244 Πέ-

92 1273 161 1300 τρου
176 1265 326 1300 κατήχησις
343 1266 382 1297 είς
395 1265 521 1300 Χριστὸν,
533 1264 580 1291 τοῦ
592 1273 622 1291 τε
634 1264 712 1298 ἁγίου
724 1263 880 1299 Πνεύματος

92 1308 144 1334 ἐπὶ
155 1309 217 1340 τοὺς
240 1308 387 1340 ἀκούοντας
402 1308 500 1345 δωρεὰ,
521 1310 568 1336 καὶ
582 1309 656 1341 ὅπως
678 1308 880 1344 ἐϐαπτίσθησαν

92 1354 157 1380 τότε
173 1355 197 1381 ot
217 1354 246 1386 ἐξ
261 1354 344 1381 ἐθνῶν
364 1354 568 1387 πιστεύσαντες.

132 1401 189 1434 ις’.
216 1401 260 1432 Ὧς
276 1401 378 1436 Πέτρος
390 1401 424 1428 τὰ
439 1401 499 1428 καθ’
516 1401 579 1435 ἑξῆς
595 1401 642 1428 καὶ
659 1399 693 1427 τὰ
708 1400 810 1427 ἕκαστα
825 1399 879 1426 τῶν

92 1445 245 1479 γεγονότων
257 1445 386 1481 διηγεῖται
402 1447 458 1477 τοῖς
469 1447 626 1478 ἀποστόλοις
638 1445 797 1482 διακριθεϊσι
811 1445 879 1481 πρὸς

91 1490 192 1518 αὐτόν’
212 1492 220 1502 ¹
236 1491 275 1526 τῷ
297 1491 422 1526 τηνικάδε
438 1492 483 1518 τὸν
506 1492 648 1527 Βαρνάϐαν
666 1491 808 1527 ἐκπέμψας
823 1491 878 1527 (38)
891 1506 914 1536 c

92 1535 164 1571 πρὸς
178 1536 241 1567 τοὺς
258 1537 286 1562 ἐν
312 1537 446 1572 Ἀντιοχίᾳ
462 1536 601 1572 ἀδελφούς.

132 1582 181 1609 ΙΖ¹.
211 1582 366 1618 Προφητεία
396 1583 510 1617 Ἀγάϐου
535 1584 600 1619 περὶ
616 1584 696 1620 λιμοῦ
722 1585 876 1619 οίκουμενι-

90 1628 148 1663 κῆς
160 1627 214 1662 (59)
229 1627 276 1654 καὶ
291 1629 478 1664 καρποφορίας
492 1630 561 1665 πρὸς
575 1630 637 1661 τοὺς
653 1631 682 1657 ἐν
703 1629 879 1666 Ἰερουσαλὴμ

90 1673 233 1707 ἀδελφούς.

131 1717 185 1744 Iﬂ'.
211 1717 338 1745 Ἰακώϐου
350 1717 397 1744 τοῦ
415 1719 563 1746 ἀποστόλου
577 1720 740 1755 κατασφαγή
758 1728 765 1734 ·
785 1720 794 1729 ⁸
809 1720 838 1745 ἐν
855 1715 878 1752 ᾦ

90 1763 144 1790 καὶ
159 1763 263 1800 Πέτρου
286 1764 414 1799 σύλληψις
431 1764 499 1799 πρὸς
520 1763 650 1799 Ἡρώδου,
664 1765 738 1797 ὅπως
754 1773 783 1792 τε
796 1765 878 1792 αὑτὸν

90 1808 208 1842 ἄγγελος
224 1809 288 1841 θείῳ
313 1809 477 1845 κελεύσματι
498 1809 618 1842 ἐξείλατο
633 1811 687 1837 τῶν
701 1809 817 1845 δεσμῶν.
831 1810 878 1836 καὶ

89 1856 106 1881 ὁ
126 1854 227 1890 Πέτρος
248 1855 372 1891 ἐμφανὴς
392 1855 536 1890 γενόμενος
558 1855 665 1891 νύκτωρ
679 1857 735 1888 τοῖς
753 1856 878 1891 ἀδελφοῖς

91 1900 306 1936 ὑπανεχώρησεν
316 1910 322 1916 ³
339 1902 347 1912 ‘
363 1902 392 1927 ἐν
446 1901 569 1936 περὶτῆς
586 1902 640 1929 τῶν
654 1902 782 1937 φυλάκων
797 1902 877 1929 κολά-

91 1955 174 1977 σεως,
190 1947 238 1973 καὶ
253 1947 398 1982 μετέπειτα
419 1947 482 1982 περὶ
500 1947 550 1982 τῆς
565 1947 611 1974 τοῦ
626 1947 741 1981 ἀσεϐοῦς
757 1950 876 1986 Ἡρώδου

90 1993 195 2027 πικρᾶς
207 2001 236 2018 τε
252 1993 298 2018 καὶ
307 1992 428 2028 ὀλεθρίου
444 1994 622 2029 κατασφαγῆς
635 1993 705 2029 (60).

129 2038 179 2065 ΙΘ’.
207 2038 353 2073 Ἀποστολὴ
378 2038 506 2074 Βαρνάϐα
529 2039 575 2065 καὶ
602 2039 708 2066 Παύλου
732 2041 801 2076 πρὸς
829 2041 876 2067 τοῦ

89 2083 167 2109 θείου
182 2083 339 2118 Πνεύματος
352 2085 391 2114 εἰς
407 2083 595 2117 Κύπρον,’ὃσα
614 2093 643 2111 τε
661 2085 808 2120 εἰργάσατο
822 2086 875 2120 (01)

89 2130 122 2155 ἐν
133 2129 243 2164 ὀνόματι
256 2129 373 2165 Χριστοῦ
386 2131 426 2162 εἰς
443 2130 561 2166 Ἐλύμαν
575 2131 620 2157 τὸν
636 2131 730 2166 μάγον.

935 891 1046 913 sanatus
1063 891 1121 919 est;
1141 887 1187 914 ubi
1207 891 1234 914 et
1253 887 1286 915 de
1303 887 1417 916 Tabitha
1438 890 1580 918 viduarum
1599 897 1717 927 amante,

934 940 1015 966 quam
1035 931 1130 960 Petrus
1144 932 1228 967 Joppe
1239 940 1287 968 per
1301 934 1450 962 orationem
1465 943 1479 962 a
1496 937 1612 964 mortuis
1631 939 1718 965 susci-

935 979 1012 1005 tavit.

970 1023 1028 1049 XV.
1050 1024 1087 1051 De
1100 1023 1237 1058 Cornelio,
1248 1029 1274 1052 et
1285 1033 1344 1059 quae
1355 1026 1405 1061 ipsi
1418 1028 1529 1062 angelus
1543 1029 1655 1062 dixerit;
1671 1031 1716 1058 ubi

933 1069 1012 1096 etiam
1029 1076 1060 1097 ea
1079 1077 1140 1104 quae
1153 1069 1233 1097 Petro
1249 1071 1282 1098 de
1298 1072 1367 1099 ccelo
1385 1073 1456 1100 circa
1472 1075 1641 1102 vocationem
1655 1085 1717 1110 gem

932 1115 999 1142 tium
1021 1116 1093 1143 dicta
1118 1121 1192 1144 sunt.
1206 1116 1282 1150 Quod
1305 1123 1433 1146 evocatus
1453 1119 1549 1148 Petrus
1567 1123 1668 1149 venerit
1681 1123 1716 1150 ad

931 1161 1098 1189 Cornelium.
1121 1162 1227 1197 Repetit
1247 1162 1389 1192 Cornelius
1409 1172 1440 1192 ea
1456 1173 1517 1200 quae
1533 1168 1584 1194 sibi
1603 1169 1716 1203 angelus

932 1207 1046 1234 dixerat.
1058 1207 1129 1235 Petri
1142 1208 1291 1237 catechesis
1305 1209 1331 1235 in
1345 1209 1495 1244 Christum,
1513 1217 1538 1239 et
1550 1214 1636 1240 sancti
1651 1213 1713 1249 Spi-

932 1252 1000 1279 ritus
1011 1253 1113 1280 donum
1126 1254 1298 1282 audientibus
1307 1256 1432 1283 collatum
1444 1266 1451 1290 ;
1463 1262 1488 1284 et
1501 1259 1640 1292 quomodo
1651 1264 1715 1288 tunc

931 1297 1059 1332 baptizati
1076 1299 1131 1327 sint
1146 1300 1164 1327 ii
1180 1307 1213 1327 ex
1225 1301 1350 1336 gentibus
1361 1303 1406 1337 qui
1421 1303 1600 1331 crediderant.

966 1387 1035 1414 XVI.
1057 1387 1198 1421 Quomodo
1217 1388 1316 1417 Petrus
1331 1390 1425 1417 ordine
1443 1391 1548 1426 singula
1564 1400 1624 1427 quae
1642 1392 1712 1420 laeta

929 1432 1038 1460 fuerant
1071 1433 1202 1468 apostolis
1234 1441 1326 1462 secum
1352 1435 1565 1470 disceptaulihus
1592 1444 1710 1465 enarrat.

930 1476 1008 1505 Tune
1024 1477 1176 1506 Barnabam
1195 1480 1328 1507 miserunt
1342 1479 1374 1506 ad
1390 1478 1487 1508 fratres
1502 1481 1548 1516 qui
1563 1475 1713 1510 Antiochiae

929 1528 1016 1552 erant.

964 1568 1045 1596 XVII.
1066 1568 1211 1604 Prophetia
1233 1570 1318 1606 Agabi
1333 1570 1366 1598 de
1386 1570 1458 1598 fame
1476 1572 1502 1598 in
1522 1571 1586 1598 orbe
1601 1571 1710 1606 futura;

929 1622 956 1645 et
976 1618 1009 1650 de
1031 1617 1172 1653 largitione
1187 1617 1257 1645 facta
1279 1618 1410 1646 fratribus
1427 1619 1474 1654 qui
1489 1624 1567 1646 erant
1582 1619 1610 1646 in
1630 1619 1710 1647 Jeru-

929 1664 1024 1690 salem.

963 1709 1056 1737 XVIII.
1077 1710 1170 1738 Jacobi
1186 1710 1300 1744 apostoli
1320 1710 1417 1742 caedes,
1430 1715 1457 1738 et
1471 1711 1543 1738 Petri
1556 1713 1590 1739 ab
1607 1711 1711 1740 Herode

928 1756 1089 1790 apprehensi
1103 1756 1236 1789 historia;
1253 1759 1280 1783 ct
1292 1756 1430 1790 quomodo
1447 1757 1535 1791 ipsum
1549 1758 1659 1792 angelus
1669 1759 1710 1785 di-

928 1801 992 1828 vino
1006 1801 1082 1836 jussu
1106 1802 1206 1829 eruerit
1226 1810 1259 1830 ex
1272 1802 1406 1834 vinCulis;
1430 1809 1462 1829 ac
1483 1801 1589 1835 Petrus,
1605 1811 1666 1830 cum
1683 1805 1708 1831 in

928 1852 1102 1882 conspectum
1117 1848 1232 1875 fratrum
1252 1853 1332 1876 noctu
1348 1849 1476 1881 venisset,
1490 1850 1649 1882 recesserit;
1664 1850 1709 1876 ubi

928 1892 1008 1919 etiam
1024 1892 1057 1920 de
1072 1900 1152 1928 pcena
1170 1895 1322 1927 custodum,
1338 1894 1436 1922 deinde
1452 1895 1485 1922 de
1502 1895 1576 1929 impii
1596 1894 1709 1924 Herodis

927 1938 1025 1966 acerba
1039 1943 1066 1966 et
1079 1938 1227 1966 miserabili
1238 1941 1310 1968 mede
1322 1940 1380 1975 (per
1390 1942 1537 1977 angelum).

962 2028 1033 2056 XIX.
1054 2022 1147 2057 Missio
1163 2030 1294 2058 Barnabaa
1305 2035 1331 2057 et
1343 2030 1420 2058 Pauli
1431 2039 1479 2066 per
1489 2032 1610 2059 divinum
1623 2032 1708 2068 Spiri-

928 2078 985 2101 tum
1001 2074 1028 2101 in
1044 2074 1174 2109 Cyprum,
1191 2080 1218 2102 et
1228 2083 1288 2110 qum
1303 2075 1395 2103 fecerit
1412 2076 1534 2112 (Paulus)
1553 2078 1579 2104 in
1598 2080 1708 2106 nomine

930 2118 1030 2146 Christi
1042 2126 1105 2154 erga
1119 2118 1241 2153 Elymam
1255 2126 1374 2153 rnagum.

128 2175 169 2201 K'.
191 2163 295 2201 Παύλου
309 2176 424 2212 εὐθαλὴς
438 2163 595 2203 διδασκαλία
611 2163 650 2208 είς
660 2163 786 2213 Χριστὸν,
799 2177 830 2204 ἐκ
844 2186 873 2204 τε

966 2163 1022 2191 XX.
1042 2163 1118 2191 Pauli
1134 2165 1269 2193 excellens
1287 2165 1410 2193 doctrina
1430 2165 1501 2192 circa
1519 2165 1657 2194 Christum
1673 2176 1705 2194 ex

87 2219 139 2246 τοῦ
160 2220 241 2255 νόμου
263 2222 310 2247 καὶ
334 2221 395 2247 καθ’
418 2221 481 2257 ἑξῆς
503 2222 557 2249 τῶν
578 2223 734 2258 προφητῶν,
752 2223 873 2260 ἱστορικὴ

89 2265 139 2291 καὶ
153 2265 327 2301 εύαγγελική·
342 2266 350 2276 ¹
367 2266 396 2292 ὲν
411 2263 433 2300 ᾧ
451 2266 595 2302 ἐλεγκτικῇ
613 2267 660 2293 καὶ
684 2267 871 2304 συλλογιστικῇ

87 2311 250 2346 διδασκαλίᾳ
266 2312 364 2347 χρῆται
375 2313 383 2322 ’
406 2312 470 2347 περὶ
483 2312 652 2347 μεταθέσεως
666 2312 713 2339 τοῦ
731 2314 874 2349 κηρύγμα-

88 2365 136 2387 τος
150 2357 191 2389 είς
203 2357 237 2384 τὰ
252 2357 331 2394 ἔθνη,
345 2358 464 2394 διωγμοῦ
479 2367 510 2385 τε
526 2359 614 2385 αὐτῶν
635 2359 682 2385 καὶ
698 2359 815 2394 ἀφίξεως
834 2361 873 2392 είς

96 2401 216 2428 Ἰκόνιον.

129 2448 193 2474 KA’.
218 2448 310 2480 Ὅπως
333 2450 375 2482 ὲν,
389 2449 490 2484 Ἰκονίῳ
506 2449 670 2485 κηρύξαντες
687 2450 731 2478 τὸν
745 2450 871 2487 Χριστὸν,

89 2492 196 2519 πολλῶν
212 2495 424 2527 πιστευσάντων,
440 2495 606 2531 ἐδιώχθησαν
620 2497 643 2523 oi
660 2497 812 2523 ἀπόστολοι.

250 2615 284 2641 δι’
296 2615 438 2651 ἀργυρίου,
447 2615 555 2644 Enthal.

128 2649 185 2683 (54)
204 2649 321 2682 Δίδοται,
333 2651 368 2677 id.

129 2684 185 2721 (§§)
205 2685 254 2710 Διὰ
269 2685 420 2721 Βαρνάϐαν,
439 2686 473 2713 id.
490 2687 578 2713 minus
590 2687 665 2714 bene.

203 2720 259 2756 ᾕαὶ
273 2719 323 2746 ὅσα
337 2720 416 2756 πάλιν
432 2721 536 2756 Πέτρῳ,
557 2722 591 2747 id.

128 2751 251 2815 (57).d'ﬂv
275 2756 289 2781 ὁ
311 2755 422 2788 ἄγγελος
454 2751 659 2791 ἐπεμαρτύρησε
693 2757 738 2783 καὶ
769 2757 874 2793 ὑφηγή-

129 2796 168 2815 το.
184 2798 191 2815 ι
214 2809 220 2815 .

91 2796 168 2820 «ατο,
184 2796 220 2816 ια.

926 2210 983 2246 lege
1005 2218 1038 2238 ac
1059 2211 1156 2238 deinde
1177 2218 1210 2239 ex
1233 2211 1382 2246 prophetis,
1406 2211 1505 2246 illaque
1528 2212 1660 2240 historica
1680 2219 1707 2241 et

924 2257 1097 2292 evangelica;
1113 2257 1158 2284 ubi
1174 2256 1356 2284 confutatoria
1369 2262 1395 2284 et
1409 2257 1572 2293 syllogistica
1583 2258 1706 2286 doctrina

925 2302 1012 2329 utitur
1026 2302 1098 2330 circa
1113 2302 1318 2329 translationem
1333 2302 1536 2337 praedicationis
1550 2303 1583 2331 ad
1600 2309 1704 2338 gentes.

925 2346 963 2374 De
978 2347 1166 2382 persecutione
1181 2347 1311 2375 adversus
1324 2347 1385 2375 illos
1401 2348 1528 2381 excitata,
1551 2353 1578 2376 et
1591 2349 1625 2376 de
1643 2349 1706 2384 fuga

925 2393 1057 2420 Iconium.

960 2438 1029 2466 XXI.
1049 2438 1191 2472 Quomodo
1206 2439 1321 2473 apostoli
1342 2438 1481 2467 Christum
1504 2439 1586 2466 lconii
1605 2440 1705 2474 praedi-

923 2489 1026 2517 cantes,
1054 2484 1147 2512 multis
1174 2484 1357 2518 credentibus,
1386 2485 1602 2519 persecutionem
1631 2485 1705 2519 passi

924 2531 987 2557 sint.

959 2618 1084 2656 (58)_ld..
1099 2619 1129 2656 τὸ
1141 2619 1267 2656 τηνικάδε
1282 2619 1326 2646 τὸν
1343 2620 1484 2655 Βαρνάϐαν
1502 2620 1704 2656 ἐκπέμψασα--

923 2651 1004 2689 Forte
1019 2653 1155 2689 ἔπεμψαν.
1168 2651 1278 2682 ’Μουτικ

961 2688 1016 2726 (59)
1037 2688 1089 2721 Id..
1111 2689 1281 2726 οἰκουμένης,
1304 2692 1441 2724 quomodo
1460 2692 1540 2718 etiam
1562 2692 1702 2726 legendum

924 2723 1131 2751 Montfauconus
1144 2723 1304 2758 conjecerat.

961 2759 1015 2791 (60)
1036 2760 1084 2790 Μ..
1101 2760 1297 2794 καταστροφῆς.

961 2794 1014 2827 (“li
1030 2795 1067 2826 Id.
1085 2796 1254 2830 ειργάσαντο,
