1865 3042
99 100 171 129 1557

667 102 848 131 ΕΧΡΟΞΙΤΙΟ
867 103 901 130 ΙΝ
919 103 997 131 ACT.
1019 104 1140 132 APOST.

1640 105 1651 132 I
1658 105 1709 133 558

97 159 196 185 ἑαυτοῦ
209 159 253 185 καὶ
267 159 316 195 τῆς
330 161 369 191 εἰς
379 160 525 188 ἀπόστολον
534 161 630 188 ἑαυτοῦ
641 162 761 198 κλήσεως
771 171 777 178 ·
790 165 798 174 '
813 163 872 198 περὶ

963 170 1001 190 me
1024 171 1073 191 sua
1096 164 1123 191 in
1149 164 1319 198 apostolum;
1344 164 1378 192 de
1404 164 1518 192 adventu
1545 163 1655 191 Ananiae
1675 165 1708 191 ad

97 201 138 231 ὧν
152 205 167 230 ὁ
187 205 308 237 Ἀνανίας
321 206 376 242 (70)
400 207 467 240 πρὸς
488 207 533 234 τὸν
556 207 660 235 Παῦλον
681 209 710 235 ὲν
732 208 878 244 Δαμασκῷ,

97 250 231 283 ὀπτασίας
244 260 273 278 τε
295 253 342 278 καὶ
361 252 453 287 φωνῆς
470 252 537 280 Θεοῦ
559 254 706 290 γενομένης
724 255 788 281 ποτὲ
812 255 880 291 πρὸς

97 296 181 323 αὐτὺν
196 297 273 333 ὲντῷ
287 298 361 334 ἱερῷ.
378 300 388 311 ⁹
404 299 464 325 ’Ότι
483 294 586 334 μῖέλλων
601 300 647 326 ἐπὶ
660 299 764 332 τούτοις
780 302 794 327 ὁ
808 300 881 327 Παῦ-

98 341 147 374 λος
170 341 327 375 τύπτεσθαι.
355 344 438 372 εἰπὼν
469 345 510 372 ὅτι
529 345 662 380 Ῥωμαῖός
690 346 783 378 ἑστιν,
807 346 879 372 ἀνεί-

99 386 135 423 οη
156 387 224 424 (τί).

136 434 196 461 ΛΓ¹.
214 434 284 462 Ὂσα
300 435 406 468 Παῦλος
425 436 546 468 καταὸἀς
562 438 603 469 είς
614 437 645 464 τὸ
660 437 796 474 συνέδριον
813 438 880 465 ἐπασ

98 479 145 506 θεν
159 488 189 506 τε
201 481 248 508 καὶ
260 479 346 515 εἷπεν,
363 482 410 508 καὶ
425 482 576 515 εὐθυῦόλως
589 483 714 519 ἔπραξεν.

134 571 193 598 AA’.
213 572 280 608 Περὶ
295 572 438 608 ἐπιϐουλῆς
454 574 645 610 μελετωμένης
662 574 799 607 Ἰουδαίοις
824 575 879 612 (72)

98 618 170 645 κατά
187 618 303 652 Παύλου,
317 620 364 646 καὶ
386 620 527 656 μηνύσεως
547 621 630 656 αὐτῆς
654 621 722 658 πρὸς
737 622 837 650 Λυσίαν
849 632 856 638 ·
870 624 879 633 ⁸

97 664 128 690 ὲν
143 661 165 698 ᾦ
183 665 222 691 ὅτι
238 665 422 701 παρεπέμφθη
434 667 448 693 ὁ
461 666 564 699 Παῦλος
578 667 617 702 τῷ
631 668 745 703 ἡγεμόνι
758 669 796 700 εἰς
813 669 881 696 Και-

97 709 209 745 σάρειαν
224 710 292 745 μετά
308 711 480 746 στρατιωτῶν
494 712 541 739 καὶ
558 713 738 748 γραμμάτων.

134 756 196 782 AE'.
211 756 359 792 Τερτύλλου
382 758 446 794 περ).
460 756 565 785 Παύλου
581 760 748 796 κατηγορίας
764 760 818 796 (75)
835 762 880 788 καὶ

98 801 181 828 αὑτοῦ
196 802 341 837 ἀπολογίας
358 803 404 830 ἐπὶ
415 803 462 830 τοῦ
476 805 620 840 ἡγεμόνος.

930 206 1043 235 Paulum
1054 208 1190 242 Damasci,
1202 208 1235 235 de
1245 208 1349 235 visione
1360 212 1387 236 et
1399 216 1464 236 voce
1477 207 1523 235 Dei
1537 208 1570 235 ad
1586 216 1647 235 eum
1659 208 1709 235 ali-

930 251 1038 285 quando
1051 252 1150 280 emissa
1166 252 1194 279 in
1210 252 1322 286 templo.
1340 252 1417 285 Quod
1434 260 1496 280 cum
1513 252 1557 280 his
1572 253 1605 280 de
1617 253 1708 280 causis

929 295 1030 324 Paulus
1043 304 1108 324 mox
1121 297 1304 325 verberandus
1321 302 1401 331 esset,
1428 305 1490 326 cum
1505 297 1619 326 dixisset
1633 307 1640 326 :
1656 297 1708 325 Ra-

930 350 1022 369 manus
1038 351 1106 375 sum,
1122 342 1249 371 dimissus
1262 348 1322 377 est;

966 433 1085 461 XXXIII.
1106 434 1234 467 Quaenam
1257 434 1366 466 Paulus,
1387 442 1448 462 cum
1464 434 1582 462 venisset
1598 434 1625 462 lo
1642 442 1707 462 con-

931 479 1035 513 cilium,
1048 488 1146 515 passus
1161 481 1206 513 sit,
1217 488 1278 515 qua:
1291 480 1399 513 dixerit,
1415 485 1442 508 et
1453 487 1511 515 qua:
1525 480 1657 516 sagaciter
1671 480 1705 508 fe-

930 526 1006 554 cerit.

965 571 1086 598 XXXIV.
1107 571 1145 599 De
1159 572 1265 600 insidiis
1281 580 1329 608 per
1350 572 1456 601 Judaeos
1479 576 1573 600 contra
1595 571 1708 598 Paulum

931 618 1052 651 structis,
1078 618 1150 646 etde
1168 618 1366 653 signiﬁcatione
1381 618 1441 653 ejus
1457 618 1489 645 ad
1506 617 1613 654 Lysiam
1627 617 1706 644 facta.

930 663 1008 696 Quod
1024 662 1124 691 Paulus
1135 663 1236 691 missus
1248 664 1282 691 sit
1291 663 1440 692 Caesaream
1452 663 1485 691 ad
1496 663 1635 698 praesidem
1647 670 1709 690 cum

930 709 1061 737 militibus
1075 713 1102 737 et
1114 709 1221 737 litteris.

966 753 1074 782 XXXV.
1095 754 1133 782 De
1155 753 1266 781 Tertulli
1288 759 1381 782 contra
1398 753 1512 781 Paulum
1526 753 1707 788 accusatione,

932 805 958 828 et
976 801 1009 828 de
1026 800 1150 835 apologia
1164 800 1224 835 ejus
1240 806 1332 827 coram
1345 799 1469 834 praeside.

135 848 204 881 AG’.
222 836 290 883 Περῖ
310 849 361 882 τῆς
380 836 635 886 Φήλικος-δίαδοχῆς
653 852 763 887 καὶτῆς
774 852 872 888 Φήστοι

966 845 1086 874 XXXVI.
1107 845 1188 874 Felici
1207 846 1328 874 succedit
1350 845 1458 874 Festus.
1481 845 1581 874 Paulus
1599 853 1710 874 causam

99 893 290 928 προσαγωγῆς,
303 893 354 928 τῆς
366 902 396 921 τε
408 895 450 922 ἐπ’
462 895 550 923 αὐτῶν
560 895 615 931 (74)
626 897 796 933 ἀνακρίσεως
807 898 879 925 Παύ-

99 938 145 964 λου
158 938 205 964 καὶ
218 938 351 972 ἀφέσεως.

133 983 194 1010 AZ'.
217 984 367 1019 ’Δγρίππου
382 985 428 1012 καὶ
447 985 579 1021 Βερνίκης
593 987 737 1022 παρουσία,
753 987 800 1014 ναὶ
813 987 879 1014 πεῦ-

99 1035 142 1059 σις
154 1027 208 1055 τῶν
218 1028 287 1055 κατὰ
302 1029 408 1056 Παύλου
423 1030 489 1066 (75),
506 1032 514 1041 “
535 1031 578 1058 Ἐν
594 1029 616 1065 ᾧ
627 1032 758 1067 ἀπολογία
774 1032 880 1060 Παύλου

98 1072 144 1118 ἐπὶ
165 1072 315 1108 Ἀγρίππου
333 1076 380 1102 καὶ
396 1076 537 1113 Βερνίκης,
555 1079 680 1115 περὶ-τῆς
695 1081 724 1108 ὲν
738 1081 810 1117 νόμῳ
822 1082 877 1118 (76)

97 1117 245 1152 θρησκείας
261 1120 342 1146 αὑτοῦ
362 1122 408 1147 καὶ
431 1122 552 1157 κλήσεως
577 1125 617 1156 εις
638 1125 668 1151 τὸ
703 1117 875 1160 Εὺαγγέλιον,

163 1164 238 1191 οὐδὲν
249 1164 336 1192 ἀδικεῖ
354 1166 492 1199 Ἰουδαίους
505 1169 519 1195 ό
531 1168 646 1202 Παῦλος,
663 1170 814 1206 Ἀγρίππας
826 1172 877 1209 ἔφη

95 1207 136 1242 τῷ
151 1209 256 1244 Φήστῳ.

137 1255 201 1283 Aﬂ'.
221 1255 309 1289 Πλοῦς
332 1258 437 1285 Παύλου
453 1259 499 1286 ἐπὶ
524 1259 642 1296 Ῥώμην,
664 1261 792 1289 κινδύνων
807 1263 881 1290 πλεί-

99 1308 170 1326 στων
183 1309 213 1327 τε
227 1302 274 1328 καὶ
288 1302 420 1337 μεγίστων
435 1305 584 1340 πάμπλεως
593 1306 661 1341 (77)·
678 1307 689 1318 ¹
704 1308 733 1334 ἐν
748 1304 770 1341 ᾦ
782 1309 882 1345 παραί-

98 1353 174 1378 νεσις
189 1346 296 1373 Παύλου
312 1349 379 1384 πρὸς
393 1351 456 1382 τοὺς
473 1351 520 1378 σὺν
532 1351 606 1387 αὺτῷ
622 1353 686 1388 περὶ
707 1353 813 1386 ἐλπίδος
830 1363 881 1382 σω-

96 1391 207 1427 τηρίας.
220 1392 228 1403 ¹
245 1391 381 1428 Ναυάγιον
397 1394 516 1429 Παύλου,
534 1397 608 1429 ὅπως
617 1407 647 1425 τε
661 1398 826 1436 διεσώθησαν
842 1403 882 1433 είς

99 1437 219 1473 Μελίτην
241 1438 289 1474 τὴν
320 1440 411 1475 νῆσον,
433 1443 480 1469 καὶ
501 1443 549 1470 ὅσα
563 1452 592 1470 τε
609 1445 638 1471 ὲν
651 1445 718 1481 αὐτῇ
746 1446 880 1482 ὲθαυματ-

95 1482 203 1518 ούργει.

210 1530 303 1563 Ὅπως
321 1531 375 1559 ἀπὸ
399 1533 517 1570 Μελίτης
530 1535 570 1567 είς
588 1535 696 1573 Ῥώμην
713 1540 880 1576 κατήντησαν

95 1576 114 1601 ὁ
131 1575 246 1608 Παῦλος.

115 1622 270 1694 ΙΜὲὲίηερὶ
287 1624 428 1659 διαλέξεως
447 1624 552 1656 Παύλου
574 1630 641 1666 πρὸς
657 1632 720 1664 τοὺς
738 1633 767 1659 ὲν
788 1633 880 1670 Ῥώμῃ

128 1675 158 1693 ου
203 1676 260 1694 ους.

104 1666 260 1700 Ἰουδαίους.

135 1713 278 1760 Κεφάλαια
292 1715 342 1750 μὲν
360 1715 393 1743 τὰ
407 1717 454 1744 ὅλα
472 1722 498 1754 μ’
508 1728 514 1734 ·
535 1720 569 1747 τὰ
583 1720 611 1747 δὲ
625 1722 729 1755 τούτοις
749 1724 877 1760 ἑπόμενα,

95 1757 180 1785 ἅτινα
194 1759 243 1791 τὰς
256 1761 417 1796 σημειώσεις
432 1763 522 1800 ἔχουσι
538 1766 592 1802 (78)
610 1767 653 1794 διὰ
664 1768 736 1802 τοῦθ,
754 1757 808 1806 μηί

136 1845 192 1880 (70)
212 1844 294 1874 Εἶπεν
309 1849 377 1877 adde
392 1858 426 1878 ex
438 1850 544 1880 Euthal.

137 1881 330 1929 gyn‘lirustra
347 1885 466 1929 Ecoujicit
478 1887 584 1929 _Mo_ntf.
609 1889 752 1929 legendum
766 1892 857 1929 ἀνέθη
872 1915 879 1928 ,

100 1919 245 1978 ἓὶιξὲιὲῗυο
259 1919 330 1946 enim
346 1919 463 1948 formam
476 1924 585 1951 tradunt
604 1919 784 1960 grammatici.
799 1919 879 1957 Eoi}:

214 1987 285 2023 :er
304 1989 446 2023 Ἰουδαίων,
457 1991 565 2020 Euthal.

279 2025 426 2064 κατηγορία
438 2020 466 2055 et
479 2028 619 2064 ἀπολογία.

137 2055 193 2091 (74)
212 2055 262 2091 ld.,
277 2059 320 2085 ἐπ’
331 2055 422 2088 αὑτοῦ.

109 2155 1680 2178 Ἥ-

931 900 1008 920 suam
1026 893 1081 928 agit
1093 892 1164 927 apud
1180 892 1285 924 ambos.
1298 897 1325 920 et
1335 892 1489 921 dimittitur.

965 982 1097 1011 XXXVII.
1118 984 1242 1019 Agrippa;
1254 987 1281 1011 et
1291 983 1417 1012 Bernices
1430 984 1571 1016 adventus,
1586 987 1613 1010 et
1626 982 1711 1011 inter-

930 1030 1034 1065 rogatio
1052 1030 1125 1058 circa
1145 1029 1221 1057 Pauli
1238 1037 1358 1058 causam.
1375 1029 1505 1064 Apologia
1523 1029 1600 1057 Pauli
1616 1036 1710 1056 coram

929 1076 1046 1112 Agrippa
1065 1080 1092 1104 et
1106 1075 1228 1108 Bernice,
1244 1075 1278 1104 de
1291 1083 1341 1103 suo
1359 1075 1507 1103 secundum
1527 1075 1612 1111 legem
1624 1075 1711 1109 cultu,

931 1123 1019 1157 deque
1042 1122 1184 1150 vocatione
1207 1129 1256 1149 sua
1280 1122 1313 1149 ad
1328 1120 1514 1157 Evangelium.
1538 1121 1656 1157 Agrippa
1674 1121 1712 1148 ait

931 1167 1023 1202 Festo,
1039 1167 1154 1196 Paulum
1169 1167 1277 1195 Iudaeos
1294 1167 1363 1195 nihil
1380 1167 1487 1195 laedere.

964 1257 1108 1286 XXXVIII.
1129 1258 1270 1294 Navigatio
1288 1257 1363 1286 Pauli
1379 1257 1492 1285 Romam
1506 1265 1567 1285 cum
1583 1258 1712 1293 periculis

930 1305 1025 1332 multis
1040 1304 1238 1339 maximisque;
1255 1304 1300 1331 ubi
1315 1303 1470 1331 adhortatio
1482 1303 1559 1330 Pauli
1573 1303 1607 1330 ad
1622 1304 1712 1331 socios

931 1350 965 1378 de
979 1357 1026 1384 spe
1037 1350 1142 1377 salutis.
1155 1349 1331 1385 Naufragium
1342 1349 1428 1377 Pauli.
1439 1348 1580 1382 Quomodo
1590 1354 1712 1376 vectores

931 1396 959 1422 in
974 1395 1092 1423 Melitam
1113 1396 1230 1424 insulam
1251 1396 1396 1428 evaserint,
1411 1399 1437 1423 et
1453 1402 1513 1430 qua:
1527 1394 1563 1422 ibi
1577 1393 1711 1422 mirabilia

931 1442 1088 1477 patraverit.

968 1543 1088 1571 XXXIX.
1105 1544 1245 1577 Quomodo
1261 1552 1293 1572 ex
1314 1545 1399 1572 Melita
1416 1544 1529 1572 Romam
1549 1543 1648 1572 Paulus
1666 1544 1713 1572 ad—

933 1590 1046 1618 venerit.

968 1634 1025 1662 XL.
1046 1634 1083 1663 De
1098 1635 1234 1671 colloquio
1255 1634 1330 1662 Pauli
1344 1642 1405 1663 cum
1422 1634 1521 1663 Iudaeis
1552 1635 1599 1669 qui
1619 1632 1713 1662 Romae

933 1685 1020 1708 erant.

969 1727 1062 1762 Capita
1078 1728 1187 1763 quidem
1201 1727 1380 1764 quadraginta
1396 1731 1459 1755 sunt
1476 1736 1482 1754 :
1497 1734 1558 1761 quae
1573 1733 1638 1753 vero
1653 1731 1713 1760 post

933 1774 1022 1809 capita
1037 1774 1167 1802 asterisco
1184 1778 1322 1808 notantur,
1334 1773 1512 1809 quadraginta
1529 1777 1556 1800 et
1569 1777 1640 1800 octo.

967 1859 1023 1895 (75)
1042 1861 1120 1888 Κατὰ
1135 1861 1250 1893 Παῦλον,
1268 1860 1304 1888 id.

966 1895 1022 1932 (29)
1044 1896 1184 1932 ῙΕννόμου,
1203 1897 1239 1924 id-

965 1930 1022 1966 (77)
1043 1930 1092 1966 Id.,
1108 1930 1241 1966 ἔμπλεως.

967 1963 1023 2000 (78)
1043 1963 1094 1998 Id.,
1108 1963 1152 1993 διὰ
1168 1966 1361 2002 κινναϐάρεως.
1381 1965 1456 2000 Apud
1472 1964 1596 2002 eumdem
1602 1963 1712 2002 _il_)idfnt

932 1998 1043 2036 notatur
1057 2009 1187 2029 numerus
1200 1998 1298 2036 στίχων
1313 2008 1359 2028 seu
1372 1998 1491 2036 versuum
1504 2001 1569 2036 pog',
1585 1999 1645 2026 I72.
1661 1998 1711 2025 Sod

933 2035 1071 2071 illelonge
1087 2036 1176 2064 minor
1188 2041 1230 2064 est
1246 2035 1296 2071 pro
1312 2041 1370 2064 toto
1385 2035 1455 2063 libro
1472 2035 1614 2066 ActOrum,
1631 2042 1712 2068 quem

933 2078 960 2105 p.
973 2070 1024 2098 ιιι
1040 2070 1146 2106 reperio
1160 2071 1241 2099 2556.

680 2250 740 2308 S.
796 2254 1133 2311 PAMPHILI

515 2366 816 2415 APOLOGIA
851 2370 968 2417 PRO
1004 2370 1295 2439 ORIGENE.

101 2459 344 2506 Apologeticum
361 2461 392 2492 S.
412 2461 570 2506 Pamphili
589 2471 646 2506 pro
666 2464 806 2506 Origene
832 2464 1017 2496 retinuimus
1042 2465 1126 2497 inter
1141 2465 1259 2506 scripta
1278 2465 1315 2506 ad
1343 2465 1518 2506 Origenem
1539 2466 1715 2505 spectantia

144 2507 216 2544 qua;
228 2501 335 2546 ‘ipsiu‘s
349 2500 502 2546 operibus
499 2503 552 2546 jn
569 2500 711 2546 editione
726 2500 867 2537 iiuteana
883 2507 1135 2545 subjunguntur.
1155 2500 1215 2537 Adi
1232 2500 1435 2538 Collectionis
1451 2500 1569 2537 nostra}
1589 2509 1712 2537 tomum

143 2539 292 2579 quintum
307 2539 478 2572 decimum.
498 2542 586 2574 Eur-r.
607 2543 742 2574 Pnaoa.
