1865 3042
177 93 1785 120 W

728 176 819 196 ClRCA
846 176 955 196 ANNUM
970 175 1082 197 DCIIII
1103 176 1226 198 CCXCVI.

652 259 739 348 S.
834 258 1297 347 PHILEAS

431 413 717 460 THMUEOS
761 415 1087 462 EPISCOPUS
1127 416 1200 460 ET
1248 414 1520 459 MARTYR.

803 561 1135 618 .NOTlTlA.

579 671 723 702 (GALIANB.,
737 672 791 696 Yet.
805 672 875 696 Patr.
895 670 1020 701 Biblioth,
1033 673 1092 695 tom.
1106 670 1146 700 IV,
1161 671 1270 701 Proleg.,
1282 677 1304 701 p.
1321 670 1373 697 vn.)

205 773 224 802 Ι.
246 775 352 813 Phileas
371 782 427 804 tum
444 777 518 804 rebus
532 777 658 811 praeclare
676 779 765 812 gestis,
792 783 846 805 tum
869 778 990 806 doctrina
1015 784 1039 806 et
1054 779 1152 813 pietate
1176 779 1289 805 maxime
1311 782 1452 812 prauam.
1482 775 1668 802 Tlimuitamz
1687 772 1794 800 Ecclesia

165 818 311 849 episcopi”,
330 812 362 849 de
377 818 524 847 martyrum
541 814 618 840 laude
634 814 749 849 scripsit.
761 814 925 848 postmodum
939 819 963 841 et
980 815 1033 849 ipse
1046 812 1156 848 martyr.
1221 847 1242 849 η
1299 847 1303 849 Α
1339 846 1349 849 _
1444 847 1460 849 __
1554 845 1560 849 _
1635 844 1643 849 _
1680 844 1687 849 .
1747 842 1783 849 M

205 842 235 872 ll.
253 842 405 886 Epistolam
420 842 520 882 quoque
534 848 634 874 dudum
652 842 888 883 editam,'quutuar
902 842 1081 884 episcoporum
1102 842 1204 875 nomine
1215 847 1321 874 Meletio
1334 846 1530 882 Lycopolitano
1550 844 1729 878 inscripsisse
1744 842 1795 870 Phi-

167 880 221 907 leas
237 882 415 909 existimatur.

202 916 246 943 lil.
269 916 326 948 Quo
340 921 452 951 tempore
465 919 561 952 scripta
575 918 655 952 fuerit
666 917 795 952 ejusmodi
807 919 927 953 epistola,
940 919 1104 954 expenditur.

202 974 222 1001 l.
242 973 350 1003 Phileas
375 976 460 1010 patria
486 975 666 1004 Thmuitanus
679 977 706 1003 in
721 976 838 1012 Egypto
851 998 859 1008 ,
881 982 950 1004 teste
965 979 987 1008 Α
1001 982 1073 1004 tasse
1087 976 1216 1004 Hilariani
1229 976 1288 1007 invi.
1304 983 1338 1004 es
1354 976 1472 1010 abrupto
1485 973 1626 1009 loquendi
1641 980 1740 1008 genere
1750 973 1790 999 rite

168 1020 334 1056 Hieronymo
348 1020 384 1056 (l)
395 1042 403 1055 ,
423 1022 465 1049 vir
481 1021 531 1049 fuit
546 1023 652 1050 cunctis
673 1023 700 1049 in
724 1023 792 1050 urbe
804 1023 952 1051 honoribus

167 1076 198 1093 ac
218 1067 375 1094 muneribus
397 1075 504 1096 summa
518 1077 579 1096 cum
603 1069 682 1096 laude
699 1069 866 1104 perfunctus,
881 1074 908 1097 et
925 1071 951 1097 in

166 1113 361 1147 philosophicis
384 1113 534 1148 disciplinis
553 1115 709 1142 excolendis
731 1115 876 1142 admodum
898 1116 952 1143 cla-

166 1166 233 1190 rus,
260 1163 290 1185 ut
316 1159 410 1186 scribit
433 1159 566 1187 Eusebius
583 1160 640 1195 (2);
662 1161 790 1196 quodque
815 1162 852 1188 rei
872 1167 952 1196 caput

166 1209 224 1236 est,
242 1205 341 1239 pietate
365 1206 392 1232 in
417 1205 500 1233 Deum
525 1214 556 1233 ac
579 1206 737 1234 fortitudine
759 1207 876 1234 maxime
891 1207 953 1234 illu-

164 1250 229 1277 Stris
251 1250 288 1285 (5)
311 1259 318 1277 :
337 1250 445 1286 ἀληθῶς
463 1250 605 1285 φιλόσοφός
625 1260 654 1278 τε
673 1251 741 1287 ὁμοῦ
767 1253 813 1279 καὶ
831 1252 952 1286 φιλόθεος

167 1295 283 1330 μάρτυς,
300 1304 356 1323 vere
378 1297 548 1331 philosophus
568 1297 699 1333 simulque
715 1298 819 1325 divinus
839 1303 950 1333 martyr.

166 1341 292 1368 l'lcclesite
308 1342 399 1376 patriae
413 1347 532 1377 suscepto
546 1344 696 1378 episcopatu
707 1364 714 1377 ,
729 1344 950 1379 elegantissimum

165 1387 262 1414 librum
280 1386 312 1414 de
334 1392 482 1423 martyrum
503 1389 580 1415 laude
593 1390 736 1424 composuit
753 1390 808 1424 (4),
826 1390 872 1425 qui
889 1390 952 1417 Ale-

165 1432 285 1460 xaLdrite
304 1434 453 1468 praesertim
471 1439 586 1461 mortem
608 1442 658 1470 pro
678 1435 780 1463 Christi
803 1435 854 1463 lide
879 1436 951 1463 obie-

165 1483 240 1511 rant;
257 1478 401 1513 ipsumque
415 1478 549 1508 Thmuitis
565 1480 712 1515 inscripsit,
728 1481 867 1516 epistolari
880 1482 950 1517 stylo

165 1528 331 1551 contextum.
357 1523 444 1559 Hujus
468 1525 575 1561 insigne
595 1525 775 1561 fragmentum
796 1527 874 1554 nobis
894 1534 951 1554 ser-

166 1570 238 1597 vavit
257 1570 390 1598 Eusebius
406 1571 464 1607 (5),
484 1572 557 1600 unde
577 1572 643 1600 illud
665 1572 870 1607 exscripsimus.
894 1573 949 1600 Pro

164 1615 269 1642 Christo
288 1616 397 1644 demum
414 1619 499 1652 capite
515 1622 651 1645 truncatus
662 1623 699 1645 est
713 1619 807 1645 beatus
824 1619 947 1649 antistes,

163 1662 253 1688 eodem
267 1662 296 1687 in
312 1661 430 1696 Egypto
447 1663 633 1696 persecutionis
650 1668 769 1694 auctore,
787 1672 837 1698 quo
855 1663 948 1690 Lucio-

163 1715 213 1734 nus
236 1706 419 1741 Nicomedie,
442 1714 472 1736 ut
491 1710 528 1736 ait
550 1709 730 1744 Hieronymus
743 1709 782 1744 (6)
807 1719 814 1737 :
832 1710 948 1736 Alexan-

164 1754 229 1780 driae
245 1753 375 1781 nimirum
399 1754 451 1781 sub
471 1753 629 1786 Maximino,
643 1755 715 1782 circa
731 1755 831 1782 Christi
847 1763 946 1782 annum

163 1798 214 1824 507
227 1797 275 1833 (7).
293 1797 358 1832 Ejus
371 1799 492 1834 martyrii
506 1799 571 1826 Acta
588 1805 649 1834 post
663 1799 854 1828 Bollandianos
865 1801 949 1828 edidit

164 1842 351 1871 Theudoricus
373 1843 532 1872 Ruinarlius
546 1844 583 1879 (8)
603 1854 609 1871 :
627 1853 687 1879 qua
708 1846 780 1872 enim
796 1845 890 1874 Graece
911 1847 948 1873 si—

165 1888 220 1916 mul
235 1893 262 1916 et
281 1888 376 1916 Latine
396 1889 422 1916 in
439 1889 588 1924 Triumplzis
616 1890 690 1918 lectis
710 1896 856 1925 martyrum
871 1892 947 1919 evul-

165 1935 237 1968 gavit
250 1935 448 1968 Combeﬁsius,
476 1937 567 1964 minus
592 1937 697 1964 sincera
722 1937 837 1964 eruditis
858 1938 950 1965 existi-

165 1985 284 2008 tuantur.

199 2026 232 2054 ll.
253 2027 323 2054 Huic
343 2031 432 2054 autem
447 2027 534 2055 sancti
552 2026 651 2055 Philete
665 2027 825 2063 fragmento,
841 2037 874 2056 ex
888 2028 947 2063 ejus

165 2073 232 2100 libro
255 2072 293 2100 De
322 2074 480 2108 martyribus
505 2074 691 2101 Alexandrinis
709 2081 852 2110 excerpta,
879 2076 948 2103 inte-

162 2127 238 2152 gram
261 2119 410 2154 adjecimus
431 2121 585 2155 epistolam,
606 2128 687 2156 quam
706 2119 813 2148 Meletio
827 2121 964 2162 Lycopo-.

162 2164 247 2192 litano
260 2165 397 2200 episcopo,
413 2170 469 2193 tum
488 2173 538 2194 suo
560 2171 616 2193 tum
631 2166 712 2193 etiam
728 2166 809 2194 trium
831 2168 946 2195 aliorum

163 2211 351 2246 episcoporum
368 2212 478 2239 nomine
502 2212 572 2239 idem
590 2211 698 2239 Phileas
720 2212 894 2247 inscripsissc
909 2215 948 2241 vi-

162 2257 251 2284 detur.
269 2256 336 2285 Eam
348 2265 412 2285 vero
423 2265 485 2285 cum
502 2258 563 2285 aliis
574 2258 765 2286 ecclesiastica:
777 2260 947 2294 antiquitatis

163 2302 357 2334 monumentis,
372 2303 405 2329 ad
420 2303 539 2330 schisma
552 2302 723 2330 Meletianum
738 2304 871 2338 praecipue
885 2313 947 2339 per-
959 2322 980 2351 α

163 2346 322 2379 liuentibus,
346 2347 449 2380 primus
470 2347 541 2374 haud
555 2347 593 2375 ita
608 2348 711 2383 pridem
727 2348 754 2376 in
770 2349 858 2376 lucem
874 2350 945 2376 eruit

161 2399 195 2417 (ιχ
212 2396 320 2418 vetusto
344 2400 395 2418 ms.
419 2391 512 2419 codice
533 2392 644 2427 capituli
670 2392 833 2422 Veronensis
848 2395 889 2421 vir
908 2395 944 2422 cl.

162 2436 253 2471 Scipio
269 2436 390 2464 Malfeius
405 2437 443 2473 (9)
456 2458 462 2464 .
489 2437 554 2470 Quae
570 2439 678 2473 quidem
693 2448 756 2468 cum
782 2441 893 2476 reliquis
906 2442 941 2468 ei-

161 2483 221 2508 dem
246 2482 358 2516 adjectis
373 2491 406 2509 ex
421 2482 515 2510 Graeco
529 2492 589 2512 esse
612 2487 742 2514 translata
761 2488 944 2521 comperitur;

163 2528 428 2563 vetustissimamque
443 2535 569 2564 praeterea
583 2539 644 2559 esse
661 2533 822 2566 versionem,
839 2542 870 2562 ac
890 2534 944 2560 for.

196 2594 234 2629 (l)
255 2593 292 2629 De
305 2595 351 2621 uir.
374 2595 492 2626 illum,
514 2603 572 2629 cap.
590 2595 631 2623 78.

198 2628 235 2666 (ἓ)
254 2628 328 2666 _H_ist.
341 2631 403 2666 eccl.
415 2651 421 2662 ,
440 2631 485 2657 lib.
501 2628 558 2662 vm,
573 2640 631 2666 cap.
653 2631 678 2659 9.

198 2662 234 2700 (ξι)
254 2663 305 2700 ξς..
321 2665 385 2690 ibid.
397 2686 404 2696 ,
425 2673 482 2700 cap.
500 2666 542 2693 10.

198 2697 235 2729 (li)
255 2697 362 2726 Hieron.
374 2720 380 2731 ,
396 2701 447 2727 loc.
457 2697 508 2727 'cit.

197 2731 235 2770 (ir)
255 2732 318 2770 Loc.
335 2735 379 2770 cit.
391 2756 398 2767 ,
412 2744 471 2770 cup.
494 2735 533 2762 lt).

199 2766 234 2802 (ti)
257 2767 319 2795 an.
337 2769 383 2796 cit.

964 1650 984 1677 Β

1004 1023 1093 1057 arguit
1107 1022 1307 1049 eruditissimus
1321 1021 1419 1048 editor.
1437 1021 1567 1053 Quatuor
1583 1027 1676 1054 porro
1688 1019 1792 1053 episcopi

1002 1069 1049 1103 qui
1063 1076 1121 1096 eam
1136 1068 1276 1103 epistolam
1288 1075 1416 1095 exarasse
1429 1067 1630 1101 perhibentur,
1645 1066 1699 1092 hoc
1711 1065 1793 1092 ordine

1002 1114 1140 1142 distributi
1155 1119 1312 1148 comparent
1325 1123 1332 1141 ε
1343 1112 1501 1148 Hesychius,
1517 1112 1702 1144 Pallantius,
1721 1111 1792 1138 Theo-

1001 1160 1081 1187 dorus
1097 1165 1124 1186 et
1147 1159 1253 1186 Phileas
1270 1167 1279 1186 :
1297 1159 1376 1186 iidem
1403 1159 1535 1186 nimirum
1559 1165 1689 1193 quorum
1709 1158 1793 1184 memi-

1003 1207 1041 1233 nit
1051 1205 1183 1233 Eusebius
1197 1205 1238 1232 his
1253 1205 1342 1232 verbis
1353 1204 1408 1239 (l0)
1423 1214 1429 1231 :
1446 1214 1455 1230 I
1472 1204 1511 1231 Ex
1530 1204 1576 1231 his
1593 1212 1665 1232 vero
1678 1204 1726 1239 qui
1738 1203 1792 1230 Ale-

1003 1252 1122 1280 xandriae
1136 1257 1164 1279 et
1177 1259 1224 1286 per
1243 1256 1327 1278 totam
1342 1250 1489 1286 :Egyptum
1505 1258 1539 1278 ac
1554 1249 1731 1278 Thebaidem
1751 1257 1791 1276 no-

1002 1298 1047 1324 bili
1069 1297 1197 1333 martyrio
1226 1297 1358 1332 perfuncti
1377 1301 1457 1327 sunt,
1484 1301 1673 1324 recensentur
1694 1295 1790 1322 Phileas

1001 1349 1027 1371 et
1043 1342 1202 1378 Hesychius,
1221 1342 1382 1370 Pachomius
1393 1347 1421 1371 et
1432 1342 1607 1375 Theodorus,
1624 1342 1788 1369 diversarum

1003 1389 1028 1416 in
1045 1388 1161 1424 Egypto
1178 1388 1357 1416 Ecclesiarum
1375 1388 1505 1423 episcopi.
1532 1397 1542 1414 ›
1563 1388 1659 1423 Atque
1673 1389 1724 1415 hac
1739 1388 1787 1422 ipsa

1001 1434 1152 1462 Eusebiana
1165 1435 1235 1462 serie
1243 1434 1305 1462 illos
1318 1434 1380 1462 item
1393 1439 1570 1461 enumeratos
1585 1434 1720 1461 exhibent
1729 1434 1786 1460 Acta

1000 1481 1135 1516 passionis
1160 1481 1245 1508 sancti
1278 1479 1349 1507 Petri
1377 1480 1554 1507 Alexandrini
1588 1488 1604 1507 a
1629 1480 1787 1507 Combeﬁsio

1000 1526 1133 1561 evulgata.
1155 1526 1207 1558 Qui
1231 1530 1319 1552 tamen
1343 1525 1448 1560 primus
1469 1526 1621 1560 utrobique
1637 1526 1787 1552 nominatur

999 1571 1122 1605 Phileas,-
1143 1577 1237 1600 contra
1259 1572 1303 1599 hic
1326 1577 1480 1606 postremus
1505 1572 1680 1599 inscribitur.
1709 1571 1788 1599 Eccar

999 1618 1121 1645 demum?
1140 1617 1260 1652 inquies.
1284 1615 1419 1643 Nimirum
1452 1617 1597 1651 epistolam
1618 1616 1731 1643 Phileas
1751 1617 1788 1650 ip-

999 1667 1084 1691 semet
1105 1663 1286 1698 perscribens,
1309 1663 1410 1698 quippe
1429 1663 1477 1697 qui
1497 1663 1607 1690 caeteris
1628 1663 1788 1697 eloquentia

997 1715 1024 1738 et
1044 1709 1173 1738 doctrinae
1189 1709 1269 1737 laude
1284 1714 1435 1744 praistarcl,
1458 1713 1488 1736 ut
1512 1710 1596 1737 modo
1618 1717 1654 1737 ex
1672 1709 1788 1737 Eusebio

997 1760 1079 1790 atque
1110 1755 1273 1791 Hieronymo
1307 1755 1483 1789 accepimus.
1512 1755 1611 1782 ultimo
1649 1760 1788 1790 proptera

998 1801 1058 1828 loco
1071 1801 1210 1828 modestiae
1224 1807 1306 1828 causa
1322 1807 1352 1827 se
1366 1800 1456 1834 ipsum
1479 1800 1633 1827 nominavit
1649 1809 1657 1827 :
1673 1808 1736 1834 qua:
1749 1805 1787 1826 est

997 1847 1176 1874 laudatissimi
1191 1847 1240 1874 viri
1253 1847 1420 1882 conjectura.

1032 1891 1077 1920 Ill.
1096 1892 1229 1920 Caeterum
1243 1893 1265 1921 si
1281 1899 1388 1928 tempus
1405 1893 1528 1927 requiras
1545 1899 1600 1926 quo
1611 1893 1716 1926 scripta
1733 1892 1787 1920 fue-

997 1939 1032 1965 rit
1051 1939 1180 1973 epistola,
1197 1939 1276 1973 plane
1299 1943 1405 1966 constat
1421 1938 1504 1965 fuisse
1530 1937 1604 1964 illam
1629 1943 1786 1969 exaratam,

996 1983 1060 2010 dum
1075 1984 1164 2011 adhuc
1181 1986 1207 2011 in
1222 1984 1292 2012 vivis
1308 1989 1399 2019 ageret
1423 1988 1535 2011 sanctus
1549 1983 1648 2010 Petrus
1671 1984 1787 2011 Alexan-

996 2029 1081 2056 driam
1097 2028 1222 2057 Ecclesiae
1236 2029 1358 2056 antistes.
1385 2028 1432 2056 Sic
1446 2029 1517 2065 enim
1535 2027 1574 2054 ibi
1594 2028 1736 2056 Meletium
1751 2029 1787 2055 al-

996 2075 1146 2108 loquuntur
1168 2074 1286 2102 illustres
1302 2074 1403 2101 Christi
1430 2072 1628 2101 coul‘cssores:
1650 2082 1659 2099 ι
1680 2073 1723 2100 Tu
1746 2081 1787 2099 au-

996 2125 1050 2148 tem
1065 2128 1119 2147 non
1136 2120 1311 2147 considerans
1335 2120 1425 2155 magni
1450 2121 1570 2155 episcopi
1587 2128 1621 2147 ac
1637 2120 1725 2154 patris
1740 2127 1786 2146 no-

996 2166 1045 2192 stri
1067 2165 1140 2192 Petri
1164 2166 1305 2198 honorem,
1321 2173 1354 2192 ex
1367 2173 1423 2200 quo
1438 2166 1528 2193 cuncti
1546 2173 1596 2200 per
1612 2173 1692 2200 spem
1707 2172 1785 2200 quam

998 2211 1127 2238 habemus
1152 2211 1178 2238 in
1207 2211 1320 2238 Domino
1338 2215 1434 2238 nostro
1457 2210 1521 2238 Jesu
1537 2211 1671 2243 Christo,
1695 2211 1785 2246 pende-

997 2264 1054 2282 mus
1071 2265 1079 2281 ι
1097 2260 1149 2283 etc.
1163 2254 1256 2290 Neque
1272 2256 1342 2283 ullus
1361 2256 1503 2283 dubitandi
1519 2256 1597 2283 locus
1611 2257 1783 2290 relinquitur,

997 2303 1062 2336 quin
1077 2302 1093 2328 ii
1105 2302 1227 2329 eamdem
1248 2302 1390 2336 epistolam
1410 2302 1581 2337 scripserint,
1598 2302 1666 2329 dum
1686 2303 1713 2329 in
1730 2310 1785 2330 car-

996 2355 1057 2375 cere
1080 2347 1265 2374 detinerentur
1282 2357 1289 2374 :
1307 2352 1336 2374 ut
1350 2347 1465 2382 proinde
1490 2347 1554 2374 hinc
1574 2347 1695 2376 fortasse
1709 2347 1782 2375 Mele-

996 2393 1050 2420 tius
1063 2393 1285 2427 perniciosissimi
1303 2393 1329 2419 in
1346 2392 1464 2428 Egypto
1476 2393 1637 2421 schismatis
1654 2394 1784 2421 conﬂandi

995 2446 1089 2466 ansam
1102 2439 1256 2473 arripuerit.
1273 2437 1350 2470 Quod
1363 2439 1474 2473 quidem
1486 2447 1548 2466 cum
1562 2445 1662 2467 nostro
1673 2439 1784 2467 Baronio

996 2486 1111 2520 aliisque
1136 2485 1200 2512 viris
1226 2485 1315 2512 doctis
1330 2484 1402 2512 circa
1426 2493 1530 2512 annum
1557 2485 1611 2512 506
1642 2487 1784 2522 contigisse

996 2531 1194 2559 existimamus.

1085 2598 1206 2640 i'l‘illemq
1229 2598 1390 2634 Mem.,toin.
1408 2597 1441 2630 V,
1456 2607 1516 2634 pag.
1538 2599 1602 2631 780,
1625 2607 1683 2628 not.
1699 2602 1726 2634 5,
1741 2608 1787 2629 sur

997 2633 1025 2660 S.
1039 2633 1160 2661 Phileas.
1316 2633 1320 2634 ⁷
1495 2633 1504 2634 ί

1031 2669 1070 2701 (8)
1090 2670 1148 2695 Act.
1167 2674 1246 2696 mort.
1265 2669 1348 2698 sine...
1367 2676 1429 2703 pag.
1450 2669 1513 2696 45L

1032 2705 1067 2743 (gi)
1089 2704 1301 2743 Osserv.jet_ter-.,
1319 2708 1384 2730 tom.
1401 2703 1444 2736 lll,
1461 2712 1521 2739 pag.
1539 2705 1634 2733 ll-l7.
1647 2721 1680 2726 —
1691 2706 1783 2743 Opust.

995 2738 1084 2766 ecrles.
1095 2747 1178 2800 ηυδε.
1195 2738 1248 2765 254
1265 2746 1340 2773 seqq.

1032 2774 1086 2800 (10)
1120 2774 1178 2800 list.
1196 2773 1257 2800 ραι.
1274 2773 1320 2800 lib.

1032 2774 1086 2809 (10)
1110 2773 1178 2801 Hist.
1196 2773 1257 2801 ραι.
1274 2773 1320 2800 lib.
1340 2781 1400 2806 \‘lll,
1415 2781 1476 2808 cap.
1497 2774 1541 2801 l3.
