1865 3042
176 95 188 121 1
194 94 245 122 565

783 95 811 123 S.
832 94 968 123 PHILEE
988 94 1177 124 THMUITANI

1741 88 1799 116 l5“

176 155 286 189 ungulis
305 155 478 182 adhibebant.
495 155 611 188 Quidam
630 163 694 184 vero
716 156 800 184 altera
823 165 903 184 manu
923 157 954 184 ad

1043 156 1060 183 ὴ
1076 158 1124 192 τῆς
1137 157 1217 188 στοᾶς
1241 157 1304 192 μιᾶς
1318 155 1406 192 χειρὸς
1428 151 1624 189 ἐξηρτημένοι
1650 150 1797 185 αἰωροῦντο,

176 202 310 236 porticum
330 202 455 236 suspensi
472 202 644 236 pendebant;
661 202 761 237 quibus
781 203 958 231 articulorum

177 250 416 283 membrorumque
433 250 554 276 omnium
575 251 708 278 distensio
721 251 820 286 quovis
837 251 958 278 cruciatu

176 298 236 321 erat
250 294 382 321 acerbior.
404 294 457 321 Alii
473 295 593 322 vultibus
612 295 640 322 in
659 303 688 323 se
709 300 804 323 mutuo
819 296 959 324 conversis

177 341 211 367 ad
225 340 369 368 columnas
383 340 575 376 alligabantur,
593 341 706 376 pedibus
718 341 806 368 solum
827 350 881 369 non
894 350 959 370 con-

178 385 360 420 tingentibus;
382 386 450 412 adeo
474 390 505 413 ut
523 387 632 413 vincula
656 387 788 421 gravitate
813 394 959 421 corporum

177 431 283 464 adacta,
299 432 389 459 acrius
412 432 628 459 intenderentur.
650 432 739 467 Atque
762 432 788 460 id
808 433 960 461 tolerabant

177 485 232 504 non
249 477 338 504 solum
363 478 484 512 quandiu
508 485 609 512 praeses
631 485 678 505 eos
697 478 895 513 alloquebatur,
913 483 960 506 aut

178 523 322 550 audiendis
336 523 403 558 ipsis
417 523 543 554 vacabat,
558 523 605 550 sed
623 528 681 550 toto
695 524 888 559 propemodum
905 524 957 551 die.

177 567 244 595 Nam
263 569 309 596 ubi
326 569 358 595 ad
380 569 448 596 alios
462 569 611 596 audiendos
635 570 794 602 transierat,
819 569 959 598 ministros

177 613 258 640 ollicii
277 615 317 640 sui
338 614 523 649 relinquebat,
546 614 593 649 qui
617 614 753 649 prioribus
770 615 958 647 imminerent;

178 661 200 686 si
215 658 285 686 forte
301 659 364 694 quis
386 665 583 687 tormentorum
604 661 750 688 acerbitate
763 661 851 689 victus
871 669 886 688 a
898 668 961 696 pro-

178 704 267 738 posito
280 704 432 731 desciscere
443 705 589 732 videretur.
614 704 782 740 Juhebatque
798 713 845 733 eos
857 705 961 740 absque

178 750 231 777 ulla
248 750 422 777 miseratione
435 751 550 778 vinculis
564 751 670 786 stringi,
685 756 712 778 et
722 755 814 786 postea
826 759 888 779 cum
903 751 959 786 jam

178 795 297 822 animam
321 796 491 830 exhalarent,
518 797 723 832 ltumiabjectos
753 797 832 825 trahi.
868 797 960 832 Neque

1013 203 1102 238 πάσης
1127 203 1268 238 ἀλγηδόνος
1293 201 1444 236 δεινοτέραν
1471 200 1522 234 τὴν
1544 199 1604 226 ἀπὸ
1627 197 1685 224 τῶν
1703 196 1797 233 ἄρθρων

1012 249 1059 275 καὶ
1077 247 1164 284 μελῶν
1177 248 1254 275 τάσιν
1275 247 1380 282 ἔχοντες
1391 255 1398 261 ·
1414 245 1490 273 ἄλλοι
1504 245 1533 271 δὲ
1554 244 1630 280 πρὸς
1647 244 1707 274 rei;
1722 243 1796 268 κίοσιν

1013 295 1212 330 ἀντιπρόσωποι
1228 293 1332 320 ὲδοῦντο
1349 293 1378 320 οὐ
1398 292 1529 328 βεϐηκόσι
1544 293 1609 323 τοῖς
1628 290 1706 319 ποσὶ,
1721 289 1757 323 τῷ
1775 289 1796 316 ἂ

1013 340 1090 376 βάρει
1106 340 1152 367 τοῦ
1168 340 1290 375 σώματος
1305 339 1471 375 βιαζομένων
1487 338 1559 374 μετὰ
1573 336 1687 366 τάσεως
1698 335 1796 361 ἀνελπι-

1014 386 1100 422 μένων
1114 386 1167 413 τῶν
1179 386 1284 421 δεσμῶν
1294 394 1302 401 ’
1318 386 1364 412 καὶ
1373 385 1446 412 τοῦθ’
1457 385 1611 419 ὑπέμενον,
1625 383 1679 408 οὐκ
1694 381 1734 415 ἐφ’
1744 381 1796 407 ὅσον

1013 432 1225 468 προσδιελέγετο,
1237 431 1290 458 0'56‘
1304 432 1394 462 αὺτοῖς
1406 429 1553 465 ἐσχόλαζεν
1564 431 1579 456 ὁ
1594 427 1724 463 ἡγεμὼν,
1739 427 1795 452 am

1014 479 1154 513 μονονουχὶ
1172 478 1205 504 δι’
1228 477 1290 512 ὅλης
1311 477 1361 512 τῆς
1376 477 1493 512 ἡμέρας.
1518 477 1587 501 Ὅτε
1615 474 1673 509 γὰρ
1694 473 1740 500 καὶ
1760 473 1795 506 ἐς*

1013 523 1123 560 ἐτέρους
1136 523 1285 559 μετέϐαινε,
1299 524 1353 554 τοῖς
1364 521 1506 557 προτέροις
1519 520 1731 554 κατελίμπανεν
1746 519 1796 552 hs-

1013 570 1118 606 δρεύειν
1136 570 1199 602 τοὺς
1213 571 1246 605 τῇ
1261 568 1368 603 ἐξουσίᾳ
1379 567 1461 595 αὑτοῦ
1475 565 1724 603 ὑπηρετουμένους
1738 564 1793 598 (15)·

1014 617 1041 643 εἴ
1055 616 1106 643 πού
1128 625 1169 648 τις
1188 615 1313 652 ἡττηθεὶς
1333 615 1386 641 τῶν
1402 614 1527 649 βασάνων
1551 612 1691 639 ἐνδιδόναι
1706 610 1793 636 ἐδόκει·

1013 662 1129 697 άφειδῶς
1143 662 1171 688 δὲ
1191 661 1308 688 κελεύων
1321 661 1366 687 καὶ
1381 662 1437 692 τοῖς
1449 660 1560 694 δεσμοῖς
1575 656 1727 693 προσιέναι
1738 655 1793 689 (itit,

1014 707 1060 734 καὶ
1075 706 1228 742 parataita
1246 705 1484 742 ψυχορραγοῦντας
1500 703 1604 734 αὐτοὺς
1621 701 1794 735 κατατιθεμέ-

1013 761 1075 784 νους
1096 753 1136 784 είς
1151 752 1201 788 τὴν
1215 752 1266 787 γῆν
1284 750 1418 778 ἓλκεσθαν
1436 750 1466 776 οὐ
1488 749 1543 785 γὰρ
1559 746 1635 775 εἶναι
1652 747 1708 773 κᾶν
1726 746 1795 781 μέρος

1013 799 1104 830 αὐτοῖς
1126 798 1263 834 φροντίδος
1277 797 1340 832 περὶ
1354 796 1444 832 ἡμῶν·
1461 795 1518 822 ἀλλ’
1535 794 1612 821 οὕτω
1629 793 1680 820 καὶ
1692 793 1795 819 διανοεῖ-

177 841 250 868 enim
269 841 358 868 aiebat
372 842 413 869 vel
437 842 578 869 minimam
602 843 687 870 nostri
701 851 794 870 curam
809 842 954 870 habendam

1045 853 1071 871 αι
1084 843 1145 880 ’(17)
1169 844 1215 871 καὶ
1240 845 1378 880 πράττειν,
1402 842 1440 874 ὡς
1466 841 1563 877 μηκέτ’
1585 840 1690 867 ὄντων’
1708 838 1795 872 ταύτῃ

177 895 239 914 esse
252 897 258 915 :
271 888 318 914 sed
333 892 446 916 cunctos
460 888 499 915 sic
515 889 548 916 de
561 889 640 916 nobis
655 886 765 921 sentire,
780 889 819 917 sic
834 897 897 924 erga
909 896 959 917 nos

177 941 257 968 agerc
268 933 376 967 debere,
393 934 471 969 quasi
490 943 543 962 nou
557 935 674 970 amplius
689 935 812 962 homines
826 943 958 962 essemus.

179 977 256 1006 Hunc
278 979 384 1006 scilicet
409 980 560 1007 secundum
585 980 735 1008 cruciatum
763 984 825 1016 post
846 980 961 1008 verbera

178 1024 280 1052 inimici
296 1026 381 1052 nostri
397 1025 626 1059 excogitaverant.

213 1070 256 1097 ιιι.
277 1070 392 1104 Quidam
408 1072 487 1099 etiam
503 1076 565 1106 post
582 1076 716 1099 tormenta
727 1072 754 1098 in
774 1079 857 1099 nervo
867 1071 960 1106 jacue-

177 1122 241 1144 ruut
254 1138 261 1151 ,
290 1118 404 1152 pedilms
423 1118 456 1145 ad
471 1124 588 1153 quatuor
606 1126 693 1153 usque
713 1119 847 1146 foramina
861 1118 961 1146 divari—

176 1163 262 1195 catis;
283 1163 318 1190 ita
340 1167 369 1190 ut
387 1164 477 1198 supini
499 1172 560 1191 esse
582 1169 752 1199 cogerentur,
774 1172 836 1191 cum
859 1164 895 1192 ob
914 1172 960 1191 re-

176 1216 268 1239 centes
285 1213 424 1246 plagarum
439 1211 582 1238 cicatrices
595 1218 664 1245 quas
683 1215 739 1238 toto
758 1218 872 1245 corpore
883 1217 960 1244 gere-

178 1257 254 1288 bant,
271 1262 343 1284 stare
356 1256 468 1284 omnitto
480 1264 534 1283 non
546 1261 666 1291 possent.
688 1255 740 1282 Alii
758 1256 833 1282 humi
845 1255 959 1290 projecti

174 1303 302 1338 jacebant
310 1311 364 1338 pra:
372 1303 454 1330 nimia
465 1307 662 1330 tormentorum
674 1302 832 1335 acerbitate;
842 1302 960 1329 etmulto

176 1350 287 1384 gravius
299 1357 380 1383 quant
390 1349 454 1376 dum
464 1349 652 1376 cruciarentur
659 1349 841 1383 spectaculum
854 1347 960 1374 intuen-

178 1394 251 1421 tibus
270 1394 439 1429 prrebcbant,
457 1395 531 1421 varia
563 1402 596 1422 ac
625 1394 785 1429 multiplicia
810 1397 960 1421 tormento-

178 1448 239 1467 rum
263 1441 414 1475 cxcogitata
437 1447 536 1474 genera
560 1439 722 1474 corporibus
743 1440 800 1467 suis
814 1438 960 1466 circumice

179 1491 280 1514 rentes.
299 1486 365 1518 Qua:
383 1494 445 1513 cum
469 1487 506 1513 ita
520 1490 687 1521 gererentur,
709 1485 755 1512 alii
776 1486 802 1512 in
820 1484 886 1520 ipsis
900 1489 957 1512 tor-

178 1533 277 1560 mentis
289 1532 480 1567 exspirahaut,
500 1531 652 1559 constantia
670 1539 718 1559 sua
733 1531 863 1566 pudorem
883 1531 960 1558 incu-

179 1581 277 1607 tientes
306 1579 472 1606 adversario.
509 1579 560 1606 Alii
591 1579 739 1606 semineces
768 1579 796 1605 in
823 1586 959 1606 carcerem

177 1626 258 1658 trusi,
282 1626 377 1661 paucis
391 1630 450 1660 post
464 1625 560 1652 diebus
575 1625 716 1651 doloribus
736 1625 860 1659 oppressi
875 1624 959 1651 vitam

178 1672 317 1698 liuierunt.
350 1671 455 1705 Reliqui
484 1671 638 1698 curantium
663 1670 790 1697 remediis
806 1670 958 1703 rcfoeillati,

177 1722 300 1751 tempore
316 1717 375 1750 ipso
390 1724 421 1743 ac
435 1716 564 1743 diuturna
578 1716 699 1743 carceris
715 1723 791 1742 mora
805 1715 960 1743 lldentiores

178 1769 297 1789 evasere.
330 1761 421 1796 Itaque
453 1770 516 1788 cutn
535 1765 628 1797 postea
658 1761 819 1796 iuberentur
848 1761 959 1796 eligere,

179 1811 270 1834 utrum
301 1807 432 1838 mallent,
460 1815 494 1833 an
520 1806 652 1834 contactis
682 1806 793 1833 nefariis
819 1806 960 1834 sacriﬁciis

178 1854 253 1880 omni
271 1853 394 1880 molestia
414 1853 532 1884 liberari,
553 1857 580 1880 et
596 1852 784 1880 abominandae
809 1853 958 1880 absolutio-

177 1900 222 1926 nis
239 1899 399 1926 sententiatn
414 1899 448 1926 ab
462 1899 528 1933 ipsis
548 1899 695 1933 consequi;
713 1906 747 1925 an
767 1906 832 1925 vero
856 1899 960 1926 sacriﬁ-

177 1954 241 1975 care
255 1946 404 1973 abnuentes
428 1945 516 1980 capite
539 1945 663 1972 damnari
679 1954 685 1971 :
700 1953 796 1973 otnncs
809 1945 876 1972 nihil
890 1953 960 1972 cutt-

213 2023 269 2057 (15)
289 2023 362 2056 Τοὺς
377 2022 414 2057 τῇ
427 2023 553 2058 ἐξουσίᾳ
573 2022 844 2056 ὐπηρετουμένους.
868 2023 958 2057 Appa-

177 2058 286 2090 r'ttores,
304 2067 351 2085 seu
369 2059 495 2085 olliciales
510 2059 647 2093 intelligit,
662 2059 709 2092 qui
727 2058 959 2093 ptzelectnrAugu.

176 2094 240 2121 stali
259 2094 488 2128 obsequebantur.
507 2093 544 2119 De
561 2092 612 2120 hoc
628 2093 700 2120 enim
719 2092 839 2128 loquitur
853 2092 958 2120 Phileas

177 2130 204 2155 in
221 2129 271 2155 hac
285 2126 409 2163 cpistola,
426 2134 450 2155 ct
463 2128 585 2163 ἡγεμόνα
598 2137 660 2155 eum
675 2126 764 2154 vocat.
785 2126 870 2154 Porro
885 2127 958 2160 ἐξου-

178 2163 223 2190 σία
239 2162 344 2191 [σιὀόο
362 2163 514 2197 majoribus
530 2163 671 2197 judieibus
686 2163 795 2195 dicitur,
811 2162 856 2197 qui
874 2163 956 2190 habe-

176 2187 304 2237 ιῖέιῖιζίεζξ
312 2187 515 2237 ξιιὶἇίῗξξὶῖιὶὧ
530 2187 955 2237 ἰῖςῖιίιίἷροῖιέὶιὶιὲξ⁷ρῇρὲιίξᾶιῖιῇ
973 2187 996 2214 Ι)

177 2238 207 2260 ιιι
222 2234 259 2259 ait
273 2233 414 2267 Ulpianus.
435 2232 499 2265 Qua:
512 2242 562 2260 vox
576 2242 609 2260 eo
622 2241 702 2261 sensu
720 2232 818 2267 saepius
839 2233 958 2261 occurrit

176 2268 246 2302 apud
259 2267 635 2302 JoannemCltrysostomum.
649 2268 735 2295 Porro
748 2267 891 2302 praefectus
902 2269 957 2294 Au-

175 2304 290 2337 gustalis
318 2311 350 2330 eo
365 2303 473 2337 quidem
491 2308 613 2337 tempore
627 2308 686 2331 erat
699 2303 847 2334 Hierocles,
864 2311 958 2336 quent-

175 2338 324 2365 atlmodum
349 2338 443 2365 scribit
468 2337 638 2372 Epiphanius
666 2339 694 2365 in
719 2338 814 2365 haeresi
840 2337 957 2364 Melctia-

174 2380 282 2399 llﬂl'lllll.

210 2408 266 2442 (lli)
283 2407 349 2439 Τοῖς
367 2407 488 2441 δεσμοῖς
508 2408 672 2441 προσιέναι.
696 2407 770 2434 Nova
797 2411 824 2435 et
838 2407 956 2435 insolens

173 2443 241 2469 mihi
258 2443 364 2469 videtur
379 2442 435 2469 haec
454 2443 564 2470 locutio.

210 2477 264 2512 (l7)
284 2477 364 2503 Οὕτω
382 2478 430 2504 καὶ
447 2477 638 2504 διανοεῖσθαι.
650 2477 740 2505 Nostri
754 2477 861 2504 codices
874 2476 953 2508 Maz.,

173 2511 244 2572 :lcd.
259 2518 285 2539 ct
297 2511 362 2539 Fuk.
377 2520 468 2540 vocem
481 2512 583 2540 addunt
596 2513 648 2540 hoc
659 2515 750 2545 modo,
764 2512 834 2540 οὕτω
847 2512 955 2539 ἐδόκουν

191 2555 289 2572 ιαν.....
370 2563 376 2570 .

191 2555 289 2574 ιαν.....
370 2563 376 2570 ·

210 2583 266 2617 (18)
294 2582 410 2616 Ταύτην
432 2582 573 2616 δευτέραν
589 2582 739 2614 βάσανον.
765 2582 953 2617 Raptationem

176 2615 308 2649 intelligit.
325 2617 434 2645 Primus
448 2615 520 2644 enim
540 2618 679 2644 cruciatus
694 2622 753 2644 erat
763 2615 905 2644 verberum
921 2625 953 2645 ac

175 2650 314 2689 plagarum
333 2657 360 2679 et
374 2653 547 2686 ungularum.
561 2653 713 2689 Secundus,
729 2657 758 2679 ut
781 2653 857 2679 humi
868 2652 951 2687 depo-

174 2686 220 2711 siti
236 2688 407 2714 traherentur
424 2692 450 2714 et
467 2692 637 2721 raptarentur
655 2688 681 2714 itt
697 2695 840 2714 carcerem.

213 2720 267 2753 (19)
294 2722 355 2747 Ἐπὶ
368 2722 421 2748 τοῦ
434 2720 530 2754 ξύλου
548 2723 685 2756 κείμενοι.
710 2721 829 2749 Pessime
844 2721 952 2757 Langus

177 2759 309 2782 catastam
334 2758 424 2784 vertit.
444 2757 492 2783 llic
505 2758 577 2784 cuitu
594 2758 625 2783 τὸ
639 2757 716 2789 ξύλον
737 2758 814 2784 aliter
834 2758 952 2785 sumitur

179 2796 210 2814 ac
224 2798 314 2826 supra.
329 2790 396 2818 Nam
413 2799 494 2826 supra
517 2792 624 2826 quidem
640 2792 748 2826 ponitur
761 2800 808 2826 pro
825 2793 949 2826 cquuleo,

181 2828 210 2851 ut
224 2832 257 2852 ex
273 2824 370 2853 Ruﬁno
387 2824 549 2855 monuimus.
569 2826 616 2854 llic
633 2824 694 2856 vero
713 2824 768 2862 pro'
780 2824 861 2854 nervo
877 2829 951 2863 poni-

1010 888 1137 924 δευτέραν
1151 889 1266 924 βάσανον
1279 887 1333 924 (18)
1346 887 1394 914 ἐπὶ
1407 887 1468 919 ταῖς
1481 885 1603 921 πληγαῖς
1619 883 1680 911 τῶν
1695 883 1798 909 iamim-

1010 935 1075 961 τίων
1092 935 1270 970 ὲφευρόντων.

1045 1075 1134 1104 *Ησαν
1149 1077 1176 1104 δὲ
1188 1077 1213 1104 οῑ
1234 1077 1280 1104 καὶ
1298 1077 1366 1113 μετὰ
1381 1077 1444 1109 τοῦς
1460 1076 1613 1112 αίκισμοῦς
1639 1075 1689 1102 ἐπὶ
1703 1073 1748 1101 τοῦ
1762 1073 1798 1106 EJ-

1010 1123 1055 1150 λου
1071 1124 1190 1159 κείμενοι
1207 1123 1262 1159 (l9)
1279 1123 1322 1150 διὰ
1342 1123 1394 1149 τῶν
1411 1123 1556 1158 τεσσάρων
1579 1120 1663 1148 ὸπῶν
1681 1120 1796 1147 διατετα-

1012 1169 1085 1204 μένοι
1101 1168 1184 1204 ἄμφω
1202 1168 1240 1194 τὼ
1256 1168 1330 1199 πόδε,
1346 1167 1382 1199 ὡς
1399 1168 1446 1194 καὶ
1469 1168 1530 1194 κατ’
1553 1167 1690 1201 ἀνάγκην
1714 1166 1799 1195 αὐτάς

1011 1214 1057 1241 ἐπὶ
1070 1213 1116 1240 τοῦ
1126 1213 1203 1247 ξύλου
1213 1213 1323 1246 ὑπτίους
1330 1212 1409 1245 εἶναι,
1421 1213 1458 1249 μὴ
1467 1213 1644 1248 δυναμένους
1655 1212 1770 1247 (19⁸)διὰ
1777 1212 1800 1237 τὸ

1009 1259 1108 1287 ἔναυλα
1121 1259 1154 1286 τὰ
1167 1259 1311 1295 τραύματα
1327 1259 1380 1286 ἀπὸ
1394 1259 1448 1286 τῶν
1464 1259 1582 1294 πληγῶν
1598 1259 1670 1286 καθ’
1689 1259 1748 1285 ὅλου
1762 1257 1800 1283 τ’τό

1011 1305 1135 1341 σώματος
1142 1305 1224 1340 ἔχειν·
1234 1306 1321 1340 ἕτεροι
1329 1305 1357 1332 δὲ
1367 1306 1406 1337 είς
1413 1304 1546 1339 τοῦδαφος
1556 1304 1801 1339 ριφέντες,ἔκειντο

1009 1351 1062 1377 ὑπὸ
1077 1350 1128 1386 τῆς
1139 1351 1192 1377 τῶν
1206 1350 1328 1385 βασάνων
1343 1350 1444 1386 ἁθρόας
1457 1350 1620 1385 προσϐολῆς
1631 1358 1640 1364 ·
1658 1349 1800 1384 δεινοτέραν

1009 1397 1057 1433 τὴν
1069 1396 1129 1431 δψιν
1143 1397 1192 1432 τῆς
1207 1397 1346 1432 ἐνεργείας
1362 1398 1418 1428 τοῖς
1431 1396 1515 1432 ὁρῶσι
1532 1395 1725 1431 παρέχοντες,
1751 1403 1798 1421 ποι-

1010 1443 1086 1475 κίλας
1100 1443 1146 1470 καὶ
1169 1442 1313 1478 διαφόρους
1337 1445 1365 1470 ἐν
1384 1444 1439 1474 τοῖς
1458 1442 1569 1477 σώμασι
1594 1441 1735 1477 φέροντες
1757 1440 1799 1466 τῶν

1011 1489 1132 1524 βασάνων
1155 1488 1205 1520 τὰς
1222 1489 1351 1521 ἐπινοίας.
1379 1489 1487 1515 Τούτων
1509 1487 1602 1519 οὕτως
1638 1488 1799 1522 ὲχόντιιη,οί

1012 1535 1060 1570 μὲν
1076 1534 1273 1570 ἐναπέθνησκον
1289 1536 1347 1566 ταῖς
1361 1534 1497 1569 βασάνοις,
1511 1535 1544 1569 τῇ
1557 1534 1706 1569 καρτερίᾳ
1719 1541 1799 1560 καται-

1012 1581 1156 1616 σχύναντας
1169 1581 1214 1608 τὸν
1229 1581 1373 1608 ἀντίπαλον
1383 1589 1390 1596 ⁶
1407 1581 1430 1607 οἱ
1447 1581 1474 1607 δὲ
1495 1580 1656 1615 ἡμιθνῆτες
1673 1581 1705 1606 ἐν
1719 1580 1755 1614 τῷ
1766 1579 1800 1605 δε-

1011 1627 1158 1663 σμωτηρίῳ
1182 1618 1399 1662 ωγκλεῖόμενοι,
1425 1627 1483 1661 μετ’
1509 1626 1539 1652 οὐ
1570 1626 1682 1657 πολλὰς
1707 1626 1802 1660 ἡμέρας

1009 1673 1070 1705 ταῖς
1085 1672 1212 1708 ἀλγηδόσι
1229 1673 1401 1708 συνεχόμενοι
1419 1671 1604 1698 ὲτελειοῦντο·
1626 1672 1654 1698 οἱ
1673 1672 1704 1698 δὲ
1725 1672 1803 1698 λοιποὶ

1009 1718 1058 1752 τῆς
1082 1718 1136 1744 ἀπὸ
1155 1718 1204 1753 τῆς
1228 1718 1374 1754 Θεραπείας
1398 1718 1575 1753 ἁνακτήσεως
1601 1718 1749 1753 τυχόντες,
1771 1717 1803 1750 τῷ

1010 1763 1097 1799 χρόνῳ
1111 1764 1158 1790 καὶ
1169 1765 1201 1799 τῇ
1219 1765 1267 1799 τῆς
1283 1764 1407 1799 φυλακῆς
1420 1763 1559 1798 διατριϐῇ,
1580 1763 1802 1799 θαρσαλεώτερδι

1010 1811 1155 1845 ἐγίγνοντο.
1168 1811 1246 1838 Οὕτω
1262 1810 1326 1844 γοῦν
1343 1810 1424 1845 ὴνίκα
1436 1809 1657 1845 προσετέτακτο,
1674 1810 1801 1845 αἱρέσεως

1011 1857 1161 1892 κειμένηςῆ
1174 1856 1347 1891 ἐφαψάμενον
1359 1856 1408 1891 τῆς
1416 1854 1530 1890 ἐναγοῦς
1546 1855 1649 1887 Θυσίας
1658 1855 1799 1889 amem-

1009 1911 1054 1929 τον
1065 1901 1143 1934 εἶναι,
1162 1902 1210 1938 τῆς
1227 1902 1364 1937 ὲπαράτου
1377 1900 1532 1937 ἐλευθερίας
1549 1901 1607 1936 (20)
1634 1901 1704 1936 παρ’
1717 1900 1799 1927 αὐτῶν

1009 1949 1124 1984 τυχόντα
1133 1957 1139 1964 ·
1153 1949 1170 1984 ἢ
1187 1949 1224 1984 μὴ
1236 1947 1343 1980 θύοντα,
1360 1948 1409 1982 τὴν
1423 1948 1469 1974 ἐπὶ
1477 1947 1585 1982 θανάτῳ
1598 1947 1684 1982 δίκην
1695 1947 1798 1981 ἐκδέχε-

1010 2031 1063 2060 tur,
1080 2027 1105 2054 id
1119 2031 1160 2054 est
1176 2025 1352 2060 compedibus
1363 2024 1470 2059 ligneis.
1486 2023 1577 2051 Latini
1592 2025 1679 2051 etiam
1698 2024 1795 2058 lignum

1009 2070 1042 2090 eo
1056 2069 1137 2090 sensu
1151 2062 1288 2088 dixerunt.
1306 2061 1344 2087 De
1357 2060 1400 2087 his
1412 2060 1590 2094 compedibus
1602 2060 1796 2094 intelligendus

1008 2102 1049 2124 est
1064 2097 1140 2124 locus
1154 2097 1180 2123 in
1193 2096 1266 2122 Actis
1283 2100 1429 2130 martyrum
1444 2093 1559 2121 Tdrachi
1572 2114 1579 2124 ,
1607 2093 1736 2130 Probi}!
1748 2095 1794 2120 Att-

1009 2133 1110 2158 dronici
1124 2141 1133 2159 :
1147 2131 1213 2158 Cum
1225 2132 1374 2158 verberatus
1391 2135 1468 2162 esset,
1482 2138 1580 2162 pra‘set
1592 2130 1667 2156 dixit
1682 2140 1690 2156 :
1704 2129 1794 2156 Mittite

1009 2168 1050 2194 illi
1064 2168 1163 2201 ferrum
1175 2174 1220 2201 per
1232 2171 1346 2201 quatuor
1358 2166 1418 2192 [ora
1436 2172 1584 2201 negaram,
1598 2169 1625 2191 et
1637 2165 1792 2201 dimittam

1010 2199 1126 2237 aliquam
1157 2199 1247 2237 eumut
1265 2201 1289 2228 ei
1307 2209 1444 2237 apponere.
1474 2199 1508 2237 Et
1530 2199 1558 2226 in
1582 2200 1792 2237 Aclisquxritzai

1010 2235 1145 2276 martyris.
1161 2236 1290 2276 S;’nesius
1306 2237 1334 2276 i_n
1346 2235 1468 2276 oratione
1481 2235 1514 2276 de
1529 2243 1608 2276 regno
1622 2243 1630 2262 :
1649 2235 1721 2276 ⁷,ξλὶε
1736 2235 1791 2276 ςξτε

1012 2266 1111 2307 μᾶλλον
1131 2266 1341 2307 κινήσεται-τῶν
1363 2271 1395 2307 ὲν
1410 2272 1443 2306 τῇ
1457 2266 1624 2307 νποδοκᾶὶιῃ,
1649 2270 1689 2305 τῷ
1707 2266 1792 2305 φαυλο-

1010 2304 1082 2342 τάτῳ
1096 2307 1155 2342 τῶν
1164 2304 1259 2338 ξύλων.
1277 2305 1362 2342 Porro
1374 2304 1444 2342 sicut
1456 2306 1483 2331 in
1497 2304 1669 2342 haePbilea:
1680 2306 1790 2339 epistola

1011 2340 1088 2375 ξύλον
1097 2341 1176 2368 modo
1183 2349 1232 2375 pro
1239 2341 1353 2375 equuleo
1359 2340 1487 2372 sumitur,
1498 2340 1583 2367 tuodo
1590 2348 1644 2374 pro
1651 2349 1751 2368 nervo:
1761 2342 1790 2366 ita

1011 2377 1037 2403 in
1051 2377 1121 2403 Actis
1137 2376 1265 2403 Theodori
1279 2376 1405 2410 martyris
1422 2383 1482 2410 quae
1503 2375 1645 2402 habentur
1656 2376 1731 2410 apud
1745 2375 1791 2402 Su-

1010 2412 1080 2452 riutn
1096 2412 1140 2438 die
1159 2412 1176 2438 9
1188 2410 1356 2443 Novembris,
1380 2411 1484 2445 lignum
1505 2410 1610 2445 duplici
1629 2413 1713 2438 modo
1730 2411 1791 2438 ποεῖς

1029 2452 1091 2473 ιιιιιι.

1009 2454 1119 2517 illa?)
1143 2480 1224 2508 Deest
1250 2480 1413 2517 ἑστηκέναι,
1444 2480 1520 2514 quod
1551 2481 1619 2514 legit
1652 2482 1790 2516 interpres.

1009 2515 1089 2544 Ent'r.
1105 2515 1228 2543 I’A'rnoe.

1042 2563 1099 2597 (20)
1116 2562 1176 2596 Τῆς
1191 2561 1338 2595 ἐπηράτου
1345 2561 1529 2594 ὲλευθεΓΙας.
1542 2561 1711 2589 Libertatem
1721 2569 1791 2589 voca-

1007 2596 1082 2629 bant,
1089 2606 1150 2624 cutn
1158 2597 1220 2632 quis
1227 2596 1342 2632 vinculis
1356 2597 1518 2628 solveretur,
1527 2601 1554 2624 et
1564 2598 1651 2624 libere
1659 2606 1714 2632 quo
1722 2597 1792 2624 vellet

1007 2633 1082 2660 abire
1095 2631 1239 2660 sineretur.
1271 2631 1336 2664 Quze
1353 2639 1405 2658 vox
1426 2640 1481 2658 noti
1503 2641 1569 2660 raro
1588 2631 1710 2660 occurrit
1728 2632 1791 2666 apud

1006 2667 1164 2699 Eusebium,
1185 2675 1218 2694 eo
1231 2675 1312 2693 sensu
1334 2674 1415 2701 quem
1429 2667 1498 2694 dixi.
1514 2667 1562 2699 Sic
1576 2669 1677 2696 Arator
1690 2669 1718 2695 in
1730 2668 1789 2695 lib.t

1005 2704 1160 2736 Apostolica:
1173 2701 1306 2728 ltistoriw:

1305 2746 1450 2774 Damnatio
1462 2747 1534 2782 justi

1113 2781 1233 2808 Libertas
1248 2787 1285 2808 est
1299 2782 1369 2815 facta
1383 2783 1445 2808 reis.

1046 2826 1072 2855 ld
1086 2831 1126 2854 est
1138 2826 1273 2854 absolutio
1289 2831 1315 2854 ct
1330 2825 1472 2854 relaxatio.
