1865 3042
41 112 111 139 15ϋὸ

500 110 609 138 EPIST.
629 110 674 137 AD
693 109 869 138 MELETIUM
891 107 1201 136 LYCOPOLYTANUM.

1597 105 1666 132 1566

41 168 120 194 σθαι·
144 168 222 194 οὐδὲν
239 168 430 204 μελλήσαντες,
447 169 573 204 ἁσμένως
595 170 641 196 ἐπὶ
655 170 700 196 τὸν
720 170 832 197 θάνατον
847 174 869 200 Α
883 169 960 200 ctati,
975 168 1012 195 lib

924 169 960 200 ti,
975 168 1067 195 libenti
1083 167 1175 194 animo
1186 166 1220 194 ad
1234 169 1347 193 mortem
1360 168 1546 199 perrexerunt.
1558 163 1663 198 Quippe

41 212 174 248 ἐχώρουν.
201 213 318 247 ”ῌδεσαν
339 213 393 249 γὰρ
416 213 451 239 τὰ
474 214 525 240 ὑπὸ
547 214 601 240 τῶν
617 214 696 250 ιερῶν
717 215 830 250 Γραφῶ»

41 259 107 293 ἡμῖν
128 259 334 294 προορισθέντα.
364 259 396 286 ’0
411 260 465 295 γὰρ
484 260 639 292 θυσιιὶζων,
663 261 739 296 φησὶ,
755 260 835 290 θεοῖς

40 304 165 338 ἑτέροις,
180 305 480 339 ἐξολοθρευθήσεται·
497 307 544 332 καὶ
562 307 613 338 ὃτι,
632 306 692 333 Οὐχ
710 303 829 332 ἔσονταί

41 357 92 375 σοι
111 349 174 376 θεοὶ
194 349 287 384 ἕτεροι
305 350 389 384 πλὴν
403 351 475 385 ἐμοῦ
489 351 556 386 (2i).

882 214 967 249 probe
985 218 1093 246 norant,
1108 220 1169 247 quae
1188 213 1214 239 in
1234 211 1320 240 sacris
1331 211 1426 238 litteris
1447 211 1524 238 nobis
1538 210 1664 245 praescri-

876 267 927 295 vpta
939 265 1013 287 sunt.
1033 259 1086 292 Qui
1104 259 1177 286 enim
1197 258 1330 292 sacriﬁcat
1344 257 1395 283 diis
1413 256 1522 288 alienis,
1540 256 1577 282 ait
1589 255 1664 282 Scri-

882 311 961 340 plura
979 305 1000 338 ³,
1015 304 1246 332 exterminabitur.
1266 303 1299 330 Et
1319 303 1416 330 iterum
1430 302 1457 330 δε
1476 301 1536 328 Non
1557 301 1665 328 habebis

882 352 943 378 deos
959 351 1059 378 alienos
1069 356 1165 385 prwter
1179 358 1229 377 me.

45 453 1662 467 ’,Η-*ή-

275 539 544 585 EIUSDEM
581 537 787 583 SANCTI
825 537 1065 582 PHILEJE
1102 516 1447 582 THMUITANI

345 633 514 663 EPISTOLA
538 634 583 662 AD
599 633 777 662 MELETIUM
797 633 1085 662 LYCOPOLITANUM
1102 632 1294 662 EPISCOPUM
1315 627 1385 669 (22).

578 797 704 820 INITIUM
728 797 884 819 EPISTULA!
905 797 1134 819 EPISCOPORUM.

92 868 254 901 lleslcaies,
280 869 446 902 PACHOMIUS,
471 868 643 902 Tnsononus,
662 869 790 903 PBILEAS,
808 869 933 898 MELBTIO
949 869 1047 898 dilecto
1063 874 1090 896 et
1103 868 1292 897 eomministro
1312 869 1340 896 in
1355 868 1468 896 Domino
1491 868 1616 896 salutem.

79 945 207 981 Simplici
231 947 337 975 ratione
360 947 463 974 incerta
484 947 566 974 verba
588 947 752 974 aestimantes
771 953 832 982 qua:
846 949 869 979 Β
882 955 933 975 nec
954 947 1055 975 nostris
1075 946 1352 979 incarcerationibus,
1368 945 1616 978 ettentationibus,
1637 947 1666 973 et

43 993 77 1020 de
91 997 117 1020 te
133 992 331 1024 audiebantur,
350 992 513 1027 quibusdam
532 992 565 1018 ad
579 1000 630 1019 nos
651 992 831 1027 pervenienti-

44 1038 95 1064 bus
110 1037 256 1064 nuntiatur
273 1037 360 1065 aliena
374 1045 389 1064 a
403 1045 479 1064 more
495 1037 587 1065 divino
602 1042 629 1064 et
639 1037 730 1072 regula
746 1038 833 1064 eccle-

45 1085 169 1116 siastica,
188 1091 249 1119 quae
262 1092 277 1111 a
294 1088 319 1112 te
332 1090 467 1112 conantur
477 1104 484 1117 ,
503 1084 557 1112 imo
571 1084 658 1120 magis
671 1085 756 1118 tiunt,
773 1092 834 1119 quae

45 1138 96 1158 nec
118 1131 235 1158 auribus
259 1132 399 1165 suscipere
414 1131 560 1163 vellemus,
584 1131 788 1158 considerantes
804 1131 832 1157 in

46 1176 237 1211 magnitudine
265 1176 407 1203 audaciam
431 1181 458 1204 et
481 1180 595 1204 conatus
619 1177 747 1204 incertos.
780 1176 833 1204 Sed

45 1221 178 1256 quoniam
195 1222 223 1248 in
240 1221 384 1257 przesentia
406 1222 577 1250 advenientes
592 1222 670 1249 multi
691 1223 733 1250 his
752 1222 832 1250 iidem

47 1268 256 1302 imposuerunt,
281 1271 308 1295 et
328 1268 476 1295 eontestari
501 1267 570 1295 facta
593 1276 647 1295 non
662 1268 832 1302 dubitabant,

48 1313 131 1341 nimis
141 1313 310 1340 admirantes
323 1313 457 1348 compulsi
471 1321 566 1341 sumus
585 1314 634 1341 has
647 1314 751 1341 litteras
765 1321 833 1342 con-

48 1359 128 1386 ﬁcere
145 1359 180 1386 ad
196 1364 223 1387 te
239 1367 246 1386 :
263 1359 372 1394 qualem
395 1359 477 1387 etiam
499 1360 708 1387 commotionem
734 1360 790 1396 (25)
806 1366 834 1389 et

46 1405 187 1432 tristitiam
204 1406 385 1432 communiter
398 1405 536 1438 omnibus,
555 1410 582 1433 et
599 1406 753 1441 singillatim
768 1406 831 1433 uni-

47 1452 155 1486 cuique,
172 1451 287 1486 prazbuit
299 1460 314 1479 a
337 1456 362 1479 te
379 1451 449 1479 facta
462 1452 597 1479 ordinatio
618 1452 645 1479 in
657 1453 782 1487 parteciis
799 1453 833 1480 ad

47 1502 73 1524 te
85 1497 200 1525 minime
223 1497 431 1532 pertinentibus,
447 1505 498 1525 nec
509 1498 598 1525 dicere
613 1498 692 1525 etiam
706 1499 835 1533 prmvale-

47 1551 119 1571 mus.
149 1543 241 1571 Pauca
264 1549 354 1571 tamen
377 1548 402 1572 te
420 1549 564 1579 arguentes
586 1552 639 1572 non
654 1545 832 1573 cessavimus.

49 1587 104 1614 Lex
119 1593 161 1615 est
176 1593 287 1622 patrum
297 1594 324 1615 et
338 1593 506 1624 propatrum,
524 1596 605 1624 quam
618 1597 667 1616 nec
686 1590 743 1624 ipse
754 1590 832 1626 igno-

48 1640 103 1665 ras,
117 1634 265 1660 constituta
283 1635 431 1661 secundum
446 1635 566 1661 divinum
577 1639 603 1662 et
618 1635 831 1663 ecclesiasticum
845 1623 868 1654 (ἶ

48 1678 171 1706 ordinem
187 1687 194 1706 :
211 1687 274 1706 nam
287 1685 384 1707 cuncta
398 1687 446 1715 pro
459 1679 506 1708 Dei
519 1680 618 1715 placito
631 1685 657 1707 et
667 1681 725 1708 zelo
741 1680 834 1708 melio-

48 1733 118 1752 rum.
149 1725 192 1752 Ab
211 1725 277 1760 ipsis
290 1731 332 1753 est
344 1725 522 1753 constitutum
536 1730 562 1753 et
577 1726 659 1753 iixum
670 1746 677 1759 ,
696 1726 722 1753 in
737 1727 834 1754 alienis

47 1772 175 1805 parmciis
198 1779 253 1799 non
280 1772 361 1799 licere
375 1771 457 1799 alicui
479 1771 669 1806 episcoporum
684 1772 833 1799 ordinatio—

49 1826 96 1846 nes
111 1819 268 1850 celebrare;
293 1826 354 1853 quae
376 1818 419 1846 lex
440 1818 508 1846 bene
530 1819 611 1846 nimis
626 1826 722 1853 magna
733 1823 789 1850 est,
807 1824 834 1846 et.

49 1871 110 1890 cum
123 1864 258 1899 sapientia
273 1864 431 1892 adinventa.
448 1863 583 1896 Quoniam
599 1864 716 1898 primum
729 1869 834 1898 oportet

49 1912 284 1940 conversationem
307 1915 335 1939 et
360 1912 443 1938 vitam
469 1919 564 1939 eorum
592 1911 638 1946 qui
661 1912 832 1944 ordinantur,

49 1965 110 1984 cum
140 1965 239 1992 magna
261 1957 472 1992 serupulositate
494 1957 610 1984 scrutari
637 1965 644 1983 :
667 1957 781 1988 deinde,
804 1961 834 1984 ut

49 2002 138 2030 omnis
150 2002 278 2030 confusio
297 2006 325 2030 et
340 2002 504 2029 turbolentia
518 2002 672 2035 auferatur;
696 2002 741 2030 vix
760 2002 833 2030 enim

50 2049 239 2083 unusquisque
254 2048 402 2082 paraeciam
417 2055 510 2083 regere
523 2048 621 2082 poterit
636 2056 723 2080 suam,
740 2053 766 2075 et
779 2056 833 2075 ma-

49 2102 101 2128 gna
116 2095 291 2122 solicitudine
304 2094 452 2129 multisque
471 2093 679 2129 cogitationibus
694 2094 833 2122 ministros

50 2140 167 2174 reperire
177 2161 185 2173 ,
201 2147 263 2167 cum
277 2139 376 2174 quibus
402 2147 482 2166 omne
497 2144 602 2174 tempus
617 2139 677 2166 vita:
692 2139 832 2175 transegit,

49 2190 76 2212 ct
92 2186 118 2213 in
134 2186 259 2213 manibus
272 2185 332 2220 ejus
357 2189 421 2212 sunt
447 2185 565 2212 educati.
600 2183 641 2211 Tu
664 2190 752 2212 autem
765 2186 833 2212 nihil

50 2230 147 2258 borum
164 2231 358 2263 considerans,
385 2238 435 2257 nec
451 2229 543 2257 futura
561 2231 764 2264 contemplans,
782 2239 833 2258 nec

50 2277 190 2305 beatorum
203 2281 311 2312 patrum
323 2281 477 2304 nostrorum
487 2281 514 2303 et
522 2276 630 2303 Christo
644 2281 831 2310 susceptorum
849 2295 870 2322 ο

50 2330 97 2356 per
109 2322 296 2350 successiones
313 2322 416 2358 legem,
443 2329 530 2356 neque
556 2321 646 2355 magni
663 2321 784 2356 episcopi
800 2329 832 2349 ac

51 2368 135 2401 patris
146 2368 233 2395 nostri
243 2367 313 2394 Petri
329 2368 471 2399 honorem,
480 2375 513 2394 ex
526 2375 581 2402 quo
593 2367 683 2394 cuncti
697 2374 745 2401 per
757 2375 832 2401 spem

50 2420 132 2445 quam
148 2413 280 2440 habemus
294 2414 321 2439 in
334 2412 449 2439 Domino
459 2411 523 2439 Jesu
533 2411 653 2445 Christo,
664 2411 832 2447 pendemus;

85 2489 97 2505 ⁸
108 2490 192 2518 Exod.
204 2498 271 2523 xxu,
283 2489 329 2517 20.
366 2489 377 2506 ⁸
388 2489 472 2517 Exod.
486 2497 531 2522 xx,
541 2489 568 2516 5.

87 2567 144 2603 (2i)
159 2568 246 2602 Πλὴν
261 2568 344 2603 ἐμοῦ.
359 2567 406 2596 llis
420 2576 452 2595 ex
462 2568 562 2595 Philete
577 2568 689 2603 epistola
703 2568 826 2595 recitatis

53 2600 186 2631 Eusebius
201 2600 291 2630 statim
307 2603 411 2630 subdit:
422 2613 431 2628 ι
443 2603 504 2631 Haec
517 2608 580 2630 sunt
590 2600 652 2630 vere
666 2603 832 2638 philosophi,

53 2644 103 2664 nec
115 2638 205 2665 minus
217 2638 264 2665 Dei
278 2646 358 2673 quam
373 2638 512 2672 sapientia:
525 2638 655 2665 amatoris
667 2639 760 2671 verba,
773 2646 834 2673 quae

55 2677 117 2699 ante
134 2678 281 2700 extremam
294 2673 394 2707 judieis
406 2675 578 2704 sententiam,
593 2673 682 2700 adhuc
702 2673 729 2700 in
743 2678 834 2700 custo-

55 2706 97 2733 dia
120 2706 301 2740 constitutus,
318 2709 350 2734 ad
373 2708 470 2735 fratres
487 2708 612 2735 Ecclesiae
633 2716 689 2735 sua:
704 2708 830 2742 scripsit;

54 2742 157 2778 partim
172 2751 226 2778 quo
246 2743 272 2769 in
292 2747 361 2770 statu
384 2749 536 2770 versaretur
560 2751 714 2777 exponens;
734 2743 830 2777 partim

54 2783 100 2812 eos
117 2777 275 2809 adhortans,
292 2782 321 2804 ut
332 2778 459 2812 pietatem
482 2779 508 2804 in
522 2778 660 2805 Christum
673 2778 754 2805 etiam
771 2783 832 2812 post

53 2810 154 2839 obitum
178 2820 256 2841 suum
270 2810 382 2848 iamiam
398 2812 596 2847 inminentem,
614 2813 751 2841 mordicus
768 2810 832 2840 icti-

883 993 1027 1021 cotidianis
1043 1001 1075 1020 ac
1089 992 1274 1027 multiplicatis
1290 991 1458 1026 opprobriis,
1484 998 1534 1018 nec
1553 998 1665 1025 oppres-

883 1038 1004 1066 sionibus
1019 1043 1046 1066 et
1060 1039 1193 1074 angustiis
1208 1038 1279 1073 apud
1297 1045 1392 1065 onmes
1415 1038 1554 1072 placatus,
1572 1037 1665 1064 omnia

882 1086 984 1121 pariter
1002 1090 1122 1112 evertere
1135 1093 1219 1112 ausus
1234 1093 1274 1112 es.
1292 1084 1345 1112 Pro
1362 1084 1461 1119 quibus
1479 1091 1540 1118 qua:
1554 1083 1602 1110 tibi
1616 1090 1666 1110 ex-

883 1131 1033 1159 cusationis
1044 1131 1153 1158 occasio
1167 1130 1353 1165 relinquetur?
1370 1129 1423 1157 Sed
1441 1129 1554 1156 forsitan
1567 1127 1641 1155 dices
1656 1136 1663 1155 :

882 1175 1030 1210 Egentibus
1045 1175 1171 1210 gregibus
1185 1183 1218 1203 ac
1229 1175 1368 1208 desolatis,
1380 1178 1489 1209 pastore
1504 1180 1559 1200 non
1574 1172 1665 1200 subsi-

883 1227 978 1254 stente.
996 1230 1029 1249 ne
1041 1222 1188 1250 multorum
1200 1221 1386 1249 incredulitate
1402 1219 1479 1247 multi
1499 1219 1664 1247 subtrahan-

883 1275 938 1301 tur,
955 1269 988 1296 ad
1002 1269 1052 1296 hoc
1068 1269 1188 1303 perveni.
1209 1268 1261 1296 Sed
1276 1268 1457 1296 certissimum
1470 1271 1521 1299 est,
1533 1266 1594 1293 illos
1609 1272 1665 1292 non

883 1321 961 1349 egere
977 1323 983 1340 :
1002 1314 1119 1348 primum
1142 1313 1206 1348 quia
1223 1313 1300 1340 multi
1323 1317 1386 1341 sunt
1400 1313 1615 1341 circumeuntes.
1638 1314 1666 1338 et

883 1367 1006 1398 potentes
1018 1362 1144 1395 visitare;
1158 1361 1254 1389 deinde
1264 1361 1314 1388 etsi
1330 1360 1394 1396 quid
1405 1360 1439 1387 ab
1452 1359 1518 1394 ipsis
1532 1358 1666 1393 negligen-

883 1409 938 1436 tius
959 1409 1106 1444 agebatur,
1124 1411 1281 1442 Oportuerat
1303 1414 1336 1434 ex
1354 1405 1452 1441 populo
1475 1411 1621 1440 properare
1633 1410 1666 1430 ac

884 1462 935 1482 nos
948 1454 1055 1489 exigere
1069 1461 1118 1489 pro
1132 1453 1237 1480 merito.
1260 1452 1312 1479 Sed
1327 1451 1451 1479 sciebant
1475 1458 1504 1477 se
1523 1449 1664 1476 ministro-

884 1508 944 1527 rum
961 1507 1015 1527 non
1030 1507 1091 1528 esse
1112 1506 1222 1534 egenos,
1243 1503 1270 1526 et
1283 1498 1343 1525 ideo
1357 1498 1390 1524 ad
1404 1497 1453 1524 110s
1468 1495 1597 1531 petendos
1608 1502 1664 1522 non

884 1550 1075 1580 pervenerunt.
1106 1545 1251 1576 Sciebant,
1265 1543 1336 1579 quod
1348 1547 1488 1570 monentes
1501 1549 1548 1569 eos
1563 1541 1597 1568 ab
1613 1541 1665 1567 hac

885 1591 1061 1627 inquisitione
1075 1595 1123 1618 aut
1135 1590 1347 1621 dimittebamus,
1363 1593 1410 1616 aut
1421 1595 1483 1615 cum
1497 1586 1571 1614 omni
1584 1594 1664 1614 scru-

884 1639 1026 1674 pulositate
1047 1638 1129 1665 [iebat
1149 1639 1221 1672 quod
1236 1636 1301 1664 utile
1313 1635 1470 1667 videbatur;
1497 1633 1578 1661 tiebat
1591 1632 1663 1660 enim

884 1685 934 1712 sub
947 1689 1092 1719 urguente,
1117 1687 1144 1711 et
1169 1683 1196 1710 in
1219 1682 1345 1709 manibus
1365 1681 1499 1716 probitate
1518 1679 1664 1707 constituta

884 1731 1062 1766 cogitabatur.
1095 1729 1135 1756 Tu
1156 1734 1246 1757 autem
1271 1733 1326 1755 tam
1346 1727 1460 1754 viriliter
1482 1725 1663 1761 quorumdam

883 1777 1059 1804 considerans
1073 1775 1255 1810 deceptiones.
1267 1779 1294 1801 et
1309 1774 1398 1801 inania
1411 1773 1505 1804 verba,
1519 1772 1664 1806 subreptus

883 1823 917 1849 ad
932 1822 1119 1849 ordinationes
1135 1819 1295 1855 prosiluisti.
1326 1819 1353 1847 Si
1369 1819 1442 1846 enim
1459 1817 1665 1852 adstringebant

883 1868 1091 1895 circumstantes
1108 1871 1142 1899 te,
1157 1870 1184 1893 et
1203 1865 1402 1900 compellebant
1418 1864 1574 1898 ignorantes
1588 1861 1663 1889 ordi—

883 1922 945 1942 nem
961 1914 1188 1946 ecclcsiasticum,
1206 1916 1364 1943 oportuerat
1378 1917 1404 1939 te
1418 1915 1576 1946 sequentem
1587 1916 1664 1943 regu-

883 1960 937 1987 lam
951 1960 1048 1987 litteris
1059 1967 1109 1987 nos
1123 1959 1254 1992 cdocere;
1269 1964 1296 1986 et
1309 1959 1346 1985 ita
1361 1958 1433 1993 quod
1449 1957 1575 1991 expedire
1587 1954 1663 1982 vide-

883 2003 973 2038 batur,
991 2003 1080 2035 liebat.
1102 2003 1130 2030 Si
1145 2003 1214 2031 forte
1225 2004 1423 2038 persuadebant
1433 2002 1482 2029 tibi
1495 2001 1605 2036 quidam
1622 1999 1664 2027 di-

883 2056 989 2082 centes,
1014 2050 1048 2078 de
1062 2050 1141 2077 nobis
1163 2049 1242 2077 linem
1261 2057 1322 2077 esse
1342 2049 1442 2076 factum
1458 2048 1540 2083 (quod
1552 2054 1602 2074 nec
1615 2045 1664 2073 tibi

882 2097 934 2131 ipsi
955 2101 1014 2123 erat
1037 2096 1169 2131 ignotum,
1187 2094 1260 2129 quod
1272 2099 1364 2122 essent
1378 2093 1456 2120 multi
1470 2097 1566 2119 euntes
1579 2096 1606 2118 et
1620 2098 1664 2118 re-

882 2142 995 2169 deuntes
1008 2142 1041 2169 ad
1057 2149 1124 2172 nos,
1156 2141 1203 2176 qui
1229 2144 1354 2176 poterant
1380 2137 1520 2173 visitare),
1546 2136 1597 2163 etsi
1612 2136 1664 2162 hoc

883 2188 990 2219 fuisset,
1010 2188 1183 2222 oportebatte
1194 2186 1305 2221 majoris
1321 2185 1403 2220 patris
1420 2187 1577 2218 exspectare
1590 2181 1664 2217 judi-

882 2234 967 2265 cium,
980 2237 1006 2260 et
1017 2233 1098 2267 hujus
1114 2232 1151 2259 rei
1166 2232 1382 2267 permissionem.
1415 2229 1468 2257 Sed
1482 2229 1578 2255 horum
1596 2228 1663 2254 nihil

883 2279 1004 2314 cogitans
1014 2299 1021 2311 ,
1036 2285 1063 2305 et
1074 2278 1148 2306 aliud
1163 2285 1276 2312 sperans
1288 2297 1295 2308 ,
1312 2276 1395 2303 immo
1413 2275 1500 2310 magis
1515 2274 1601 2301 nostri
1616 2281 1664 2301 cu—

885 2332 943 2352 ram
961 2332 1015 2352 non
1027 2332 1133 2359 gerens,
1146 2323 1304 2358 praepositos
1318 2321 1450 2356 quosdam
1461 2320 1559 2356 populo
1574 2320 1666 2354 provi-

884 2370 949 2398 disti
978 2379 986 2398 :
1017 2378 1080 2397 nam
1108 2370 1163 2404 jam
1196 2369 1383 2405 cognovimus,
1398 2372 1424 2394 et
1446 2367 1593 2394 schismata
1608 2366 1664 2400 (24)

883 2415 1057 2451 i'uissc,quod
1067 2415 1159 2443 multis
1172 2419 1217 2442 tua
1228 2413 1368 2449 displicuit
1381 2412 1578 2440 irrationabilis
1592 2411 1665 2438 ordi-

886 2571 990 2594 tierent.
1006 2575 1015 2592 ι

924 2601 980 2636 (‘22)
1001 2600 1076 2629 lianc
1089 2600 1230 2636 epistolam
1245 2609 1306 2629 cum
1322 2601 1383 2628 aliis
1395 2601 1584 2629 ecclesiasticae
1598 2603 1666 2629 anti.

886 2636 998 2672 guitatis
1022 2635 1204 2664 monumentis
1226 2637 1329 2671 primus
1353 2637 1436 2664 edidit
1459 2642 1486 2662 v.
1502 2635 1552 2672 “cl.
1574 2636 1666 2672 Scipio

886 2670 1009 2698 Mail'eius
1023 2680 1054 2698 cx
1071 2676 1178 2699 vetusto
1193 2670 1244 2699 ms.
1260 2672 1352 2699 codice
1367 2671 1477 2705 capituli
1501 2670 1668 2700 Veronensis

886 2706 914 2742 in
932 2706 1034 2742 Osserv.
1051 2707 1148 2739 Ietter.,
1164 2711 1229 2734 tom.
1248 2706 1290 2739 Ill,
1307 2714 1368 2742 pag.
1387 2708 1415 2733 ll
1427 2722 1439 2726 -
1450 2707 1492 2739 l7,
1518 2715 1572 2741 quo
1587 2708 1667 2734 exhi-

885 2740 964 2768 betur
981 2740 1108 2768 Misloriw
1124 2740 1495 2776 fragmentumVde‘scliisniate
1516 2740 1665 2771 Meletiano.

933 2777 979 2809 25)
1000 2776 1218 2809 Cnmmotionem,
1231 2777 1292 2808 llis.,
1306 2778 1526 2804 communionem.

933 2782 979 2809 '10)
1000 2782 1218 2809 anmotwnem,
1231 2782 1292 2808 Ms.,
1306 2784 1409 2803 continu

923 2782 978 2848 iii)
999 2811 1157 2840 Sr/tismatu.
1173 2812 1234 2846 Msa,
1255 2812 1409 2839 chrismate.
