1865 3042
179 104 248 130 1567

736 102 764 129 ὃ.
787 101 938 128 ΤΗΕΟΝᾹΞ
958 100 1190 128 ALEXANDRINI

1737 99 1791 126 1553

178 162 262 187 natio.
288 161 328 188 Ad
347 162 403 188 hmc
417 168 466 188 nec
480 160 629 188 beatissimi
644 159 792 194 provisoris
802 180 809 191 ,
829 164 854 186 et
874 158 960 186 induti
975 165 998 192 Α
1013 159 1078 184 catis
1092 157 1185 184 alienis
1198 165 1206 183 :
1221 157 1320 192 pariter
1339 164 1418 184 suam
1434 163 1500 190 erga
1515 155 1592 182 illum
1610 155 1792 182 demonstrans

177 208 316 235 Christum
341 208 462 235 onmiutn
481 212 604 234 nostrum
626 206 741 240 apostoli
754 205 831 233 Pauli
848 205 958 232 verbum

177 254 264 280 suasit
277 254 394 285 morari,
409 258 436 279 et
450 252 618 287 propositum
637 251 715 278 facile
732 252 888 284 continere;
913 252 959 285 qui

177 298 298 324 scribens
317 297 504 331 acceptissimo
529 297 584 323 tilio
599 295 743 323 Timotheo
764 295 830 323 dicit
844 295 855 311 ⁸
873 304 878 321 :
900 294 958 321 Ma-

178 350 225 368 nus
240 343 337 369 ueinini
352 343 404 368 cito
418 343 583 377 imposueris,
598 349 643 368 nec
658 341 890 368 communit-avaris
901 348 959 375 pec-

771 400 848 427 Fim's
868 399 987 434 epistula

210 457 286 485 llanc
308 459 448 493 epistolam
471 464 614 494 postquam
638 459 757 493 suscepit
771 463 798 486 et
813 458 894 493 legit,
910 465 960 484 nec

175 503 326 539 rescripsit,
343 512 393 531 nec
406 505 439 531 ad
454 512 501 531 eos
514 505 633 538 perrexit
645 505 677 531 ad
693 510 845 534 carcerem,
860 509 909 529 nec
926 502 959 528 ad

175 549 282 576 beatum
298 549 407 576 Petrum
423 550 454 576 iit
469 559 475 576 :
493 550 622 576 omnibus
643 554 733 576 autem
751 549 794 576 his
813 548 959 583 episcopis,

175 594 341 630 presbyteris
359 603 390 622 ac
403 595 562 622 diaconibus
588 594 759 622 Alexandria!
773 594 844 629 apud
865 601 960 621 carce-

175 647 232 666 rem
258 640 419 675 martyrium
444 641 551 675 passis,
570 641 709 675 ingressus
730 645 771 667 est
792 641 882 668 statim
896 640 958 668 Ale-

175 685 328 712 xandriam.
350 685 416 712 Erat
436 692 526 712 autem
550 686 576 712 in
592 686 700 713 civitate
713 686 823 720 quidam
837 685 958 713 Isidorus

174 730 295 761 nomine,
310 730 432 757 moribus
449 731 637 763 turbulentus,
654 730 774 758 doctoris
792 729 895 757 habens
910 729 958 757 de-

174 775 303 802 siderium
316 785 322 808 ;
347 780 374 802 et
388 775 469 802 Arius
484 775 593 810 quidam
608 775 729 802 habitum
743 780 856 810 portans
871 775 957 809 pieta-

1012 202 1208 237 providentiam
1225 207 1252 229 et
1265 202 1432 236 exemplum,
1444 208 1477 228 ac
1489 201 1576 235 legem
1588 208 1642 235 qua
1651 208 1715 228 cum
1728 202 1791 227 omni

1012 247 1224 282 scrupulositate
1239 252 1266 274 et
1280 247 1386 275 cautela
1406 247 1545 281 eligantur
1567 246 1726 273 ordinandi.
1744 247 1791 274 Ad-

1012 292 1230 328 nuntiamusﬂb‘)
1244 293 1270 320 in
1284 298 1424 328 posterum
1437 292 1497 325 tibi,
1510 297 1540 319 ut
1553 293 1654 327 regula:
1671 297 1759 319 tutum
1770 298 1792 320 et

1012 339 1148 366 salubrem
1163 339 1305 366 terminum
1321 339 1484 366 conﬁrmare
1497 338 1607 366 studeas
1621 338 1690 373 (26).

1011 399 1200 432 episcoporum.

1010 460 1082 482 esset
1097 455 1168 490 quod
1184 455 1350 490 requireret,
1378 459 1570 483 suceurrentes
1584 455 1629 488 ei,
1646 455 1794 483 invidentes

1010 501 1113 528 scilicet
1127 500 1312 535 pontiﬁcatum
1334 501 1367 527 Β.
1382 500 1470 534 Petri,
1489 505 1520 528 ut
1534 505 1720 536 cognoscatur
1733 509 1793 528 con-

1009 547 1176 581 cupiscentia
1192 545 1304 578 Meletii,
1320 547 1495 582 presbyteros
1508 547 1610 581 quibus
1626 547 1739 574 dederat
1751 555 1793 582 po-

1009 596 1133 619 testatem
1156 590 1187 617 B.
1212 591 1309 619 Petrus
1336 592 1369 619 de
1396 592 1516 626 partecia
1539 591 1654 619 visitare
1686 592 1793 619 Alexan-

1010 637 1108 668 driam,
1125 636 1240 663 latentes
1254 635 1361 663 Meletio
1372 636 1642 664 demonstraverunt.
1655 636 1793 663 Commen-

1010 685 1076 712 dans
1086 684 1125 712 eis
1145 683 1316 711 occasionem
1328 684 1466 717 Meletius,
1482 685 1622 719 separavit
1640 692 1701 716 eos,
1716 690 1793 712 etor-

1010 731 1113 758 dinavit
1128 731 1185 766 ipse
1196 731 1276 764 duos,
1288 740 1373 760 unum
1389 733 1417 760 in
1431 741 1553 766 carcere,
1567 738 1596 761 et
1608 734 1695 760 alium
1710 735 1735 761 in
1745 743 1795 762 Ine-

1010 777 1084 804 talio.

174 821 224 850 tis.
241 826 267 847 et
286 821 342 855 ipse
358 820 479 848 doctoris
496 821 661 848 desiderium
686 822 798 848 habens.
830 820 862 847 Hi
883 825 958 855 post—
972 827 993 854 Β
1043 823 1091 851 llis
1103 823 1213 858 agnitis,
1228 823 1257 850 Β.
1268 823 1363 852 Petrus
1378 832 1441 852 cum
1458 825 1544 852 multa
1554 826 1690 860 patientia
1704 826 1795 861 populo

173 873 255 900 quam
282 870 467 900 cognoverunt
492 866 666 900 cupiditatem
696 865 812 898 Meletii,
839 870 866 893 et
890 865 956 901 quid

209 931 265 991 (ἓξ)
284 931 444 959 Ordinandi.
455 932 659 960 Adnuntiamus.
671 933 734 967 Ms.,
751 933 898 961 ordinanda
912 934 959 961 ad-

212 975 226 991 "
242 975 292 991 HIS.

175 975 292 993 nuntius.

210 1001 266 1034 (‘26)
287 1001 415 1034 Studeas,
442 1002 490 1030 Ms.
517 1003 647 1030 κυάθων.
675 1003 704 1030 in
728 1003 836 1030 laudato
852 1003 955 1036 codice,

174 1037 340 1064 collectionis
361 1037 481 1065 historia:
502 1044 598 1065 auctor
615 1039 704 1066 relata:
720 1045 838 1073 quatuor
852 1039 958 1074 cpisco-

1009 870 1121 904 scripsit
1134 869 1318 896 Alexandrino
1335 870 1481 905 epistolam
1498 871 1554 898 hoc
1570 871 1656 899 modo
1670 871 1738 906 (Ξῖ).

1010 942 1107 971 porum
1118 935 1242 971 epistolae
1257 943 1272 962 a
1283 934 1376 962 Philea
1390 941 1421 963 ut
1432 936 1544 964 videtur
1554 937 1730 971 conscriptae,
1741 938 1796 964 iub-

1010 970 1049 997 dit
1065 970 1156 1005 statim
1173 978 1233 1004 qua:
1247 976 1410 1005 sequuntur.

1048 1005 1104 1040 (‘27)
1126 1004 1184 1031 Hoc
1196 1004 1295 1032 modo.’
1317 1005 1393 1033 Hanc
1411 1010 1504 1032 autem
1518 1007 1668 1041 epistolam
1688 1007 1717 1034 S.
1734 1006 1796 1034 Petri

1011 1040 1185 1067 Alexandrini
1200 1041 1285 1068 babes
1300 1041 1370 1068 infra
1383 1042 1418 1068 ad
1433 1049 1501 1068 ann.
1515 1040 1572 1069 ⁵509.
1590 1047 1612 1069 t.
1628 1041 1702 1069 XVI.

176 1117 1803 1143 Μ

729 1205 821 1227 CIRCA
839 1206 952 1227 ANNUM
969 1206 1085 1228 DOMINI
1101 1207 1251 1229 CCXCVIII.

653 1303 738 1391 S.
809 1292 1330 1392 THEONAS'

488 1439 871 1498 EPISCOPUS
898 1440 1481 1500 ALEXANDBINUS.

859 1594 1134 1640 NOTITlA.

597 1669 741 1700 (GALLAND.,
756 1670 815 1699 Yet,
832 1670 902 1695 Patr.
917 1669 1041 1702 Biblioth.,
1053 1674 1071 1696 t.
1085 1672 1131 1703 ιν,
1142 1673 1253 1704 Ριιοιει.,
1265 1681 1290 1705 p.
1304 1675 1367 1706 vm.)

211 1814 229 1840 Ι.
254 1813 370 1840 Theonas
385 1821 435 1847 quo
459 1820 573 1848 tempore
590 1815 676 1841 sedent
696 1815 904 1845 Alexandrinam
919 1819 1071 1847 obtinuerit.

1093 1821 1331 1863 Ejusyrtesulattts
1349 1824 1427 1863 anni_
1439 1823 1626 1863 definiuntur.
1645 1825 1699 1852 Sub
1717 1834 1745 1852 ιο
1760 1826 1805 1859 μο-

175 1850 231 1895 ruitl
247 1848 358 1895 Pierius.
372 1849 444 1875 illius
458 1848 580 1895 ξςείιιεξω
592 1851 734 1891 presbyter.
747 1852 787 1878 vir
797 1861 932 1895 sumntum.
941 1853 1050 1895 Tl‘heoiue
1064 1848 1189 1895 meritoria
1204 1857 1230 1895 in
1243 1856 1321 1895 fastis
1335 1848 1718 1895 cadesiaiiikiiliihiigliia.

211 1883 406 1930 ll.»-:Efstatl.e:u
422 1883 746 1930 atAt-ignauuersionerejtts
767 1888 880 1922 epistola
900 1889 933 1916 ad
951 1889 1101 1918 Lucianum
1122 1883 1538 1928 cubiculariorum
1753 1903 1805 1930 qua

175 1920 262 1954 magni
283 1920 405 1945 ducatur.
428 1918 600 1951 Quandonam
617 1918 777 1954 conscripta.

210 1954 252 1982 lll.
275 1954 316 1981 Ex
331 1954 443 1981 Eusebio
461 1959 485 1980 et
499 1954 639 1982 Lactantio
652 1956 707 1990 ejus
722 1958 860 1992 integritas
875 1959 1069 1994 comprobatur.

210 2014 229 2042 Ι.
250 2014 366 2042 Maximo
393 2014 520 2043 Ecclesiae
538 2016 726 2044 Alexandrinae
755 2018 885 2050 antistiti,
909 2020 993 2054 quic
1010 2021 1061 2048 sub
1086 2021 1147 2056 ejus
1171 2021 1298 2048 nimirum
1325 2022 1458 2056 regimine
1483 2023 1613 2051 ﬂoruisse
1642 2023 1758 2050 Pierium
1773 2022 1803 2049 ad

175 2069 248 2088 anno
268 2060 349 2088 Probi
367 2062 540 2096 imperatoris
560 2062 666 2094 ultimo,
682 2063 782 2090 Christi
795 2064 847 2091 282
867 2065 960 2093 deces-

174 2107 228 2139 sit,
264 2112 294 2134 ut
329 2111 425 2134 auctor
458 2111 500 2134 est
525 2107 659 2135 Eusebius
683 2108 742 2144 (-l),
765 2109 894 2137 snti‘ectus
920 2114 961 2137 est

174 2152 311 2185 Tbeonas,
328 2153 374 2188 qui
398 2161 484 2180 annos
506 2154 690 2181 novcmdecim
709 2155 862 2182 ministerio
877 2155 963 2184 fuisse

174 2198 333 2236 perfunctus
349 2199 464 2226 traditur
480 2198 514 2226 ab
523 2199 624 2227 ‘codcm
636 2198 752 2227 Eusebio
766 2204 819 2227 tam
837 2201 863 2227 in
878 2201 962 2228 Chro-

175 2245 233 2272 nico
247 2253 329 2280 quam
351 2246 380 2273 in
403 2245 525 2271 Historia
547 2245 584 2280 (2)
599 2265 606 2276 ,
627 2249 656 2272 ut
672 2245 785 2280 proinde
802 2253 960 2280 supremum

174 2291 245 2318 diem
260 2290 356 2318 obierit
369 2298 441 2318 anno
457 2290 509 2318 ’500
521 2294 647 2318 currente
663 2300 670 2317 :
686 2291 818 2326 siquidem
837 2292 900 2318 anni
916 2291 960 2324 19,

176 2343 284 2362 menses
311 2335 417 2370 aliquos
440 2336 573 2362 duntaxat
596 2335 719 2370 attigisse
742 2334 900 2370 Tbconam,
927 2344 961 2363 ex

176 2381 255 2407 initio
269 2381 441 2416 episcopatus
460 2380 532 2408 Petri
551 2380 610 2416 ejus
626 2381 793 2409 successoris
809 2381 961 2409 Dodwellns

178 2432 269 2461 aperte
282 2428 449 2454 demonstrat
463 2428 501 2462 (ὅ)
513 2436 520 2460 ;
536 2427 648 2462 ejusque
663 2427 802 2454 sententia
815 2426 961 2454 Tillemon--

177 2472 245 2499 tium
260 2480 368 2507 quoque
381 2472 520 2499 adhaerere
536 2472 718 2507 comperimus
736 2472 785 2507 (Δ).

212 2517 300 2545 Pauca
317 2522 381 2545 sunt
394 2517 538 2545 admodum
554 2525 569 2545 a
584 2518 719 2545 veteribus
734 2518 767 2545 de
778 2517 888 2544 Theona
903 2525 961 2544 me-

179 2564 270 2591 moriae
283 2563 398 2598 prodita.
414 2563 481 2591 Illud
494 2572 578 2591 unum
590 2564 720 2591 discimus
732 2571 764 2590 ex
777 2563 891 2590 Eusebio
907 2563 960 2598 (5):

214 2620 224 2635 '
239 2619 248 2646 l
263 2619 336 2647 Tim.
353 2628 381 2653 v,
393 2619 439 2646 ‘22.

213 2676 250 2708 (l)
270 2677 299 2702 in
314 2676 410 2703 Chron.
428 2676 461 2703 ad
474 2684 538 2704 ann.
551 2684 705 2704 nuccxcru.

215 2711 253 2745 (2)
273 2711 323 2743 Μ..
344 2711 416 2738 Hist.
433 2712 508 2744 cccl.,
526 2713 570 2739 lib.
586 2720 632 2743 vlt,
653 2720 711 2746 cap.
727 2712 776 2738 ult.

214 2746 252 2782 (ᾖ)
273 2746 384 2782 [)issert.
399 2747 468 2782 sing.
483 2747 515 2773 ad
528 2747 619 2774 Pcars.
632 2755 690 2781 cap.
708 2747 733 2778 ti,
749 2748 762 2781 §
777 2746 821 2778 ‘20,
836 2754 900 2782 pag.
917 2746 959 2772 75.

215 2780 466 2842 (ῼΗΜόιηλι-Ηέεῖ,
482 2787 547 2809 tom.
568 2783 611 2815 IV,
624 2780 678 2810 not.
693 2782 719 2813 2.
737 2780 782 2808 sur
800 2782 827 2808 S.
846 2781 960 2812 Tbéom,

977 2712 999 2739 Ι)

1013 2067 1172 2103 presbyterii
1187 2068 1317 2094 honorem
1339 2072 1463 2095 evectum
1475 2088 1483 2100 ,
1499 2069 1584 2104 eique
1598 2069 1761 2096 Christiana
1776 2068 1803 2094 ﬁ-

1012 2113 1054 2140 dei
1069 2113 1264 2141 institutionem
1279 2113 1305 2140 in
1321 2113 1413 2141 schola
1426 2114 1614 2141 Alexandrina
1634 2114 1721 2142 fuisse
1736 2121 1802 2141 coi-

1012 2159 1142 2193 missam;
1159 2160 1258 2194 quippe
1273 2160 1319 2194 qui
1341 2159 1512 2189 sublimioris
1527 2161 1714 2196 philosophiae
1730 2166 1802 2195 atque

1012 2205 1174 2239 evangelica
1187 2205 1401 2233 conversationis
1416 2206 1556 2233 sincerum
1571 2207 1727 2241 specimen.
1744 2214 1799 2240 opes

1012 2249 1088 2277 ribus
1116 2250 1181 2284 ipsis
1206 2258 1261 2285 pra:
1284 2251 1386 2278 caeteris
1402 2251 1532 2279 omnibus
1546 2252 1704 2279 exhiberet.
1725 2252 1800 2279 Cete-

1013 2303 1073 2322 rum
1089 2294 1207 2322 Tbeona',
1223 2296 1393 2328 memoriam,
1411 2301 1440 2323 ut
1463 2305 1479 2323 a
1496 2297 1562 2324 viris
1586 2298 1678 2325 doctis
1700 2296 1801 2323 Rennu-

1012 2341 1087 2368 dotio
1104 2342 1141 2377 (6)
1158 2347 1184 2369 et
1199 2341 1347 2377 Lequienio
1362 2342 1401 2378 (7)
1414 2343 1567 2377 erudimur,
1595 2344 1738 2371 celebrant
1757 2342 1799 2369 (Lo-

1013 2387 1086 2422 ptita:
1101 2387 1143 2414 die
1161 2395 1180 2414 ll
1203 2387 1305 2414 mensis
1324 2386 1402 2422 'l‘ybi,
1418 2388 1475 2416 sive
1490 2388 1525 2416 9.8
1544 2388 1710 2416 Decembris
1726 2399 1734 2415 :
1750 2388 1802 2421 ejus

1013 2437 1102 2459 tamen
1117 2433 1174 2460 dies
1188 2433 1273 2462 festus
1290 2436 1316 2461 in
1333 2435 1432 2462 tabulis
1453 2435 1653 2462 ecclesiasticis
1669 2434 1743 2469 apud
1761 2432 1803 2460 La-

1012 2478 1085 2505 tinos
1098 2480 1186 2513 agitur
1200 2479 1243 2508 die
1255 2481 1290 2508 25
1305 2481 1430 2516 Augusti.

1048 2522 1081 2550 ll.
1106 2523 1251 2558 Superiore
1278 2526 1377 2553 saeculo
1401 2526 1475 2553 edita
1498 2531 1541 2553 est
1563 2534 1577 2553 a
1607 2526 1745 2554 Daeberio
1768 2523 1800 2557 (8!

1013 2569 1127 2604 epistola
1155 2569 1265 2598 Thoona:
1290 2572 1404 2607 episcopi
1431 2572 1551 2599 Lucitmo
1581 2573 1802 2600 cubicularioru-

1048 2679 1086 2714 (ὅ)
1109 2678 1177 2714 Hist.
1194 2679 1268 2711 εδει..
1285 2679 1302 2705 l.
1319 2687 1343 2705 c.

1049 2715 1086 2749 (ti)
1107 2713 1177 2749 Hist.
1194 2715 1338 2748 patriarch.
1359 2714 1454 2743 Δίκη..
1473 2721 1536 2749 pag.
1552 2714 1598 2741 ὦ.

1051 2749 1089 2782 (7)
1110 2748 1157 2775 0r.
1178 2748 1277 2776 Christ.
1289 2770 1295 2781 ,
1313 2754 1379 2775 tom.
1397 2748 1429 2776 ΙΙ.
1447 2757 1509 2783 pag.
1524 2750 1590 2778 596.

1051 2784 1086 2819 (8)
1106 2784 1208 2819 Spiril.,
1224 2789 1289 2812 tom.
1303 2783 1346 2816 Ill,
1363 2792 1422 2819 pag.
1439 2784 1494 2811 ⁴297
1509 2793 1575 2813 nov.
1588 2785 1657 2813 edit.
