1865 3042
41 119 103 147 569

491 119 600 150 EPIST,
620 119 665 145 AD
680 117 864 148 ‘LUCIANUM
881 117 1153 148 CUBICULARIUM.

1594 124 1662 152 1570

30 179 156 213 n-wfccto
178 179 318 214 inscripta,
343 179 481 214 praeclaris
495 179 656 207 Christianae
670 179 778 214 pietatis
794 184 821 206 et
835 181 859 208 Α
872 180 922 206 das
938 180 1021 207 etiam
1039 180 1195 215 provincias
1218 180 1436 214 committebant,
1457 182 1533 209 omni
1556 183 1661 210 sacrm-

31 225 183 252 irudcnlite
206 225 337 253 institutis
361 225 479 257 referta,
505 226 716 261 primatvamque
743 227 822 261 plane

30 271 235 306 iimplicitatem
254 272 389 299 redolens.
407 271 440 299 Et
453 272 571 307 primum
585 273 705 308 quidem,
720 273 754 300 ab
774 273 823 300 hoc

30 317 109 344 nine
127 317 222 344 Grzcco
237 316 321 345 fuisse
335 317 409 344 illam
432 318 620 353 perscriptam,
640 326 673 345 ex
698 325 731 345 eo
754 325 822 345 con-

30 367 91 390 stat
113 363 187 397 quod
218 367 314 390 auctor
340 363 446 391 divinas
471 363 626 398 Scripturas
653 372 822 392 commemo-

30 417 98 436 ‘ans
111 409 151 444 (9)
169 418 177 436 :
194 409 258 442 Eas,
276 409 373 444 inquit,
392 411 460 437 mira
475 410 610 445 diligentia
629 415 653 437 et
671 411 822 446 largissimo

35 455 166 489 mpendio
187 454 347 482 Ptolemceus
370 455 558 491 Philadelphus
581 456 609 482 in
635 464 751 483 LlNGUAIl
774 465 822 484 uo-

30 509 121 528 iTBAl
147 502 251 528 traduci
273 502 383 528 curauit.
412 501 504 537 Neque
529 510 595 530 sane
623 503 748 531 dubitare
771 511 822 531 nos

30 546 96 572 ".init
109 546 232 581 epistola:
250 546 344 579 dictio,
359 546 425 581 quin
442 554 501 574 eam
516 554 531 574 e
547 547 641 575 Graeco
654 547 749 575 Latine
761 549 822 575 red-

30 592 116 619 litam
133 592 332 620 existimemus.
351 592 484 620 Praeterea
507 593 607 628 scripta
624 593 710 621 fuisse
730 595 821 629 perhi-

30 642 111 665 ietur
127 638 242 673 epistola
259 638 414 674 hujusmodi
429 638 484 674 (10)
499 647 562 673 pace
580 648 626 674 per
637 640 732 667 bonum
747 641 821 675 prin-

30 684 117 718 :ipem
151 683 276 712 Ecclesiis
308 693 442 713 concessa.
476 684 596 720 Denique
625 690 740 714 testatur
769 694 820 713 au-

30 734 88 757 :tor
102 730 160 765 (11)
170 750 178 763 ,
195 731 338 766 principem
354 733 440 765 ipsum
457 731 573 758 nondum
586 731 745 760 Christianae
758 733 819 759 reli-

30 775 101 807 yioni
127 776 291 810 ascriptum,
308 777 335 803 in
361 776 439 811 cujus
465 777 566 812 palatio
590 778 819 805 cubiculariorum

30 821 152 848 πεῖθειὶ
174 829 288 849 munere
312 822 476 857 fungebatur
493 822 643 855 Lucianus,
663 824 726 858 ipsi:
739 823 819 850 Chri-

30 868 126 894 :tianis
142 867 212 895 velut
229 868 392 902 ﬁdelioribus
406 869 487 896 vitam
504 873 529 896 et
553 877 646 904 corpus
665 878 742 896 suum
764 878 819 897 ser-

30 914 145 940 yandum
168 914 321 942 credidisse.
343 914 382 942 Ex
407 915 508 950 quibus
530 922 595 950 ergo
616 915 819 944 characteribus

30 965 103 988 -ecte
115 959 240 994 arguisse
251 960 330 988 nobis
343 960 469 988 videntur
483 961 658 989 doctissimus
673 961 693 988 Τ
697 962 819 989 illemon-

30 1006 84 1034 ius
97 1006 154 1042 (12)
165 1010 192 1034 et
203 1005 364 1035 Dacheriani
376 1007 509 1043 Spicilcgii
521 1015 641 1043 nuperus
653 1008 740 1035 editor
750 1009 817 1044 (15),

32 1060 101 1079 iane
117 1053 259 1088 epistolam
277 1053 349 1081 haud
366 1053 445 1081 aliter
459 1061 520 1081 esse
534 1054 718 1089 accipiendam
735 1062 818 1089 quam

30 1096 57 1123 le
76 1096 239 1124 Diocletiani
255 1097 380 1133 imperio,
395 1102 541 1133 antequam
557 1099 602 1127 ille
618 1107 689 1126 anno
704 1099 756 1127 505
770 1100 818 1127 ad-

30 1149 126 1170 rersus
141 1142 291 1170 Ecclesiam
308 1143 425 1177 fureret;
442 1151 523 1178 quam
540 1150 681 1180 propterea
693 1145 818 1174 Theonas

30 1188 174 1223 :piscopus
184 1188 382 1216 Alexandrinus
393 1189 493 1216 saeculo
502 1197 531 1217 tu
546 1190 686 1218 desinente
700 1191 818 1226 perscri-

30 1234 124 1261 iserit.

59 1278 108 1305 ΙΙΙ.
128 1278 215 1306 Porro
234 1278 267 1306 ad
284 1278 354 1307 hanc
362 1281 538 1308 -.sententiam
554 1281 727 1309 astruendam
742 1283 818 1310 locu-

30 1325 199 1353 )letissimus
215 1326 291 1354 testis
304 1326 409 1354 accedit
422 1325 554 1355 Eusebius
569 1327 625 1363 (14)
640 1336 647 1355 :
665 1337 674 1353 ι
694 1328 816 1362 Qualem,

34 1372 139 1407 nquit,
165 1376 351 1408 quantamque
377 1373 490 1408 gloriam
513 1374 595 1401 simul
615 1382 647 1402 ac
665 1374 817 1402 libertatem

32 1417 155 1445 loctrina
177 1426 247 1446 verae
274 1426 338 1454 erga
364 1427 521 1453 supremum
544 1419 629 1447 Deum
653 1420 762 1455 pietatis
782 1436 818 1442 --

30 1463 103 1499 ψυὰ
121 1472 217 1492 omnes
240 1464 348 1492 Graecos
362 1465 464 1500 pariter
477 1473 509 1492 ac
523 1466 653 1494 barbaros
677 1471 739 1494 ante
754 1474 817 1501 per-

30 1510 200 1538 secutionem
224 1517 317 1539 nostra
343 1512 474 1539 memoria
503 1512 647 1540 excitatam
671 1517 817 1541 consecuta

31 1555 73 1587 sit,
102 1563 154 1584 nos
168 1561 241 1584 certe
257 1564 306 1592 pro
323 1557 420 1585 merito
443 1557 579 1592 explicare
595 1565 647 1585 non
661 1565 818 1593 possumus.

31 1602 199 1637 \rguinento
220 1610 289 1630 esse~
300 1603 385 1638 possit
400 1604 587 1638 imperatorum
600 1603 773 1639 (Diocletiani
792 1609 819 1632 et

31 1640 150 1676 llerculii
166 1648 215 1685 M.)
230 1648 374 1684 benignitas
388 1657 450 1685 erga
463 1654 564 1677 nostros
580 1658 589 1678 :
608 1651 707 1686 quibus
722 1658 818 1686 regen-

834 854 856 882 B

832 1533 853 1562 C

873 225 952 252 candi
977 230 1050 252 metu
1069 234 1117 253 cos
1132 225 1279 253 liberautes
1303 226 1338 253 ob
1360 226 1538 262 singularem,
1561 235 1616 262 qua
1634 228 1661 254 iu

873 270 1030 305 religionem
1058 276 1180 299 nostram
1205 271 1293 298 allecti
1317 277 1408 305 erant,
1433 272 1658 300 benevolentiam.

872 315 942 349 Quid
966 324 1036 352 opus
1061 322 1104 345 est
1127 318 1217 345 dicere
1243 318 1277 345 de
1298 318 1331 345 iis
1355 318 1401 352 qui
1427 318 1454 346 in
1473 319 1660 353 imperatorum

871 364 980 397 palatiis
1004 363 1197 391 versabantur?
1219 363 1288 397 Quid
1304 364 1338 391 de
1353 364 1562 398 imperatoribus
1576 365 1661 399 ipsis?

872 409 924 442 Qui
938 409 1096 437 domesticis
1119 410 1177 437 suis
1193 417 1342 444 eorumque
1356 410 1497 443 uxoribus,
1518 411 1610 438 liberis
1629 419 1661 438 ac

872 454 974 485 servis,
993 462 1024 482 ea
1048 461 1110 488 qua:
1130 454 1269 489 religionis
1292 462 1348 482 sua:
1371 460 1467 487 erant,
1492 461 1546 482 tam
1570 456 1660 482 verbis

871 506 954 534 quam
979 498 1057 527 factis
1081 499 1165 527 libere
1187 501 1352 535 exsequendi
1372 507 1464 528 coram
1489 502 1660 536 semetipsis,

871 549 1031 579 potestatem
1047 545 1190 579 dederunt,
1214 546 1282 581 ipsis
1297 546 1333 574 ob
1345 548 1415 574 hanc
1426 547 1487 574 lidci
1502 555 1558 575 suae
1578 548 1660 575 liber-

871 595 953 618 tatem
968 591 1077 626 gloriari
1093 599 1125 619 ac
1139 600 1169 620 se
1180 596 1318 620 ostentare
1331 594 1534 628 quodammodo
1548 594 1661 629 permit-

871 642 957 665 tentes
975 646 982 664 :
1001 645 1103 673 eosque
1116 646 1172 673 pne
1187 639 1292 666 caeteris
1304 639 1430 667 omnibus
1447 639 1579 667 ministris
1594 647 1661 675 quo-

870 684 932 711 dam
950 691 1044 711 amore
1059 685 1303 719 prosequebantur.
1323 694 1332 711 ι
1351 685 1413 712 Haec
1437 685 1581 721 episcopus
1598 686 1657 713 Cac-

870 730 1021 764 sariensis;
1048 730 1095 765 qui
1112 730 1194 765 paulo
1219 734 1281 765 post
1303 730 1331 757 in
1355 731 1478 759 eamdem
1497 731 1657 759 sententiam

871 774 967 802 scribit
983 775 1040 810 (15)
1062 785 1072 801 ι
1098 775 1265 803 Dorothenm
1289 780 1318 803 et
1340 776 1460 811 reliquos
1483 776 1658 804 cubicularios

869 829 963 855 pueros
974 821 1074 848 summi
1089 821 1200 849 honoris
1211 822 1390 857 praerogativa
1401 823 1436 849 ab
1450 822 1659 857 imperatoribus

872 871 983 894 ornatos
996 864 1091 900 fuisse,
1109 867 1155 901 qui
1173 875 1226 894 non
1241 867 1331 895 minus
1345 867 1380 894 ab
1394 868 1490 895 iisdem
1510 868 1659 904 diligebant-

872 916 917 939 tur
928 920 1010 947 quam
1025 912 1083 939 ﬁlii.
1101 924 1111 938 ι
1131 911 1179 940 His
1197 919 1318 940 consona
1334 912 1416 940 refert
1428 913 1596 946 Lactantius,
1610 913 1658 948 qui

871 965 903 985 ea
926 962 1086 992 tempestate
1107 957 1184 985 testis
1210 957 1295 985 ferme
1321 959 1445 986 oculatus
1467 958 1591 986 ﬂorebat.
1613 958 1659 987 Sic

871 1004 944 1031 enim
969 1004 1013 1031 ille
1027 1003 1084 1039 (16)
1099 1013 1106 1030 :
1123 1003 1239 1031 Furebut
1258 1012 1318 1039 ergo
1339 1005 1483 1039 imperatur
1504 1004 1659 1040 (Diocletia-

871 1049 933 1085 nus)
943 1051 1003 1084 jam
1022 1058 1073 1077 non
1092 1051 1119 1076 in
1133 1049 1289 1077 domesticos
1310 1054 1431 1083 tantum,
1454 1050 1499 1077 sed
1515 1051 1542 1077 in
1559 1059 1657 1078 omnes.

870 1110 906 1116 -—-
920 1095 1100 1135 Potentissimi
1120 1096 1253 1131 quondam
1274 1096 1385 1122 eunuchi
1400 1097 1497 1128 necati,
1521 1104 1569 1131 per
1588 1104 1658 1132 quos

869 1141 1002 1176 palatium
1021 1146 1046 1168 et
1063 1142 1117 1176 ipse
1138 1142 1286 1170 constabat.
1304 1142 1370 1176 Quae
1391 1142 1500 1178 quidem
1518 1143 1610 1170 omnia
1634 1143 1657 1169 si

871 1195 933 1215 cum
950 1188 983 1215 iis
998 1188 1173 1215 conferantur
1190 1195 1251 1222 quae
1274 1188 1309 1216 ab
1328 1188 1407 1215 initio
1427 1188 1460 1215 ad
1478 1188 1557 1214 tinem
1572 1195 1659 1223 usque

870 1233 898 1260 in
913 1240 963 1260 sua
977 1233 1092 1268 epistola
1107 1233 1188 1260 tradit
1202 1238 1315 1267 auctor;
1337 1241 1416 1261 nemo
1436 1233 1576 1261 enimvero
1599 1233 1659 1260 fue-

870 1278 916 1310 rit,
933 1278 981 1314 qui
995 1278 1082 1306 libcns
1100 1279 1249 1314 volensque
1265 1279 1426 1306 sententiam
1440 1278 1522 1306 modo
1535 1278 1660 1313 proposi-

870 1328 925 1351 tam
950 1331 1004 1351 non
1030 1325 1223 1359 amplectatur,
1245 1325 1347 1360 quique
1367 1325 1498 1352 detrectet
1519 1323 1658 1351 Theonam

869 1371 1026 1406 episcopum
1036 1371 1250 1398 Alexandrinum
1268 1372 1328 1406 ejus
1341 1374 1477 1398 auctorem
1498 1377 1658 1405 agnoscere,

870 1421 901 1444 ut
916 1417 1029 1451 proinde
1055 1417 1128 1444 haud
1148 1424 1260 1445 necesse
1286 1417 1322 1445 sit
1346 1417 1430 1444 alium
1451 1424 1467 1444 a
1490 1416 1659 1444 Diocletiano

870 1462 1061 1497 imperatorem
1087 1470 1208 1498 quaerere
1235 1471 1298 1490 cum
1328 1462 1418 1499 Caveq
1440 1463 1495 1498 (l7)
1524 1463 1659 1490 Constan-

870 1509 937 1536 tium
952 1509 1093 1542 Chiorum,
1110 1514 1158 1538 aut
1171 1510 1254 1537 alium
1272 1517 1333 1538 cum
1345 1509 1479 1537 Dachcrio
1494 1509 1550 1545 (18)
1566 1508 1658 1536 Theo-

871 1563 934 1583 nam
961 1556 1119 1591 episcopum
1142 1556 1304 1592 Cyzicenum
1328 1564 1409 1591 :quo
1434 1563 1515 1583 verus
1537 1555 1658 1590 epistulae

871 1606 966 1628 auctor
987 1606 1142 1634 statuatur,
1171 1603 1307 1637 simulque
1334 1603 1419 1638 ipsius
1441 1601 1562 1637 epistola:
1589 1601 1658 1629 inte-

869 1647 954 1683 gritas
968 1648 1154 1676 conﬁrmetur.

513 1839 774 1896 SANCTI
849 1838 1165 1896 ΤΗΕΟΝέΕ

643 1957 785 1980 EPISCOPI
821 1958 1042 1980 ALEXANDRINI

241 2033 436 2064 EPlSTOLA
465 2032 519 2063 AD
548 2031 754 2063 LUCIANUM
783 2031 1138 2063 CUBICULARIORUM
1166 2033 1442 2070 PREI’OSITUM,

376 2114 409 2141 In
423 2123 475 2151 qua
489 2115 590 2141 monita
606 2113 760 2142 Christiana
782 2118 807 2141 et
822 2114 931 2149 politica
946 2115 1029 2142 eidem
1046 2116 1160 2151 suggerit
1174 2114 1202 2142 S.
1223 2115 1314 2142 Pater.

516 2192 565 2223 (Ea:
581 2190 678 2216 Acherii
689 2190 834 2222 Spicilegio,
846 2194 903 2217 tam.
916 2191 960 2223 Ill,
972 2198 1028 2224 pag.
1040 2193 1166 2223 297-299.)

63 2346 193 2374 Tlieonas
202 2344 344 2379 episcopus
355 2341 628 2376 Lucianoprteposito
638 2340 820 2368 cubiculario—
835 2344 858 2371 ι)
872 2341 1002 2376 ampliare
1031 2348 1085 2368 non
1114 2341 1217 2368 destitit
1240 2349 1248 2368 :
1271 2341 1326 2367 imo
1348 2340 1566 2375 persecutionum
1591 2349 1655 2375 pro-

32 2398 94 2419 rum
108 2388 278 2417 invictissimi
295 2387 425 2424 principis
439 2386 534 2413 nostri.

63 2435 87 2463 ι.
109 2435 215 2462 Gratias
236 2441 286 2469 ago
301 2432 478 2467 omnipotenti
501 2431 556 2459 Deo
579 2435 606 2459 et
631 2431 745 2459 Domino
767 2440 818 2459 no-

33 2487 90 2509 stro
104 2479 167 2508 Jesu
189 2479 310 2512 Christo,
333 2478 379 2513 qui
394 2477 473 2505 ﬁdem
495 2485 571 2504 suam
594 2485 642 2512 per
658 2478 816 2505 universum

33 2527 127 2554 orbem
146 2525 174 2552 in
195 2525 292 2553 salutis
315 2527 414 2551 nostra:
428 2523 539 2550 unicum
557 2522 706 2550 remedium
727 2523 816 2550 mani-

33 2572 143 2603 lestare,
165 2578 198 2598 ac
223 2570 305 2598 etiam
329 2569 357 2596 in
382 2574 559 2605 tyrannorum
583 2568 816 2604 persecutionibus

68 2663 108 2697 (9)
129 2661 242 2697 Theon..
261 2661 340 2697 epist3
357 2659 370 2695 ᾗ
387 2659 412 2687 7.

68 2695 116 2731 (to
145 2696 195 2727 ιιι..
210 2695 314 2731 ibid.,§
330 2695 356 2722 1.

70 2697 127 2767 (Hi
149 2731 218 2767 ζωά-
289 2765 294 2767 _

147 2734 304 2806 reccl.
315 2785 323 2798 ,
338 2770 407 2806 tpm.
422 2763 474 2806 μνέ
495 2771 556 2798 pag.
575 2763 640 2806 2'”,
656 2767 712 2791 not.
730 2763 755 2796 l,
771 2770 818 2790 sur

33 2804 63 2831 S.
75 2799 184 2830 ‘Théon.
195 2822 202 2833 ,
216 2805 242 2827 et
256 2806 320 2827 tom.
338 2799 368 2833 ν,
388 2804 440 2828 art.
456 2799 482 2833 ὅ,
499 2807 558 2834 pag.
575 2799 600 2825 7.

70 2838 126 2874 (I3)
145 2835 238 2872 Spicil.
251 2835 268 2862 l.
283 2842 308 2862 ε.

867 2387 942 2415 cellis
957 2387 1030 2414 velut
1050 2395 1146 2414 aurum
1170 2387 1198 2414 in
1219 2387 1328 2414 fornace
1341 2393 1524 2423 expugnatum
1544 2387 1653 2420 enituit,

867 2437 894 2460 et
906 2432 965 2467 ejus
979 2433 1078 2460 veritas
1093 2440 1125 2460 ac
1139 2432 1272 2459 celsitudo
1294 2432 1379 2465 magis
1400 2439 1506 2466 semper
1521 2439 1552 2459 ac
1567 2432 1655 2467 magis

868 2477 1015 2512 splenduit,
1037 2482 1066 2504 ut
1082 2477 1135 2512 iam
1159 2485 1225 2512 pace
1244 2485 1292 2512 per
1312 2478 1413 2504 bonum
1436 2477 1584 2511 principem
1603 2477 1654 2504 Ec-

867 2522 958 2550 clesiis
980 2530 1126 2553 concessa,
1143 2522 1359 2550 Christianorum
1390 2530 1468 2556 opera
1495 2522 1575 2549 etiam
1605 2530 1653 2548 cn-

870 2575 929 2595 ram
954 2568 1108 2596 inﬁdelibus
1128 2568 1249 2601 luceant,
1271 2573 1295 2594 et
1316 2568 1480 2603 gloriﬁcatur
1500 2568 1560 2595 inde
1573 2567 1654 2595 Pater

907 2657 962 2692 (14)
986 2656 1055 2684 Hist.
1075 2656 1137 2683 eccl.
1154 2656 1201 2684 lib.
1221 2665 1279 2690 vui,
1295 2664 1355 2692 cap.
1373 2658 1396 2683 l.

906 2691 962 2725 (15)
983 2691 1055 2719 Ibid.
1066 2711 1073 2723 ,
1101 2699 1160 2726 cap.
1178 2692 1204 2718 6.

920 2727 962 2761 16)
982 2727 1020 2754 De
1033 2727 1137 2754 momb.
1154 2731 1282 2761 persecat.
1294 2748 1301 2759 ,
1322 2735 1383 2761 cap.
1399 2727 1441 2754 15.

921 2762 963 2798 Ιῖ)
984 2762 1150 2798 ῌίειηιὶιιβν.
1164 2782 1170 2793 ,
1191 2767 1257 2789 ιοηι.
1276 2763 1294 2795 l,
1313 2770 1373 2798 pag.
1394 2762 1457 2792 172,

922 2797 964 2834 18)
985 2797 1094 2832 Spici‘l.,
1113 2797 1131 2825 Ι.
1147 2805 1172 2824 c.
