1865 3042
195 119 260 146 1571

768 112 797 140 S.
818 109 969 138 ΤΗΙευΝΛΞ
989 106 1222 136 ALEXANDNNI

1749 102 1802 128 ητξ

193 182 275 205 vester
287 177 330 212 qui
352 177 379 202 in
399 174 470 202 coriis
492 178 529 201 est
550 172 620 199 Deus
638 172 646 188 ι
659 181 666 205 ;
690 171 761 207 qttod
785 171 858 198 velut
877 170 972 205 ιπερὶ·
987 175 1007 198 Α
1021 168 1121 195 Christi
1135 166 1300 202 repleamini.
1315 165 1410 192 Omnia
1425 168 1538 199 propter
1552 162 1646 196 ipsum
1660 160 1802 187 Crratnrnm

193 231 276 258 puum
294 231 308 249 a
331 222 408 248 nobis
436 227 484 254 pro
506 219 592 247 salute
613 222 716 250 nostra,
739 217 761 244 si
777 215 924 244 Christiani
941 223 970 241 re

192 269 281 303 potius
294 275 374 302 quam
398 266 487 293 verbis
503 272 562 292 esse
578 264 720 298 cupimus,
740 262 914 298 quaerendum
934 265 972 287 at-

192 313 437 350 queexoptandum
451 316 502 339 est.
518 310 585 338 Nam
601 310 623 337 si
640 309 752 345 gloriam
765 311 885 334 nostram
898 314 973 341 quae-

193 361 289 392 rimus,
306 365 362 386 rem
377 365 473 384 vanam
492 357 676 390 eaducamque
689 353 850 388 appetimus,
869 357 898 380 et
911 360 972 387 qua:

193 413 242 432 nos
262 405 335 438 ipsos
349 403 383 430 ad
404 406 518 430 mortem
534 401 656 436 perducit
674 409 680 427 :
701 404 729 426 at
743 400 828 434 gloria
843 398 931 426 Patris
945 403 973 425 et

192 449 252 476 Filii
270 449 315 483 qui
340 455 388 482 pro
414 447 499 474 salute
513 450 606 473 nostra
627 445 702 472 cruci
723 443 818 471 affixus
840 443 901 475 fuit,
922 451 972 470 nos

193 494 283 521 salvos
301 492 365 519 facit
395 491 421 518 in
447 490 657 525 redemptionem
679 489 889 524 sempiternam;
912 497 973 523 quae

193 539 311 567 maxima
330 537 547 565 Christianorum
564 540 604 562 est
622 534 796 569 exspectatio.

228 585 285 613 Non
301 593 374 621 ergo,
401 586 436 612 mi
459 584 586 616 Luciane,
611 587 637 610 te
657 582 755 617 jactari
774 588 820 609 aut
842 586 906 616 puto
927 585 974 608 aut

192 632 254 659 volo
277 632 349 666 quod
366 631 445 658 multi
466 639 497 657 ex
527 629 626 665 palatio
659 628 789 663 principis
816 635 863 662 per
891 632 917 654 te
939 627 973 654 ad

193 677 356 712 agnitionem
383 676 500 703 veritatis
520 679 708 710 pervenerunt,
734 673 780 701 sed
806 672 893 708 magis
913 680 974 707 ετα-

193 725 245 751 tias
267 723 323 750 Deo
341 728 434 750 nostro
457 721 556 748 referre
581 721 672 752 decet,
688 719 734 754 qui
755 723 782 746 te
807 719 908 746 bonum
934 718 975 744 in-

193 774 374 798 strumentum
399 768 426 795 in
449 776 506 796 rem
529 768 627 795 bonam
653 766 786 799 confecit,
809 769 890 800 teque
904 765 974 799 apud

193 815 340 851 principem
355 814 520 843 sublimavit.
533 819 562 840 ut
570 812 715 840 Christiani
729 811 848 839 nominis
864 810 973 837 odorem

194 862 221 888 in
239 868 316 888 suam
340 861 453 895 gloriam
466 866 492 887 et
511 859 658 886 multorum
673 857 786 885 salutem
800 856 974 884 diffunderes.

194 905 260 933 Nam
287 910 388 941 quanto
417 905 503 940 magis
530 905 655 939 princeps
674 904 730 938 ipse
753 903 873 930 nondum
897 901 977 929 Chri-

194 951 290 979 stiana:
313 951 436 986 religioni
461 950 614 985 ascriptus,
640 949 706 984 ipsis
728 948 890 976 Christianis
904 947 977 975 velut

195 997 360 1024 fidelioribus
382 997 465 1024 vitam
487 1001 513 1023 et
533 1003 632 1030 corpus
648 1002 728 1022 suum
744 994 894 1022 curandum
917 1001 978 1021 cre-

194 1042 276 1074 didit;
298 1046 371 1069 tanto
385 1042 462 1070 decet
477 1049 526 1069 vos
540 1041 720 1073 sollicitiores,
747 1048 779 1068 ac
798 1040 825 1066 in
841 1039 913 1067 illius
930 1047 976 1066 sa-

194 1088 276 1115 lutem
299 1093 325 1116 et
348 1095 440 1116 curam
456 1087 639 1122 diligentiores
653 1094 714 1114 esse
728 1091 754 1113 et
769 1085 976 1120 prospectiores,

194 1140 225 1161 ut
239 1142 286 1169 per
311 1134 336 1161 id
363 1121 622 1169 plurimumiChristi
640 1139 738 1159 nomen
754 1121 927 1166 glorificetur,
951 1134 978 1157 et

196 1180 269 1207 illius
283 1180 348 1207 fides
365 1187 413 1214 per
435 1187 484 1207 vos
498 1179 544 1214 qui
568 1178 717 1214 principem
733 1177 838 1208 fovetis,
855 1175 978 1211 quotidie

195 1232 325 1261 augeatur
342 1235 349 1253 :
368 1233 429 1253 nam
441 1225 505 1261 quia
519 1233 569 1252 nos
582 1224 720 1252 maleficos
732 1223 796 1250 olim
809 1226 837 1250 et
849 1221 977 1249 omnibus

195 1273 303 1308 flagitiis
319 1272 432 1300 refertos
447 1271 570 1299 nonnulli
586 1271 690 1305 priores
708 1269 844 1304 principes
862 1272 976 1303 putave-

193 1324 274 1351 runt;
292 1319 339 1346 sed
352 1318 409 1353 jam
421 1317 543 1345 videntes
557 1322 645 1344 vestra
662 1316 732 1343 bona
744 1321 835 1350 opera,
852 1321 905 1341 non
919 1320 978 1348 pos-

194 1364 250 1392 sint
265 1364 318 1392 nisi
334 1363 423 1399 ipsum
437 1362 573 1390 Christum
588 1361 751 1397 gloriﬁcare.

230 1409 261 1436 ll.
281 1409 374 1444 Itaque
395 1416 500 1437 summa
517 1416 568 1443 ope
582 1408 658 1435 vobis
674 1405 852 1434 annitendum
871 1409 922 1437 est,
943 1412 977 1432 ne

194 1464 242 1483 vos
265 1455 365 1490 aliquid
388 1459 465 1491 turpe
488 1459 536 1482 aut
555 1454 740 1485 inhonestum,
766 1459 800 1480 ne
814 1451 976 1487 ﬂagitiosum

196 1502 343 1532 nominem,
361 1501 500 1534 sentiatis;
520 1507 553 1528 ne
568 1500 668 1528 Christi
686 1506 786 1527 nomen
800 1506 849 1535 per
867 1505 917 1526 vos
933 1498 976 1533 ip-

194 1555 240 1575 sos
257 1547 465 1582 blasphematur.

230 1592 307 1621 Absit
321 1600 337 1620 a
351 1593 427 1620 vobis
445 1598 474 1620 ut
491 1592 593 1619 aditum
605 1591 685 1619 allcui
701 1591 734 1618 ad
748 1591 896 1626 principem
913 1597 976 1624 prc-

195 1639 233 1666 tio
246 1639 383 1672 vendatis;
405 1643 435 1666 ut
460 1638 601 1665 inhonesta
615 1642 662 1664 aut
676 1638 811 1672 precibus,
832 1641 878 1664 aut
891 1637 977 1672 pretio

196 1685 260 1713 victi
277 1686 368 1720 aliquo
386 1689 464 1719 pacto
483 1684 597 1718 principi
611 1684 771 1719 suggeratis.
797 1683 892 1710 Omnis
914 1691 977 1710 ava-

195 1731 274 1770 ritia;
289 1731 369 1757 ardor
392 1738 407 1757 a
430 1730 506 1757 vobis
531 1730 658 1757 abscedat
673 1731 701 1763 ',
716 1736 776 1764 quae
799 1729 976 1756 idololatriam

196 1777 285 1811 potius
301 1784 381 1811 quam
396 1775 495 1802 Christi
522 1775 680 1810 religionem
706 1779 843 1809 operatur.
868 1774 977 1802 Nullum

197 1826 275 1857 turpe
289 1823 393 1850 lucrum
410 1821 574 1854 Christiano,
587 1821 659 1848 nulla
674 1820 817 1856 duplicitas
833 1821 978 1848 convenire

198 1873 295 1904 potest,
311 1868 357 1903 qui
373 1867 510 1895 Christum
531 1867 680 1902 simplicem
704 1871 731 1894 et
753 1866 854 1894 nudum
877 1867 978 1901 ample—

197 1915 288 1942 ctitur.
300 1913 379 1941 Nulla
394 1914 545 1941 scurrilitas
566 1919 613 1941 aut
636 1914 829 1949 turpiloquium
847 1913 916 1940 inter
930 1920 977 1940 vos

198 1960 329 1987 habeatur
343 1960 363 1988 ⁸.
384 1959 481 1987 Omnia
498 1968 558 1987 cum
575 1960 717 1991 modestia,
731 1960 866 1990 comitate,
884 1958 979 1986 affabi-

198 2006 271 2033 litate
291 2010 317 2033 ct
338 2006 442 2040 jnstitia
457 2006 610 2041 exigantur,
627 2010 657 2032 ut
680 2006 708 2032 in
729 2005 855 2032 omnibus
877 2011 976 2032 nomen

198 2051 244 2079 Dei
262 2056 287 2078 et
301 2052 405 2079 Domini
419 2052 502 2079 nostri
519 2051 583 2079 Jesu
599 2051 698 2078 Christi
716 2051 890 2086 gloriﬁcetur.

233 2098 324 2125 Oflicia
348 2102 437 2125 vestra
463 2098 496 2124 ad
518 2105 579 2132 qua:
603 2097 702 2132 singuli
728 2096 868 2124 constituti
890 2095 976 2126 estis,

197 2145 272 2171 omni
297 2152 359 2170 cum
383 2144 479 2170 timore
502 2143 548 2170 Dei
574 2147 600 2170 et
626 2151 717 2170 amore
740 2142 870 2178 principis
897 2146 978 2176 atque

198 2194 292 2217 exacta
312 2189 448 2223 diligentia
461 2189 656 2223 exsequamini.
680 2188 833 2216 Mandatum
848 2187 977 2222 principis

189 2236 270 2270 ,qnod
285 2235 368 2262 Deum
392 2243 445 2262 non
469 2234 594 2267 offendit,
617 2235 651 2262 ab
672 2235 730 2270 ipso
743 2234 798 2262 Deo
813 2234 978 2269 processisse

199 2281 313 2315 putetis;
333 2288 425 2307 amore
438 2281 539 2315 pariter
550 2285 577 2308 et
589 2281 695 2314 timore,
717 2286 798 2315 atque
819 2281 892 2308 omni
914 2288 975 2308 cum

196 2326 367 2362 jucunditate
381 2326 510 2360 perficito.
530 2326 601 2353 Nihil
614 2331 655 2354 est
668 2327 739 2354 enim
755 2327 826 2362 quod
840 2327 976 2354 hominem

199 2371 306 2406 magnis
325 2371 516 2406 agitationibus
540 2371 680 2407 fatigatum
707 2372 742 2399 ita
768 2376 879 2402 recreet,
907 2372 978 2399 sicut

199 2417 287 2445 intimi
304 2417 442 2444 scrvitoris
462 2417 624 2445 conveniens
640 2417 805 2452 jucunditas,
820 2421 847 2444 et
862 2417 978 2452 benigna

200 2462 344 2497 patientia;
365 2469 415 2490 nec
429 2462 482 2489 ulla
495 2462 591 2489 iterum
604 2470 646 2489 res
657 2463 810 2489 econtrario
827 2461 902 2488 illum
917 2469 978 2496 per-

201 2508 352 2534 turbatione
368 2507 406 2534 ita
420 2507 500 2535 afiicit
512 2512 538 2534 et
552 2508 702 2540 contristat,
717 2507 786 2535 sicut
800 2507 909 2534 tristitia
928 2507 979 2533 im-

199 2554 400 2587 patientiaque,
423 2558 450 2580 et
468 2553 552 2587 ipsius
577 2553 715 2580 servitoris
734 2552 976 2580 submurmuratio.

199 2599 296 2625 Absint
311 2598 368 2626 lucc
382 2606 397 2625 a
411 2598 486 2626 vobis
497 2597 659 2626 Christianis
669 2619 676 2631 ,
698 2599 744 2634 qui
762 2599 819 2626 zelo
833 2599 893 2626 fidei
909 2599 979 2626 ince-

201 2644 282 2677 ditis;
301 2645 347 2670 sed
370 2648 400 2670 ut
423 2644 450 2670 in
477 2644 552 2671 vobis
573 2645 639 2679 ipsis
663 2644 857 2671 honorificctur
872 2644 942 2671 Deus
955 2644 977 2676 ⁴,

200 2688 290 2714 omnia
304 2687 366 2714 vitia
379 2688 475 2715 mentis
487 2692 514 2715 et
525 2689 646 2723 corporis
657 2689 815 2723 supprimitc
827 2695 852 2716 ct
865 2689 977 2716 calcate.

201 2732 345 2760 lnduimini
362 2735 488 2768 patientia
502 2739 530 2762 et
547 2734 718 2768 affabilitate;
736 2735 880 2762 virtutibus
893 2739 918 2762 et
932 2742 979 2770 spe

255 2821 263 2836 '
282 2821 374 2848 Matth.
390 2830 415 2852 v.
433 2823 475 2850 16.
496 2824 506 2838 ‘
521 2823 627 2850 Coloss.
643 2831 683 2856 tu,
699 2823 726 2850 5.
764 2824 774 2839 ³
787 2823 884 2858 Ephes.
901 2832 925 2856 v,
940 2824 964 2850 εί.

991 839 1012 867 Β

1021 219 1141 241 vestrum
1157 213 1276 243 sufl‘erte,
1299 212 1389 239 omnia
1408 209 1546 245 patimini,
1561 208 1659 234 omnia
1677 207 1774 233 vincite
1784 213 1804 234 rt

1022 258 1211 292 supplantate,
1245 262 1275 283 ut
1303 255 1441 282 Christum
1472 253 1624 280 Dominum
1658 253 1804 286 acquiratis.

1022 303 1117 339 Magna
1136 307 1199 330 sunt
1217 302 1274 330 haec
1294 305 1321 328 et
1344 301 1482 328 laboribus
1506 301 1589 335 plena
1618 308 1626 324 :
1653 299 1702 326 sed
1727 299 1768 332 qui
1785 300 1804 324 in

1022 358 1102 385 agone
1111 349 1253 379 contendit,
1265 348 1296 374 ab
1307 347 1425 374 omnibus
1435 355 1462 373 se
1477 346 1613 377 abstinet;
1623 351 1651 372 et
1664 345 1705 371 illi
1716 345 1806 378 quidem

1022 400 1051 422 ut
1080 394 1274 429 carruptibilem
1311 401 1433 420 coronam
1465 393 1602 426 accipiant
1618 411 1627 422 ,
1654 399 1703 417 nos
1733 395 1805 416 autem

1022 437 1200 475 incorruptam
1214 440 1235 467 '.

1058 497 1101 524 lll.
1121 496 1172 524 Sed
1195 496 1273 531 quia,
1291 500 1320 522 ut
1341 495 1429 522 sentio
1443 515 1450 527 ,
1475 494 1596 521 diversis
1625 492 1727 520 ofﬁciis
1754 493 1808 520 estis

1024 543 1144 578 ascripti,
1164 547 1190 570 et
1209 542 1331 569 omnium
1348 546 1393 573 tu,
1411 541 1542 571 Luciane,
1562 539 1737 574 prmpositus
1750 539 1808 565 dicr-

1024 590 1072 622 ris,
1086 596 1155 624 quos
1169 595 1263 615 omnes
1280 587 1364 622 gratia
1383 587 1484 613 Christi
1499 586 1549 613 tibi
1567 592 1710 612 concessa
1728 589 1808 618 potens

1024 642 1054 662 es
1072 639 1099 661 et
1115 634 1238 669 regulare
1260 637 1287 659 et
1311 632 1462 664 instruere;
1481 636 1577 658 certus
1598 637 1688 661 sum,
1707 637 1758 656 non
1771 629 1807 655 tibi

1024 680 1176 715 displicebit
1200 686 1243 706 me
1260 678 1340 705 etiam
1363 677 1396 704 de
1416 677 1511 703 ofliciis
1536 676 1595 702 illis
1621 675 1720 709 aliqua
1741 676 1808 708 parti-

1024 727 1133 754 culatim
1148 730 1175 753 et
1189 725 1335 753 summarie
1349 724 1394 751 tibi
1408 723 1508 750 referre
1521 729 1586 757 quae
1602 728 1733 748 sensero.
1756 719 1808 746 liam

1025 772 1142 806 aliquem
1163 778 1196 798 ex
1209 771 1287 798 vobis
1307 777 1416 797 servare
1429 769 1551 803 privatas
1579 767 1722 801 principis
1743 773 1809 800 pecu-

1027 818 1086 844 nias
1101 817 1201 849 audio;
1220 817 1303 843 alium
1319 819 1406 843 vestes
1420 820 1447 841 et
1461 817 1633 841 ornamenta
1655 811 1809 846 imperialia;

1027 863 1110 890 alium
1124 869 1189 890 vasa
1202 863 1336 898 pretiosa;
1359 862 1442 888 alium
1457 860 1556 890 libros,
1578 865 1671 893 quem
1687 865 1741 884 non
1755 858 1811 884 hunc

1027 910 1116 937 adhuc
1133 917 1165 937 ex
1186 908 1359 936 credentibus
1375 907 1506 942 intelligo,
1524 905 1616 933 alium
1636 904 1725 931 aliam
1738 904 1811 938 supel-

1026 957 1152 985 lectilem.
1175 955 1241 989 Quae
1255 963 1321 983 sane
1335 953 1568 990 quemadmodum
1584 951 1738 979 tractanda
1759 950 1812 977 mihi

1026 1002 1179 1034 videantur,
1197 1001 1290 1036 paucis
1304 1001 1438 1028 indicabo.

1061 1058 1106 1085 IV.
1127 1059 1178 1092 Qui
1191 1059 1309 1093 privatas
1325 1057 1454 1092 principis
1473 1056 1612 1092 pecunias
1631 1056 1750 1087 detinet,
1766 1062 1812 1082 ont-

1027 1105 1071 1132 nia
1088 1105 1139 1132 sub
1156 1108 1230 1132 certo
1243 1103 1347 1131 calculo
1359 1107 1521 1134 conservet;
1535 1107 1658 1136 paratus
1673 1101 1710 1128 sit
1722 1108 1813 1135 semper
1837 1115 1839 1117 -

1028 1151 1150 1178 omnium
1167 1154 1268 1177 certam
1287 1149 1399 1176 reddere
1414 1148 1552 1175 rationem
1572 1156 1581 1174 :
1600 1148 1701 1174 omnia
1716 1146 1812 1177 scribat,

1026 1197 1106 1224 etiam
1131 1195 1154 1223 si
1173 1195 1301 1231 possibile
1324 1199 1384 1227 est,
1411 1199 1562 1228 antequam
1587 1193 1673 1220 alteri
1698 1193 1814 1227 pecunias

1027 1241 1162 1277 porrigat;
1180 1248 1317 1276 nunquam
1332 1240 1471 1267 memoria:
1486 1239 1620 1272 confidat,
1648 1246 1713 1274 qua:
1733 1238 1764 1265 ad
1779 1239 1812 1264 di-

1026 1296 1105 1316 versa
1121 1287 1242 1323 quotidie
1257 1287 1384 1315 distracta
1404 1285 1484 1314 facile
1504 1286 1621 1318 labitur,
1652 1285 1690 1312 ita
1715 1290 1745 1312 ut
1764 1285 1814 1312 sint:

1027 1335 1172 1369 scriptura,
1189 1335 1269 1362 etiam
1285 1342 1345 1369 qua:
1364 1334 1437 1361 nullo
1450 1337 1530 1368 pacto
1544 1332 1666 1360 fuerunt
1689 1340 1723 1360 ex
1744 1331 1811 1359 corde

1027 1374 1221 1416 nonnunquam
1235 1380 1415 1412 aflirmcmus;
1435 1387 1485 1406 nec
1500 1378 1627 1413 vulgaris
1647 1378 1685 1405 sit
1702 1378 1812 1411 hujusce-

1026 1427 1098 1454 modi
1111 1427 1256 1461 scriptura,
1279 1426 1325 1453 sed
1344 1433 1404 1460 qua:
1417 1424 1494 1452 facile
1508 1430 1535 1452 et
1550 1425 1630 1452 clare
1642 1424 1740 1452 omnia
1755 1430 1811 1458 pan-

1026 1473 1081 1506 dat,
1098 1477 1126 1500 et
1148 1478 1266 1501 mentem
1285 1471 1446 1507 requirentis
1468 1471 1528 1498 sine
1550 1471 1690 1506 scrupulo
1707 1475 1753 1497 aut
1769 1470 1809 1497 du-

989 1510 1010 1539 c
1026 1520 1156 1548 bitatione
1176 1520 1335 1554 relinquat:
1351 1518 1423 1553 quod
1447 1517 1526 1545 facile
1552 1517 1618 1550 fiet,
1647 1517 1672 1544 si
1695 1517 1809 1544 distincte

1027 1575 1087 1603 quae
1099 1566 1265 1602 recipiuntur
1286 1569 1313 1593 et
1333 1572 1381 1600 per
1395 1572 1424 1591 se
1438 1564 1606 1596 scribantur,
1631 1566 1662 1590 et
1681 1570 1739 1598 quo
1752 1566 1810 1589 tem-

1027 1621 1102 1649 pore,
1118 1617 1145 1641 et
1158 1621 1206 1648 per
1216 1619 1295 1648 quem
1314 1615 1420 1646 recepta
1441 1611 1552 1643 fuerint,
1568 1616 1597 1638 et
1610 1618 1671 1645 quo
1689 1611 1719 1637 in
1736 1611 1808 1637 loco:

1027 1659 1151 1687 similiter
1167 1664 1194 1686 et
1207 1659 1279 1693 quod
1294 1658 1355 1685 aliis
1368 1662 1507 1692 erogatur,
1525 1657 1568 1684 vel
1590 1656 1730 1691 principis
1744 1663 1810 1682 man-

1027 1706 1090 1733 dato
1102 1704 1265 1740 impenditur
1278 1711 1325 1738 per
1339 1711 1367 1731 se
1380 1711 1430 1730 suo
1442 1703 1537 1730 ordine
1549 1702 1696 1737 digeratur
1712 1711 1719 1729 :
1734 1701 1812 1728 fidelis

1027 1753 1063 1780 sit
1081 1752 1125 1779 ille
1141 1759 1234 1779 servus
1246 1755 1272 1778 et
1284 1750 1414 1785 prudens,
1430 1755 1459 1776 ut
1470 1749 1587 1784 gaudeat
1603 1748 1742 1776 Dominus
1756 1755 1810 1774 eum

1028 1806 1109 1833 super
1127 1798 1199 1825 bona
1223 1804 1272 1826 sua
1295 1796 1469 1824 constituisse
1483 1796 1510 1828 ‘,
1527 1799 1554 1822 et
1567 1794 1714 1822 Christum
1729 1794 1755 1820 in
1770 1794 1811 1820 illo

1028 1845 1167 1881 glorificet.

1062 1903 1096 1930 ν.
1117 1902 1171 1933 Nec
1193 1903 1281 1930 minor
1298 1902 1350 1930 erit
1370 1902 1407 1928 illi
1422 1901 1561 1936 diligentia
1578 1905 1605 1927 et
1619 1907 1688 1927 cura
1703 1899 1751 1933 qui
1769 1905 1810 1925 re-

1028 1954 1084 1977 stes
1105 1954 1132 1977 et
1150 1949 1299 1984 imperialia
1311 1948 1412 1976 detinet
1437 1951 1614 1976 ornamenta,
1642 1953 1705 1980 quae
1727 1945 1810 1972 omnia

1028 1995 1078 2022 sub
1101 1995 1252 2022 certissimo
1270 1994 1357 2021 indice
1372 1994 1469 2021 habeat
1494 1998 1520 2020 et
1547 1993 1661 2020 adnotet
1685 2000 1749 2027 qua:
1772 1991 1809 2018 illa

1028 2040 1093 2073 sint,
1115 2040 1217 2075 qualia,
1232 2040 1330 2075 quibus
1352 2039 1380 2066 in
1405 2039 1471 2066 locis
1488 2039 1640 2069 recondita,
1658 2038 1768 2073 quando
1783 2044 1809 2063 ea

1029 2085 1161 2120 acceperit
1184 2090 1238 2113 eta
1263 2085 1378 2119 quibus,
1401 2093 1435 2112 an
1459 2084 1593 2112 maculata
1606 2084 1675 2111 .sint
1699 2084 1742 2110 vel
1760 2083 1810 2110 sine

1031 2133 1134 2159 macula
1150 2141 1157 2159 :
1174 2132 1219 2159 illa
1238 2131 1327 2159 omnia
1345 2139 1395 2158 sua
1412 2131 1552 2166 diligentia
1568 2134 1733 2163 conservet;
1749 2136 1809 2162 52p:

995 2177 1016 2204 D
1031 2179 1158 2210 revideat,
1183 2186 1254 2212 saepe
1275 2181 1420 2212 pertractet
1439 2182 1469 2204 ut
1490 2176 1598 2204 facilius
1613 2183 1808 2211 recognosan-

1031 2229 1075 2252 tur
1092 2234 1099 2251 :
1116 2224 1206 2251 omnia
1221 2224 1259 2251 illi
1274 2225 1329 2251 sint
1341 2224 1366 2250 in
1381 2228 1518 2258 promptu,
1533 2223 1627 2250 omnia
1642 2228 1737 2258 parata
1750 2231 1757 2248 :
1769 2229 1809 2256 pe

1030 2270 1111 2297 tentis
1133 2277 1237 2305 semper
1261 2269 1391 2305 principis
1412 2274 1459 2296 aut
1475 2270 1611 2304 praepositi
1637 2271 1680 2297 sui
1701 2274 1807 2296 mentem

1031 2316 1057 2343 in
1077 2316 1150 2343 omni
1164 2324 1193 2343 re
1208 2316 1289 2350 petita
1303 2315 1483 2342 clarissrmam
1497 2315 1610 2347 reddat;
1634 2315 1672 2342 ita
1685 2321 1774 2342 tamen
1785 2321 1809 2340 ut

1031 2360 1123 2387 omnia
1137 2368 1198 2387 cum
1215 2360 1365 2388 humilitate
1382 2365 1409 2387 et
1419 2360 1538 2395 jucunda
1553 2361 1688 2395 patientia
1702 2362 1776 2393 fiant,
1788 2366 1810 2386 et

1030 2405 1130 2434 Christi
1146 2413 1242 2433 nomen
1259 2406 1340 2432 etiam
1357 2406 1383 2433 in
1399 2413 1429 2432 re
1441 2413 1523 2440 parva
1537 2405 1676 2433 laudetur.

1065 2459 1110 2488 Vl.
1132 2459 1217 2487 Simili
1233 2460 1312 2488 modo
1323 2460 1367 2488 ille
1378 2465 1450 2495 agat,
1466 2460 1545 2495 cujus
1559 2460 1623 2487 fidei
1637 2461 1745 2488 credita
1757 2465 1810 2487 sunt

1031 2515 1095 2535 vasa
1117 2513 1244 2542 argentea
1257 2528 1264 2539 ,
1281 2515 1380 2539 aurea,
1405 2507 1573 2542 crystallina.
1595 2507 1639 2534 vel
1661 2507 1809 2535 mnrrhina.

1031 2554 1146 2586 escaria,
1162 2553 1206 2580 vel
1221 2553 1339 2588 potoria;
1357 2553 1448 2580 omnia
1463 2553 1601 2588 disponat,
1626 2554 1722 2580 omnia
1735 2558 1811 2583 notet.

1030 2603 1058 2625 et
1069 2603 1136 2633 quot
1145 2599 1271 2633 qualesve
1286 2599 1340 2626 sint
1352 2598 1378 2624 in
1394 2598 1446 2624 illis
1459 2598 1563 2632 lapides
1580 2599 1694 2632 pretiosi
1710 2606 1759 2625 sua
1775 2598 1811 2623 di-

1030 2643 1138 2678 ligentia
1155 2648 1347 2676 eonnumeret;
1365 2643 1458 2670 omnia
1478 2651 1578 2678 magna
1593 2652 1658 2671 cum
1676 2644 1811 2679 prudenti:

1031 2690 1193 2722 consideret,
1211 2690 1300 2716 omnia
1315 2689 1369 2715 suis
1385 2689 1453 2717 locis
1473 2694 1501 2716 et
1522 2691 1693 2724 temporibus
1708 2690 1810 2725 prodat;

1031 2736 1073 2762 cui
1089 2736 1134 2762 dat
1144 2740 1170 2762 et
1185 2736 1303 2770 quando,
1316 2743 1330 2762 a
1343 2736 1442 2770 quibus
1455 2743 1487 2763 ea
1500 2736 1599 2770 recipit
1613 2736 1811 2772 diligentissime

1004 2823 1013 2839 ⁵
1029 2823 1036 2850 l
1054 2822 1108 2851 Pet.
1126 2832 1161 2855 tv,
1181 2823 1221 2850 ll.
1242 2823 1274 2849 ⁸1
1292 2823 1353 2851 Cor.
1371 2831 1409 2856 lx,
1421 2823 1467 2852 25.
1486 2824 1497 2840 ⁸
1511 2823 1610 2852 Matth.
1625 2832 1698 2857 niv,
1713 2823 1757 2858 £5,
1772 2823 1809 2850 Π-
