1865 3042
45 118 47 144 i
54 118 108 146 573

523 119 630 148 EPIST.
651 121 696 148 AD
716 119 891 150 LL'CIANUM
909 120 1179 151 CUBICULARIUM.

1589 132 1659 160 1575

45 179 170 214 nspiciat
184 202 191 212 ,
211 187 244 208 ne
268 188 346 208 error
370 185 396 208 et
418 181 537 216 suspicio
567 181 636 208 mala
662 182 742 209 etiam
763 189 824 209 cum
840 183 863 211 Α
876 181 956 208 etiam
972 189 1083 217 corpore
1102 187 1127 210 et
1148 183 1313 212 indumentis
1331 186 1425 214 mundi
1441 191 1467 214 et
1478 189 1567 224 nitidi,
1583 194 1657 221 nulla

45 225 137 259 najori
153 226 254 253 damno
269 227 294 253 in
308 227 389 254 rebus
403 227 528 261 pretiosis
542 233 676 255 occurrat.

72 270 130 297 Vll.
155 272 202 298 llle
219 275 308 299 tamen
332 272 482 306 praecipuus
502 272 572 299 inter
594 280 642 299 vos
664 272 716 299 erit
736 276 764 300 et
785 272 826 299 di-

45 316 248 351 igentissimus,
264 317 306 344 cui
322 317 404 344 libros
416 318 563 345 servandos
576 319 701 353 princeps
716 318 825 345 manda-

45 364 106 390 verit
120 372 127 390 :
145 363 220 391 hunc
234 363 292 398 ipse
305 371 338 391 ex
353 365 463 398 probata
482 364 593 392 scientia
613 365 663 391 sibi
686 365 766 400 eliget
780 365 824 398 vi-

45 417 97 436 'um
114 417 228 443 gravem
243 414 270 437 et
283 410 388 445 magnis
414 410 494 438 rebus
516 414 620 445 aptum,
643 419 675 438 ac
698 412 824 439 omnibus

45 452 161 486 [tmsitis
178 454 338 488 respondere
352 458 490 489 paratum,
510 455 617 489 qualem
633 455 824 491 Philadelphus

45 498 178 525 tristeum
201 499 325 526 intimum
350 500 544 528 cubicularium
567 501 595 528 in
607 509 636 528 re
650 501 700 529 hac
714 503 822 538 delegit,

45 550 65 569 lC
90 536 274 571 nobilissimae
300 544 467 571 bibliothecae
490 545 657 579 prmposuit,
683 553 763 580 quem
776 536 822 574 Vad

45 588 199 616 Eleazarum
214 590 338 617 maximis
350 598 412 617 cum
424 591 580 618 muneribus
594 599 642 626 pro
657 592 821 620 traducenda

45 633 179 668 icriptura
193 642 269 662 sacra
283 634 398 670 legatum
416 634 489 662 misit
504 643 510 661 :
529 636 572 663 hic
588 636 656 664 idem
680 637 820 664 historiam

45 679 215 714 ieptuaginta
230 681 409 715 lnterpretum
423 681 501 716 plene
515 681 633 716 scripsit.
651 681 678 709 Si
693 683 773 717 igitur
787 691 820 710 ex

48 725 210 753 rodentibus
229 725 256 753 in
268 725 406 754 Christum
426 727 459 753 ad
478 726 529 754 hoc
543 727 631 762 ipsum
645 727 759 755 officium
773 729 822 756 ad-

48 771 124 798 ocari
150 771 300 806 contingat,
324 779 377 799 non
402 777 511 807 spernat
524 777 550 800 et
566 773 623 808 ipse
644 773 745 801 litteras
769 782 819 802 sae—

46 815 141 842 ulares
167 819 195 842 et
216 816 354 850 gentilium
369 816 485 851 ingenia,
501 825 560 852 quae
577 817 725 854 principem
742 819 818 846 oble-

47 866 115 888 tant.
140 861 282 889 Laudandi
304 867 367 890 sunt
388 869 474 898 poetae
492 863 519 891 in
543 865 727 898 magnitudine
744 866 818 902 inge—
833 865 854 892 B

50 909 79 940 ii,
99 908 127 935 in
150 909 323 936 inventorum
342 909 476 941 acumine,
499 909 526 936 in
550 911 732 945 expressionis
754 919 818 946 pro--

45 955 147 981 urietate
171 958 198 981 et
220 953 372 988 eloquentia
395 962 514 988 summa;
536 955 661 983 laudandi
678 962 817 992 oratores,

45 999 161 1027 :udandi
178 1000 333 1035 philosophi
347 1001 374 1027 in
389 1008 487 1035 genere
505 1009 571 1036 suo;
592 1002 718 1030 laudandi
731 1004 818 1032 histo-

45 1045 80 1072 ici
101 1045 151 1080 qui
174 1049 310 1081 gestarum
334 1053 424 1073 rerum
443 1047 551 1079 seriem,
576 1047 710 1082 majorum
729 1057 817 1078 mores

47 1092 199 1119 tinstiluta
224 1091 302 1120 nobis
327 1092 480 1127 explicant,
503 1093 550 1127 qui
566 1093 671 1121 vivendi
693 1102 817 1123 normam

47 1145 63 1164 χ
81 1137 259 1172 antiquorum
272 1137 354 1173 gestis
368 1137 524 1165 ostendunt.
546 1139 684 1167 interdum
705 1146 731 1168 et
749 1142 818 1168 divi-

45 1191 79 1210 .as
99 1183 259 1219 Scripturas
283 1183 387 1210 laudari
411 1185 562 1216 conabitur,
585 1193 652 1220 quas
673 1185 739 1212 mira
756 1186 817 1213 dili-

48 1228 120 1255 cntia
135 1232 164 1255 et
178 1228 331 1263 largissimo
353 1228 488 1261 impendio
500 1229 660 1257 Ptolemaeus
682 1229 816 1258 Philadel-

45 1274 100 1301 ihus
117 1273 144 1301 in
160 1274 282 1309 linguam
297 1278 416 1301 nostram
435 1274 538 1302 traduci
554 1275 657 1302 curavit
671 1273 744 1311 (l9);
761 1277 818 1304 lau-

49 1317 140 1344 abitur
154 1322 183 1344 et
195 1317 299 1345 interim
311 1317 495 1352 Evangelium,
509 1319 705 1355 Apostolusquc
717 1328 765 1355 pro
776 1322 817 1348 di-

45 1362 101 1390 inis
131 1362 266 1396 oraculis;
282 1362 433 1397 'insurgere
455 1364 552 1397 poterit
571 1363 670 1392 Christi
697 1366 815 1398 mentio;

47 1409 213 1443 xplieabitur
238 1409 368 1443 paulatim
393 1409 451 1443 ejus
476 1409 533 1437 sola
554 1409 697 1443 divinitas;
725 1412 817 1439 omnia

45 1461 87 1481 iaec
102 1461 165 1481 cum
182 1453 283 1481 Christi
300 1454 436 1489 adjutorio
450 1454 593 1488 provenire
607 1459 727 1490 possent.

65 1499 141 1528 Sciat
164 1507 230 1535 ergo
245 1500 288 1527 ille
307 1499 391 1528 libros
415 1507 509 1527 omnes
533 1508 602 1536 quos
621 1501 746 1536 princeps
768 1501 816 1529 ha-

45 1545 132 1579 nuerit;
160 1552 233 1579 saepe
254 1545 314 1572 illos
333 1545 451 1572 revolvat
469 1549 495 1572 et
515 1553 566 1574 suo
592 1546 687 1574 ordine
706 1553 753 1581 per
773 1547 816 1574 in—
830 1542 851 1571 C

48 1593 114 1619 ieem
128 1592 244 1627 pulchre
260 1592 386 1626 disponat
402 1601 409 1618 :
426 1591 448 1619 si
464 1598 528 1618 vero
551 1599 637 1619 novos
656 1592 698 1619 vel
713 1597 816 1621 veteres

45 1638 177 1666 ranscribi
200 1638 315 1669 curabit,
335 1637 441 1664 studeat
463 1637 698 1666 emendatissimos
718 1639 816 1667 habere

51 1684 155 1711 brarios
172 1692 180 1711 :
197 1683 268 1718 quod
295 1682 318 1710 si
341 1682 399 1709 fieri
421 1689 474 1708 non
497 1686 601 1717 potest,
626 1682 699 1710 viros
721 1683 816 1710 doctos

47 1731 63 1758 d
74 1729 275 1758 emendandum
288 1729 425 1763 disponat,
442 1729 549 1763 illisque
561 1736 610 1763 pro
623 1729 760 1757 laboribus
771 1730 817 1765 ju-

45 1779 70 1803 te
91 1775 257 1809 satisfaciat;
276 1780 378 1802 veteres
403 1775 466 1801 item
482 1774 588 1801 codices
601 1782 650 1808 pro
669 1775 815 1810 indigentia

45 1823 156 1850 esarciri
180 1826 315 1857 procuret,
337 1825 468 1855 ornetque
483 1828 538 1847 non
553 1824 657 1847 tantum
672 1821 704 1847 ad
720 1829 815 1855 super-

45 1869 149 1897 titiosos
166 1873 307 1903 sumptus,
329 1871 458 1902 quantum
474 1867 507 1894 ad
522 1866 585 1894 utile
605 1871 814 1902 ornamentum;

45 1920 121 1950 taque
137 1914 221 1942 scribi
237 1914 263 1940 in
281 1913 427 1948 purpureis
438 1912 602 1939 membranis
616 1917 643 1939 et
654 1912 750 1940 litteris
764 1921 814 1940 au-

45 1962 82 1988 eis
97 1966 169 1988 totos
185 1961 302 1991 codices,
323 1960 374 1987 nisi
397 1958 549 1994 specialiter
564 1958 689 1994 princeps
704 1959 815 1986 deman-

45 2006 145 2039 laverit,
172 2013 227 2031 non
252 2004 379 2037 aﬂectet;
397 2003 488 2031 omnia
503 2008 592 2030 tamen
608 2002 707 2030 Caesari
719 2009 813 2045 grata,

45 2052 148 2078 .iaxima
163 2058 227 2077 cum
243 2049 394 2077 ohedientia
409 2052 597 2084 prosequetur.
620 2047 750 2083 Suggeret
765 2056 814 2083 pro

45 2105 109 2124 esse
123 2101 150 2124 et
165 2096 241 2122 otuni
252 2103 314 2122 eum
331 2094 462 2122 modestia
482 2094 608 2128 principi,
626 2098 655 2120 ut
669 2101 716 2122 eos
730 2094 812 2130 legat,

47 2142 70 2169 cl
86 2143 138 2178 legi
154 2141 247 2169 audiat
260 2141 353 2174 libros,
365 2140 410 2175 qui
430 2144 456 2167 et
474 2139 556 2166 statui
571 2142 597 2166 et.
615 2139 712 2166 honori
728 2139 812 2170 illius,

48 2197 62 2215 c
80 2189 190 2216 utilitati
206 2188 292 2223 magis
304 2195 386 2222 quam
405 2186 592 2214 tantummodo
605 2185 735 2220 voluptati
747 2194 811 2213 con-

47 2235 141 2262 eniant
165 2243 172 2261 :
195 2238 290 2261 noscat
315 2233 372 2267 ipse
394 2232 469 2267 prius
489 2231 589 2265 optime
614 2227 688 2263 illos;
713 2231 810 2265 saepius

45 2281 127 2308 ieinde
143 2287 236 2308 coram
249 2279 369 2314 principe
381 2278 481 2310 laudet,
500 2285 532 2304 ac
549 2285 642 2304 eorum
655 2276 701 2311 qui
713 2284 813 2311 appro-

45 2330 94 2352 »:Int
110 2325 294 2353 testimonium
306 2328 333 2351 et
344 2324 518 2351 auctoritates
529 2323 670 2350 commode
685 2322 810 2357 explicet,

45 2380 64 2397 ηε
79 2379 129 2398 suo
143 2371 234 2399 sensui
249 2375 353 2398 tantum
371 2370 492 2396 videatur
506 2369 595 2396 inniti.

67 2417 135 2444 Vill.
156 2417 207 2450 Qui
229 2425 292 2444 vero
317 2423 416 2451 corpus
434 2415 562 2450 principis
583 2421 680 2442 curare
699 2413 810 2446 habent,

47 2463 86 2489 int
99 2463 126 2489 in
143 2462 270 2489 omnibus
284 2470 365 2497 quam
382 2459 587 2495 promptissimi,
602 2459 682 2486 hilari
693 2466 809 2493 semper.

45 2513 60 2535 tt
77 2509 206 2541 diximus,
221 2509 308 2541 vultu,
327 2507 405 2534 faceti
420 2514 626 2540 nonnunquam,
643 2506 689 2532 sed
705 2512 810 2532 summa

46 2562 137 2589 emper
150 2563 211 2582 cum
224 2553 364 2586 modestia,
378 2559 458 2588 quam
479 2553 506 2579 in
524 2552 600 2579 vobis
616 2551 743 2579 omnibus
758 2558 813 2585 prae

47 2600 136 2627 tuteris
163 2600 244 2627 rebus
267 2599 374 2631 laudet,
401 2598 529 2632 illamque
552 2605 585 2624 ex
607 2596 664 2632 ipsa
682 2595 813 2630 religione

45 2644 131 2672 lhristi
155 2644 296 2680 provenire
323 2648 477 2678 cognoscat.
506 2641 571 2669 Sitis
589 2646 616 2669 et
646 2649 694 2668 vos
717 2648 812 2668 omnes

827 2217 850 2244 D

83 2707 94 2723 "
111 2703 216 2731 Coloss.
236 2711 273 2736 tv,
289 2702 316 2729 6.
354 2700 397 2728 'll
411 2701 473 2729 Cor.
493 2708 531 2734 xt,
545 2700 588 2727 l9.
625 2700 635 2716 ’
656 2699 740 2727 Marc.
754 2707 792 2729 ill,
808 2698 854 2726 25.

67 2763 123 2800 (l9)
143 2764 280 2791 Notandus
297 2763 342 2790 hic
361 2762 447 2800 locus,
459 2761 511 2800 _ubi
525 2759 809 2800 auctorlaudatldivi-

45 2795 80 2825 m3
92 2795 275 2834 Scripturas...
287 2805 389 2836 quas...
402 2795 768 2836 _Ptoleutteusnl’liiludelplms
785 2802 809 2836 in

45 2829 281 2863 .tncuau'nosnu
296 2829 408 2861 'traduci
425 2832 535 2859 curavit.
559 2829 627 2858 Hinc
638 2831 699 2865 jure
721 2831 810 2864 arguit

879 230 968 253 tamen
980 228 1164 262 superfluitate
1176 234 1223 256 aut
1233 230 1403 260 affectatione
1414 235 1656 266 notandi.neChri-

877 271 963 298 stiana
978 272 1108 301 modestia
1123 274 1290 310 deturpetur.
1306 277 1402 306 Omnia
1419 280 1476 307 suis
1491 283 1658 315 temporibus

876 317 930 344 sint
953 324 1061 352 parata,
1083 324 1109 347 ct
1129 328 1179 347 suo
1198 322 1293 350 ordine
1315 332 1395 358 quam
1421 325 1521 358 optime
1542 327 1656 362 digesta.

877 362 917 390 Sit
936 364 1004 390 ordo
1028 365 1097 391 inter
1115 373 1163 394 vos
1186 371 1213 394 et
1239 368 1393 403 diligentia,
1420 378 1453 397 ne
1478 371 1604 399 confusio
1626 374 1654 403 in

875 416 965 444 opere,
982 415 1028 438 aut
1045 419 1135 438 rerum
1159 413 1272 441 amissio
1287 415 1378 450 aliquo
1394 421 1474 450 pacto
1489 421 1627 452 proveniat
1647 430 1654 447 :

874 454 1052 488 disponantur
1068 460 1252 492 ornenturque
1266 464 1418 493 opportuna
1439 461 1495 488 loca
1510 471 1560 497 pro
1575 469 1655 499 captu

873 502 899 525 et
914 499 1043 534 dignitate
1057 501 1188 529 locorum.
1580 521 1594 530 ι

909 544 969 572 Sint
996 546 1107 582 insuper
1135 552 1161 575 et
1184 549 1252 575 servi
1269 551 1351 577 vestri
1376 551 1580 584 honestissimi,
1599 553 1652 580 sint

872 592 1014 625 compositi
1029 596 1055 619 et
1074 593 1198 626 modesti,
1223 599 1249 621 ct
1264 595 1342 623 vobis
1357 604 1437 631 quam
1452 598 1654 626 convenientis-

872 636 954 669 simi;
979 645 1047 672 quos
1069 638 1096 664 in
1111 646 1173 666 vera
1195 639 1317 667 doctrina
1341 643 1414 668 omni
1437 651 1498 670 cum
1523 644 1654 678 patientia

870 686 896 708 et
913 682 1043 710 charitate
1057 683 1158 712 Christi
1176 685 1300 714 instruite
1313 691 1339 713 et
1353 687 1459 721 docete;
1483 690 1554 724 quod
1569 690 1591 717 si
1609 690 1653 717 in-

871 727 1035 756 structiones
1060 733 1165 757 vestras
1191 731 1326 766 negligant
1349 737 1375 759 et
1398 735 1611 768 parvipendant,
1637 743 1654 762 λ

870 773 946 800 vobis
963 773 1082 808 abjicite,
1105 783 1139 802 ne
1163 776 1271 804 illorum
1290 778 1407 812 nequitia
1423 780 1514 813 altquo
1530 785 1609 815 pacto
1625 781 1653 808 in

870 825 918 846 vos
942 819 1084 847 redundet.
1111 820 1178 849 Nam
1195 822 1346 851 diti'amatos
1368 824 1494 852 dominos
1510 834 1543 853 ex
1560 834 1653 854 servo-

870 872 928 891 rum
941 865 1105 900 malignitate
1120 868 1283 903 quandoque
1298 869 1424 904 vidimus,
1444 875 1471 899 ct
1491 880 1561 907 stipe
1574 873 1652 901 audi—

868 917 967 938 VImus.
1344 918 1345 922 ‘

904 955 932 983 Si
952 956 984 983 ad
1001 957 1149 992 Augustam
1165 962 1309 988 accesserit
1325 963 1459 998 princeps,
1483 965 1524 992 vel
1545 965 1602 1000 ipsa
1617 966 1652 994 ad

867 1001 955 1032 illum,
977 1002 1037 1030 sitis
1050 1007 1120 1037 tunc
1144 1012 1193 1032 vos
1210 1012 1317 1040 quoque
1332 1012 1357 1034 ct
1372 1009 1458 1035 oculis
1481 1013 1509 1036 et
1531 1014 1607 1043 gestu
1626 1015 1654 1038 et

866 1046 956 1073 verbis
976 1047 1101 1076 omnibus
1122 1057 1203 1084 quam
1227 1052 1469 1086 compositissimi;
1496 1054 1585 1081 videat
1607 1055 1651 1082 illa

867 1095 984 1118 vestram
1002 1093 1196 1121 continentiam
1210 1099 1236 1122 et
1256 1096 1433 1130 modestiam;
1456 1098 1566 1126 videant
1578 1099 1652 1127 illius

867 1137 979 1164 comites
995 1142 1022 1165 et
1037 1139 1212 1174 pedissoquae,
1241 1141 1348 1168 videant
1369 1148 1395 1169 et
1412 1144 1589 1178 admirentur,
1609 1152 1652 1172 at-

867 1190 920 1217 que
932 1183 994 1211 inde
1004 1182 1096 1211 Jesum
1116 1185 1254 1213 Christum
1267 1186 1410 1215 Dominum
1426 1194 1545 1217 nostrum
1562 1191 1588 1217 in
1602 1199 1651 1217 vo—

867 1228 908 1256 bis
934 1229 1000 1263 ipsis
1035 1230 1198 1258 collaudent.
1230 1231 1346 1267 Loqueta
1380 1240 1464 1261 vestra
1484 1244 1589 1271 semper
1617 1236 1652 1263 sb

867 1281 948 1309 parca
970 1279 997 1302 et
1013 1277 1145 1310 modesta,
1165 1282 1245 1313 atque
1271 1280 1399 1314 religione
1420 1281 1493 1309 velut
1515 1282 1569 1308 sali:
1589 1291 1651 1309 cons

866 1322 923 1348 dita
938 1323 959 1348 ⁷.
974 1322 1053 1350 Nulla
1068 1331 1179 1358 prorsus
1199 1326 1269 1353 inter
1281 1334 1328 1353 vos
1342 1327 1377 1354 sit
1391 1328 1502 1360 invidia,
1519 1334 1566 1357 aut
1582 1338 1650 1357 con-

866 1366 965 1400 tentio,
990 1375 1049 1402 qua:
1066 1368 1092 1395 in
1111 1376 1220 1397 omnem
1245 1369 1432 1399 confusionem
1447 1378 1473 1400 et
1489 1373 1649 1401 divisionem

865 1419 914 1440 vos
927 1412 1084 1445 deduceret,
1112 1419 1139 1441 et
1159 1415 1198 1444 sic
1213 1423 1321 1451 quoque
1341 1417 1367 1444 in
1387 1418 1478 1446 odium
1502 1420 1602 1448 Christi
1623 1426 1650 1447 et

865 1458 997 1494 principis
1020 1464 1102 1494 atque
1116 1467 1250 1489 summam
1273 1463 1501 1491 abominatiouem
1520 1466 1650 1500 perduce—

867 1508 918 1537 ret,
937 1512 987 1532 nec
1001 1505 1069 1540 lapis
1081 1511 1224 1534 structurae
1236 1512 1334 1536 vestra:
1347 1516 1427 1544 supra
1443 1509 1560 1545 lapidem
1576 1517 1650 1540 stara

868 1555 969 1584 posset.

902 1596 948 1624 lx.
968 1596 1002 1624 Et
1028 1601 1077 1630 tu,
1110 1597 1227 1625 Luciane
1253 1599 1431 1634 charissime,
1461 1608 1523 1629 cutn
1541 1602 1579 1630 sis
1603 1611 1649 1631 sa-

866 1642 943 1676 piens
957 1642 979 1675 “,
1005 1642 1118 1670 libenter
1133 1648 1262 1678 supporta
1279 1644 1437 1680 insipientes
1453 1654 1460 1679 ;
1487 1651 1514 1674 et
1538 1647 1590 1682 ipsi
1605 1657 1650 1676 sa-

866 1687 971 1723 pientes
988 1688 1064 1715 tiant.

903 1734 974 1761 Nulli
989 1742 1108 1770 unquam
1128 1735 1278 1763 molestiam
1295 1736 1401 1769 inferte,
1418 1737 1520 1766 nullum
1533 1739 1566 1767 ad
1578 1740 1649 1769 iram

868 1778 1013 1806 concitate.
1043 1777 1070 1805 Si
1098 1779 1175 1807 vobis
1202 1780 1300 1815 injuria
1323 1781 1477 1816 irrogatur,
1503 1784 1529 1810 in
1554 1783 1648 1813 Jesnm

865 1824 1002 1852 Christum
1028 1826 1173 1860 respicite;
1197 1831 1224 1853 et
1246 1828 1474 1861 quemadmodum
1500 1831 1599 1864 optatis
1618 1838 1648 1859 ut

869 1871 945 1898 vobis
963 1871 1018 1906 ipse
1037 1872 1173 1904 remittat,
1193 1873 1231 1900 sic
1254 1878 1279 1900 et
1298 1881 1346 1900 vos
1365 1874 1417 1902 illis
1431 1875 1556 1903 dimittite
1569 1878 1580 1893 ⁰
1596 1887 1602 1904 :
1620 1883 1648 1904 et

866 1919 930 1942 tunc
951 1922 1191 1950 quoque;omnem
1212 1917 1340 1945 invidiam
1371 1919 1593 1955 supplantabitis;
1620 1928 1648 1949 ct

865 1966 945 1995 caput
966 1961 1070 1996 antiqui
1095 1963 1227 1996 serpentis
1255 1965 1399 1991 conterctis
1421 1965 1460 1997 1°,
1480 1966 1527 2000 qui
1549 1969 1647 1995 vestris

865 2005 943 2033 bonis
957 2006 1083 2040 operibus
1097 2011 1124 2033 et.
1138 2008 1309 2036 successibus
1322 2010 1395 2036 omni
1413 2017 1475 2037 cum
1492 2012 1590 2038 astutia
1604 2013 1646 2040 in-

865 2052 989 2079 sidiatur.
1016 2051 1076 2079 Non
1097 2058 1237 2087 prmtereat
1252 2054 1309 2081 dies
1330 2055 1395 2089 quin
1409 2062 1559 2090 opportuno
1578 2062 1646 2085 lem-

865 2106 930 2133 pore
947 2098 1010 2125 dato
1023 2099 1124 2133 aliquid
1145 2107 1282 2126 sacrarum
1298 2100 1442 2128 lectionum
1459 2102 1566 2136 legatis,
1592 2103 1627 2132 ali
1638 2118 1645 2124 -

863 2143 929 2179 quid
946 2145 1175 2179 contemplemini,
1193 2153 1242 2172 nec
1255 2153 1339 2172 sacra:
1353 2145 1498 2180 Scriptura:
1510 2147 1643 2175 litteratu-

864 2197 921 2216 ram
935 2197 1048 2224 prorsus
1062 2189 1209 2224 abjiciatis;
1224 2190 1290 2217 nihil
1305 2191 1371 2218 adeo
1385 2192 1502 2219 animam
1518 2194 1604 2227 pascit
1617 2199 1645 2222 ct

864 2240 981 2263 mentem
1003 2235 1160 2271 impinguat,
1183 2237 1254 2263 sicut
1270 2245 1354 2265 sacra:
1370 2237 1471 2265 faciunt
1487 2239 1617 2268 lectiones
1635 2251 1642 2268 :

863 2282 910 2308 sed
932 2289 965 2308 ex
988 2281 1041 2308 illis
1063 2281 1134 2309 hunc
1153 2283 1270 2309 maxime
1289 2283 1376 2317 capite
1397 2283 1525 2316 fructum,
1545 2289 1575 2312 ut
1594 2293 1643 2320 pa-

861 2327 955 2354 tientia
976 2331 1065 2354 vestra
1081 2327 1156 2359 juste
1178 2333 1204 2355 et
1228 2327 1289 2362 pie,
1319 2329 1370 2355 hnc
1396 2333 1435 2356 est
1461 2330 1487 2356 in
1512 2331 1644 2359 charitate

861 2370 976 2404 Christi,
996 2376 1084 2399 vestra
1104 2371 1188 2398 ollicia
1208 2372 1394 2406 exsequamini
1407 2392 1414 2404 ,
1438 2377 1464 2399 ct
1487 2375 1642 2402 transitoria

862 2418 953 2444 omnia
969 2418 1003 2444 ob
1018 2418 1078 2452 ejus
1094 2417 1286 2451 promissiones
1308 2423 1424 2445 aeternas
1446 2421 1641 2451 eontemnatis.

864 2470 923 2497 qua:
938 2470 1003 2490 sane
1018 2471 1127 2490 sensum
1141 2471 1248 2490 omnem
1271 2467 1297 2490 et
1314 2463 1476 2490 intellectum
1493 2464 1641 2492 humanum

863 2514 1024 2543 exsuperant
1039 2509 1070 2541 “,
1086 2514 1112 2536 et
1127 2516 1175 2536 vos
1189 2509 1260 2543 ipsos
1277 2509 1303 2535 in
1319 2508 1472 2536 felicitatem
1486 2515 1641 2545 perpetuam

863 2555 1023 2582 conducent.
1042 2554 1107 2582 Vale
1120 2554 1232 2582 feliciter
1244 2555 1271 2581 in
1283 2554 1403 2588 Christo,
1417 2555 1453 2582 mi
1466 2555 1573 2583 domine
1589 2555 1642 2582 Lu-

862 2607 949 2628 Clﬂﬂe.

892 2699 913 2715 ¹⁰
931 2699 1010 2726 Rom.
1026 2707 1082 2732 va,
1101 2698 1146 2726 ‘20.

863 2759 1003 2790 Acherius,
1031 2760 1100 2788 hanc
1124 2759 1263 2795 epistolam
1280 2758 1313 2786 ab
1329 2758 1437 2786 homine
1450 2758 1544 2788 Graeco
1559 2758 1642 2787 fuisse

863 2803 953 2830 perscr
958 2796 1048 2830 iptam.

1185 2699 1206 2714 “
1222 2697 1337 2733 Philipp.
1353 2706 1389 2731 tv,
1405 2698 1430 2725 7.
