1865 3042
1714 178 1800 185 ρ...-

642 174 1710 190 mm:

205 177 655 192 m2":

692 302 1135 410 ADDEN
1143 302 1321 408 DA

853 621 1144 668 MONITUM

215 731 259 763 Ad
287 731 457 771 sequentia
478 730 625 770 Dionysii
656 729 864 761 Alexandrini
882 729 915 759 in
932 737 1052 759 sacram
1068 729 1261 767 Scriptorum
1280 727 1604 759 Commentariorum
1624 725 1794 766 fragments.

188 812 323 845 (Gallandii
335 812 447 838 Biblioth.
460 815 505 837 vet.
517 813 597 842 Patr,
607 812 720 843 Append.
733 811 763 836 ad
787 813 845 835 tom.
859 809 1248 871 Xelthslginégtgsqgmortuo,
1260 810 1439 842 eomplementi
1451 815 1528 834 causa
1541 808 1576 834 ab
1588 809 1696 833 erudito
1706 808 1808 838 Anonymi

224 1033 359 1068 Quidquid
376 1032 474 1067 passim
487 1032 518 1059 ab
532 1031 592 1059 aliis
611 1032 711 1059 editum
727 1032 814 1066 fuerat
833 1033 864 1059 de
879 1031 1007 1067 Operibus
1023 1032 1144 1068 Dionysii
1157 1033 1342 1066 Alexandrini,
1355 1033 1460 1068 collegit
1475 1033 1538 1068 jam
1553 1032 1726 1060 Gallandius
1740 1033 1762 1058 in
1774 1039 1808 1058 tu

189 1078 353 1106 Bibliotheca
370 1081 468 1114 (supra
481 1078 531 1105 col.
550 1079 641 1113 1253),
661 1079 736 1113 cujus
755 1079 835 1106 etiam
849 1079 954 1106 erudita
967 1079 1148 1114 prolegomena
1164 1079 1265 1106 consuli
1279 1085 1412 1114 poterunt.
1428 1079 1524 1115 Reperi
1538 1085 1680 1114 prmterea
1694 1081 1743 1106 tria
1755 1080 1807 1106 illis:

187 1128 336 1163 fragmenta
354 1135 369 1152 α
384 1125 549 1160 Bonjoannio
568 1127 709 1161 descripta.
734 1125 852 1152 Primum
873 1125 1055 1159 complectitur
1072 1126 1173 1153 scholia
1189 1125 1444 1153 Commentariorum
1464 1127 1524 1161 ejus
1541 1127 1580 1153 ad
1598 1127 1714 1153 initium
1731 1126 1807 1153 Eccle-

185 1174 287 1206 siastte,
305 1173 422 1200 videlicet
440 1181 456 1198 a
466 1174 551 1208 capite
562 1181 581 1203 t.
594 1181 658 1200 vers.
672 1173 697 1205 1,
711 1172 745 1199 ad
761 1178 839 1206 caput
852 1180 892 1204 tu,
906 1179 973 1198 vers.
985 1172 1028 1198 Η.
1044 1171 1142 1198 Revera
1158 1172 1313 1206 Dionysium
1329 1178 1448 1199 nostrum
1466 1173 1493 1199 in
1505 1173 1683 1207 principium
1696 1172 1809 1199 Ecclesia.

184 1225 233 1248 sta:
245 1220 326 1255 fuisse
345 1224 558 1251 commentatum,
573 1219 654 1254 liquet
671 1228 703 1246 ex
715 1219 828 1246 Eusebio
839 1218 888 1254 (1),
906 1218 951 1245 ubi
965 1219 1004 1245 ait
1015 1219 1046 1245 de
1061 1217 1181 1253 Dionysii
1195 1218 1312 1248 epistolis
1326 1218 1433 1253 loquens
1450 1227 1459 1245 :
1475 1220 1655 1253 Βασιηλείδῃ
1673 1219 1732 1246 τῶν
1747 1220 1806 1246 uarix

186 1265 562 1300 Πεντάπολιν.παροικιιῖ›ν
579 1265 733 1299 ὲπισκόπῳ
751 1273 880 1300 γραφων,
902 1265 998 1299 φησὶν
1019 1264 1128 1292 ἑαυτὸν
1147 1266 1190 1298 εὶς
1203 1263 1261 1298 τὴν
1283 1265 1382 1299 ἀρχὴν
1400 1265 1544 1300 διήγησιν
1564 1266 1757 1300 πεποιῆσθαι
1773 1267 1811 1293 τιτῦ

191 1313 440 1348 Ἐκκλησιαστοῦ.
465 1322 474 1338 ε
490 1313 531 1339 Ad
547 1312 693 1340 Basilidem
714 1312 978 1347 Pentapolitanarum
1002 1311 1179 1339 Ecclesiarum
1198 1312 1346 1346 episcopum
1371 1312 1507 1344 scribens,
1539 1313 1582 1338 ait
1603 1321 1635 1340 se
1664 1313 1813 1340 elucubrasse

183 1361 378 1388 enarrationem
400 1359 428 1386 in
449 1359 607 1394 principium
633 1350 811 1385 Ecclesiast‘az.
826 1367 836 1384 ι
860 1357 918 1390 Quo
941 1358 1045 1392 quidem
1069 1359 1096 1385 in
1118 1358 1175 1385 loco
1198 1358 1318 1386 nonnulli
1343 1359 1431 1394 legunt
1451 1359 1738 1394 Ἐκκλησιαστικοῦ
1753 1367 1761 1385 :
1775 1359 1809 1386 sed

189 1404 428 1440 Ἐκκλησιαστοῦ
441 1406 576 1441 legendum
592 1413 647 1433 esse
657 1410 753 1440 praeter
766 1405 845 1439 ﬁdem
859 1404 1016 1432 scltoliorum
1035 1409 1196 1438 nostrorum,
1209 1409 1234 1432 et
1245 1410 1356 1433 veterem
1368 1405 1610 1440 Christophorsoni
1625 1406 1811 1440 interpretan-

183 1460 240 1479 nem
273 1453 422 1480 testimonio
440 1457 480 1479 est
501 1454 581 1480 etiam
594 1452 739 1487 Procopius
753 1451 876 1484 Gaurus,
896 1452 940 1486 qui
956 1451 991 1478 ad
1009 1451 1101 1479 Cenes.
1123 1460 1181 1487 cap.
1202 1460 1233 1480 111
1247 1473 1254 1485 ,
1270 1461 1332 1488 pag.
1345 1452 1394 1486 76,
1414 1453 1513 1488 allegat
1534 1453 1705 1488 hujusmodi
1731 1454 1778 1480 ubi
1800 1460 1813 1478 tt

184 1502 306 1537 Dionysii
321 1502 403 1528 nostri
421 1501 450 1527 in
465 1500 652 1528 Ecclesiasten.

219 1549 337 1576 Alterum
356 1548 478 1583 Dionysii
500 1548 692 1583 fragmentum,
712 1551 752 1574 est
771 1547 845 1574 illius
866 1547 997 1582 expositio
1011 1547 1039 1574 in
1054 1551 1132 1581 caput
1145 1547 1223 1574 Lucte
1241 1555 1315 1578 xx",
1333 1555 1399 1574 vers.
1411 1546 1456 1579 42,
1469 1548 1515 1578 45,
1527 1547 1577 1578 ﬂ,
1590 1547 1642 1580 45,
1656 1548 1706 1581 46,
1721 1548 1766 1579 47,
1779 1548 1805 1574 58

184 1596 313 1632 Equidem
332 1605 385 1624 non
404 1596 522 1628 aliunde,
539 1596 607 1632 quod
626 1597 721 1627 sciam.
741 1599 860 1626 constat,
875 1594 1032 1630 Dionysium
1052 1600 1169 1622 nostrum
1186 1595 1215 1621 in
1229 1594 1326 1621 Lucam
1346 1595 1446 1621 scholia
1464 1595 1619 1629 scripsisse.
1641 1595 1722 1622 Fieri
1743 1601 1811 1621 tamn

181 1645 222 1670 rel
237 1644 309 1670 istud
322 1644 418 1678 potuit,
434 1652 492 1670 cum
508 1643 568 1678 jam
585 1642 789 1678 aliquammulta
808 1643 966 1675 scriptorum
980 1642 1037 1676 ejus
1051 1642 1214 1669 intercidisse
1225 1646 1324 1668 constet
1337 1650 1346 1668 :
1361 1642 1488 1668 ueletiam
1501 1648 1534 1668 ex
1547 1641 1614 1668 aliis
1633 1642 1697 1676 ejus
1709 1643 1815 1676 operibus

183 1697 277 1720 auctor
293 1693 399 1720 Cateme
417 1693 514 1720 codicis
536 1693 620 1719 nostri
641 1691 726 1726 potuit
741 1691 853 1718 lacinias
867 1691 928 1717 illas
944 1691 1112 1726 decerpsisse,
1128 1696 1153 1718 et
1167 1690 1221 1717 illis
1240 1690 1375 1718 versiculis
1391 1690 1572 1723 subiunxisse.
1587 1689 1672 1717 Certe
1686 1691 1716 1718 in
1728 1690 1814 1718 Catum

184 1749 201 1767 a
218 1741 249 1767 ι).
265 1740 366 1768 Thoma
381 1741 492 1767 collecta
510 1740 653 1774 Dionysius
674 1739 760 1766 locum
783 1747 859 1766 suum
878 1740 977 1773 passim
1000 1739 1108 1767 obtinet.
1132 1738 1307 1772 Quamobrem
1332 1737 1400 1765 nihil
1417 1744 1456 1765 est
1478 1746 1527 1764 cur
1546 1739 1737 1774 fragmentum
1758 1739 1814 1764 illud

184 1793 276 1814 nostra
292 1788 415 1822 scriptori
430 1787 621 1820 abiudicemus.

223 1833 351 1868 Equidem
373 1833 400 1860 in
422 1834 458 1860 eis
475 1833 610 1860 Christum
631 1841 796 1868 nequaquam
817 1835 944 1869 sanguine
965 1833 1073 1860 sudasse
1087 1832 1138 1859 sibi
1155 1831 1219 1859 velle
1236 1831 1346 1864 videtur,
1361 1839 1516 1866 sensumque
1543 1832 1721 1867 evangelista
1743 1832 1813 1866 fuisse

184 1877 341 1915 proverbiali
359 1878 490 1905 locutione
508 1879 625 1911 innucre,
657 1888 666 1904 (
683 1879 760 1911 Quod
779 1887 831 1905 non
847 1880 966 1906 tenuibus
979 1878 1136 1914 quibusdam
1157 1877 1279 1912 guttulis.
1292 1878 1419 1914 quasique
1437 1878 1470 1904 ad
1485 1878 1621 1905 indicium
1639 1879 1721 1904 modo
1737 1886 1809 1912 appa-

185 1925 313 1956 rentibus,
330 1924 498 1951 Dominicum
511 1932 605 1958 corpus
625 1924 828 1958 perslillaverit;
848 1925 892 1952 sed
910 1925 978 1960 quod
997 1933 1054 1952 vere
1069 1924 1219 1952 uberiorum
1232 1928 1366 1959 guttarum
1380 1925 1466 1951 instar
1487 1929 1572 1951 toturn
1594 1926 1742 1952 sudoribus
1760 1934 1811 1960 per-

185 1971 354 2005 fundebatur.
370 1980 379 1996 )
404 1969 521 1998 Proinde
542 1970 574 1997 ab
591 1978 620 1996 eo
637 1969 737 1997 dictum
756 1971 837 2006 fuisse
856 1971 896 2004 ὡς
915 1973 942 1998 ol
961 1971 1090 2006 θρόμϐοι.
1111 1979 1121 1996 ‹
1138 1974 1167 1997 ut
1184 1971 1298 2004 grummi
1316 1971 1463 2005 sanguinis.
1479 1980 1488 1997 ›
1517 1971 1649 2003 Alioquin
1666 1981 1720 2000 non
1739 1973 1810 2008 fuisse

182 2018 317 2044 dicturum
330 2017 363 2043 ad
377 2017 465 2043 instar
477 2017 569 2043 horum
587 2017 668 2051 fuisse
684 2017 792 2044 sudores
804 2017 913 2044 Christi.
934 2017 1068 2051 Quidquid
1085 2025 1162 2052 porro
1179 2017 1212 2044 sit
1227 2017 1258 2043 de
1270 2017 1349 2050 hujus
1370 2017 1599 2052 interpretationis
1622 2019 1745 2050 ueritate,
1760 2028 1810 2053 qva

184 2063 354 2098 fundamento
377 2064 501 2090 innititur
519 2063 585 2090 satis
603 2064 726 2098 infirmo;
746 2064 806 2090 inde
824 2069 909 2090 tamen
929 2063 981 2090 loci
998 2064 1081 2099 ipsius
1101 2064 1263 2099 γνησιότης
1281 2063 1380 2098 liquido
1402 2065 1591 2098 conﬁrmatur,
1615 2074 1665 2093 nec
1680 2066 1808 2093 aduersu;

182 2120 257 2139 veras
275 2111 373 2138 Christi
388 2112 522 2145 passiones
539 2112 682 2147 quidquam
703 2110 815 2144 Marcio,
837 2110 994 2139 Valentinus
1012 2112 1109 2146 aliique
1124 2116 1238 2138 veterum
1261 2111 1443 2138 hmreticorum
1462 2112 1515 2147 ﬁlii
1534 2115 1682 2142 extundere
1700 2120 1806 2149 pass-tu.

183 2165 243 2184 cum
261 2156 407 2191 prtcscrtim
425 2156 514 2182 statim
534 2155 658 2190 subjiciat
671 2156 836 2191 Dionysius:
852 2165 863 2181 τ
877 2155 1070 2183 Ostendebatur
1087 2157 1167 2183 etiam
1185 2165 1232 2192 per
1243 2157 1371 2183 sudorum
1389 2159 1553 2192 crassitiem,
1568 2160 1635 2194 quia
1649 2162 1806 2187 naturaliter.

182 2209 207 2230 et
224 2205 326 2238 reipsa.
346 2211 397 2230 non
418 2211 477 2230 vero
497 2204 581 2238 specie
603 2209 677 2230 tenus
699 2207 723 2230 et
746 2203 911 2238 phantastice
934 2203 1010 2230 homo
1033 2207 1091 2230 erat
1109 2202 1242 2237 Salvator,
1265 2209 1288 2231 et
1307 2204 1478 2231 naturalibus
1497 2205 1651 2238 hominum,
1675 2208 1806 2241 incutpans

183 2253 282 2281 tamen,
302 2249 427 2276 serviebat
441 2249 620 2280 passionibus.
637 2259 645 2275 ι
661 2249 727 2276 Sunt
743 2254 767 2276 et
783 2250 837 2276 alia
854 2248 974 2284 quaedam
992 2250 1020 2275 in
1035 2249 1075 2276 his
1092 2249 1246 2284 fragmentis
1267 2250 1302 2276 ad
1312 2250 1498 2284 confirmanda
1521 2251 1652 2286 dogmata
1666 2252 1806 2279 Christiani

183 2297 422 2331 opportunissima,
443 2297 591 2331 cujusmadi
610 2296 649 2323 est
660 2297 726 2323 illud
740 2298 809 2331 quod
829 2297 856 2323 in
870 2296 946 2323 tertio
958 2296 1105 2331 fragmento
1118 2297 1232 2324 occurrit
1247 2297 1278 2324 de
1299 2297 1365 2324 Filii
1379 2299 1609 2332 ὀμοουσιότητι.
1625 2300 1702 2332 Quod
1715 2300 1806 2335 quidam

183 2346 263 2371 etiam
277 2344 434 2371 Cattandius
446 2345 573 2371 edendum
587 2345 689 2372 curavit
703 2345 740 2379 (2)
753 2353 760 2371 :
774 2345 818 2372 sed
831 2353 876 2371 nos
886 2350 990 2380 propter
1002 2343 1142 2372 nonnullas
1152 2345 1328 2380 discrepantes
1340 2345 1480 2380 lectiones,
1497 2352 1523 2375 et
1534 2347 1710 2376 noviCodicis
1724 2356 1805 2376 notua!

186 2392 372 2418 auctoritatem
389 2391 596 2427 subjungendum
613 2392 822 2419 antecedentibus
841 2391 999 2419 censuimus.

220 2473 259 2509 (i)
274 2473 310 2501 Η.
324 2474 356 2501 Ε.
374 2473 420 2502 lih.
434 2482 483 2506 vn,
500 2482 560 2510 cnp.
576 2473 622 2502 26.
1059 2474 1096 2510 (2)
1112 2473 1188 2502 Tom.
1202 2473 1245 2507 ill,
1263 2482 1289 2509 p.
1314 2474 1369 2501 I97.
