1865 3042
99 141 169 169 εδει

601 145 872 174 COMMENTARIUS
891 145 923 172 IN
942 145 1212 173 ECCLESIASTEM.

1650 149 1719 179 ικτιξο

95 199 150 226 καὶ
167 199 327 235 οικογεενεῖς
348 201 487 236 ἐγένοντό
498 212 558 237 μοι.
575 204 665 239 Καίγε
684 204 792 239 κτῆσις
807 205 881 236 ,βου-

972 203 1009 229 lii.
1041 203 1119 237 A/qui
1132 204 1259 237 possessio
1286 205 1396 231 armenti
1423 210 1448 232 et
1473 206 1555 241 gregis
1579 206 1629 240 fuit
1653 208 1719 234 mihi

95 246 204 273 vallat)
228 247 277 273 καὶ
301 248 439 283 ποιμνίου
463 249 581 284 ἐγένετό
596 259 646 285 μοι
669 250 780 284 πολλὴ,
807 251 883 285 ὑπὲρ

95 291 216 325 πάντας
234 293 305 327 τοὺς
324 295 503 330 γενομένους
520 296 690 331 ἔμπροσθέν
701 305 760 331 μου
775 297 809 323 ἐν
831 298 882 324 Ἰε-

92 339 268 374 ρουσαλήμ.

136 385 209 420 Στιχ.
225 388 259 420 η’.
278 386 453 422 Συνήγηγπόν
465 396 516 422 μοι
537 388 587 415 καί
602 397 640 423 ’γε
661 389 812 424 ἀργύριον,
833 390 884 416 καί

96 439 134 465 τε
141 431 278 465 χρυσίον,
288 433 337 459 καὶ
346 434 599 469 περιουσιασμοὺς
605 434 663 461 τῶν
667 435 823 467 ,βασιλέων
833 435 881 462 καὶ

95 474 159 501 τῶν
173 476 286 510 χωρῶν.
311 476 454 510 Ἐποίησά
464 487 514 512 μοι
531 477 659 511 ᾄδοντας
672 478 721 506 καὶ
737 477 881 512 ᾀδούσας,

95 521 148 548 καὶ
161 521 335 556 τρυφήματα
347 522 399 548 τοῦ
413 522 478 549 υἱοῦ
490 522 542 550 τοῦ
556 522 723 557 ἀνθρώπου,
744 523 882 558 οἰνοχόας

95 567 147 592 καὶ
163 567 311 602 οἰνοχόον.

135 611 209 647 Στιχ.
223 611 255 638 θ’.
268 613 322 639 Καὶ
335 613 550 649 ὲμεταλύνθην,
561 613 608 640 καὶ
620 613 792 647 προσέθηκα
803 615 882 648 παρὰ

96 657 216 691 πάντας
229 658 258 685 οῖ
276 658 413 694 ἐγένοντο
426 659 595 694 ἔμπροσθέν
606 669 665 694 μου
680 660 715 686 ὲν
735 660 880 694 Ἰερουσα-

93 704 170 739 λήμ.
194 705 250 732 Καί
262 714 294 740 γε
310 706 402 740 σοφία
416 706 526 740 ἐστάθη
541 715 600 740 μοι.

133 751 209 786 Στιχ.
234 754 259 777 ι’.
283 751 336 778 Καὶ
354 750 415 778 πᾶν
431 751 447 778 ὃ
463 751 581 786 ᾔτησαν
596 754 622 778 οἱ
646 753 792 787 ὀφθαλμοί
809 761 879 787 μου,

93 796 153 822 οὐκ
179 795 305 830 ἀφεῖλον
326 796 376 822 ἀπ’
399 795 505 822 αὐτῶν.
534 798 594 823 οὐκ
619 797 799 824 decemean
824 796 881 831 τὴν

94 841 225 875 καρδίαν
235 850 295 876 μου
312 841 370 868 ἀπὸ
384 841 485 876 πάσης
503 843 703 877 εὐφροσύνης.

131 886 261 922 Θεωρεῖς,
277 887 350 918 ὅπως
363 887 463 922 πλῆθος
477 887 558 915 οτχων
575 888 622 915 καὶ
642 888 744 924 ἀγρῶν,
766 888 812 915 καὶ
826 888 880 915 τῶν

92 932 209 964 λοιπῶν,
227 929 264 959 ὧν
282 940 373 968 φησιν,
391 932 554 968 ἀριθμήσας,
569 932 627 960 εἶτα
644 934 725 969 μηδὲν
737 936 764 960 ὲν
779 934 882 967 τούτοις

93 978 240 1014 eamme;
257 978 357 1015 εὑρών·
373 980 434 1006 οὐδὲ
446 980 499 1014 γὰρ
512 980 562 1016 τὴν
575 981 663 1016 ψυχὴν
675 981 705 1013 ἐξ
719 982 808 1008 αὐτῶν
821 982 880 1017 βελ-

92 1024 162 1051 τίων
174 1024 291 1058 ἐγένετο,
305 1025 364 1051 οὐδὲ
380 1024 424 1052 διὰ
434 1025 512 1052 τοῦτο
525 1026 573 1062 τὴν
585 1026 652 1061 πρὸς
668 1026 733 1054 Θεὸν
746 1027 881 1054 οἰχείωσιν

92 1071 242 1105 ὲκτήσατο’
258 1072 411 1105 ἀναγκαίως
421 1072 467 1098 ἐπὶ
477 1072 523 1099 τὺν
538 1072 623 1108 ἀληθῆ
635 1072 759 1105 πλοῦτον,
773 1073 819 1100 καὶ
832 1073 881 1109 τὴν

94 1115 208 1150 βεϐαίαν
217 1115 331 1151 ὓπαρξιν
341 1117 385 1143 τὸν
398 1117 476 1151 λόγον
487 1117 671 1153 μετατίθησιν.
687 1118 777 1151 Δεῖξαι
793 1119 881 1146 τοίνυν

92 1161 238 1197 βουληθεὶς
264 1163 328 1190 ποῖα
348 1162 401 1189 τῶν
426 1163 572 1198 κτημάτων
594 1164 699 1190 ἵσταται
722 1164 760 1199 τῷ
781 1173 882 1199 κτησα-

89 1207 182 1243 μένῳ,
200 1208 276 1243 μένει
287 1217 317 1235 τε
327 1209 401 1244 αὐτῷ
409 1209 539 1245 διηνεκῶς
551 1210 597 1236 καὶ
608 1209 732 1241 σώζεται,
746 1210 879 1245 ἐπήγαγε·

91 1254 153 1281 Καί
166 1263 198 1288 γε
209 1255 301 1289 σοφία
311 1254 420 1289 ἐστάθη
431 1265 491 1290 μοι.
508 1256 583 1291 Μόνη
592 1256 646 1292 γὰρ
662 1256 731 1292 αὕτη
749 1257 833 1292 μένει,
847 1257 881 1283 τὰ

85 1299 119 1325 δ’
130 1298 197 1326 ἄλλα
211 1299 306 1334 φεύγει
322 1300 368 1326 καὶ
383 1300 539 1334 ἀφίσταται,
553 1301 603 1327 ὅσα
616 1301 721 1335 φθάσας
733 1302 878 1338 ἠρίθμησε.

89 1346 192 1380 ,Σοφία
205 1345 294 1372 τοίνυν
321 1346 432 1380 ἐστάθη
440 1355 500 1381 μοι,
517 1347 593 1381 κάγὼ
606 1347 639 1374 δι’
653 1348 738 1384 αὐτὴν
753 1348 878 1384 ἐστάθην.

103 1391 210 1418 Ἐκεῖνα
225 1400 254 1418 τε
273 1391 327 1427 γὰρ
340 1391 444 1426 πίπτει,
463 1393 510 1419 καὶ
522 1395 614 1420 πεσεῖν
627 1395 699 1420 ποιεῖ
714 1394 776 1426 τοὺς
790 1395 881 1427 αὐτοῖς

90 1437 300 1472 ἐπιτρέχοντας.
326 1437 405 1464 Ἀλλὰ
427 1437 482 1473 γὰρ
505 1437 647 1473 σύγκρισιν
662 1438 746 1466 θεῖναι
761 1440 809 1475 τῆς
835 1448 880 1467 σο-

92 1482 172 1516 φίας,
196 1483 243 1509 καὶ
262 1482 310 1518 τὴν
329 1483 368 1518 (7)
391 1483 540 1519 ἀνθρώπων
564 1484 674 1518 ἀγαθῶν
697 1485 881 1520 νομιζομένων

93 1528 267 1564 βουλόμενος,
282 1530 367 1556 ταῦτα
380 1531 503 1566 ἐπήγαγε
514 1540 520 1546 ·
537 1531 591 1558 Καὶ
609 1530 670 1559 πᾶν
688 1531 704 1559 ὃ
721 1532 839 1567 ᾔτησαν
853 1533 880 1559 οι
894 1541 915 1571 C

96 1575 245 1610 ὀφθαλμοί
248 1584 321 1610 μου,
330 1577 385 1603 οὐκ
396 1576 521 1611 ἀφεῖλον
527 1577 577 1604 ἀπ’
588 1577 695 1610 αὐτῶν,
705 1578 794 1604 καὶτὰ
806 1577 877 1613 ἑξῆς·

93 1621 128 1647 οὐ
149 1621 228 1656 μόνον
243 1623 354 1654 τούτους
376 1621 496 1654 κακίζων
515 1624 578 1656 τοὺς
602 1624 728 1659 μόχθους,
752 1624 798 1656 οὒς
811 1625 835 1651 οἱ
850 1624 880 1652 ὲν

95 1666 250 1704 εὐφροσύνῃ
273 1669 430 1704 τρυφῶντες
455 1670 588 1706 πάσχουσι
616 1670 786 1706 μοχθοῦντες,
813 1670 880 1698 ἀλλᾶ

94 1713 144 1740 καὶ
158 1712 204 1745 οὒς
219 1714 288 1750 πρὸς
297 1715 419 1750 ἀνάγκην
435 1715 481 1742 καὶ
495 1715 555 1751 βίαν
565 1716 589 1742 οί
600 1715 736 1751 ἄνθρωποι
750 1715 880 1752 μοχθοῦν-

94 1768 142 1791 te:
166 1760 339 1795 ὑπομένουσι,
359 1761 462 1796 τροφῆς
486 1762 576 1789 ἕνεκεν
603 1762 652 1797 τῆς
675 1763 824 1798 ἐφημέρου,
851 1763 880 1789 ὲν

93 1804 189 1840 ἱδρῶτι
198 1806 245 1832 τοῦ
262 1806 407 1842 προσώπου
418 1806 467 1838 τὰς
477 1807 573 1842 τέχνας
586 1807 769 1843 ἐργαζόμενοι.
789 1809 818 1835 '0
831 1809 880 1843 μὲν

93 1851 151 1886 γὰρ
162 1851 260 1886 μόχθος
274 1852 367 1884 πολὺς,
380 1853 472 1888 φησὶν,
489 1854 505 1888 ή
518 1853 546 1879 δὲ
560 1853 662 1889 τέχνηὴ
674 1855 705 1880 ὲκ
719 1853 765 1880 τοῦ
780 1853 879 1889 μόχθου

94 1897 272 1932 πρόσκαιρος,
293 1898 370 1924 οὐδὲν
394 1898 550 1933 προτιθεῖσα
574 1899 611 1934 (8)
633 1898 687 1925 τῶν
705 1899 879 1935 τερπομένων

93 1942 240 1978 χρήσιμον.
264 1942 363 1977 Διόπερ
386 1943 416 1969 τὸ
434 1942 527 1978 κέρδος
549 1942 633 1969 οὐδέν.
656 1942 739 1969 Ἔνθα
760 1942 815 1978 γὰρ
830 1942 879 1969 οὐκ

93 1988 155 2014 ἔστι
169 1988 323 2023 περισσεία,
340 1988 400 2015 οὐδὲ
412 1989 517 2024 κέρδος.
534 1989 654 2020 Εἰκότως
666 1989 753 2016 τοίνυν
769 1989 880 2024 ματαιό-

92 2042 148 2069 της
161 2033 195 2060 τὰ
217 2033 427 2065 σπουδασθέντα,
442 2033 491 2060 καὶ
508 2033 678 2067 προαίρεσις
702 2034 879 2068 πνεύματος.

94 2079 212 2114 Πνεῦμα
224 2079 264 2111 δὲ,
277 2079 325 2115 τὴν
339 2078 427 2114 ψυχὴν
439 2078 575 2114 ὀνομάζει.
598 2079 629 2105 Ἡ
642 2078 696 2114 γὰρ
710 2080 878 2115 προαίρεσις,

94 2125 156 2151 ἐστι
182 2124 268 2156 ποιὸν,
290 2124 321 2150 οὺ
348 2124 462 2160 κίνησις.
482 2124 537 2150 Καὶ
555 2125 570 2151 ὁ
591 2124 687 2150 Δαϐίδ-
705 2125 757 2157 Εἰς
780 2124 880 2159 χεῖράς

93 2177 156 2197 σου
178 2171 354 2205 παρατίθημι
378 2170 410 2197 τὸ
435 2170 552 2205 πνεῦμὰ
571 2179 640 2205 μου.
663 2171 719 2198 Καί
732 2171 880 2207 γεάληθῶς

94 2216 192 2250 σοφία
204 2215 315 2250 ἐστάθη
332 2225 392 2251 μοι,
406 2217 446 2242 ὅτι
459 2225 492 2252 με
510 2215 610 2250 γνῶναι
629 2216 676 2243 καὶ
696 2217 813 2243 συνιέναι
830 2226 879 2244 πε·
898 2219 919 2246 D

94 2262 196 2297 ποίηκε
216 2262 263 2288 τοῦ
287 2262 374 2296 λέγειν
394 2263 447 2288 πᾶν
466 2262 480 2288 ὅ
499 2270 525 2288 τι
539 2262 589 2288 οὐχ
600 2261 656 2288 ἔστι
676 2261 817 2297 περισσεία
831 2262 883 2288 ὑπὸ

94 2309 144 2336 τὸν
156 2309 239 2344 ἥλιον.
253 2309 284 2335 El
298 2309 386 2336 τοίνυν
404 2308 507 2343 ἀγαθοῦ
519 2308 629 2344 κέρδους
643 2307 838 2343 ἐπιθυμοῦμεν,
858 2310 882 2334 εἰ

96 2355 258 2391 περισσείαν
268 2355 390 2391 θέλομεν,
398 2355 562 2390 εἰᾶφθαρτοι
573 2353 707 2390 ζητοῦμεν
718 2352 797 2387 εἶναι,
816 2363 880 2390 μοχ-

96 2402 227 2437 θήσωμεν
239 2402 353 2437 μόχθους
360 2402 422 2433 τοὺς
435 2401 505 2436 ὑπὲρ
514 2401 558 2428 τὸν
573 2400 648 2436 ἥλιον
664 2401 817 2437 τρέχοντας.
839 2401 883 2426 Ἐν

95 2448 205 2480 τούτοις
219 2449 273 2484 γὰρ
285 2449 334 2475 οὐκ
347 2448 405 2475 ἔστι
418 2447 578 2483 ματαιότης,
591 2447 651 2473 οὐδὲ
665 2447 823 2482 προαίρεσις
834 2446 882 2473 τοῦ

95 2495 214 2524 εἰκαίου.
237 2496 285 2522 καὶ
303 2496 389 2531 μάτην
407 2491 458 2522 ὧδε
478 2495 557 2521 κάκεῖ
578 2492 783 2530 περισπωμένου
803 2492 883 2520 πνεύ-

98 2549 194 2577 ματος.

135 2617 208 2657 Στίχ.
229 2621 274 2656 ιβ’.
291 2620 346 2647 Kal
356 2620 470 2653 ἔϐλεψα
485 2617 542 2651 ἐγὼ
557 2614 610 2644 τοῦ
626 2617 699 2644 [Beir-
709 2616 819 2651 σοφίαν
834 2615 882 2642 καί

96 2670 261 2702 ,περιφορὰν
279 2666 327 2694 καὶ
343 2665 534 2700 ἀφροσύνην·
553 2663 596 2690 ὅτι
612 2664 658 2696 τίς
673 2664 835 2697 ἄνθρωπος,
850 2661 883 2694 ὃς

96 2715 255 2743 ἐλεύσεται
280 2713 376 2739 ὀπίσω
410 2711 465 2745 τῆς
491 2710 610 2744 ,ϐουλῆς
637 2710 798 2744 σύμπαντα
827 2708 884 2735 ὅσα

95 2761 244 2795 ἐποίησεν
258 2760 332 2792 αὕτη
343 2769 349 2791 ;

135 2809 145 2823 ⁵
160 2806 232 2835 Psal.
246 2814 339 2834 χχχιχ.
354 2805 383 2831 (ἴ.

134 2865 173 2901 (7)
190 2865 259 2892 Τῶν.

936 249 1030 282 multa,
1051 257 1106 284 pra:
1125 249 1244 276 omnibus
1263 250 1307 284 qui
1329 250 1435 284 fuerunt
1455 257 1517 278 ante
1534 259 1573 278 me
1589 252 1617 278 in
1636 251 1718 279 Jeru-

934 294 1013 321 salem
1018 314 1024 320 .

976 380 1007 408 V.
1026 381 1053 408 8.
1072 381 1170 416 Collegi
1187 382 1251 408 mihi
1268 386 1344 416 alque
1360 386 1506 416 argentum,
1521 387 1598 416 atque
1611 390 1717 414 aurum,

933 431 957 454 et
974 427 1137 462 substantias
1153 436 1240 462 regum
1256 432 1279 454 et
1296 428 1440 462 regionum.
1464 427 1527 454 Feci
1543 428 1606 454 milii
1626 434 1719 455 canta-

934 482 973 500 res
986 478 1011 500 et
1023 475 1194 507 cantatrices,
1210 479 1235 501 et
1255 474 1444 501 oblectamenta
1463 474 1514 508 ﬁlii
1532 475 1654 508 hominis,
1669 483 1718 509 po-

934 519 993 545 cula
1007 523 1031 545 et
1044 519 1224 553 pocillatorem

967 602 999 630 V.
1012 603 1039 630 9.
1055 603 1090 630 Et
1102 605 1285 638 magniﬁcatus
1300 613 1368 636 sum,
1385 609 1409 632 et
1425 606 1511 640 adjeci
1530 615 1585 640 pm
1598 607 1716 634 omnibus

932 649 977 682 qui
999 649 1104 683 fuerunt
1124 654 1184 677 ante
1203 658 1242 676 me
1259 651 1286 676 in
1308 650 1465 678 Ierusalem.
1491 651 1568 686 Atqui
1587 653 1716 687 sapientia

932 694 1003 720 stetit
1021 695 1095 722 milli.

969 738 999 765 V.
1023 739 1066 766 10.
1090 739 1123 765 Et
1143 748 1217 767 omne
1241 741 1311 775 quod
1334 741 1532 774 postulaverunt
1553 743 1624 769 oculi
1648 744 1714 774 mei,

932 793 983 812 non
1002 785 1099 812 abstuli
1119 785 1150 812 ab
1165 786 1211 813 eis.
1235 785 1294 813 Non
1309 786 1430 821 prohibui
1441 795 1486 813 cor
1500 796 1584 814 meum
1599 789 1631 814 ab
1645 789 1716 815 omni

931 831 1036 858 ltetitia.

897 873 916 900 Β
969 876 1047 904 Vides
1067 878 1204 913 quomodo
1226 879 1424 907 multitudinem
1440 881 1581 908 domorum
1596 886 1623 908 et
1636 889 1716 916 agro-

932 930 1003 956 rum,
1017 931 1049 951 ac
1064 924 1231 958 reliquorum
1254 933 1314 959 qua:
1338 932 1544 959 commemorat,
1564 933 1714 955 enunieret.

932 968 1033 997 Deinde
1044 970 1111 997 nihil
1124 971 1151 997 in
1168 970 1211 998 his
1224 971 1289 998 utile
1305 972 1460 1006 reperiens;
1475 979 1524 999 nec
1539 973 1612 999 enim
1626 974 1715 1008 quoad

931 1014 1050 1041 animam
1063 1022 1095 1042 ex
1113 1015 1157 1043 his
1179 1016 1274 1043 melior
1291 1022 1424 1050 evaserat,
1443 1025 1531 1052 neque
1547 1024 1594 1052 per
1615 1018 1665 1046 hoe
1677 1018 1716 1045 ia—

932 1060 1115 1088 miliaritatem
1136 1069 1199 1088 cum
1224 1061 1277 1088 Deo
1301 1062 1482 1096 acquisierat;
1500 1063 1656 1091 necessario
1681 1064 1716 1091 ad

931 1115 1010 1135 veras
1032 1107 1157 1141 divitias,
1182 1112 1209 1134 et
1238 1109 1362 1135 stabilem
1389 1108 1534 1136 essentiam
1561 1117 1714 1137 sermonem

932 1152 1068 1180 transfert.
1083 1153 1152 1181 (lum
1168 1154 1250 1190 igitur
1266 1154 1346 1181 vellet
1357 1154 1500 1182 ostendere
1515 1163 1639 1189 quaenam
1657 1163 1716 1190 pos-

932 1199 1068 1227 sessiones
1084 1200 1236 1234 possessori
1255 1205 1441 1235 permaneant,
1458 1205 1632 1235 perseverent
1643 1202 1714 1236 apud

931 1252 992 1272 eum
1004 1245 1117 1279 jugiter,
1131 1252 1162 1272 ac
1175 1249 1325 1277 serventur,
1340 1245 1482 1280 subjunxit
1495 1255 1502 1272 :
1518 1246 1598 1281 Atqui
1611 1247 1714 1281 sapien—

932 1289 969 1316 tia
984 1289 1055 1316 stetit
1073 1289 1147 1316 mihi.
1169 1289 1231 1317 Sola
1246 1291 1318 1317 enim
1340 1290 1397 1317 haec
1417 1296 1526 1318 manet:
1543 1296 1640 1319 caetera
1661 1292 1716 1319 dif-

932 1335 1038 1370 fiigiunt
1050 1340 1078 1363 et
1092 1335 1251 1367 abscedunt.
1266 1344 1434 1371 quaecunque
1445 1342 1523 1364 antea
1534 1338 1713 1366 enumeravit.

932 1380 1070 1415 Sapientia
1087 1381 1177 1416 itaque
1196 1381 1268 1408 stetit
1290 1382 1365 1413 mihi,
1383 1385 1410 1409 et
1427 1389 1476 1415 ego
1490 1390 1537 1417 per
1552 1383 1625 1410 illam
1641 1384 1712 1412 steti.

932 1425 978 1453 Illa
993 1433 1110 1460 namque
1125 1426 1271 1460 excidunt,
1293 1431 1321 1454 et
1340 1427 1508 1462 prmcipitant
1529 1434 1663 1464 quotquot
1679 1431 1713 1458 ad

932 1470 976 1497 illa
990 1477 1145 1498 recurrunt.
1162 1471 1197 1498 At
1211 1471 1282 1498 enim
1309 1472 1403 1499 volens
1426 1473 1655 1507 comparationem
1673 1474 1715 1501 in-

931 1515 1043 1543 stituere
1065 1515 1218 1550 sapientiai,
1238 1520 1265 1542 et
1289 1516 1424 1543 bonorum
1449 1517 1630 1545 humanorum
1654 1527 1715 1554 quae

934 1561 997 1588 talia
1021 1566 1190 1596 reputantur,
1217 1562 1273 1589 hzec
1297 1562 1436 1590 subtexuit
1456 1571 1463 1590 :
1485 1562 1521 1590 Et
1546 1572 1621 1591 omne
1644 1567 1714 1601 quod

932 1607 1129 1642 postulaverunt
1145 1607 1214 1634 oculi
1228 1608 1288 1639 mei,
1303 1615 1355 1634 non
1371 1608 1469 1635 abstuli
1483 1609 1515 1636 ab
1528 1609 1577 1643 eis,
1593 1615 1620 1638 et
1634 1617 1714 1639 caete-

932 1661 974 1686 ra,
991 1661 1044 1680 non
1060 1653 1141 1681 modo
1155 1654 1242 1681 malos
1259 1653 1404 1682 ostendens
1420 1654 1577 1689 hujusmodi
1597 1656 1713 1690 labores,

933 1706 1002 1733 quos
1016 1699 1062 1733 qui
1078 1699 1105 1726 in
1116 1699 1205 1726 laetitia
1220 1699 1353 1732 laborant,
1365 1699 1512 1734 sustinent;
1526 1709 1620 1729 verum
1632 1703 1714 1730 etiam

933 1752 1111 1780 quoscunque
1133 1745 1156 1772 vi
1183 1753 1215 1772 ac
1235 1745 1396 1773 necessitate
1416 1745 1570 1775 laborantes
1590 1748 1715 1777 homines

933 1791 1059 1821 tolerant,
1078 1789 1228 1824 quotidiani
1240 1790 1328 1817 vietus
1346 1798 1438 1823 causa,
1457 1790 1484 1817 in
1507 1791 1606 1819 sudore
1624 1793 1715 1821 vultus

933 1841 1005 1863 artes
1019 1835 1178 1863 exercendo.
1197 1834 1286 1862 Labor
1310 1835 1383 1862 enim
1402 1836 1503 1863 multus
1525 1841 1584 1870 est,
1609 1837 1713 1872 inquit.

933 1889 978 1909 ars
998 1886 1088 1908 autem
1109 1888 1170 1916 quae
1192 1888 1225 1908 ex
1243 1880 1336 1908 labore
1358 1885 1416 1914 est,
1439 1882 1618 1917 temporaria,
1647 1884 1715 1911 nihil

933 1927 1048 1954 aﬂ'erens
1072 1927 1138 1954 utile
1160 1934 1254 1954 eorum
1279 1934 1340 1961 qua:
1363 1927 1507 1955 delectant.
1532 1927 1714 1961 Quamobrem

932 1974 1014 2001 etiam
1031 1973 1244 2001 emolumentum
1259 1973 1363 2000 nullum
1382 1977 1433 2001 est.
1450 1972 1501 2001 Ubi
1520 1975 1591 2002 enim
1606 1982 1659 2002 non
1673 1981 1717 2003 est

932 2019 1127 2051 exuberantia,
1154 2026 1242 2053 neque
1264 2019 1487 2047 emolumentum.
1515 2019 1611 2048 Merito
1634 2022 1716 2057 igitur

933 2066 1040 2093 vanitas
1062 2069 1126 2093 sunt
1146 2072 1189 2092 res
1216 2064 1287 2092 circa
1310 2072 1379 2099 quas
1397 2069 1469 2093 tanta
1489 2071 1531 2094 est
1551 2067 1714 2097 sollicitudo.

932 2117 956 2139 et
976 2111 1096 2139 voluntas
1111 2111 1229 2145 spiritus.
1244 2109 1375 2145 Spiritum
1390 2112 1434 2139 hic
1445 2112 1564 2139 animam
1582 2116 1713 2140 nominat.

934 2157 1065 2184 Voluntas
1079 2156 1162 2188 enim,
1178 2159 1220 2183 est
1233 2155 1361 2190 qualitas.
1379 2163 1432 2184 non
1452 2161 1556 2185 motus.
1575 2157 1609 2185 Et
1631 2158 1715 2186 David

933 2204 995 2231 ait:
1017 2202 1050 2229 In
1073 2211 1166 2230 manus
1192 2206 1251 2228 tuas
1276 2202 1427 2229 commendo
1448 2203 1570 2238 spiritum
1595 2213 1680 2232 meum
1692 2207 1714 2234 '.

933 2249 1014 2284 Atqui
1029 2256 1092 2276 vere
1105 2248 1235 2282 sapientia
1258 2248 1329 2274 stetit
1346 2248 1420 2280 mihi,
1441 2248 1504 2283 quia
1518 2249 1607 2277 effecit
1621 2255 1651 2277 ut
1665 2259 1715 2286 ego

933 2301 1124 2329 cognoscerem
1144 2301 1177 2320 ac
1202 2292 1395 2327 intelligerem,
1416 2299 1470 2326 quo
1494 2292 1612 2320 dicerem
1635 2301 1716 2322 omne

934 2341 1006 2376 quod
1023 2348 1077 2367 non
1094 2344 1136 2366 est
1150 2338 1328 2366 exuberantia
1344 2338 1394 2366 sub
1411 2338 1477 2365 sole.
1494 2337 1522 2365 Si
1538 2346 1601 2374 ergo
1614 2339 1715 2368 bonum

934 2387 1149 2414 emolumentum
1164 2385 1361 2416 desideramus,
1379 2384 1401 2411 si
1415 2384 1619 2411 exuberantiam
1639 2386 1716 2414 volu-

936 2441 1007 2466 mus,
1023 2432 1046 2460 si
1059 2431 1278 2466 incorruptibiles
1297 2430 1444 2465 quaerimus
1464 2437 1542 2464 esse;
1561 2431 1717 2460 laboremus

936 2478 1043 2505 labores
1059 2475 1105 2511 qui
1128 2475 1199 2502 ultra
1215 2474 1299 2502 solem
1315 2479 1438 2501 currunt.
1458 2474 1488 2499 In
1512 2474 1556 2501 liis
1575 2475 1646 2501 enim
1662 2483 1718 2502 non

937 2528 978 2552 est
988 2523 1104 2555 vanitas,
1120 2528 1208 2556 neque
1220 2521 1347 2548 voluntas
1361 2520 1398 2546 rei
1414 2527 1598 2554 supervacuae.
1620 2527 1647 2547 et
1662 2521 1718 2555 spi-

936 2570 1006 2597 ritus
1023 2569 1125 2596 iruslra
1138 2567 1209 2594 ultro
1224 2566 1346 2600 citroque
1361 2564 1475 2599 abrepti.

974 2613 1005 2641 V.
1022 2613 1066 2642 12.
1089 2612 1126 2639 Et
1146 2610 1235 2646 aspexi
1259 2617 1304 2645 ego
1327 2614 1355 2636 ut
1377 2609 1491 2637 ciderem
1511 2610 1676 2644 sapientiam,
1693 2613 1718 2636 et

937 2659 1181 2689 hallucinationem,
1207 2663 1231 2683 et
1256 2655 1469 2690 imprudentiam.
1495 2655 1566 2682 Nam
1586 2655 1645 2691 quis
1669 2655 1718 2681 Ιιίμ

938 2715 990 2738 mo,
1007 2705 1051 2740 qui
1068 2704 1115 2737 ibit
1131 2711 1195 2738 pone
1216 2701 1354 2729 consilium
1371 2702 1459 2728 omnia
1478 2709 1637 2737 quacunque
1655 2700 1718 2737 fecit

941 2753 996 2778 Ιια¹ί¹
1006 2752 1018 2778 ἵ)

971 2857 1007 2892 ί8)
1028 2855 1105 2883 Fx;th
1124 2854 1303 2890 :pcstﬂisa.
