1865 3042
107 90 178 118 θεοῦ

104 150 156 186 τὴν
166 151 197 176 ὲκ
211 150 264 177 τῶν
275 151 419 179 ἀκούεσθαι
432 153 580 188 μελλόντων
592 154 697 181 δικαίαν
710 156 890 189 κατάγνωσιν.

988 155 1062 182 lituri
1075 160 1177 188 essent,
1190 155 1294 189 justam
1314 153 1576 185 condemnationem,
1593 161 1639 187 per
1661 162 1736 179 umn—

104 194 154 222 ἐπι
166 195 288 231 λογισμῷ
302 197 359 223 λύει
375 198 422 233 τῆς
437 199 552 234 ἀπορίας
566 200 615 235 τὴν
626 200 760 227 ἔνστασιν.
778 201 814 227 To
828 201 892 235 γὰρ.

108 242 171 269 Ἵνα
185 243 214 270 τί
225 243 424 279 ἐσυρισάμην,
443 246 613 279 ἐνδυάζοντος
627 245 672 283 ἦν,
697 249 743 275 καὶ
758 249 879 283 ἀμφιϐάλ

106 286 209 320 λοντος,
233 288 249 324 ἢ
267 290 355 322 καλῶς
376 292 408 326 τῇ
428 292 507 328 σοφίᾳ
526 293 541 328 ἢ
571 293 658 328 μάτην
683 295 893 330 προσανάλωμα,

107 332 159 369 ἦγε
173 333 218 360 τοῦ
237 334 352 370 ἄφρονος
365 337 439 363 οὐδὲν
454 338 576 374 διαφέρει
594 339 828 375 πλεονεκτήματα,
840 342 895 372 τοῖς

107 378 200 410 αὐτοῖς
214 380 243 405 ὲν
254 379 291 415 τῷ
307 380 353 406 νῦν
369 381 446 409 αἰῶνι
457 384 557 418 ὁμοίως
570 384 645 419 αὑτῷ
659 384 771 412 πάθεσιν
787 386 896 412 ὑποκεί-

109 432 199 458 μενος.
217 424 266 451 Διὰ
282 425 309 452 δὲ
326 426 414 459 τοῦτο,
431 430 591 462 Περισσὸίν,
609 431 701 465 φησιν,
713 430 849 464 ἐλάλησα
862 431 896 457 ἐν

108 469 215 504 καρδίᾳ
238 480 309 506 μου,
334 473 415 508 μηδὲν
431 474 544 509 νομίσας
563 473 632 502 εἶναι
655 476 735 511 μέσον
751 476 832 511 σοφοῦ
850 478 896 504 καὶ

108 515 146 550 ἄφ
151 525 235 551 ρονος.

145 606 222 640 Στιχ.
250 609 295 638 ις’.
320 606 439 642 Ἐπειδὴ
458 610 512 635 οὐκ
534 610 598 636 ἔστι
623 612 709 644 μνεία
731 612 783 639 τοῦ
800 613 896 647 σοφοῦ

104 651 182 684 μετὰ
194 651 245 678 τοῦ
260 651 390 685 ἄφρονος
401 654 444 686 εἰς
462 654 514 680 τὸν
527 655 629 682 αἰῶνα.

146 697 283 732 Παροδικὶι
301 697 350 733 μὲν
365 699 418 734 γὰρ
434 700 467 726 τὰ
484 700 530 726 τοῦ
548 700 604 735 βίου
623 703 824 738 συμπτώματα.
843 704 897 730 εἴτε

108 741 261 778 καθέστηκε
277 743 394 780 λυπηρὰ,
414 746 477 781 περὶ
494 743 531 773 ὧν
546 755 643 782 φησιν·
662 750 768 776 Καθότι
791 750 849 783 ἤδη
864 751 898 778 τὰ

110 786 211 814 πάντα
230 788 399 824 ἑπελήσθη·
422 792 513 827 ἐπειδὴ
530 793 623 829 χρόνου
643 795 741 831 μικροῦ
759 796 898 832 παραδρα-

112 834 218 868 μόντος,
237 834 306 872 λήθῃ
327 837 361 864 τὰ
382 838 564 872 συμϐαίνοντα
586 840 699 874 βιωτικὰ
717 843 772 873 τοῖς
795 842 899 878 ἀνθρὼ-
917 835 935 861 υ

110 888 173 912 ποις
189 881 340 909 σῦἐννυται.
358 884 412 910 Καὶ
428 884 544 911 αὐτοὶ-δὲ
559 884 598 918 οἷς
617 887 702 913 ταῦτα
716 888 898 923 συμϐέϐηκεν,

110 924 160 960 οὐχ
174 925 273 960 ὁμοίως
295 927 517 962 μνημονεύονται,
536 930 560 955 ει
575 929 622 956 καὶ
634 931 821 967 συμπτώμασι
837 932 900 967 βιω-

109 973 196 1004 τικοῖς
212 972 406 1009 παραπλησίως
419 975 584 1010 ὑπήντησαν.
597 976 663 1003 Οὐδὲ
673 977 726 1013 γὰρ
736 978 790 1004 ἀπὸ
799 978 900 1005 τούτων

110 1018 337 1053 μνημονεύονται,
353 1020 409 1046 ἀλλ’
422 1020 515 1056 ὥσπερ
529 1021 561 1048 ἂν
578 1023 673 1057 σοφίας
687 1024 764 1059 ἔσχον
781 1025 797 1060 ἢ
814 1025 899 1061 ἀφρο-

110 1063 207 1098 σύνης,
224 1064 325 1100 ἀρετῆς
338 1065 354 1100 ἢ
367 1067 474 1098 κακίας.
494 1068 602 1095 Τούτων
617 1069 671 1105 γὰρ
681 1071 709 1097 αἱ
723 1071 828 1106 μνῆμαι
845 1073 900 1103 τοῖς

109 1109 273 1145 ἀνθρώποις,
291 1111 336 1137 διὰ
351 1111 399 1143 τὰς
415 1113 456 1140 ἐπ’
476 1113 568 1145 αὐτοῖς
583 1115 709 1150 ἀμοιϐὰς,
722 1117 751 1142 οὐ
774 1116 901 1144 σϐέννυν-

108 1163 166 1182 ται.
187 1156 235 1183 Διὰ
255 1157 332 1184 τοῦτο
347 1159 501 1191 ἀκολούθως
514 1161 648 1196 ἐπήγαγε·
673 1163 726 1189 Καὶ
747 1163 810 1197 πῶς
825 1164 901 1191 ἀπο-

110 1202 242 1229 θανεῖται
256 1204 272 1229 ὀ
284 1203 379 1237 σοφὸς
388 1206 462 1239 μετὰ
478 1206 531 1233 τοῦ
544 1206 692 1241 ἄφρον-ομ
706 1208 838 1242 Θάνατος
853 1210 901 1245 μὲν

109 1249 167 1285 γὰρ
183 1250 366 1284 ἁμαρτωλῶν
378 1254 522 1287 πονηρός·
542 1253 644 1288 μνήμη
658 1255 686 1281 δὲ
706 1255 824 1283 δικαίου
837 1258 900 1291 μετ’

110 1293 264 1329 ἐγκωμίων
283 1296 403 1329 γίνεται¹
423 1297 515 1332 ὄνομα
528 1298 562 1324 δὲ
575 1299 704 1333 ἀσεϐοῦς
718 1302 887 1329 σϐέννυται.

149 1393 223 1428 Στιχ.
250 1393 301 1429 κβ’.
326 1395 389 1421 Ὅτι
408 1396 518 1429 γίνεται
539 1398 578 1431 τῷ
601 1398 743 1432 ἀνθρώπῳ
758 1399 792 1426 ὲν
813 1401 901 1427 παντὶ

107 1439 223 1473 μόχθῳ.

151 1484 195 1519 Τῷ
211 1484 266 1512 ὄντι
282 1485 336 1521 πὰρ
347 1487 401 1518 τοῖς
416 1487 455 1519 εἱς
467 1487 512 1514 τὸν
521 1489 710 1524 περισπασμὸν
722 1489 767 1515 τοῦ
784 1489 840 1524 βίου
855 1491 902 1526 τὴν

111 1528 203 1564 ψυχὴν
216 1520 383 1565 ἀσχολουσιν,
396 1533 518 1568 ὲπαλγὴς
532 1520 581 1568 μέν
594 1535 610 1569 ἡ
624 1520 690 1569 {cui},
704 1532 759 1561 οἷόν
772 1520 826 1562 τισι
841 1520 901 1562 κέν-
917 1520 937 1548 C

112 1584 199 1611 τροις,
214 1579 273 1609 ταῖς
281 1577 334 1604 τῶν
346 1578 474 1606 πλειόνων
486 1579 654 1614 ἐπιθυμίαις,
666 1581 714 1616 τὴν
728 1581 840 1617 καρδίαν
852 1591 902 1616 μα-

114 1621 254 1654 στίζουσα.
286 1623 435 1656 Ἑπώδυνος
466 1624 495 1651 δὲ
531 1626 547 1660 ὴ
575 1626 639 1661 περὶ
670 1625 720 1661 τὴν
749 1626 903 1659 πλεονεξίαν

115 1668 229 1703 σπουδή·
250 1669 280 1695 οὑ
297 1669 422 1696 τοσοῦτον
434 1667 474 1702 οἷς
493 1670 547 1705 ἔχει
562 1671 770 1707 εὐφραινομένη,
785 1673 846 1699 ὅσον
858 1672 904 1699 ἀλ-

114 1713 251 1750 γυνομένη
269 1716 324 1747 τοῖς
341 1715 473 1742 λείπουσι·
493 1716 538 1742 καὶ
554 1716 604 1751 τῆς
627 1717 676 1751 μὲν
694 1717 800 1752 ἡμέρας
817 1717 912 1745 δαπα-,

114 1759 241 1794 νωμένης
261 1760 290 1786 ὲν
313 1761 432 1796 μόχθοις,
450 1761 499 1796 τῆς
523 1762 550 1788 δὲ
572 1763 666 1794 νυκτὸς
688 1762 904 1798 ἀποπεμπούσης

115 1804 171 1831 τῶν
192 1805 323 1840 ὀμμάτων
338 1805 383 1832 τὸν
398 1805 481 1832 ὕπνον
496 1808 556 1838 ταῖς
573 1806 619 1833 τοῦ
635 1807 747 1840 κέρδους
768 1808 901 1843 φροντίσι.

116 1849 229 1876 Ματαία
241 1848 287 1877 οὖν
304 1851 321 1886 ὴ
336 1851 436 1886 σπουδὴ
449 1850 494 1877 τοῦ
509 1851 576 1886 πρὸς
590 1850 676 1877 ταῦτα
691 1851 842 1886 βλέποντος.

154 1894 227 1929 Στιχ.
251 1895 298 1933 κδ’.
317 1895 370 1922 Καὶ
392 1896 447 1922 οὐκ
461 1895 546 1922 ἔστιν
560 1895 673 1931 ἀγαθὸν
695 1896 861 1930 ἀνθρώπου,
879 1897 904 1922 ει

113 1939 159 1976 μὴ
185 1940 201 1967 ὃ
222 1941 345 1976 φάγεται
369 1942 417 1968 καὶ
446 1942 549 1969 πίεταν
572 1941 621 1968 καὶ
646 1941 736 1973 δείξει
759 1941 796 1976 τῇ
818 1941 903 1976 ψυχῇ

117 1987 212 2014 αὑτοῦ
226 1987 338 2021 ἀγαθὸν
354 1987 389 2014 ἐν
398 1987 500 2022 μόχθῳ
522 1986 624 2014 αὑτοῦ.
640 1987 696 2013 Καί
711 1995 744 2021 τε
763 1986 849 2014 τοῦτο
865 1985 904 2013 εἷ-

117 2031 174 2059 δον
186 2032 253 2066 ἐγὼ,
268 2031 312 2059 ὅτι
328 2032 386 2059 ἀπὸ
403 2031 502 2066 χειρὸς
515 2031 589 2058 Θεοῦ
603 2032 697 2058 ἐστιν.

156 2078 229 2112 Στιχ.
242 2081 290 2105 κε’.
312 2078 387 2110 Ὅτι,
401 2078 447 2111 τίς
461 2077 584 2112 φάγεται
597 2078 645 2104 καὶ
664 2078 760 2104 πίεται
775 2079 843 2111 παρ’
856 2078 905 2104 αὑ-

119 2131 172 2150 του
182 2128 191 2154 ;

156 2170 218 2197 Ὅτι
246 2169 282 2206 μὴ
302 2171 366 2206 περὶ
382 2169 517 2205 αἰσθητῶν
542 2168 693 2204 βρωμάτων
716 2169 730 2194 ὁ
751 2168 829 2202 λόγος
846 2168 903 2199 νῦν,

120 2216 201 2247 αὐτὸς
217 2217 335 2242 ἐποίσει·
359 2209 477 2251 Ἀγαθῦν
492 2213 673 2248 πορευθῆναι
684 2213 727 2245 εἰς
740 2212 824 2238 οἷκον
838 2212 905 2239 πέν-

120 2263 202 2294 θους,
217 2261 235 2295 ἢ
247 2262 289 2294 είς
300 2260 383 2288 οἷκον·
395 2262 497 2291 πότου,
511 2260 556 2286 καὶ
568 2259 601 2285 τὰ
613 2259 699 2285 τοῖσδε
711 2257 759 2284 νῦν
770 2258 902 2293 ἐπήγαγε·

121 2306 175 2334 Καὶ
185 2306 274 2338 δείξει
283 2306 319 2340 τῇ
330 2305 414 2341 ψυχῇ
424 2305 516 2332 αὑτοῦ
527 2305 640 2340 ἀγαθὸν
650 2305 684 2330 ἐν
688 2305 790 2338 μόχθῳ
799 2303 902 2338 αὐτῆς.

121 2352 176 2379 Καί
187 2361 228 2379 τοι
239 2353 288 2378 οὐκ
300 2351 400 2386 ἀγαθὸν
414 2353 446 2386 τῇ
459 2351 531 2386 ψυχῇ
543 2349 670 2385 αἰσθητὸν
683 2349 805 2385 βρῶμαῆ
819 2349 904 2384 πόμα.

128 2398 160 2424 'H
174 2398 227 2433 γὰρ
244 2398 311 2433 σὰρξ
326 2397 562 2434 προστρεφομένη,
582 2396 695 2431 πολεμεῖ
717 2396 749 2430 τῇ
860 2396 906 2421 καὶ

123 2444 296 2476 συστατιάζει
309 2443 379 2470 κατὰ
391 2443 437 2469 τοῦ
451 2442 612 2477 πνεύματος.
622 2441 683 2473 Πῶς
695 2441 723 2468 δὲ
738 2441 784 2467 καὶ
798 2441 828 2466 οὺ
840 2449 908 2476 παρ-

123 2489 156 2517 ὲκ
170 2490 236 2517 Θεοῦ
252 2490 363 2517 ἀσώτων
380 2489 530 2525 βρωμάτων
539 2489 550 2500 '
564 2488 610 2515 καὶ
623 2488 707 2523 μέθη;
726 2486 829 2518 Οὐκοῦν
844 2486 908 2522 περὶ

126 2535 263 2571 μυστικῶν
283 2544 358 2571 φησι.
381 2534 572 2569 Πνευματικῆς
596 2534 649 2569 γὰρ
666 2532 805 2568 τραπέζης
822 2532 908 2564 οὐδεὶς

124 2582 318 2618 μεταλήψεται,
334 2581 371 2617 μὴ
382 2581 446 2616 παρ’
459 2580 540 2607 αὐτοῦ
555 2579 731 2615 κεκλημένος,
745 2579 792 2606 καὶ
806 2578 854 2614 τῆς
867 2586 910 2604 σο-

124 2628 187 2662 φίας
205 2628 341 2659 ἀκούσας’
366 2626 457 2658 mue,
479 2626 525 2653 καὶ
544 2625 628 2660 φάγε.

159 2799 182 2816 ⁸³
201 2798 288 2827 Eccle.
305 2799 391 2832 11,16.
431 2800 451 2815 ¹⁸
465 2798 531 2827 lbid.

595 93 866 122 COMMENTARIUS
886 93 917 120 IN
940 93 1204 124 ECCLESIASTEM.

572 2799 592 2814 "
617 2798 686 2826 Psal.
703 2798 852 2830 ιηιιι,⁴ΞΞ.
892 2796 949 2813 “'"
963 2795 1042 2826 Prov.
1055 2804 1083 2829 x,
1101 2795 1127 2823 7.

1667 93 1677 118 1
1686 93 1736 119 ῗῖῖξϐ

945 206 998 228 tem
1022 202 1101 228 solvit
1119 201 1284 228 diﬂicultatis
1306 199 1477 226 instantiam.
1497 199 1563 226 Illud
1579 199 1672 226 enim:
1692 198 1737 225 Ut-

945 247 1007 282 quid
1032 247 1190 281 sapientiam
1215 247 1350 280 professus
1372 246 1452 271 sum?
1477 245 1604 272 intercutis
1626 250 1685 272 erat
1705 251 1737 272 ac

946 292 1105 325 dubitantis,
1121 297 1229 319 rectene
1248 292 1289 319 vel
1316 291 1419 318 frustra
1441 290 1505 324 quid
1527 290 1665 324 sapientiae
1685 291 1737 317 itn-

946 339 1080 373 penderit,
1095 339 1137 366 vel
1160 347 1194 366 an
1220 339 1254 366 ab
1278 339 1423 374 insipiente
1445 345 1494 364 sua
1518 336 1586 364 nihil
1610 337 1736 365 differant

946 385 1139 416 emolumenta,
1157 385 1257 420 quippe
1271 385 1317 419 qui
1340 385 1438 412 iisdem
1459 387 1541 418 atque
1565 383 1610 410 ille
1633 383 1660 410 in
1685 384 1735 410 hac

947 431 999 457 vita
1016 430 1190 465 passionibus
1212 431 1338 458 similiter
1351 430 1489 458 obnoxius
1500 434 1580 457 esset.
1590 428 1734 464 Propterea

948 484 1021 509 vero,
1037 476 1300 512 Abundans,inquit,
1320 476 1422 503 locutus
1442 483 1501 503 sum
1521 475 1547 501 in
1571 475 1646 501 corde
1667 483 1733 506 mea,

947 522 1014 549 nihil
1035 530 1095 549 esse
1115 522 1233 549 medium
1256 527 1330 549 ratus
1352 522 1421 550 inter
1444 521 1594 556 sapientem
1620 524 1647 547 et
1667 520 1734 547 insi-

947 568 1074 603 pientem.

984 614 1014 640 V.
1035 615 1077 641 16.
1100 614 1170 646 Quia
1187 623 1237 641 non
1253 619 1290 641 est
1305 614 1431 641 memoria
1448 613 1576 648 sapientis
1597 621 1655 639 cum
1671 612 1734 640 insi-

947 660 1032 694 piente
1047 661 1073 686 in
1087 660 1221 687 swculum.

984 705 1153 733 Transitoria
1169 706 1241 732 enim
1259 709 1322 732 sunt
1337 705 1398 731 vite
1412 705 1577 738 accidentia;
1593 704 1615 731 si
1635 703 1674 731 vel
1689 703 1737 730 tri-

949 750 1000 777 stia
1017 750 1127 782 fuerint,
1143 751 1176 776 de
1197 750 1295 784 quibus
1318 751 1376 776 ait:
1396 749 1470 776 Sicut
1483 750 1542 784 jam
1565 750 1653 776 omnia
1670 749 1736 775 obli-

950 797 1020 823 vioni
1039 796 1140 823 tradita
1157 802 1218 823 sunt
1231 796 1268 827 ¹³;
1292 797 1356 831 quia
1377 804 1460 830 parvo
1486 801 1606 830 tempore
1628 800 1734 830 praue:-

951 851 1055 877 gresso,
1077 843 1213 870 oblivione
1230 843 1381 870 accidentia
1404 843 1466 870 vita:
1486 843 1612 870 humanae
1632 842 1736 870 exstin-

949 893 1080 923 guuntur.
1097 888 1167 922 Quin
1186 893 1212 915 et
1230 889 1279 923 ipsi
1305 889 1405 924 quibus
1423 889 1480 915 hmo
1496 889 1644 922 contigere,
1665 887 1736 915 haud

949 933 1074 961 similiter
1094 934 1287 965 recordamur,
1318 931 1426 961 tametsi
1452 941 1506 960 non
1533 933 1647 960 diversis
1677 933 1737 959 vita:

949 979 1091 1007 eventibus
1105 979 1215 1006 obnoxii
1232 979 1341 1006 fuerint.
1358 978 1416 1006 Non
1435 980 1506 1006 enim
1529 979 1563 1006 de
1580 979 1622 1006 his
1647 986 1738 1006 recor-

949 1024 1065 1054 dantur,
1091 1023 1143 1050 nisi
1167 1029 1248 1058 prout
1272 1024 1353 1051 habet
1374 1024 1492 1058 quisque
1513 1023 1672 1058 sapientiam
1697 1024 1737 1050 vel

951 1069 1155 1103 insipientiam,
1181 1069 1306 1096 virtutem
1333 1070 1374 1096 vel
1403 1068 1509 1096 vilium.
1536 1066 1639 1096 [lorum
1664 1069 1736 1097 enim

951 1115 1088 1142 memoria!
1103 1115 1174 1150 apud
1192 1115 1327 1147 homines,
1353 1121 1463 1150 propter
1485 1115 1688 1143 vicissitudines
1711 1115 1736 1142 in

951 1161 1005 1188 illis
1029 1161 1234 1197 contingentes,
1265 1169 1318 1188 non
1345 1162 1565 1196 exstinguuntur.
1591 1159 1736 1196 Propterea

951 1212 1149 1242 consequenter
1168 1207 1310 1242 adiunxit:
1335 1207 1369 1234 Et
1393 1207 1522 1242 quomodo
1546 1207 1671 1234 morietur
1694 1215 1738 1234 sa-

949 1252 1022 1286 piens
1038 1260 1096 1278 cum
1112 1251 1250 1286 insipiente
1266 1252 1309 1278 υἱ)
1322 1251 1393 1278 Mors
1409 1252 1518 1287 quidem
1531 1252 1603 1279 enim
1620 1257 1737 1287 peccato-

952 1307 1010 1325 rum
1026 1298 1096 1324 mnla
1111 1298 1153 1325 ‘5:
1169 1299 1295 1325 memoria
1313 1307 1376 1325 vero
1394 1299 1462 1333 justi
1480 1307 1538 1325 cum
1558 1298 1681 1325 laudibus
1696 1299 1737 1334 ﬁt,

952 1353 1043 1371 nomen
1062 1353 1119 1370 vero
1137 1344 1210 1377 impii
1224 1345 1399 1380 exstinguitur
1412 1344 1479 1369 ‘3‘".

990 1399 1020 1426 V.
1037 1399 1081 1425 “22.
1104 1399 1173 1432 Quia
1188 1400 1218 1434 [it
1235 1399 1335 1427 homini
1350 1401 1376 1428 in
1394 1401 1465 1427 omni
1483 1400 1613 1428 molestia.

990 1484 1091 1512 Revera
1107 1493 1155 1520 pro
1170 1486 1203 1514 iis
1218 1487 1265 1521 qui
1279 1487 1449 1515 distractioni
1471 1487 1532 1514 vitae
1553 1487 1671 1514 animam
1691 1494 1738 1513 oc-

954 1537 1064 1566 cupant,
1081 1533 1208 1559 dolorusa
1223 1538 1265 1560 est
1283 1534 1348 1565 vita,
1364 1533 1442 1568 quasi
1461 1533 1624 1568 quibusdam
1645 1533 1739 1560 stimu-

954 1578 1005 1610 lis,
1031 1579 1171 1606 desideriis
1196 1587 1286 1607 rerum
1308 1580 1489 1614 ampliorum,
1520 1587 1567 1606 cor
1591 1579 1738 1614 flagellatis.

955 1623 1052 1651 Tristis
1067 1630 1109 1652 est
1126 1625 1280 1653 sollicitudo
1299 1626 1372 1653 circa
1387 1627 1529 1653 avaritiam
1544 1635 1550 1652 :
1567 1634 1620 1652 non
1635 1629 1738 1652 tantum

954 1678 1004 1706 pro
1023 1670 1056 1697 iis
1080 1678 1141 1705 qua:
1164 1670 1243 1698 habet
1261 1671 1338 1703 laeta,
1365 1677 1496 1706 quantum
1520 1671 1615 1699 dolens
1639 1679 1687 1705 pro
1709 1671 1739 1697 iis

954 1723 1015 1750 qua!
1035 1716 1085 1743 sibi
1107 1716 1220 1749 desunt;
1243 1717 1286 1744 die
1302 1719 1328 1744 in
1351 1718 1490 1745 laboribus
1510 1718 1643 1752 impenso,
1664 1721 1741 1743 nocte

955 1759 1066 1795 fugante
1082 1769 1208 1788 somnum
1223 1762 1257 1789 ab
1276 1763 1363 1790 oculis
1384 1763 1451 1790 lucri
1472 1762 1555 1789 curis.
1574 1761 1680 1789 Vanum
1700 1766 1742 1789 est

954 1806 1037 1841 igitur
1052 1807 1171 1834 studium
1187 1808 1306 1835 hominis
1320 1808 1353 1836 ad
1370 1808 1426 1835 [nec
1439 1807 1619 1842 respicientis.

991 1894 1022 1922 V.
1044 1894 1090 1922 24.
1112 1894 1146 1922 Et
1167 1903 1217 1922 non
1234 1900 1273 1922 est
1294 1896 1390 1922 bonum
1404 1895 1529 1927 hominis,
1548 1895 1598 1921 nisi
1621 1893 1648 1920 id
1672 1892 1741 1928 quod

956 1943 1070 1969 comedet
1095 1947 1120 1968 et
1141 1941 1219 1974 bibet,
1234 1948 1259 1968 et
1277 1940 1394 1968 ostendet
1417 1941 1513 1968 anima!
1535 1948 1589 1968 sua:
1607 1939 1702 1966 bonum
1715 1938 1740 1965 in

955 1988 1044 2014 labore
1068 1988 1162 2022 ipsius.
1188 1988 1268 2022 Atqui
1296 1987 1343 2014 Ιιοι
1369 1987 1423 2014 vidi
1445 1995 1509 2021 ego,
1535 1986 1596 2020 quia
1620 1994 1634 2011 a
1664 1991 1742 2010 manu

956 2033 1003 2060 Dei
1023 2039 1072 2062 est.

993 2078 1024 2105 V.
1045 2079 1089 2106 ‘25.
1115 2079 1193 2113 Quia,
1211 2079 1269 2114 quis
1286 2079 1400 2105 comedet
1416 2083 1440 2105 et
1458 2077 1524 2104 bibet
1543 2078 1574 2104 ab
1592 2078 1671 2111 ipso?

992 2170 1052 2202 Quo
1069 2173 1158 2204 pateat
1176 2169 1210 2196 de
1234 2167 1409 2196 sensibilibus
1429 2166 1499 2194 escis
1520 2173 1593 2193 nunc
1610 2172 1663 2193 non
1682 2172 1743 2193 esse

958 2223 1122 2246 sermonem,
1132 2215 1244 2250 ipsemet
1254 2214 1350 2242 inferet
1361 2224 1366 2241 :
1379 2213 1479 2240 Bonum
1488 2213 1526 2239 ire
1541 2212 1576 2239 ad
1587 2212 1693 2238 domum
1702 2211 1744 2239 lu-

958 2268 1026 2295 ctus,
1043 2271 1122 2298 quam
1134 2263 1167 2289 ad
1181 2262 1287 2288 domum
1300 2267 1376 2296 potus
1391 2260 1422 2293 "‘,
1436 2264 1462 2287 et
1474 2259 1601 2294 quaalstis
1612 2265 1685 2285 nunc
1698 2258 1744 2284 ad-

956 2308 1047 2343 junxit
1060 2317 1066 2334 :
1084 2307 1117 2334 Ει
1131 2307 1246 2334 ostendet
1256 2307 1351 2333 anima:
1361 2314 1416 2332 sua:
1431 2306 1525 2332 bonum
1539 2306 1566 2331 in
1578 2303 1666 2331 labore
1676 2304 1742 2338 ejus.

959 2353 993 2379 At
1005 2353 1077 2380 enim
1092 2360 1145 2379 non
1159 2357 1199 2380 est
1211 2353 1311 2380 bonum
1324 2353 1422 2379 anima
1434 2351 1512 2378 cibus
1525 2355 1572 2377 aut
1586 2355 1664 2385 polus
1681 2357 1745 2376 sen-

960 2399 1056 2426 sibilis.
1078 2399 1149 2426 Caro
1169 2399 1242 2426 enim
1264 2398 1351 2432 magis
1373 2397 1513 2432 magisque
1537 2396 1667 2428 enutrila,
1687 2395 1745 2421 bel-

962 2445 1016 2472 lum
1033 2443 1114 2472 infert
1130 2444 1238 2475 animm,
1251 2447 1276 2470 et
1292 2442 1419 2470 seditiose
1434 2443 1489 2477 agit
1510 2441 1642 2468 adversus
1662 2440 1743 2475 spiri-

961 2495 1029 2518 tum.
1046 2490 1187 2523 Quomodo
1200 2494 1290 2516 autem
1306 2489 1387 2516 etiam
1405 2496 1457 2515 non
1476 2493 1571 2522 praeter
1585 2487 1670 2514 Deum
1685 2485 1745 2512 fue-

962 2536 1016 2563 rint
1027 2536 1079 2564 eibi
1091 2536 1302 2570 intemperantes
1315 2540 1342 2562 et
1355 2533 1490 2561 ebrietas?
1503 2532 1595 2567 Itaque
1606 2532 1639 2559 de
1650 2532 1744 2567 mysti-

960 2583 1000 2610 cis
1015 2583 1146 2617 loquitur.
1163 2581 1200 2609 De
1215 2581 1349 2616 spirituali
1366 2580 1438 2608 enim
1453 2586 1548 2607 mensa
1561 2585 1641 2605 nemo
1662 2578 1746 2612 parti-

960 2629 1070 2663 t-ipabit,
1087 2628 1140 2656 nisi
1157 2627 1190 2655 ab
1202 2634 1234 2655 eo
1246 2631 1368 2660 vocatus,
1382 2633 1413 2654 ac
1425 2625 1564 2661 sapientiae
1583 2623 1744 2656 obaudiens,

960 2675 1058 2702 dicenti
1074 2684 1080 2702 :
1100 2673 1163 2701 Veni
1181 2678 1205 2700 et
1222 2672 1326 2700 comede
1339 2673 1371 2699 ".

1166 2795 1187 2811 "
1199 2794 1287 2823 Eccle.
1297 2802 1345 2827 vn,
1356 2794 1382 2822 5.
1423 2794 1442 2810 ⁸³
1454 2793 1534 2821 Prov.
1551 2801 1589 2826 Ix,
1606 2792 1633 2820 5.
