1865 3042
178 102 247 128 1567

735 100 764 127 ε.
787 100 938 128 ΤΗΕΟΝΑΞ
957 99 1190 128 ΔιΕΧΑΝῡΒΙΝΙ

1739 99 1795 126 15:28

177 160 261 185 natio.
287 159 327 185 Ad
347 160 402 186 hagc
416 166 466 186 nec
480 159 628 186 beatissimi
643 158 809 192 provisoris,
828 163 853 184 et
874 157 959 184 induti
975 164 997 192 Α
1012 158 1078 184 catis
1092 157 1206 183 alienis:
1220 156 1320 192 pariter
1338 164 1416 184 suam
1433 163 1496 191 erga
1512 155 1592 182 illum
1611 155 1796 183 demonstrans

176 206 315 234 Christum
340 207 461 233 omnium
480 210 604 233 nostrum
625 205 740 239 apostoli
754 204 831 232 Pauli
847 204 958 232 verbum

176 252 263 278 suasit
276 251 393 283 morari,
408 256 435 278 ct
450 251 617 285 propositum
637 249 715 277 facile
731 250 887 283 continere;
912 251 959 284 qui

176 297 297 323 scribens
316 296 503 329 acceptissimo
528 295 583 322 lilio
598 293 742 322 Timotheo
764 294 829 322 dicit
843 295 854 310 ⁸
872 303 878 321 :
899 293 957 320 Ma-

176 348 224 367 nus
239 341 336 367 nemini
351 342 403 367 cito
417 341 582 376 imposueris,
597 348 642 367 nec
657 340 889 367 communicaveris
900 348 958 374 pec-

770 399 847 426 Finis
867 398 986 433 epistulw

210 455 284 484 llanc
307 457 447 492 epistolam
470 462 613 493 pastquam
637 458 756 492 suscepit
770 462 797 484 et
811 457 893 492 ngit,
909 464 959 483 nec

174 502 324 536 rescripsit,
342 510 392 529 nec
405 503 437 529 ad
453 510 500 530 eos
513 503 632 537 perrexit
643 504 676 530 ad
692 509 844 533 carcerem,
859 508 908 528 nec
925 501 958 527 ad

174 546 281 574 beatum
297 547 405 575 Petrum
422 548 452 575 iit
468 557 474 575 ε
492 548 620 575 omnibus
642 553 732 574 autem
750 548 792 574 his
813 546 958 582 episcopis,

174 592 339 628 presbyteris
357 601 389 620 ac
401 593 561 620 diaconibus
587 593 758 620 Alexandria
771 593 841 627 apud
864 600 958 620 carce-

174 645 230 664 rem
257 638 417 673 martyrium
442 640 550 674 passis,
569 639 708 674 ingressus
728 644 769 666 est
790 640 881 667 statim
895 639 957 667 Ale-

173 683 327 710 xandriam.
348 683 414 710 Erat
434 690 524 710 autem
549 684 574 710 in
591 685 699 711 civitate
712 684 821 719 quidam
836 683 956 711 Isidorus

173 728 293 759 nomine,
308 729 431 755 moribus
448 729 636 762 turbulentus,
653 729 773 756 doctoris
791 729 894 756 habens
909 728 957 756 de-

173 773 301 800 siderium
314 783 321 806 ;
345 778 373 801 et
387 774 467 801 Arius
483 774 591 808 quidam
606 774 728 801 habitum
742 779 854 809 portans
869 774 955 808 picta-

1012 201 1208 236 providentiam
1225 206 1252 229 et
1266 202 1430 236 exemplum,
1442 209 1474 228 ac
1487 201 1576 235 legem
1589 209 1645 235 qua
1654 208 1719 228 cum
1732 203 1795 228 omni

1011 247 1224 281 scrupulositate
1238 252 1266 274 et
1280 247 1385 274 cautela
1405 247 1542 281 eligantur
1567 246 1731 274 ordinandi.
1750 247 1795 274 Ad-

1011 292 1230 328 nuntiamus(25)
1243 293 1270 319 in
1284 297 1423 327 posterum
1436 293 1494 325 tibi,
1508 297 1538 319 ut
1551 292 1658 327 regula:
1676 297 1764 320 tutum
1775 298 1796 320 et

1011 338 1147 366 salubrem
1162 338 1305 366 terminum
1320 338 1482 366 confirmare
1494 338 1609 366 studeas
1623 338 1696 373 (‘26).

1009 397 1200 431 episcoporum.

1009 459 1081 481 esset
1095 455 1168 488 quod
1183 455 1349 489 requireret,
1378 459 1571 482 succurrentes
1586 455 1612 482 ei
1624 475 1632 487 ,
1652 455 1798 483 invidentes

1009 500 1112 528 scilicet
1126 499 1312 534 pontiﬁcatum
1333 500 1366 527 B.
1381 500 1468 534 Petri,
1487 506 1518 528 ut
1533 505 1726 536 cognoscatur
1740 509 1798 527 cou-

1008 546 1175 580 cupiscentia
1192 545 1303 578 Meletii,
1320 546 1492 582 presbyteros
1506 547 1611 582 quibus
1629 547 1746 573 dederat
1758 555 1798 582 po-

1007 595 1131 618 testatem
1156 590 1186 616 B.
1211 590 1309 618 Petrus
1335 591 1368 619 de
1395 592 1514 626 parmcia
1538 591 1658 619 visitare
1690 592 1799 619 Alexan-

1009 636 1108 668 driam,
1124 635 1239 663 latentes
1253 635 1360 663 Meletio
1370 637 1645 664 demonstraverunt.
1659 636 1799 664 Commen-

1009 684 1075 711 dans
1085 684 1124 712 eis
1144 683 1315 711 occasionem
1327 683 1464 718 Meletius,
1480 684 1622 719 separavit
1642 693 1704 716 eos,
1721 690 1747 712 et
1758 693 1798 712 or-

1009 731 1112 758 dinavit
1127 730 1184 765 ipse
1195 731 1275 764 duos,
1288 739 1372 759 unum
1387 733 1414 760 in
1429 741 1550 767 carcere,
1565 738 1595 761 et
1606 734 1696 761 alium
1713 735 1739 761 in
1751 743 1799 762 me-

1009 776 1083 804 tallo.

173 819 223 848 tis.
239 824 266 845 et
284 819 341 853 ipse
357 818 477 846 doctoris
495 820 659 846 desiderium
685 820 796 847 habens.
828 819 861 846 lli
882 824 956 854 post—
971 826 992 853 Β
1042 823 1089 850 llis
1102 823 1212 858 agnitis,
1227 822 1256 850 Β.
1267 823 1362 851 Petrus
1377 832 1439 851 cum
1455 825 1541 852 multa
1551 826 1690 860 patientia
1705 826 1799 861 popqu

172 871 254 898 quam
281 869 465 898 cognoverunt
490 864 664 899 cupiditatem
694 864 810 897 Meletii,
837 869 864 892 et
889 865 955 900 quid

208 929 263 989 (2‘5)
283 929 442 957 Ordinaudi.
453 931 657 959 Adnuntiamus.
669 931 732 966 Ms.,
749 932 897 960 ordinanda
911 933 958 960 ad-

210 973 224 989 11
241 973 290 989 H28.

173 973 290 991 ηιιηιιηε.

209 999 264 1032 (26)
285 999 413 1032 Studeas,
439 1000 488 1028 Ms.
516 1001 645 1029 studetur.
674 1002 702 1029 In
726 1002 834 1029 laudato
850 1002 954 1035 codice,

173 1035 338 1062 collectioms
359 1035 479 1063 historia:
500 1042 596 1064 auctor
612 1038 702 1064 relata:
718 1043 836 1072 quatuor
850 1038 956 1072 cpisco-

1008 869 1120 904 scripsit
1133 869 1317 896 Alexandrino
1334 870 1478 905 epistolam
1495 872 1550 898 hoc
1566 872 1654 899 modo
1668 872 1741 906 (27).

1008 941 1105 972 porum
1117 935 1240 972 epistolae
1256 942 1270 961 a
1282 933 1374 962 Pbilea
1389 940 1418 963 ut
1429 936 1540 964 videtur
1549 937 1732 972 conscripta,
1743 938 1799 964 sub-

1008 969 1048 996 dit
1062 969 1154 1005 statim
1171 977 1232 1004 qua:
1247 975 1408 1005 sequuntur.

1047 1004 1102 1039 (37)
1122 1003 1293 1041 Hac'ntadof
1315 1004 1391 1041 lianc
1408 1010 1499 1032 autem
1512 1007 1663 1041 epistolam
1683 1007 1714 1034 S.
1734 1006 1798 1034 Petri

1009 1039 1184 1066 Alexandrini
1198 1040 1283 1067 babes
1299 1040 1369 1068 infra
1381 1042 1414 1068 ad
1430 1049 1495 1067 ann.
1509 1039 1565 1069 309.
1583 1047 1604 1069 ι.
1620 1041 1696 1069 XVI.

175 1115 1803 1144 Μ

727 1204 818 1225 CIRCA
837 1204 950 1225 ANNUM
968 1205 1083 1227 DOMINI
1099 1205 1250 1229 CCXCVIII.

651 1301 736 1390 S.
807 1291 1328 1392 THEONAS'

486 1437 868 1496 EPISCOPUS
896 1439 1474 1500 ALEXANDRINUS.

856 1593 1131 1639 NOTITIA.

594 1668 738 1699 (ῦΔ1.ι.Δη.,
753 1669 812 1698 γει,
829 1669 899 1694 Patr.
914 1669 1038 1701 Bibliotlt.,
1051 1674 1069 1695 t.
1083 1671 1128 1702 IV,
1140 1672 1250 1704 Proleg.,
1263 1681 1287 1705 ρ.
1302 1675 1365 1706 VIII.)

207 1812 226 1863 gl.
247 1811 440 1863 ingeniising-
456 1813 901 1863 milia”:tegent-Idlexnndrinam
916 1818 1068 1863 cortinam-it.
1091 1820 1155 1854 Ejus
1163 1822 1329 1863 praesit/altis
1346 1823 1423 1863 uniti.
1434 1823 1618 1863 deﬁniuntur.
1637 1825 1694 1852 Sub
1713 1835 1742 1852 eo
1758 1826 1803 1860 [ia-

172 1848 227 1884 ruit
243 1847 348 1884 Pierius
368 1847 440 1873 illius
454 1846 578 1884 Ecclesia:
589 1849 731 1884 presbyter,
744 1851 784 1877 vir
794 1860 922 1880 summus.
938 1853 1048 1881 leanw
1061 1846 1228 1882 meritoriam

1241 1856 1318 1895 festis
1333 1856 1518 1895 ecclesiasticis
1537 1861 1714 1895 consignata.

420 1881 744 1931 eius.
764 1887 877 1920 epistola
898 1889 930 1915 ad
949 1889 1098 1917 Lucianum
1119 1881 1528 1928 cubicula—ibim;'liFaéiééiIié:
1751 1904 1803 1931 qua

171 1918 259 1953 magni
279 1918 402 1953 ditantur.
425 1917 598 1953 Quandonam
614 1917 774 1953 conscripta.

207 1952 249 1979 ΙΙΙ.
271 1952 313 1979 E1:
328 1952 440 1979 Eusebio
457 1957 483 1980 et
496 1952 636 1981 Lactantio
649 1955 704 1988 ejus
719 1957 857 1991 integritas
872 1958 1066 1993 comprobatur.

207 2012 226 2040 l.
247 2012 363 2040 Maximo
390 2013 517 2041 Ecclesiae
535 2014 722 2043 Alexandrinae
752 2017 882 2050 antistiti,
906 2019 952 2053 qui
968 2021 990 2051 C
1007 2020 1058 2048 sub
1083 2020 1144 2055 ejus
1168 2021 1296 2048 nimirum
1322 2021 1453 2056 regimine
1476 2022 1606 2051 ﬂoruisse
1635 2023 1755 2051 Pierium
1770 2024 1801 2050 ad

172 2067 244 2086 anno
265 2059 346 2087 Probi
364 2060 536 2094 imperatoris
557 2061 662 2093 ultimo,
679 2061 779 2089 Christi
791 2063 843 2090 282
863 2064 958 2092 deces-

171 2106 224 2138 sit,
261 2110 291 2132 ut
325 2110 422 2132 auctor
455 2110 496 2133 est
522 2105 655 2134 Eusebius
680 2107 738 2143 (l),
761 2108 891 2136 sull'ectus
917 2114 958 2136 est

171 2150 308 2184 Theonas,
325 2151 371 2186 qui
394 2159 481 2179 annos
503 2153 687 2179 novemdecim
705 2154 858 2181 ministerio
874 2154 959 2182 fuisse

171 2196 330 2234 perfunctus
346 2197 460 2225 traditur
476 2197 511 2224 ab
519 2197 621 2225 ‘eodem
632 2197 749 2226 Eusebio
762 2203 816 2226 tam
834 2199 859 2226 in
874 2199 958 2227 Chro-

171 2243 229 2270 nico
243 2251 325 2278 quam
348 2244 376 2271 in
398 2243 521 2270 Historia
543 2243 580 2278 (2)
595 2263 602 2275 ,
623 2247 653 2270 ut
668 2244 781 2278 proinde
798 2252 956 2279 supremum

171 2289 242 2316 diem
256 2289 353 2316 obicrit
365 2297 437 2316 anno
454 2289 506 2316 500
517 2293 643 2316 currente
660 2299 666 2316 ε
683 2290 815 2325 siquidem
833 2291 897 2318 anni
913 2291 956 2323 19,

172 2341 280 2360 incuses
307 2333 413 2368 aliquos
436 2334 569 2361 duntaxat
593 2334 715 2368 attigisse
738 2334 896 2368 Theonam,
923 2343 956 2362 ex

173 2379 251 2405 initio
265 2379 437 2414 episcopatus
457 2379 529 2406 Petri
548 2379 606 2414 ejus
622 2380 789 2408 successoris
805 2380 957 2408 Dodwellns

174 2430 265 2460 aperte
278 2427 445 2453 demonstrat
459 2426 516 2461 (5);
532 2426 644 2461 ejusque
659 2426 798 2453 sententia
811 2425 952 2454 Tillemon-

174 2471 241 2497 tium
256 2479 364 2506 quoque
377 2471 516 2498 adhaerere
532 2471 714 2505 comperimus
732 2471 782 2506 (4).

208 2516 296 2543 Pauca
313 2521 377 2544 sunt
390 2516 534 2543 admodum
550 2524 565 2543 a
579 2517 715 2544 veteribus
730 2517 762 2543 de
774 2515 884 2544 Theona
899 2524 957 2543 mc-

175 2562 266 2590 moria:
278 2562 394 2596 prodita.
410 2561 477 2589 lllud
491 2571 574 2590 unum
586 2563 716 2590 discimus
728 2570 760 2589 ex
772 2561 887 2590 Eusebio
903 2562 955 2597 (5):

210 2618 220 2634 ⁵
235 2617 243 2644 Ι
260 2617 332 2645 Tim.
349 2627 377 2651 ν,
388 2617 435 2644 22.

208 2674 246 2707 (1)
266 2675 294 2701 ln
309 2674 406 2702 Chron.
423 2674 457 2702 ad
470 2683 533 2703 ann.
547 2683 700 2703 nnccxcvn.

210 2709 248 2743 t2)
269 2709 319 2741 ld.,
339 2709 412 2737 Hist.
428 2711 503 2742 ποίη
521 2711 566 2738 lib.
582 2719 628 2742 vn,
648 2719 706 2744 cap.
723 2711 771 2737 ult.
973 2711 994 2738 Ι)

210 2744 247 2778 (3)
269 2744 379 2780 Dissert.
395 2746 463 2780 sing.
479 2746 511 2772 ad
523 2745 614 2772 Pears.
628 2754 685 2780 cap.
703 2746 729 2777 6,
745 2747 758 2780 ᾗ
773 2745 817 2777 20,
831 2753 891 2780 pag.
913 2745 955 2771 75.

211 2779 347 2842 (ζέιιυόιη.
359 2779 461 2813 eodem,
477 2786 542 2808 tom.
564 2781 606 2813 IV,
619 2779 673 2809 not.
689 2780 715 2812 9,
732 2779 778 2808 sur
795 2781 823 2808 S.
842 2780 955 2812 TIléOtl;,

177 2822 202 2849 p.
275 2832 281 2840 .

1010 2066 1169 2102 presbyterii
1184 2068 1314 2094 honorem
1336 2072 1459 2094 evectum
1470 2087 1478 2100 ,
1493 2068 1576 2103 eique
1592 2068 1758 2096 Christiana:
1773 2069 1801 2095 fi-

1009 2112 1051 2139 dei
1066 2112 1261 2140 institutionem
1276 2113 1302 2139 in
1318 2113 1409 2140 schola
1422 2114 1608 2141 Alexandrina
1626 2114 1715 2142 fuisse
1731 2122 1800 2142 c0m-

1009 2158 1138 2192 missam;
1156 2160 1254 2194 quippe
1270 2159 1316 2194 qui
1338 2159 1506 2189 sublimioris
1520 2161 1708 2196 philosophiae
1725 2167 1800 2195 atque

1009 2204 1171 2238 evangelica:
1183 2205 1398 2233 conversationis
1413 2206 1550 2233 sincerum
1564 2208 1721 2241 specimen,
1739 2215 1797 2242 ope-

1008 2249 1085 2276 ribus
1112 2249 1177 2284 ipsis
1203 2258 1258 2284 prze
1280 2251 1383 2278 cmteris
1398 2251 1526 2278 omnibus
1541 2252 1698 2279 exhiberet.
1719 2252 1799 2280 Cete-

1009 2302 1070 2321 rum
1085 2294 1203 2322 Theonm
1219 2295 1389 2328 memoriam,
1407 2301 1436 2323 ut
1459 2305 1474 2323 a
1491 2297 1556 2324 viris
1579 2298 1672 2325 doctis
1694 2297 1799 2324 Beuau-

1009 2340 1084 2368 dolio
1101 2341 1138 2376 (6)
1153 2347 1180 2369 et
1195 2341 1344 2376 Lequienio
1359 2342 1397 2378 (7)
1410 2343 1560 2376 erudimur,
1587 2344 1733 2371 celebrant
1753 2343 1797 2370 Co-

1009 2386 1082 2420 ptitae
1097 2386 1140 2413 die
1157 2395 1176 2413 ιι
1200 2387 1302 2414 mensis
1320 2386 1398 2421 Tybi,
1413 2388 1471 2416 sive
1486 2388 1520 2416 ‘28
1538 2388 1704 2416 Decembris
1721 2399 1729 2416 :
1745 2388 1799 2422 ejus

1009 2436 1098 2458 tamen
1113 2432 1170 2459 dies
1184 2432 1270 2461 festus
1286 2436 1312 2461 in
1330 2435 1427 2462 tabulis
1449 2435 1645 2463 ecclesiasticis
1663 2435 1738 2469 apud
1757 2433 1801 2461 La-

1008 2477 1081 2504 tinos
1094 2479 1182 2512 agitur
1196 2479 1239 2506 die
1251 2480 1287 2507 25
1300 2480 1426 2516 Augusti.

1044 2521 1077 2550 ll.
1102 2522 1247 2558 Superiore
1274 2526 1373 2553 saeculo
1398 2526 1470 2553 edita
1493 2530 1535 2553 est
1557 2533 1570 2552 a
1600 2525 1740 2554 Dacherio
1764 2524 1797 2558 (8i

1009 2568 1124 2603 epistola
1151 2568 1262 2598 Thoona:
1287 2572 1400 2606 episcopi
1426 2572 1545 2598 Luciano
1573 2573 1799 2599 cubicularioru-

1044 2678 1082 2713 (5)
1105 2677 1173 2705 Hist.
1190 2678 1264 2710 εστι..
1281 2679 1298 2705 1.
1315 2686 1340 2705 c.

1045 2714 1082 2747 (6)
1103 2713 1173 2739 "ist.
1190 2714 1334 2746 patriarch.
1355 2714 1449 2743 Atat...
1467 2721 1529 2748 pag.
1544 2713 1588 2741 5'5.

1047 2749 1084 2781 (7)
1106 2748 1152 2775 0r.
1174 2748 1273 2775 Christ.
1285 2769 1292 2780 ,
1309 2753 1375 2775 tom.
1393 2748 1424 2776 ΙΙ.
1443 2757 1503 2783 pag.
1516 2749 1580 2776 596.

1047 2783 1082 2818 (8)
1102 2783 1204 2818 Spiril.,
1220 2788 1285 2811 tom.
1300 2782 1342 2816 Ill,
1359 2792 1418 2820 pag.
1435 2782 1487 2811 Q97
1501 2792 1565 2812 nov.
1577 2783 1646 2812 edit.
