1865 3042
56 116 122 144 1569
510 116 618 147 EPlST.
638 116 683 143 AD
698 115 882 145 'LUClANUM
899 115 1171 146 CUBICULARIUM.
1612 122 1680 150 l570

55 176 175 210 μητίσετο
197 175 337 210 inscripta,
362 175 499 211 praeclaris
513 176 674 204 Christiana:
688 177 796 211 pietatis
812 181 839 204 et
853 179 876 206 Α
889 177 939 204 das
956 178 1038 204 etiam
1057 178 1213 213 provincias
1237 178 1453 211 committebant,
1475 181 1550 207 omni
1573 181 1679 208 sacriﬁ-

56 221 201 256 prutlenlia:
225 222 356 250 institutis
379 222 498 253 referta.
523 223 734 258 primmvamque
761 224 840 258 plane
890 222 970 249 candi
995 227 1068 250 metu
1087 231 1134 250 eos
1149 223 1297 251 liberantcs
1321 224 1356 251 ob
1377 224 1555 260 singularem.
1579 233 1633 260 qua
1652 227 1679 253 iu

55 268 253 303 simplicitatem
271 268 407 296 redolcns.
426 268 458 296 Et
472 269 589 304 primum
603 270 723 304 quidem,
738 270 772 297 ab
792 271 840 298 ho-
890 268 1047 303 religionem
1076 274 1197 297 nostram
1222 269 1310 297 allecti
1334 275 1426 304 erant,
1450 270 1676 299 benevolentiam.

56 314 127 341 mine
146 313 240 341 Graeco
255 313 340 341 fuisse
353 314 427 341 illam
450 315 638 350 perscriptam,
659 322 691 342 ex
716 322 749 342 eo
772 323 840 343 con-
890 313 960 347 Quid
984 322 1054 350 opus
1079 319 1121 342 est
1144 315 1234 343 dicere
1261 316 1295 343 de
1315 316 1349 343 iis
1372 316 1419 351 qui
1445 317 1471 343 in
1491 317 1678 351 imperatorum

56 364 109 386 stat
132 359 205 394 quod
236 364 332 387 auctor
358 359 464 388 divinas
489 360 644 395 Scripturas
672 368 839 389 commemo-
889 361 998 395 palatiis
1021 361 1215 388 versabantur?
1237 361 1306 394 Quid
1322 362 1355 389 de
1371 362 1580 396 imperatoribus
1593 363 1679 397 ipsis?

55 414 116 433 rans
130 406 169 441 (9)
188 414 194 433 :
212 406 276 438 Eas,
294 406 391 440 inquit,
410 407 478 433 mira
493 407 628 442 diligentia
647 411 671 434 et
689 407 839 442 Iargisaimo
889 406 941 439 Qui
956 407 1113 434 domesticis
1136 407 1194 434 suis
1210 415 1360 442 eorumque
1374 408 1514 441 uxoribus,
1536 409 1627 436 liberis
1647 417 1678 437 ac

54 451 184 486 impendio
205 451 365 479 Ptolemteus
388 451 576 488 Philadelphus
599 453 627 479 in
653 461 768 480 uncum
792 461 840 481 no-
890 451 992 482 servis,
1010 459 1042 479 ea
1065 459 1127 485 qua:
1147 452 1286 487 religionis
1310 460 1365 480 suae
1389 458 1484 485 erant,
1510 459 1563 480 tam
1588 454 1678 481 verbis

54 506 139 526 STRAI
165 498 268 525 traduci
291 499 401 525 curavit.
430 497 522 534 Neque
547 507 613 526 sane
640 499 765 528 dubitare
789 507 840 528 nos
889 503 972 530 quam
996 496 1074 524 faelis
1098 497 1183 524 libere
1204 498 1369 532 exsequendi
1389 506 1482 526 coram
1506 500 1677 534 semetipsis.

54 543 116 570 sinit
128 543 249 577 epistola:
268 543 362 576 dictio,
377 543 443 577 quin
459 551 519 570 eam
534 551 550 571 e
565 544 658 572 Greco
672 543 766 572 Latine
779 545 840 572 red-
889 546 1048 576 potestatem
1065 543 1207 577 dederunt,
1232 544 1299 579 ipsis
1315 544 1350 572 ob
1362 545 1432 572 hanc
1443 545 1504 572 lidei
1519 553 1575 573 sum
1595 546 1678 573 liber<

53 589 134 616 ditam
151 589 350 616 existimemus.
369 588 502 617 Praeterea
524 590 625 625 scripta
642 589 728 618 fuisse
748 591 839 626 perhi-
889 593 971 615 tatem
985 589 1095 623 gloriari
1110 597 1142 616 ac
1156 597 1186 617 se
1197 595 1336 618 ostentare
1349 592 1551 626 quodammodo
1566 593 1678 627 permit-

54 635 129 661 betur
145 635 260 669 epistola
277 635 432 670 hujusmodi
446 635 501 670 (10)
517 644 580 670 pace
597 645 643 671 per
654 637 749 664 bonum
765 638 838 672 prin-
888 639 974 662 tentes
993 644 999 662 :
1019 643 1121 670 eosque
1134 643 1189 670 pm
1204 636 1310 664 caeteris
1321 637 1447 664 omnibus
1464 637 1596 666 ministris
1611 646 1677 673 quo-

54 680 135 715 cipem
170 680 294 708 Ecclesiis
326 689 460 709 concessa.
494 681 614 717 Denique
643 687 758 710 testatur
787 691 837 710 an-
888 681 949 708 dam
968 688 1061 708 amore
1076 682 1320 716 prosequebantur.
1339 692 1349 709 ι
1369 683 1430 710 Haec
1454 683 1598 719 episcopus
1615 684 1675 712 Cac-

53 731 108 753 ctor
120 726 196 761 (11),
213 727 356 762 principem
372 729 458 762 ipsum
474 728 590 755 nondum
604 728 762 757 Christiana:
775 729 836 756 rcli-
888 727 1038 761 sariensis;
1065 728 1112 763 qui
1129 728 1211 762 paulo
1236 732 1298 763 post
1320 728 1348 755 in
1372 729 1495 757 eamdem
1515 730 1674 757 sententiam

52 772 119 807 giani
144 773 309 806 ascriptum,
326 773 352 800 in
378 773 458 807 cujus
482 773 583 808 palatio
608 774 836 802 cubiculariorum
888 772 984 799 scribit
1001 772 1057 808 (15)
1080 782 1089 798 ι
1116 772 1282 800 Dorotheum
1307 778 1335 801 et
1358 774 1477 809 reliquos
1500 775 1676 802 cubicularios

52 817 169 852 praefecti
191 825 305 846 munere
329 818 493 853 fungebatur
509 819 660 852 Lucianus,
680 821 743 855 ipsi;
757 820 836 848 Chri—
852 851 871 855 _
887 826 980 852 pueros
991 818 1091 845 summi
1106 819 1217 847 honoris
1228 819 1407 855 praerogativa
1418 821 1452 848 ab
1467 820 1676 855 imperatoribus

52 864 142 890 stianis
159 863 229 891 velut
246 851 410 899 ﬁdelioribus
424 865 504 892 vitam
521 869 546 892 et
570 851 663 901 corpus
682 851 760 893 suum
781 875 836 894 aer-
851 851 873 878 Β
887 851 1000 891 ornatos
1014 862 1108 897 fuisse,
1126 865 1172 899 qni
1191 851 1243 892 non
1258 851 1348 893 minus
1362 865 1398 892 ab
1411 851 1514 893 iisdem.
1527 866 1676 902 diligeban-

52 911 161 936 vandum
185 910 338 938 credidisse.
360 910 399 938 Ex
424 911 524 946 quibus
547 919 612 947 ergo
633 912 788 940 characterii

945 917 1027 944 quam
1042 909 1100 936 ﬁlii.
1119 921 1128 935 ι
1149 909 1196 936 llis
1214 917 1335 937 consona
1351 910 1433 938 refert
1446 910 1613 944 Lactantius,
1627 912 1674 946 qui

52 961 121 984 recte
131 955 256 991 arguisse
268 956 348 984 nobis
360 957 486 984 videntur
500 957 675 985 doctissimus
690 958 836 986 Tillemon-
888 963 920 982 ea
943 959 1103 990 tempestate
1124 955 1201 983 testis
1227 955 1312 983 ferme
1338 957 1461 984 oculatus
1484 957 1608 984 ﬂorebat.
1630 957 1676 986 Sic

51 1002 104 1030 tius
114 1003 171 1038 (l2)
182 1007 209 1030 et
220 1002 380 1031 Dacheriani
393 1003 526 1039 Sptcttegti
538 1012 658 1039 nuperus
669 1005 757 1032 editor
767 1005 834 1041 (15),
888 1000 960 1028 enim
986 1001 1030 1028 ille
1044 1000 1101 1036 (l6)
1116 1010 1123 1028 ε
1140 1000 1256 1028 Furebat
1275 1010 1335 1037 ergo
1356 1002 1500 1037 imperator
1521 1003 1676 1038 (Diocletia-

53 1047 119 1075 hanc
133 1049 276 1084 epistolam
293 1049 366 1077 haud
383 1049 462 1078 aliter
476 1058 537 1077 esse
551 1051 735 1086 accipiendam
752 1059 835 1086 quam
888 1047 1020 1082 nusljam
1039 1055 1090 1074 mm
1109 1048 1136 1074 in
1150 1047 1306 1074 domesticos
1327 1052 1448 1082 tantum,
1471 1048 1516 1075 sed
1532 1049 1558 1076 in
1576 1057 1674 1076 omnes.

50 1091 81 1119 de
97 1091 256 1120 Diocletiani
272 1094 397 1129 imperio,
412 1098 558 1130 antequam
574 1095 619 1123 ille
634 1104 706 1123 anno
721 1095 773 1123 505

939 1092 1117 1132 Potentissimi
1137 1093 1270 1128 quondam
1291 1093 1402 1120 eunuchi
1418 1095 1515 1127 necati,
1539 1102 1586 1130 per
1606 1103 1675 1130 quos

51 1145 142 1166 versus
156 1138 308 1167 Ecclesiam
325 1139 441 1173 fureret;
459 1148 540 1175 quam
557 1147 698 1177 propterea
709 1141 783 1170 Theo

937 1139 1018 1165 atium
1038 1143 1063 1166 et
1080 1139 1134 1173 ipse
1155 1139 1302 1168 constabat.
1321 1140 1387 1173 Qua:
1408 1140 1518 1175 quidem
1535 1141 1627 1168 omnia
1651 1141 1673 1168 si

51 1183 190 1219 episcopus
201 1184 399 1213 Alexandrinus
410 1185 548 1213 sazculont
562 1186 702 1215 desinente
717 1188 835 1223 perscri-
888 1192 950 1212 cum
967 1185 1000 1212 iis
1014 1185 1190 1212 conferantur
1207 1193 1267 1220 quae
1291 1186 1326 1213 ab
1346 1186 1424 1213 initio
1443 1186 1477 1213 ad
1495 1186 1574 1213 ﬁnem
1589 1194 1676 1221 usque

51 1229 139 1263 pscrit.
887 1230 914 1257 in
930 1237 979 1257 sua
994 1230 1108 1265 epistola
1124 1231 1205 1258 tradit
1219 1235 1332 1264 auctor;
1353 1239 1433 1259 nemo
1453 1231 1592 1259 enimvero
1616 1231 1676 1258 l'uc-

83 1274 124 1302 lll.
144 1275 232 1302 Porro
251 1275 283 1302 ad
301 1275 554 1305 lianc.sententiam
570 1278 744 1306 astruendam
758 1279 835 1307 locn-
887 1275 932 1307 fit,
950 1275 998 1311 qui
1011 1276 1099 1304 libens
1116 1277 1266 1311 volensque
1281 1277 1443 1304 sententiam
1457 1277 1539 1304 modo
1552 1277 1676 1311 proposi-

51 1321 216 1354 pletissimus
231 1322 307 1350 testis
321 1323 426 1350 accedit
438 1322 571 1352 Eusebius
585 1324 642 1360 (14)
657 1333 664 1352 ;
682 1333 690 1350 ι
711 1325 833 1358 Qualem,
886 1325 942 1348 tam
966 1328 1021 1348 non
1047 1322 1240 1356 amplectatur,
1262 1322 1363 1358 quique
1384 1323 1514 1350 detrectet
1536 1321 1674 1349 Tlteonam

51 1367 155 1402 inquit,
182 1372 368 1404 quantamque
393 1369 506 1404 gloriam
530 1370 612 1397 simul
632 1378 664 1398 ac
681 1371 833 1399 libertatem
886 1367 1043 1403 episcopum
1052 1368 1267 1396 Alexandrinum
1285 1369 1344 1403 ejus
1357 1372 1494 1396 auctorem
1514 1376 1674 1404 agnoscere,

51 1413 171 1441 doctrina
194 1422 263 1442 vera:
291 1422 354 1450 erga
380 1423 537 1450 supremum
560 1415 645 1444 Deum
669 1417 778 1452 pietatis
799 1433 835 1439 -.
886 1418 917 1441 ut
933 1414 1046 1448 proinde
1071 1414 1144 1441 haud
1165 1422 1277 1442 necesse
1302 1415 1339 1443 sit
1362 1415 1447 1442 alium
1467 1423 1483 1442 a
1506 1414 1676 1442 Diocletiano

52 1459 119 1494 apud
136 1468 233 1488 omnes
256 1460 365 1489 Graecos
378 1462 481 1496 pariter
494 1469 526 1489 ac
539 1462 670 1490 barbaros
693 1467 756 1490 ante
770 1471 834 1498 per-
887 1459 1077 1494 imperatorem
1103 1468 1224 1496 quaerere
1252 1469 1314 1488 cum
1344 1461 1435 1497 Caveq
1456 1461 1512 1496 (17)
1541 1461 1676 1489 Constan-

51 1506 216 1534 secutionem
241 1512 334 1535 nostra
360 1508 491 1536 memoria
520 1509 663 1537 excitatam
688 1514 833 1538 consecuta
849 1530 869 1558 Ο
886 1506 954 1534 tium
968 1506 1109 1539 Chlorum.
1126 1512 1174 1535 aut
1188 1508 1271 1535 alium
1288 1516 1349 1536 cum
1361 1508 1496 1535 Dacherio
1511 1507 1567 1543 (18)
1582 1507 1674 1535 Theo-

51 1551 92 1582 sit,
118 1560 170 1580 nos
185 1557 258 1580 certe
274 1560 323 1588 pro
340 1553 437 1581 merito
460 1554 596 1588 explicare
611 1562 663 1582 non
677 1562 834 1590 possumus.
850 1551 869 1558 “
888 1561 951 1580 nam
978 1554 1135 1588 episcopum
1158 1553 1321 1590 Cyzicenum
1345 1564 1352 1583 :
1371 1562 1425 1589 quo
1450 1562 1531 1581 verus
1554 1554 1675 1588 epistolae

50 1596 215 1633 Argumenta
236 1606 306 1627 esse»
316 1599 402 1634 possit
417 1600 790 1636 imperatorum(Diocletiani
808 1606 836 1629 et
887 1603 982 1626 auctor
1004 1604 1158 1631 Statualur,
1187 1600 1323 1635 simulque
1350 1601 1436 1636 ipsius
1457 1600 1579 1635 epistola:
1605 1600 1675 1627 intc-

51 1641 166 1672 llerculii
182 1644 231 1681 M.)
246 1645 391 1681 benignitas
405 1653 467 1681 erga
479 1651 581 1674 nostra:
595 1654 606 1674 :
624 1648 724 1683 quibus
737 1655 834 1683 regeu-
886 1645 971 1680 grilas
984 1646 1170 1673 conﬁrmetur-

529 1835 790 1893 SANCTI
865 1836 1181 1894 ΤΗΕΟΝίΈ

659 1954 801 1977 EPISCOPI
837 1954 1058 1978 ALEXANDRINI

257 2030 451 2061 EPISTOLA
480 2029 534 2060 AD
565 2029 770 2060 LUCIANUM
799 2027 1154 2060 CUBICULARIORUM
1183 2030 1458 2068 PREPOSITUM,

391 2111 424 2138 In
439 2120 491 2148 qua
505 2112 606 2138 monita
622 2111 776 2139 Christiana
798 2115 823 2138 et
838 2111 948 2146 politica
962 2112 1044 2139 eidem
1062 2114 1176 2148 suggerit
1190 2112 1218 2140 S.
1238 2112 1329 2140 Pater.

532 2189 580 2220 (Ea:
597 2187 694 2214 Acherii
704 2188 850 2220 Splcilegio,
862 2192 919 2214 tom.
932 2189 976 2220 lll,
988 2196 1044 2222 pag.
1056 2190 1182 2221 297-299.)

83 2341 208 2369 Thconas
217 2341 360 2376 episcopus
371 2338 643 2373 Lucianoprmposito
654 2338 836 2366 cubiculario-
851 2341 874 2368 ι)
888 2339 1017 2374 ampliare
1047 2346 1101 2366 non
1130 2338 1233 2366 destitit
1256 2347 1264 2365 :
1287 2338 1342 2365 imo
1363 2339 1581 2373 persecutionum
1607 2347 1670 2374 pro-

49 2393 109 2413 rum
123 2385 293 2413 invictissimi
311 2384 441 2420 principis
454 2383 550 2410 nostri.
883 2385 958 2412 cellis
974 2385 1045 2412 velut
1066 2393 1161 2412 aurum
1186 2384 1213 2412 in
1234 2384 1344 2411 fornace
1357 2391 1539 2420 expugnatum
1559 2386 1668 2418 enituit,

83 2430 103 2458 l.
124 2431 231 2459 Gratias
252 2438 302 2466 ago
317 2428 493 2464 omnipotenti
517 2428 572 2456 Deo
595 2433 622 2456 et
646 2428 761 2456 Domino
783 2437 834 2456 no-
883 2434 910 2457 et
922 2430 981 2465 ejus
995 2430 1094 2457 veritas
1109 2438 1141 2457 ac
1155 2430 1287 2457 celsitudo
1309 2430 1395 2463 magis
1415 2437 1521 2464 semper
1536 2438 1567 2457 ac
1582 2431 1670 2465 magis

51 2480 105 2503 atro
119 2475 183 2504 Jesu
205 2476 325 2509 Christo,
349 2475 395 2510 qui
409 2474 488 2501 tidem
510 2482 586 2501 suam
609 2482 657 2509 per
674 2475 832 2502 universum
884 2474 1031 2509 splenduit,
1053 2479 1082 2501 ut
1098 2474 1152 2509 jam
1175 2482 1241 2509 pace
1260 2483 1307 2509 per
1328 2475 1428 2501 bonum
1451 2474 1599 2509 principem
1618 2476 1669 2502 Ec-

50 2522 142 2549 orbem
162 2521 189 2548 in
211 2521 307 2550 salutis
331 2524 430 2547 nostra:
444 2519 555 2546 unicum
573 2519 721 2547 remedium
743 2519 832 2546 mani-
883 2519 973 2547 clesiis
996 2527 1142 2551 concessa,
1159 2520 1374 2547 Christianorum
1405 2527 1482 2554 opera
1510 2520 1590 2546 etiam
1620 2528 1668 2546 cn-

51 2566 158 2600 iestare,
181 2575 213 2595 ac
239 2567 320 2595 etiam
344 2566 372 2593 in
398 2570 574 2602 tyrannorum
598 2565 832 2600 persecutionibus
886 2572 946 2592 ram
970 2565 1124 2593 inﬁdelibus
1144 2565 1265 2598 luceant,
1287 2570 1311 2592 et
1332 2565 1495 2600 gloriﬁcetur
1515 2566 1576 2592 inde
1588 2565 1669 2593 Pater

86 2657 261 2697 (ἓιὶηροπςη.
274 2657 355 2697 epist:
372 2656 385 2692 ἑ
403 2656 428 2684 ⁷ο

1002 2653 1070 2697 μεμε.
1091 2654 1152 2680 eccl.
1170 2653 1216 2697 lib.
1237 2662 1295 2687 vui,
1311 2661 1370 2689 cap.
1388 2655 1410 2680 l.

86 2688 131 2726 (to
161 2688 385 2728 tn..tbtd.;§t.'

87 2694 143 2764 (μζ
164 2728 234 2764 tam.
305 2762 309 2764 _
440 2760 474 2764 __
590 2759 635 2764 ___
748 2759 755 2764 ι

921 2689 978 2722 (15)
999 2688 1088 2720 Ibid.,
1117 2696 1176 2723 cap.
1193 2689 1220 2716 6.
1344 2688 1351 2689 ί

748 2759 755 2764 ι
998 2724 1036 2764 lle
1048 2723 1152 2764 mortib.
1169 2729 1298 2764 persecat.
1310 2745 1317 2756 ,
1337 2732 1398 2758 cap.

257 2762 338 2795 eccl.,
357 2767 422 2789 tom.
440 2760 489 2793 ιν,
510 2769 571 2796 pag.
589 2759 637 2803 2'“
649 2781 656 2794 ,
671 2764 727 2788 not.
745 2759 770 2794 l,
787 2768 790 2786 ι

54 2797 81 2824 S.
96 2798 198 2826 Theon.
210 2819 217 2829 ,
230 2802 257 2824 et
271 2803 336 2824 tom.
353 2796 382 2829 V,
403 2801 454 2824 art.
471 2796 497 2829 ὅ,
514 2804 574 2829 pag.
595 2805 615 2822 ι.

937 2728 978 2757 I6)
998 2728 1035 2750 De
1048 2728 1152 2751 moma.
1169 2729 1297 2757 persecat.
1310 2745 1317 2756 ,
1337 2732 1398 2758 cap.
1415 2728 1456 2751 l5.

745 2759 770 2794 l,
787 2767 834 2787 sur
923 2728 979 2829 in)
999 2758 1071 2799 Hist.
1084 2759 1165 2785 litter.
1178 2779 1185 2789 ,
1206 2764 1272 2786 tom.
1292 2760 1309 2791 I,
1329 2767 1388 2795 pug.
1410 2759 1471 2789 ιη.

937 2793 980 2829 18)
1000 2793 1109 2828 δριεῑιη
1128 2793 1146 2821 l.
1162 2802 1186 2821 c.

75 2818 81 2824 .
96 2802 198 2826 Theon.
210 2819 217 2830 ,
230 2802 257 2824 et
271 2803 336 2824 tom.
354 2802 382 2830 ν,
403 2802 454 2824 art.
471 2802 497 2830 ὃ,
514 2804 574 2831 pag.
595 2805 615 2822 ι.
924 2802 980 2830 (πᾳ)
1000 2802 1109 2828 optem,
1128 2802 1146 2821 ι.
1162 2802 1186 2821 c.

87 2834 142 2868 (I3)
160 2833 253 2868 Spicil.
266 2833 284 2860 l.
298 2840 322 2859 ε,
