1865 3042
192 127 257 154 15Ὴ

765 119 793 148 ε.
815 117 965 146 TlllEONlE
986 114 1218 144 ALEXANDNNI

1742 110 1794 136 i5?!

190 191 272 213 uester
285 185 328 220 qui
349 185 376 210 in
396 182 467 209 cmlis
489 186 526 208 est
546 180 617 208 Deus
635 180 642 196 '
656 189 663 212 ;
687 179 758 214 qttod
782 179 855 206 velut
875 177 969 212 prabc't‘
984 182 1003 206 Α
1017 176 1117 203 Christi
1131 174 1296 209 repleamini.
1311 173 1407 200 Omnia
1422 175 1535 207 propter
1549 169 1641 204 ipsum
1655 168 1795 195 Creatorem

190 239 272 266 puum
291 239 305 257 a
328 230 405 256 nobis
432 235 480 262 pro
503 227 589 254 salute
610 230 713 257 nostra,
735 225 758 252 si
774 224 920 251 Christiani
937 231 967 249 re

189 277 278 311 potius
291 282 371 310 quam
395 274 484 301 verbis
500 280 559 300 esse
575 272 717 306 cupimus,
737 270 911 305 quaerendum
931 273 968 294 at-

189 321 433 358 quecxoptandnm
448 324 499 346 est.
515 318 582 346 Nam
597 318 620 345 si
636 317 750 353 gloriam
761 319 882 342 nostram
895 322 969 349 quae-

189 368 286 400 rimus,
303 373 359 393 rcm
373 373 470 392 vanam
489 364 673 398 caducamque
686 361 847 396 appetimus,
867 365 894 387 et
908 367 968 394 qua:

191 421 240 440 nos
259 413 331 446 ipsos
346 411 380 438 ad
401 414 516 437 mortem
530 409 653 444 perducit
671 417 677 435 :
697 412 726 435 at
740 408 824 442 gloria
839 406 927 434 Patris
942 411 969 433 et

190 457 249 484 Filii
267 457 312 491 qui
337 463 385 490 pro
411 455 496 482 salute
510 458 602 481 nostra
624 453 699 480 cruci
720 451 815 479 atlixus
837 451 898 483 fuit,
918 459 969 478 nos

190 502 280 529 salvos
298 499 362 527 facit
392 499 418 526 in
444 498 653 533 redemptionem
676 497 886 531 sempiternam;
909 505 970 531 quae

190 547 308 574 maxima
327 545 544 572 Christianorum
560 548 602 570 est
619 541 793 577 exspectatio.

225 593 282 621 Non
298 601 371 629 ergo,
397 594 433 620 mi
456 592 583 624 Luciane,
607 595 634 618 te
654 590 752 625 jactari
771 596 817 617 aut
838 593 904 624 puto
923 593 971 616 aut

190 640 251 667 volo
274 640 346 674 quod
363 639 442 666 multi
463 646 494 666 ex
525 636 624 672 palatio
656 636 786 671 principis
812 643 860 670 per
888 640 915 662 te
936 635 969 662 ad

190 685 353 720 agnitionem
379 684 498 711 veritatis
517 686 706 718 pervenerunt,
731 681 778 709 sed
803 680 890 716 magis
910 688 971 715 gra-

190 733 242 759 tias
265 731 320 758 Deo
338 736 431 758 nostro
454 729 553 756 referre
579 728 669 760 decet,
685 727 731 762 qui
753 731 779 753 te
804 726 905 753 bonum
930 726 972 752 in—

191 782 371 806 strumentum
396 776 423 803 in
446 783 503 804 rem
526 775 624 803 bonam
650 773 783 807 confecit,
806 776 886 807 teque
901 772 971 807 apud

190 823 337 858 principem
353 822 517 851 sublimavit.
530 820 712 848 uthristiani
725 818 845 847 nominis
861 818 970 845 odorem

191 869 218 896 in
237 876 313 895 suam
338 868 450 903 gloriam
463 873 489 895 et
509 867 655 894 multorum
669 866 782 893 salutem
797 864 971 892 diﬁ‘underes.

191 913 257 941 Nam
284 918 385 948 quanto
413 913 500 947 magis
527 913 652 947 princeps
671 912 728 946 ipse
750 910 870 937 nondum
895 909 974 936 Chri-

192 959 287 986 stiana
309 958 433 994 religioni
459 958 611 992 ascriptus,
637 957 703 992 ipsis
725 956 887 983 Christianis
901 955 974 983 velut

191 1005 357 1032 ﬁdelioribus
379 1004 462 1031 vitam
484 1008 510 1031 et
530 1011 629 1038 corpus
644 1009 725 1030 suum
741 1002 891 1029 curandum
915 1008 974 1028 cre-

191 1050 274 1082 didit;
295 1054 368 1077 tanto
382 1050 458 1077 decet
475 1057 523 1077 vos
537 1048 717 1080 sollicitiores,
744 1055 776 1075 ac
795 1048 822 1074 in
838 1047 910 1074 illius
928 1054 973 1074 sa-

191 1096 274 1123 lutem
296 1101 322 1123 et
345 1103 438 1124 curam
453 1095 636 1130 diligentiores
651 1102 711 1122 esse
725 1098 751 1121 et
766 1093 973 1130 prospectiores,

191 1147 222 1169 ut
237 1150 283 1176 per
308 1141 333 1169 id
359 1129 619 1176 plurimum’Christi
637 1147 735 1167 nomen
751 1129 925 1174 gloriﬁcetnr,
947 1141 975 1165 et

193 1187 266 1215 illius
281 1188 346 1215 ﬁdes
362 1195 410 1222 per
432 1195 481 1215 vos
495 1187 542 1222 qui
565 1186 714 1222 principem
730 1184 834 1216 fovetis,
852 1183 975 1219 quotidie

192 1239 322 1269 augeatur
339 1242 346 1260 :
365 1241 426 1260 nam
438 1233 502 1268 quia
517 1240 566 1260 nos
579 1232 716 1260 maleﬁcos
729 1230 794 1258 olim
807 1234 833 1258 et
845 1229 974 1257 omnibus

192 1281 300 1316 flagitiis
316 1280 430 1308 refertos
445 1279 566 1306 nonnulli
582 1278 687 1313 priores
705 1276 841 1312 principes
859 1279 972 1310 putave-

191 1331 271 1358 runt;
289 1326 336 1354 sed
350 1326 406 1360 jam
418 1325 540 1353 videntes
554 1329 643 1351 vestra
658 1323 729 1350 bona
741 1329 832 1357 opera,
849 1329 902 1349 non
915 1327 975 1356 pos-

191 1372 247 1400 sint
262 1371 316 1399 nisi
331 1371 420 1406 ipsum
434 1370 570 1397 Christum
586 1368 748 1404 gloriﬁcare.

227 1417 258 1444 ll.
279 1416 372 1452 itaque
392 1424 498 1444 summa
514 1423 565 1451 ope
579 1416 656 1443 vobis
672 1413 848 1442 annitendum
868 1417 920 1445 est,
940 1420 974 1440 ne

191 1471 239 1491 vos
262 1463 363 1497 aliquid
385 1466 462 1498 turpe
485 1466 532 1489 aut
553 1462 737 1492 inhonestum,
763 1467 797 1487 ne
811 1459 973 1494 ﬂagitiosum

193 1509 340 1540 nominem,
358 1508 497 1541 sentiatis;
517 1515 550 1535 ne
565 1507 665 1535 Christi
683 1513 783 1534 nomen
797 1514 846 1542 per
863 1513 914 1534 vos
930 1506 973 1541 ip-

191 1562 237 1582 sos
254 1555 462 1589 blasphemetur.

226 1600 304 1628 Absit
319 1608 334 1627 a
348 1600 425 1627 vobis
442 1606 471 1627 ut
488 1599 590 1627 aditum
602 1599 682 1626 alicui
697 1599 731 1626 ad
745 1598 893 1633 principem
910 1605 973 1632 prc-

192 1647 229 1674 tio
243 1646 380 1679 vendatis;
403 1650 431 1673 ut
457 1646 598 1673 inhonesta
612 1650 659 1672 aut
673 1645 808 1680 precibus,
829 1649 876 1671 aut
888 1644 974 1679 pretio

193 1693 258 1720 victi
274 1693 365 1728 aliquo
383 1697 461 1727 pacto
480 1692 594 1726 principi
608 1692 768 1726 suggeratis.
794 1690 888 1718 Omnis
912 1699 974 1718 ava-

193 1739 271 1778 ritiae.
286 1739 366 1765 ardor
389 1746 404 1765 a
426 1738 503 1764 vobis
528 1737 655 1764 abscedat
670 1738 680 1753 ¹
691 1757 698 1770 ,
713 1744 773 1771 quae
796 1737 973 1764 idololatrialn

193 1785 283 1819 potius
297 1791 377 1819 quam
393 1783 492 1810 Christi
519 1783 677 1818 religionem
703 1787 840 1817 operatur.
865 1781 974 1809 Nullum

194 1834 272 1865 turpe
286 1830 390 1858 lucrum
407 1829 571 1862 Christiano,
583 1829 656 1855 nulla
671 1828 814 1863 duplicitas
830 1828 974 1856 convenire

195 1880 292 1911 potest,
307 1876 354 1910 qui
370 1875 506 1902 Christum
528 1875 677 1909 simplicem
701 1879 728 1901 et
749 1874 851 1901 nudum
874 1874 974 1908 ample-

194 1923 285 1950 ctitur.
297 1921 376 1949 Nulla
391 1922 542 1949 scurrilitas
563 1926 610 1949 aut
633 1921 826 1956 turpiloquium
844 1921 913 1948 inter
927 1927 974 1947 vos

195 1968 326 1995 habeatur
340 1968 360 1995 ³.
381 1967 477 1995 Omnia
494 1976 555 1995 cum
572 1968 714 1999 modestia,
728 1967 862 1997 comitate,
881 1965 976 1993 affabi-

195 2014 268 2041 litate
288 2018 314 2040 ct
335 2014 439 2048 justitia
454 2014 607 2049 exigantur,
624 2018 653 2040 ut
677 2013 705 2040 in
726 2013 852 2040 omnibus
874 2019 973 2039 nomen

196 2059 242 2087 Dei
259 2063 284 2086 et
298 2059 403 2086 Domini
417 2060 499 2087 nostri
516 2059 580 2086 Jesu
596 2059 696 2086 Christi
713 2059 886 2094 gloriﬁcetur.

230 2105 321 2133 Ofﬁcia
346 2109 434 2133 vestra
460 2105 493 2132 ad
515 2112 576 2140 quae
600 2104 699 2140 singuli
725 2104 865 2131 constituti
887 2102 973 2134 estis,

194 2152 269 2178 omni
294 2159 356 2178 cum
380 2151 476 2178 timore
499 2150 544 2177 Dei
571 2155 597 2178 et
623 2158 714 2178 amore
737 2150 866 2185 principis
894 2154 975 2184 atque

1018 227 1137 249 vestrum
1154 221 1272 251 suﬂ‘erte,
1296 220 1386 247 omnia
1404 216 1543 253 patimini,
1558 215 1654 242 omnia
1671 215 1769 241 vincite
1779 221 1798 242 et

1018 266 1208 300 supplantate,
1241 270 1272 291 ut
1300 263 1437 290 Christum
1468 260 1620 288 Dominum
1653 260 1800 294 acquiratis.

1018 311 1114 347 Magna
1133 310 1271 338 sunttunc
1291 313 1318 336 et
1341 309 1478 336 laboribus
1502 308 1585 343 plena
1614 315 1622 332 :
1648 306 1697 334 sed
1723 306 1764 340 qui
1781 307 1801 332 in

1018 365 1099 392 agone
1107 357 1250 387 contendit,
1262 355 1293 381 ab
1304 355 1422 382 omnibus
1432 362 1459 380 se
1474 354 1609 385 abstinet;
1619 358 1646 379 et
1659 352 1701 378 ilti
1712 352 1802 386 quidem

1019 408 1048 429 ut
1078 402 1270 437 corruptibilem
1308 408 1429 428 coronam
1462 401 1622 434 accipiant,
1649 407 1699 425 nos
1729 402 1802 423 autem

1019 444 1196 483 incorruptam
1210 447 1232 474 '.

1054 504 1098 532 lll.
1118 504 1169 532 Sed
1192 504 1270 539 quia,
1287 507 1318 530 ut
1337 503 1426 530 sentio
1439 523 1447 535 ,
1472 501 1593 529 diversis
1621 500 1723 527 otliciis
1751 501 1805 527 estis

1021 551 1140 586 ascripti,
1160 555 1188 577 et
1205 550 1327 577 omnium
1345 554 1372 575 tu
1383 570 1390 581 ,
1407 548 1538 579 aniane,
1558 547 1734 582 praepositus
1747 547 1805 573 dice-

1021 598 1069 630 ris,
1083 604 1152 631 quos
1165 603 1260 623 omnes
1276 595 1361 630 gratia
1380 594 1481 621 Christi
1495 594 1544 621 tibi
1562 600 1705 620 concessa
1724 597 1804 626 potens

1021 650 1050 670 es
1068 647 1096 669 et
1112 641 1234 676 regulare
1257 645 1284 667 et
1308 639 1459 672 instruere;
1477 643 1572 666 certus
1594 645 1683 669 sum,
1703 645 1755 663 non
1768 637 1805 663 tibi

1021 688 1173 723 displicebit
1197 694 1240 714 me
1257 686 1336 713 etiam
1359 685 1392 712 de
1413 684 1508 711 ciliciis
1533 684 1590 710 illis
1615 683 1716 718 aliqua
1738 684 1805 716 parti-

1021 734 1130 761 culatim
1145 738 1172 760 et
1186 733 1332 760 summaric
1345 731 1391 758 tibi
1404 730 1505 758 referre
1517 737 1581 765 qua:
1596 736 1729 756 sensero.
1753 727 1805 754 Nam

1022 780 1139 814 aliquem
1160 786 1193 806 ex
1206 778 1283 806 vobis
1305 785 1412 805 servare
1426 777 1547 811 privatas
1573 774 1717 809 principis
1739 781 1807 807 pecn-

1024 825 1083 852 nias
1099 825 1198 857 audio;
1217 825 1300 851 alium
1315 827 1402 850 vestes
1417 828 1444 849 et
1458 825 1627 848 ornamenta
1649 819 1806 854 imperiale;

1024 871 1107 898 alium
1122 877 1186 898 vasa
1199 871 1333 905 pretiosa;
1356 869 1439 895 alium
1454 868 1551 898 libros,
1572 873 1665 901 quem
1681 873 1736 892 non
1751 865 1808 891 hunc

1024 918 1112 945 adhuc
1130 925 1163 945 ex
1183 916 1355 944 credentibus
1372 914 1502 949 intelligo,
1519 913 1609 941 alium
1631 912 1720 939 aliam
1733 912 1808 946 supel-

1023 965 1149 992 lectilem.
1172 963 1237 997 Quae
1252 971 1318 990 sane
1331 961 1563 997 quemadmodum
1579 959 1733 986 tractanda
1755 958 1808 985 mihi

1023 1010 1175 1042 videantur,
1193 1009 1288 1044 paucis
1301 1008 1436 1035 indicabo.

1058 1065 1103 1093 Ν.
1123 1066 1175 1099 Qui
1188 1066 1306 1101 privatas
1321 1064 1451 1100 principis
1470 1064 1606 1099 pecunias
1625 1064 1746 1096 detinet,
1763 1070 1809 1090 om-

1024 1113 1069 1140 nia
1085 1112 1136 1140 sub
1153 1116 1227 1140 certo
1239 1111 1344 1139 calculo
1356 1114 1516 1142 conservet;
1531 1114 1652 1144 paratus
1667 1109 1705 1136 sit
1717 1116 1810 1143 semper
1834 1120 1836 1125 ι

1024 1158 1146 1186 omnium
1163 1162 1265 1184 certam
1284 1156 1396 1184 reddere
1411 1156 1548 1183 rationem
1567 1163 1576 1182 :
1595 1156 1696 1181 omnia
1711 1154 1808 1185 scribat,

1023 1205 1102 1231 etiam
1128 1203 1152 1231 si
1170 1203 1298 1238 possibile
1321 1207 1381 1235 est,
1408 1206 1557 1236 antequam
1582 1201 1668 1228 alteri
1694 1201 1811 1235 pecunias

1024 1249 1159 1285 porrigat;
1176 1256 1314 1283 nunquam
1329 1247 1467 1275 memoria:
1483 1247 1615 1280 conﬁdat,
1643 1254 1710 1282 qua
1729 1246 1761 1273 ad
1776 1247 1810 1272 di-

1023 1304 1101 1324 versa
1118 1295 1239 1330 quotidie
1255 1295 1381 1323 distracta
1401 1293 1481 1321 facile
1500 1294 1615 1325 labitur,
1647 1293 1686 1320 ita
1711 1298 1741 1320 ut
1761 1292 1810 1320 sine

1024 1343 1169 1377 scriptura,
1187 1343 1266 1369 etiam
1281 1349 1342 1376 quae
1361 1341 1435 1369 nullo
1448 1345 1527 1376 pacto
1541 1339 1662 1368 fuerunt
1684 1347 1718 1367 ex
1741 1340 1809 1367 corde

1024 1381 1218 1423 nonnunquam
1231 1388 1412 1420 atlirmemus;
1432 1394 1482 1414 nec
1497 1386 1622 1421 vulgaris
1642 1385 1681 1413 sit
1698 1385 1809 1420 hujusce-

1024 1434 1096 1462 modi
1108 1434 1253 1468 scriptura,
1276 1433 1322 1460 sed
1341 1441 1401 1467 qua:
1415 1432 1491 1460 facile
1504 1438 1532 1459 et
1547 1433 1625 1460 ctare
1637 1432 1736 1459 omnia
1752 1438 1809 1466 pan~

1023 1481 1078 1513 dat,
1095 1485 1123 1508 et
1145 1485 1263 1508 mentem
1282 1479 1443 1514 requirentis
1465 1478 1525 1506 sine
1547 1478 1685 1513 scrupulo
1703 1483 1750 1505 aut
1767 1478 1808 1504 du-

986 1517 1008 1546 c
1024 1528 1153 1555 bitatione
1173 1527 1309 1562 relinquat
1325 1535 1332 1553 :
1348 1526 1420 1560 quod
1443 1524 1522 1552 facile
1549 1525 1614 1556 ﬁet,
1642 1524 1668 1552 si
1690 1524 1807 1552 distincte

1024 1582 1084 1610 qua:
1096 1573 1262 1610 recipiuntur
1283 1577 1310 1600 et
1330 1580 1378 1607 per
1392 1579 1421 1599 se
1435 1571 1602 1604 scribantur,
1627 1574 1657 1597 et
1677 1577 1735 1605 quo
1749 1573 1808 1597 tern-

1024 1629 1099 1656 pore,
1115 1625 1142 1648 et
1155 1628 1202 1656 per
1213 1627 1292 1655 quem
1311 1623 1417 1653 recepta
1438 1618 1548 1651 fuerint,
1565 1623 1594 1646 et
1607 1625 1667 1652 quo
1685 1618 1715 1644 in
1733 1618 1807 1645 loco:

1024 1667 1149 1695 similiter
1164 1671 1190 1693 et
1205 1667 1276 1701 quod
1291 1665 1352 1693 aliis
1365 1670 1503 1700 erogatur,
1521 1664 1564 1691 vel
1586 1664 1726 1698 principis
1741 1671 1809 1690 man-

1024 1714 1086 1740 dato
1099 1711 1262 1747 impenditur
1275 1719 1322 1746 per
1336 1718 1364 1738 se
1377 1718 1427 1738 suo
1439 1711 1534 1738 ordine
1545 1709 1691 1745 digeratur
1708 1718 1715 1737 :
1730 1708 1810 1736 fidelis

1024 1760 1060 1788 sit
1078 1760 1122 1787 ille
1138 1766 1232 1786 servus
1243 1763 1269 1785 et
1281 1758 1411 1793 prudens.
1427 1762 1456 1784 ut
1467 1756 1583 1792 gaudeat
1598 1755 1738 1783 Dominus
1753 1762 1808 1782 eum

1025 1813 1106 1840 super
1124 1805 1196 1832 bona
1220 1812 1269 1833 sua
1292 1803 1466 1832 constituisse
1480 1803 1506 1835 ⁸,
1523 1807 1551 1830 et
1562 1801 1710 1829 Christum
1725 1801 1751 1828 in
1768 1801 1809 1827 illo

1025 1852 1165 1888 gloriﬁcet.

1060 1910 1093 1938 V.
1113 1910 1168 1940 Nec
1190 1910 1278 1938 minor
1295 1909 1347 1937 erit
1367 1909 1403 1936 illi
1419 1908 1557 1944 diligentia
1573 1912 1601 1934 et
1614 1914 1682 1934 cura
1698 1906 1747 1941 qni
1766 1913 1809 1932 ve-

1025 1961 1080 1984 stes
1103 1961 1129 1984 et
1147 1956 1296 1991 imperialia
1309 1956 1409 1983 detinet
1434 1959 1610 1983 ornamenta,
1637 1960 1701 1988 qua-
1723 1953 1809 1980 omnia

1025 2003 1075 2029 sub
1098 2002 1249 2030 certissimo
1267 2002 1355 2029 indice
1369 2001 1466 2028 habent
1491 2005 1517 2027 et
1543 2001 1656 2028 adnotet
1680 2007 1747 2034 qua:
1769 1999 1808 2025 illa

1025 2048 1089 2080 sint,
1112 2048 1213 2082 qualia,
1229 2048 1327 2082 quibus
1350 2047 1376 2074 in
1402 2047 1467 2074 locis
1484 2047 1635 2077 recondita,
1653 2045 1766 2081 quando
1782 2053 1809 2071 ea

1026 2093 1159 2128 acceperit
1181 2098 1236 2120 eta
1259 2093 1375 2126 quibus,
1399 2100 1432 2119 an
1456 2091 1671 2119 maculata.sint
1694 2091 1739 2118 vel
1757 2091 1809 2117 sine

1027 2140 1132 2167 macula
1147 2149 1154 2166 :
1171 2140 1216 2167 illa
1234 2139 1324 2166 omnia
1343 2146 1392 2166 sua
1410 2138 1549 2173 diligentia
1565 2142 1730 2170 conservet;
1747 2144 1809 2169 saep:

195 2202 288 2224 exacta
309 2197 445 2230 diligentia
458 2197 653 2231 exsequamini.
677 2184 830 2223 Mandatum
845 2194 972 2230 principis

1058 2186 1155 2217 videat,
1180 2193 1251 2220 saepe
1272 2189 1417 2220 pertractet
1436 2189 1465 2211 ut
1486 2184 1594 2212 facilius
1609 2191 1807 2219 recognoscan-

187 2243 268 2277 .quod
282 2242 365 2270 Deum
389 2250 442 2270 non
466 2242 591 2275 offendit,
614 2243 648 2270 ab
669 2243 727 2277 ipso
740 2241 795 2269 Deo
810 2241 975 2276 processisse

197 2289 310 2322 putetis;
331 2296 422 2315 amore
435 2288 535 2322 pariter
548 2293 574 2316 et
586 2289 692 2321 timore,
714 2293 795 2323 atque
816 2289 889 2315 omni
911 2296 972 2315 cum

193 2334 363 2369 jucunditate
378 2333 507 2368 perticite.
527 2333 598 2361 Nihil
611 2339 653 2362 est
665 2335 735 2362 enim
752 2334 823 2369 quod
837 2335 972 2361 hominem

197 2378 303 2413 magnis
322 2378 514 2414 agitationibus
537 2378 676 2414 fatigatum
703 2380 740 2406 ita
764 2383 876 2410 recreet,
904 2379 975 2406 sicut

196 2424 284 2452 intimi
301 2425 438 2452 servitoris
459 2425 621 2452 conveniens
637 2425 802 2459 jucunditas,
817 2428 844 2451 et
859 2425 974 2459 benigna

197 2469 341 2504 patientia;
362 2477 412 2497 nec
426 2469 480 2496 ulla
492 2469 588 2497 iterum
601 2477 643 2496 res
654 2470 807 2497 econtrario
824 2469 899 2496 illum
915 2477 975 2503 per-

198 2515 350 2542 turbatione
365 2514 403 2542 ita
417 2515 497 2542 allicit
510 2520 536 2542 et
549 2515 700 2547 contristat,
714 2515 783 2542 sicut
797 2515 906 2542 tristitia
924 2515 976 2541 im-

196 2561 397 2595 patientiaque,
421 2565 448 2587 et
465 2560 550 2594 ipsius
574 2560 712 2588 servitoris
731 2559 972 2588 submurmuratio.

196 2606 294 2633 Absint
308 2606 365 2633 haec
379 2614 394 2632 a
408 2605 483 2633 vobis
495 2605 656 2634 Christianis
666 2626 674 2638 ,
695 2607 741 2641 qui
759 2606 816 2633 zelo
831 2606 891 2633 ﬁdei
906 2606 975 2634 ince-

198 2651 279 2684 ditis;
298 2652 344 2678 sed
366 2656 396 2678 ut
421 2652 446 2678 in
473 2652 550 2679 vobis
571 2652 635 2686 ipsis
660 2652 854 2678 honoriticctur
869 2651 938 2678 Deus
953 2652 974 2684 ⁵,

197 2696 287 2722 omnia
301 2695 363 2721 vitia
376 2696 472 2723 mentis
484 2699 511 2723 et
522 2696 643 2730 corporis
654 2696 812 2730 supprimitc
824 2703 849 2723 et
863 2697 974 2723 calcate.

197 2740 342 2768 lnduimini
359 2742 485 2776 patientia
499 2747 527 2769 et
544 2742 715 2776 affabilitate;
733 2743 878 2770 virtutibus
890 2747 915 2770 et
929 2750 975 2777 spe

1028 2237 1071 2259 tur
1089 2241 1096 2258 :
1113 2232 1203 2259 omnia
1218 2232 1256 2258 illi
1270 2232 1326 2258 sint
1338 2231 1364 2258 in
1378 2236 1514 2266 promptu,
1530 2231 1623 2257 omnia
1638 2236 1754 2265 parata:
1767 2237 1808 2264 pe-

1027 2278 1108 2305 tentis
1130 2285 1234 2312 semper
1257 2277 1388 2312 principis
1409 2282 1455 2304 aut
1472 2277 1608 2311 praepositi
1633 2278 1677 2304 sui
1697 2282 1807 2304 mentem

1027 2324 1054 2350 in
1074 2323 1147 2350 omni
1161 2331 1190 2350 re
1205 2323 1286 2357 petita
1301 2323 1479 2350 clarissnmam
1494 2322 1606 2354 reddat;
1630 2323 1668 2349 ita
1681 2328 1771 2349 tamen
1784 2329 1810 2349 ιιι

1027 2368 1119 2395 omnia
1133 2375 1195 2395 cum
1212 2367 1363 2395 humilitate
1379 2372 1406 2395 et
1416 2368 1536 2402 jucunda
1551 2369 1684 2402 patientia
1698 2370 1774 2400 ﬁant,
1787 2373 1810 2394 et

1027 2412 1126 2441 Christi
1142 2421 1239 2440 nomen
1256 2413 1337 2440 etiam
1355 2414 1381 2440 in
1396 2421 1425 2440 re
1438 2421 1520 2448 parva
1534 2413 1673 2440 laudetur.

1063 2467 1107 2495 Vl.
1128 2467 1214 2494 Simili
1229 2468 1310 2495 modo
1321 2468 1364 2495 ille
1376 2472 1446 2503 agat,
1463 2467 1542 2502 cujus
1557 2468 1619 2495 fidei
1634 2468 1742 2496 credita
1755 2473 1810 2495 ειμι

1028 2523 1092 2542 vasa
1114 2521 1260 2550 argentea,
1279 2522 1377 2546 aurea,
1401 2515 1571 2550 crystallina,
1592 2515 1636 2542 vel
1657 2515 1808 2543 murrhiua.

1027 2561 1143 2593 escaria,
1158 2561 1203 2587 vel
1218 2561 1336 2595 potoria;
1355 2560 1445 2587 omnia
1460 2561 1598 2595 disponat,
1623 2562 1719 2588 omnia
1731 2566 1810 2591 notet,

1027 2610 1055 2632 et
1065 2609 1133 2640 quot
1142 2606 1268 2640 qualesve
1283 2606 1337 2633 sint
1350 2605 1376 2632 in
1391 2605 1444 2632 illis
1456 2605 1561 2640 lapides
1577 2606 1691 2640 pretiosi
1706 2614 1757 2633 sua
1773 2607 1811 2632 di-

1027 2651 1136 2686 ligentizt
1152 2655 1344 2684 connumeret;
1363 2651 1455 2678 omnia
1475 2658 1575 2686 magna
1589 2659 1654 2678 cum
1674 2652 1810 2686 prudentia

1028 2697 1190 2730 consideret,
1208 2697 1297 2724 omnia
1313 2696 1367 2723 suis
1383 2696 1449 2724 locis
1470 2701 1498 2724 et
1519 2698 1691 2732 temporibus
1704 2699 1809 2732 prodat;

1028 2743 1070 2770 cui
1086 2743 1131 2770 dat
1142 2747 1167 2770 et
1181 2743 1300 2777 quando.
1314 2751 1328 2769 a
1340 2743 1439 2777 quibus
1452 2750 1484 2770 ea
1497 2744 1596 2778 recipit
1610 2744 1811 2779 diligentissime

251 2829 260 2844 '
280 2828 371 2856 Matth.
387 2838 413 2859 ν,
430 2830 472 2858 16.
493 2831 503 2846 ¹
518 2830 624 2858 Coloss.
640 2838 680 2864 ttl,
696 2830 722 2858 5.
761 2832 771 2847 ³
784 2831 881 2866 Ephes.
898 2840 922 2864 ν,
937 2832 962 2858 εἰ.

1058 2830 1105 2859 “et.
1123 2840 1158 2862 iv,
1177 2831 1218 2857 tt.
1239 2830 1271 2857 ⁵1
1289 2830 1351 2858 Cor.
1368 2838 1406 2864 ιι,
1418 2830 1463 2859 25.
1483 2831 1493 2847 '
1509 2831 1696 2865 Matthixxsv,
1709 2831 1755 2865 £5,
1770 2831 1808 2858 ότ-
