1865 3042
73 137 135 166 I573

539 132 646 162 EPIST.
667 133 713 160 AD
731 131 907 162 LL'CIANUM
925 131 1195 161 CUBlCULARIUM.

1605 138 1675 166 1575

70 198 208 233 inspiciat,
228 203 261 223 ne
285 203 363 224 error
386 200 412 223 et
435 195 554 230 suspicio
584 194 653 222 mala
679 195 758 222 etiam
780 202 841 221 cum
856 192 973 223 Aeliam
988 200 1099 227 corpore
1118 197 1144 219 et
1164 193 1329 220 indumentis
1347 193 1441 221 mundi
1457 198 1483 222 et
1495 195 1583 231 nitidi,
1599 199 1673 227 nulla

70 243 160 278 majori
174 243 271 270 damno
286 242 311 269 in
325 242 405 270 rebus
420 241 545 276 pretiosis
558 247 693 268 occurrat.

103 288 154 316 νυ.
175 289 219 314 Ille
236 291 325 314 tamen
349 287 500 322 prmcipuus
520 286 590 313 inter
611 293 659 312 vos
681 285 733 312 erit
753 289 781 312 et
802 284 843 311 ὁὶ-

70 334 265 370 ligentissimus,
281 333 323 360 ctti
339 333 422 359 libros
433 332 580 359 servandos
594 331 719 366 princeps
733 330 843 358 manda-

70 382 133 409 verit
146 390 152 408 :
168 381 238 408 hunc
252 379 310 414 ipse
323 387 356 406 ex
371 379 481 414 probata
500 378 611 406 scicntia
631 378 681 405 sibi
704 377 783 413 eliget
798 377 842 404 vi-

69 435 125 455 rum
141 433 246 460 gravem
261 429 288 453 et
301 425 406 460 magnis
432 425 512 452 rebus
535 428 638 459 aptum,
661 432 693 452 ac
716 424 842 451 omnibus

69 470 182 505 quaesitis
197 469 357 504 respondere
370 473 509 504 paratum,
529 469 635 503 qualem
651 468 842 503 Philadelphus

69 516 197 543 Aristeum
220 515 344 542 intimum
369 514 562 542 cubicularium
586 514 613 541 in
626 522 654 541 re
669 514 719 541 hac
733 515 840 550 delegit.

69 568 98 587 ac
120 560 293 587 nobilissimze
319 559 486 586 bibliotheca:
509 558 676 593 prmposuit,
702 566 782 593 quem
807 559 841 586 ad

68 606 219 633 Eleazarum
234 605 358 632 maximis
370 613 431 632 cum
444 605 600 631 muneribus
613 612 662 639 pro
676 604 840 632 traducenda

68 651 199 686 Scriptura
213 658 289 678 sacra
303 650 417 685 legatum
436 649 509 676 misit
523 657 530 675 :
548 649 592 676 hic
608 649 676 676 ident
699 649 840 676 historiam

68 696 236 732 Septuaginta
250 697 429 731 interpretum
444 696 521 730 plene
535 694 653 729 scripsit.
671 694 698 722 Si
713 695 793 729 igitur
807 702 840 722 ex

67 742 230 770 credentibus
250 741 276 768 in
289 741 427 769 Christum
446 741 480 768 ad
498 741 549 767 hoc
563 740 651 775 ipsum
665 740 780 768 oliicium
793 741 842 768 ad-

65 787 150 815 vocari
174 787 321 822 contingat.
345 794 398 814 non
423 790 532 822 spernat
545 791 571 813 et
587 786 644 821 ipse
664 786 766 814 litteras
789 794 840 814 saa-

65 832 166 859 rulares
189 835 216 859 et
237 831 375 866 gentilium
390 831 506 866 ingenia,
522 839 581 866 qum
598 830 746 866 principem
764 831 839 858 oble-

896 242 984 264 tamen
997 238 1181 272 superfluitate
1193 243 1239 265 aut
1250 239 1419 267 aliectatione
1430 241 1550 273 notandi.
1559 242 1672 270 neChri-

894 283 980 310 stiana
995 283 1124 310 modestia
1140 284 1307 319 deturpetur.
1323 285 1418 313 Omnia
1436 287 1493 314 suis
1508 289 1675 322 temporibus

893 329 948 355 sint
971 334 1078 363 parata,
1100 334 1126 356 ct
1146 337 1196 356 suo
1215 331 1310 358 ordine
1331 340 1412 366 quant
1438 332 1538 366 optime
1559 334 1674 369 digesta.

895 373 935 401 Sit
953 374 1021 401 ordo
1045 375 1115 401 inter
1133 383 1181 403 vos
1204 380 1231 402 et
1257 376 1410 411 diligentia,
1437 385 1471 404 ne
1496 378 1621 406 confusio
1644 380 1671 409 in

893 427 983 454 opere,
1000 425 1046 448 aut
1063 429 1153 448 rerum
1177 422 1290 450 amissio
1305 423 1396 458 aliquo
1413 428 1491 458 pacto
1506 427 1645 459 proveniat
1665 436 1671 453 :

892 465 1070 499 disponantur
1086 470 1270 501 ornanturque
1284 472 1436 502 opportuna
1457 469 1513 495 loca
1529 477 1578 504 pro
1593 475 1674 505 captu

891 514 918 536 et
933 510 1062 545 dignitate
1075 511 1207 538 locorum.
1598 527 1613 536 ιι

928 555 988 582 Sint
1015 557 1126 591 insuper
1154 561 1181 584 et
1203 558 1271 584 servi
1288 558 1370 585 vestri
1395 559 1599 591 honestissimi,
1618 559 1671 586 sint

892 602 1033 636 compositi
1049 606 1075 629 ct
1093 603 1218 635 modesti,
1242 607 1268 630 ct
1283 603 1361 631 vobis
1376 612 1456 638 quam
1471 604 1673 632 convenientis-

892 647 974 679 simi;
999 655 1067 682 quos
1089 648 1116 675 in
1131 655 1193 675 vera
1215 648 1337 676 doctrina
1361 650 1433 676 outni
1456 658 1518 677 cum
1543 651 1673 685 patientia

891 698 916 719 et
933 693 1063 720 charitate
1078 692 1178 721 Christi
1195 694 1320 722 instruite
1333 699 1359 722 et
1372 695 1479 729 docete;
1503 696 1574 731 quod
1589 696 1611 723 si
1629 697 1673 722 in—

892 738 1055 773 structiones
1080 743 1186 766 vestras
1211 740 1346 775 negligant
1369 745 1395 766 et
1419 742 1631 775 parvipendant,
1657 749 1674 768 a

890 784 967 811 vobis
984 784 1103 818 abjicite,
1125 792 1160 812 ne
1184 785 1291 812 illorum
1311 786 1427 820 nequitia
1443 787 1534 821 aliquo
1551 792 1630 821 pacto
1645 787 1673 814 in

891 837 939 857 vos
963 830 1105 857 redundet.
1132 830 1199 858 Nam
1216 831 1366 859 diffamatos
1389 832 1515 859 dominos
1531 840 1564 860 ex
1581 840 1674 860 servo-

65 883 142 905 ctaut.
165 878 303 905 Laudandi
326 882 388 905 sunt
409 883 495 912 poetae
513 877 540 904 in
565 878 749 911 magnitudine
766 878 840 913 inge—
854 877 875 904 Β
891 883 950 902 rum
963 876 1126 910 malignitate
1141 877 1305 912 quandoque
1319 878 1446 912 vidimus,
1466 883 1492 906 ct
1512 886 1582 914 stipe
1595 879 1673 907 audi-

66 926 110 957 nii,
127 925 154 952 in
175 925 345 952 inventorum
364 923 498 955 acumine,
521 923 548 950 in
572 924 754 958 expressionis
776 931 839 959 pro--

65 971 172 1005 prietate
194 974 220 997 et
242 969 394 1003 eloquentia
417 976 536 1002 summa;
558 969 683 996 laudandi
700 974 839 1003 oratores,

64 1016 185 1044 laudandi
202 1016 355 1051 philosophi
369 1016 396 1043 in
412 1023 509 1050 genere
528 1023 594 1049 suo;
615 1016 740 1043 laudandi
754 1017 840 1043 histo-

64 1061 110 1089 rici
130 1062 176 1097 qui
198 1065 333 1097 gestarum
356 1068 447 1088 rerum
466 1061 574 1093 seriem,
598 1061 732 1096 majorum
751 1069 840 1090 mores

64 1112 89 1135 et
104 1108 223 1136 instituta
247 1107 325 1135 nobis
350 1107 503 1142 explicant,
526 1106 572 1141 qui
589 1106 694 1134 vivendi
717 1115 840 1135 normam

64 1161 94 1181 ex
111 1154 282 1188 antiquorum
296 1153 378 1188 gestis
392 1152 546 1179 ostendunt.
570 1152 707 1180 Interdum
729 1159 755 1180 et
772 1153 841 1180 divi-

64 1207 110 1227 nas
128 1199 283 1235 Scripturas
307 1198 410 1225 laudari
435 1198 586 1230 conabitur,
609 1206 676 1233 quas
696 1198 762 1225 mira
780 1198 841 1226 dili-

64 1245 148 1280 gentia
162 1248 189 1272 et
202 1243 356 1278 largissimo
377 1242 512 1276 impendio
524 1243 684 1271 Ptolemaeus
706 1242 840 1270 Philadcl-

63 1291 130 1325 phus
145 1290 170 1317 in
186 1290 306 1325 linguam
321 1292 440 1316 nostrant
460 1289 562 1316 traduci
578 1288 682 1316 curavit
696 1286 768 1324 (i9);
785 1289 842 1315 lau—

63 1333 167 1360 dabitur
181 1339 208 1361 et
219 1333 324 1360 interim
336 1332 519 1368 Evangelium,
534 1332 730 1367 Apostolusque
741 1340 790 1368 pro
801 1334 842 1360 di-

65 1378 131 1406 vinis
159 1378 291 1411 oraculis;
307 1378 458 1413 insurgere
480 1377 577 1412 poterit
596 1377 696 1405 Christi
722 1378 840 1410 mentio;

63 1425 238 1460 explicabitur
264 1424 393 1459 paulatim
418 1423 477 1458 ejus
500 1423 559 1451 sola
579 1422 723 1456 divinitas;
750 1423 842 1451 omnia

64 1471 118 1498 haec
132 1478 192 1498 cum
207 1469 309 1498 Christi
326 1469 461 1504 adiutorio
476 1467 618 1503 provenire
632 1472 753 1503 possent.

97 1516 169 1544 Sciat
191 1523 256 1551 ergo
270 1516 315 1542 ille
334 1515 416 1542 libros
441 1521 535 1542 omnes
559 1521 628 1550 quos
647 1513 772 1549 princeps
794 1513 843 1541 ha-

890 928 990 950 Vtmus.

926 967 955 994 Si
973 967 1006 994 ad
1024 967 1171 1003 Augustam
1187 970 1331 997 accesserit
1347 971 1481 1005 princeps,
1505 972 1546 999 vel
1567 972 1624 1007 ipsa
1639 972 1674 999 ad

890 1012 977 1043 illum,
1000 1013 1059 1040 sitis
1072 1018 1143 1047 tunc
1166 1021 1215 1040 vos
1232 1021 1339 1048 quoquc
1354 1020 1380 1042 et
1395 1016 1481 1043 oculis
1504 1019 1531 1043 et
1553 1021 1629 1049 gestu
1649 1021 1676 1043 et

889 1057 979 1084 verbis
999 1058 1124 1085 omnibus
1145 1066 1226 1093 quam
1250 1060 1492 1093 eompositissimi;
1518 1061 1608 1088 videat
1630 1061 1674 1088 illa

890 1105 1007 1129 vestram
1025 1103 1219 1130 continentiam
1233 1107 1260 1130 ct
1279 1104 1456 1138 modestiam;
1480 1105 1589 1132 videant
1601 1105 1675 1133 illius

890 1148 1002 1175 comites
1019 1153 1045 1175 et
1060 1149 1235 1184 pedissequaa,
1264 1149 1371 1177 videant
1393 1155 1419 1177 et
1435 1151 1613 1184 admirentur,
1632 1157 1675 1178 at-

891 1201 944 1228 que
956 1193 1018 1221 inde
1028 1192 1120 1221 Jesum
1139 1194 1278 1222 Christum
1291 1195 1434 1223 Dominum
1449 1201 1569 1224 nostrum
1586 1197 1612 1223 in
1626 1205 1674 1223 vo-

891 1239 933 1267 bis
958 1239 1024 1274 ipsis
1059 1240 1221 1267 collaudcnt.
1254 1240 1371 1275 Loquela
1404 1246 1488 1269 vestra
1508 1251 1613 1278 semper
1640 1242 1676 1269 sit

891 1293 972 1320 parca
994 1289 1021 1313 et
1038 1286 1169 1319 modesta,
1189 1291 1270 1322 atque
1295 1287 1424 1322 religione
1444 1288 1517 1316 velut
1539 1288 1593 1315 mle
1613 1297 1676 1316 con-

891 1333 948 1360 dita
963 1333 983 1359 ⁷.
998 1332 1077 1361 Nulla
1092 1341 1203 1368 prorsus
1224 1335 1294 1361 inter
1306 1342 1353 1361 vos
1367 1335 1401 1362 sit
1416 1335 1527 1367 invidia,
1544 1341 1591 1363 aut
1607 1343 1674 1363 con-

892 1377 990 1411 tentio,
1015 1385 1074 1412 quae
1090 1378 1117 1405 in
1136 1385 1244 1406 omnem
1270 1378 1457 1406 confusionem
1472 1384 1498 1407 et
1514 1380 1674 1407 divisionem

891 1429 940 1450 vos
953 1423 1110 1456 deduceret,
1137 1428 1164 1451 et
1184 1424 1223 1452 sic
1238 1432 1346 1460 quoque
1367 1425 1392 1452 in
1413 1425 1503 1452 odium
1527 1426 1627 1454 Christi
1649 1431 1676 1453 et

892 1469 1023 1504 principis
1046 1474 1127 1504 atque
1141 1477 1276 1498 summam
1299 1471 1527 1498 abominationem
1545 1472 1676 1506 perduce-

893 1520 944 1549 ret,
963 1523 1013 1543 nec
1027 1515 1095 1551 lapis
1107 1521 1250 1544 structura:
1262 1521 1360 1544 vestrae
1373 1523 1453 1552 supra
1469 1517 1586 1552 lapidem
1603 1522 1676 1545 star-1

63 1562 161 1595 buerit;
188 1569 259 1596 saepe
280 1561 340 1588 illos
359 1560 478 1587 revolvat
495 1564 521 1586 et
542 1567 591 1587 suo
617 1559 713 1586 ordine
732 1566 779 1593 per
799 1559 843 1585 in-
857 1554 878 1583 C
894 1565 996 1596 posset.

63 1609 144 1636 dicent
157 1609 271 1643 pulchre
287 1607 412 1642 disponat
429 1615 435 1633 :
452 1606 475 1633 si
491 1612 555 1632 vero
578 1612 663 1632 novos
683 1605 725 1632 vel
740 1609 843 1633 veteres

62 1655 204 1682 transcribi
227 1653 342 1685 curabit,
362 1652 468 1679 studeat
490 1651 725 1679 emendatissimos
745 1651 844 1678 habere

63 1701 184 1728 librarios
201 1709 208 1728 :
224 1698 295 1734 qttod
323 1698 345 1725 si
368 1697 426 1725 fieri
448 1704 501 1723 non
524 1699 628 1731 potest,
652 1695 726 1723 viros
749 1695 843 1723 doctos

62 1747 94 1775 ad
106 1746 303 1775 emendandum
316 1745 453 1778 disponat,
470 1743 577 1777 illisque
588 1749 637 1777 pro
651 1742 788 1770 laboribus
800 1743 844 1777 ju-

63 1796 102 1820 ste
122 1792 285 1825 satisfaciat;
305 1795 406 1818 veteres
430 1789 494 1816 item
510 1788 616 1816 codices
628 1795 677 1822 pro
697 1787 844 1822 indigentia

62 1840 186 1867 resarciri
208 1842 344 1874 procuret,
366 1839 496 1870 ornetqtte
511 1842 566 1861 non
581 1838 685 1861 tantum
700 1834 733 1861 ad
748 1841 844 1867 super-

62 1887 180 1914 stitiosos
196 1889 335 1919 sumptus,
357 1886 487 1918 quantum
502 1881 536 1908 ad
551 1880 614 1907 utile
634 1884 822 1907 ornamentum
835 1888 843 1913 ;

62 1933 152 1968 itaque
168 1931 250 1960 scribi
265 1930 291 1957 in
310 1928 455 1964 purpureis
467 1926 632 1954 membranis
645 1930 672 1953 et
683 1925 780 1953 litteris
794 1933 844 1952 au-

62 1979 114 2006 reis
128 1982 199 2005 totos
215 1977 331 2008 codices,
351 1975 403 2003 nisi
426 1973 578 2010 specialiter
593 1972 718 2007 princeps
733 1972 845 1999 deman~

63 2023 176 2056 daverit,
202 2029 257 2048 non
282 2020 408 2053 aﬂectet;
426 2018 517 2046 omnia
533 2022 623 2044 tamen
637 2015 737 2043 Caesari
749 2021 825 2057 grata
836 2035 843 2048 ,

62 2068 179 2094 maxima
195 2074 257 2094 cum
273 2065 424 2093 obedientia
439 2066 627 2099 prosequetur.
650 2061 780 2096 Suggeret
795 2069 844 2095 pro

61 2121 141 2148 posse
154 2118 182 2141 et
197 2112 271 2139 omni
283 2119 344 2138 cum
361 2109 492 2137 modestia
512 2107 638 2143 principi,
656 2111 685 2133 ut
700 2114 747 2134 eos
761 2106 842 2142 legat,

62 2160 102 2186 vel
118 2160 170 2195 legi
186 2158 278 2186 audiat
290 2157 384 2188 libros,
395 2155 440 2190 qui
460 2159 486 2182 et
504 2153 586 2181 statui
602 2155 628 2180 et
646 2152 743 2179 honori
759 2152 842 2183 illius,

62 2213 94 2234 ac
112 2206 222 2234 utilitati
238 2204 322 2239 magis
335 2210 417 2238 quam
436 2199 623 2228 tantummodo
637 2198 766 2233 voluptati
779 2206 842 2225 con-

62 2253 173 2279 veniant
197 2260 204 2278 :
226 2253 321 2277 noscat
346 2248 402 2282 ipse
425 2247 500 2281 prius
519 2245 620 2280 optimc
645 2244 720 2276 ilics;
745 2243 842 2277 saepius

61 2298 159 2325 deinde
175 2303 267 2325 coram
280 2294 401 2330 principe
412 2293 512 2324 laudet,
531 2299 563 2318 ac
580 2298 674 2318 eorum
687 2289 733 2324 qui
745 2297 844 2324 appro-

62 2343 126 2370 bant
142 2341 326 2370 testimonium
338 2344 365 2366 et
375 2339 550 2366 auctoritates
561 2336 702 2364 commode
717 2335 842 2369 explicet,

62 2397 96 2415 ne
110 2396 161 2415 suo
176 2387 266 2415 sensui
281 2391 385 2413 tantum
403 2385 524 2411 videatur
539 2383 627 2410 inniti.

98 2433 167 2461 V'l-ll.
189 2433 240 2466 Qui
261 2440 325 2460 vero
350 2438 449 2466 corpus
466 2429 595 2464 principis
616 2433 713 2455 curare
732 2426 842 2457 habent,

63 2480 118 2507 sint
131 2480 159 2506 in
176 2479 303 2506 omnibus
317 2485 397 2512 qttam
415 2473 621 2511 promptissimi,
636 2472 715 2499 hilari
726 2478 842 2505 semper.

63 2531 92 2553 ut
109 2525 240 2557 diximus,
255 2525 341 2556 vultu,
360 2523 438 2550 faceti
454 2527 660 2554 nonnunquam,
677 2518 723 2545 sed
738 2524 843 2545 summa

63 2579 170 2607 semper
184 2579 245 2599 cum
258 2569 398 2601 modestia,
411 2574 491 2603 quam
513 2567 540 2594 in
558 2565 634 2593 vobis
650 2564 776 2592 omnibus
792 2570 846 2597 pra:

62 2617 170 2644 caeteris
197 2616 278 2643 rebus
300 2614 408 2646 laudet,
435 2613 563 2647 illamque
586 2618 619 2638 ex
641 2610 698 2645 ipsa
717 2607 846 2642 religione

62 2661 165 2690 Christi
189 2660 331 2696 provenire
358 2662 512 2693 cognoscat.
540 2655 605 2683 Sitis
624 2659 651 2682 et
681 2661 728 2681 vos
751 2660 846 2680 omnes

929 1607 975 1635 1x.
995 1607 1028 1635 Et
1056 1612 1104 1640 tu,
1136 1607 1254 1634 Luciane
1279 1607 1457 1641 charissime,
1487 1614 1548 1636 cum
1567 1609 1606 1637 sis
1630 1617 1675 1637 sa-

893 1653 970 1688 piens
985 1653 1007 1685 ”,
1032 1653 1145 1680 libenter
1160 1657 1288 1688 supporla
1305 1653 1464 1688 insipientes
1479 1661 1487 1686 ;
1513 1658 1541 1680 et
1565 1653 1617 1688 ipsi
1632 1663 1677 1682 sa-

894 1699 999 1734 pientes
1016 1699 1092 1725 fiant.

931 1745 1002 1772 Nulli
1017 1752 1137 1780 unquam
1155 1745 1305 1772 molestiam
1321 1744 1428 1776 inferte,
1445 1745 1547 1773 nullum
1560 1746 1593 1773 ad
1606 1747 1676 1775 iram

897 1790 1041 1818 concitate.
1071 1788 1098 1816 Si
1126 1789 1203 1817 vobis
1230 1789 1328 1824 injuria
1351 1790 1504 1824 irrogatur,
1531 1791 1557 1818 in
1582 1790 1676 1819 Iesum

894 1836 1031 1863 Christum
1056 1836 1201 1870 respicite;
1225 1840 1252 1862 et
1274 1836 1502 1870 quemadmodum
1528 1838 1627 1872 optatis
1646 1843 1676 1865 ut

898 1882 974 1910 vobis
991 1882 1047 1916 ipse
1066 1882 1201 1913 remittat,
1221 1882 1259 1908 sic
1282 1886 1307 1908 et
1325 1889 1373 1908 vos
1393 1882 1446 1909 illis
1459 1882 1585 1910 dimittite
1598 1885 1608 1900 ⁹
1625 1893 1631 1910 :
1648 1889 1676 1910 et

895 1930 960 1953 tunc
980 1932 1220 1960 quoque;omnem
1241 1926 1368 1953 invidiam
1399 1926 1622 1961 supplantabitis;
1648 1934 1676 1955 et

894 1977 975 2006 caput
996 1971 1099 2006 antiqui
1124 1972 1255 2005 serpentis
1284 1972 1428 1999 conterctis
1451 1973 1489 2004 ¹⁰,
1510 1973 1556 2007 qui
1579 1975 1676 2000 vestris

895 2017 973 2044 hortis
987 2016 1113 2050 operibus
1127 2020 1154 2043 et
1167 2017 1338 2044 successibus
1351 2017 1424 2044 omni
1443 2025 1504 2044 cum
1521 2019 1619 2045 astutia
1634 2019 1675 2046 in—

895 2063 1019 2090 sidiatur.
1047 2061 1106 2089 Non
1126 2067 1267 2097 praetereat
1281 2063 1338 2090 dies
1359 2063 1424 2097 quin
1438 2068 1589 2097 opportuno
1607 2068 1675 2091 tem-

895 2117 960 2144 pore
978 2109 1040 2136 dato
1054 2109 1154 2143 aliquid
1175 2116 1311 2135 sacrarum
1327 2109 1471 2136 lectionum
1489 2109 1597 2143 legatis,
1623 2109 1675 2138 ali-

894 2154 960 2190 quid
976 2154 1205 2188 contemplcmini,
1224 2161 1272 2181 nec
1285 2161 1369 2181 sacra:
1383 2153 1528 2188 Scriptura:
1540 2154 1674 2181 litteratu-

894 2208 952 2228 ram
966 2207 1079 2235 prorsus
1094 2199 1240 2234 abjiciatis;
1255 2199 1321 2226 nihil
1335 2199 1401 2226 adeo
1416 2200 1533 2226 attimam
1549 2200 1636 2234 pascit
1648 2204 1676 2227 ct

894 2251 1012 2274 mentem
1034 2245 1191 2280 impinguat,
1215 2245 1285 2272 sicut
1301 2253 1385 2273 sacra:
1401 2245 1502 2272 faciunt
1519 2246 1647 2274 lectiones
1666 2257 1673 2274 ε

894 2293 941 2320 sed
963 2299 996 2319 cx
1019 2291 1072 2318 illis
1095 2291 1166 2318 hunc
1184 2291 1301 2317 maxime
1320 2291 1407 2326 capite
1429 2291 1557 2323 fructum,
1576 2296 1606 2318 ιιι
1625 2300 1674 2326 pa-

893 2338 986 2365 tientia
1008 2341 1098 2365 vcstra
1114 2336 1188 2369 juste
1210 2341 1236 2364 et
1260 2336 1321 2371 pie,
1350 2337 1402 2364 hoc
1427 2341 1468 2364 est
1493 2337 1518 2363 in
1544 2338 1675 2365 charitate

892 2382 1009 2414 Christi,
1028 2386 1116 2409 vestra
1136 2380 1220 2407 cilicia
1240 2380 1425 2415 cxsequamini
1439 2400 1446 2411 ,
1470 2385 1496 2407 et
1519 2381 1674 2408 transitoria

894 2429 986 2455 omnia
1001 2429 1036 2455 ob
1051 2428 1110 2462 ejus
1127 2426 1318 2461 promissionos
1341 2431 1456 2453 aeternas
1479 2427 1673 2457 contemnatis.

896 2481 956 2508 qua:
971 2481 1036 2501 sane
1051 2480 1160 2500 scttsunt
1174 2480 1281 2499 omnem
1303 2475 1330 2498 et
1346 2471 1509 2498 intellectum
1525 2471 1674 2498 humanum

896 2524 1058 2554 exsuperant
1072 2519 1104 2552 “,
1119 2524 1146 2545 et
1160 2526 1208 2545 vos
1222 2518 1293 2552 ipsos
1309 2517 1336 2544 in
1352 2516 1505 2544 felicitatem
1519 2521 1674 2551 perpetuam

897 2566 1056 2593 conduccnt.
1076 2565 1141 2592 Vale
1155 2564 1266 2592 feliciter
1277 2563 1304 2590 in
1316 2562 1436 2595 Christo,
1450 2562 1486 2589 mi
1499 2562 1606 2590 domine
1622 2561 1676 2589 Lu-

896 2618 983 2639 erane.

115 2726 127 2741 ἰ
144 2720 251 2748 Coloss.
271 2726 308 2752 tv,
324 2717 350 2744 6.
389 2715 432 2743 'lI
446 2716 508 2743 Cor.
528 2723 566 2748 ιι,
580 2714 624 2741 l9.
659 2714 670 2728 '
691 2712 774 2739 Marc.
789 2719 827 2741 tn,

926 2711 947 2726 ¹⁰
966 2710 1044 2737 Rom.
1060 2717 1116 2743 xrt,
1136 2708 1181 2736 20.
1220 2709 1240 2724 ¹¹
1257 2706 1371 2742 Philipp.
1386 2714 1423 2738 tv,
1439 2705 1463 2732 7.

99 2782 157 2817 (l9)
177 2780 315 2808 Notandus
333 2778 378 2805 hic
396 2778 483 2817 locus,
495 2775 547 2817 _ubi
561 2771 844 2817 auctpril'audatl‘divi:

64 2807 311 2850 nasisct'iptnras...
323 2821 425 2850 quas...
438 2807 845 2850 Ptolcmgeusnf’hilndelphnsinv

65 2842 317 2881 iiscbaulnosnu
332 2842 444 2876 'traduci
461 2847 571 2874 curavit.
595 2843 663 2871 Hinc
673 2844 735 2878 jure
757 2842 846 2876 arguit

898 2771 1038 2801 Achcrius.
1065 2771 1134 2798 hanc
1158 2768 1298 2804 epistolam
1315 2767 1348 2794 ab
1363 2767 1471 2793 homine
1485 2765 1580 2795 Graeco
1594 2765 1677 2794 fuisse

898 2808 1084 2842 perscriptam.
