1865 3042
640 175 1706 192 mw

689 303 1318 411 ADDENDA

850 623 1141 669 MONITUM

212 734 256 764 Ad
284 733 455 772 sequentia
475 732 622 771 Dionysii
652 731 860 762 Alexandrini
879 730 912 761 in
929 739 1048 761 sacram
1065 730 1258 768 Scripturam
1277 729 1603 761 Commentariorum
1622 727 1790 768 fragments.

185 814 320 847 (Gallandii
332 814 444 840 Biblioth.
457 817 502 839 vet.
515 815 594 844 Patr.,
604 813 717 845 Append.
730 813 760 837 ad
784 816 841 837 tom.
856 811 1244 873 X;¥,llqst;;aéii:tgs?3mortuo,
1257 811 1435 843 eomplemenli
1448 817 1526 836 causa
1540 810 1574 835 ah
1587 810 1692 835 erudito
1703 810 1805 839 Anon)!»

222 1034 356 1069 Quidquid
373 1034 471 1069 passim
484 1034 515 1060 ab
529 1033 589 1061 aliis
607 1033 708 1060 editum
724 1033 810 1068 fuerat
831 1034 861 1061 de
876 1032 1004 1068 Operibus
1019 1034 1141 1069 Dionysii
1154 1034 1339 1067 Alexandrini,
1352 1035 1458 1070 collegit
1472 1035 1536 1070 jam
1551 1034 1723 1062 Gallandius
1736 1034 1759 1060 in
1771 1041 1806 1060 su

186 1080 350 1108 Bibliotheca
367 1082 465 1115 (supra
478 1080 528 1107 col.
548 1080 639 1114 i253),
658 1080 732 1115 cujus
751 1081 833 1107 etiam
845 1081 951 1107 erudita
964 1080 1145 1116 pralegomena
1162 1081 1262 1108 consuli
1277 1087 1408 1116 poterunt.
1425 1081 1520 1116 cheri
1535 1086 1677 1116 praeterea
1690 1082 1740 1108 tria
1751 1082 1806 1107 illius

184 1130 333 1164 fragmenta
351 1136 366 1154 α
381 1127 546 1162 Bonjoannio
565 1128 706 1163 descripta.
731 1127 849 1154 Primum
870 1126 1052 1161 complectitur
1070 1127 1170 1154 scholia
1186 1127 1442 1155 Commentariorum
1462 1129 1521 1162 ejus
1537 1129 1577 1154 ad
1594 1129 1710 1155 initium
1728 1127 1804 1155 Eccle-

183 1176 284 1208 siastte,
301 1175 420 1201 videlicet
437 1183 453 1200 a
463 1175 548 1210 capite
559 1182 578 1204 l.
591 1183 655 1201 vers.
669 1175 694 1206 1,
708 1174 742 1200 ad
758 1179 837 1208 caput
849 1181 889 1206 nl,
903 1181 970 1199 vers.
982 1173 1025 1199 ll.
1041 1172 1140 1200 Revera
1155 1173 1309 1208 Dionysium
1327 1179 1446 1200 nostrum
1464 1174 1490 1200 in
1502 1175 1679 1208 principium
1692 1173 1807 1200 Ecclesia-

181 1227 230 1250 sta:
242 1222 323 1256 fuisse
343 1225 555 1253 commentatum,
570 1221 651 1256 liquet
668 1229 700 1248 ea:
712 1221 824 1248 Eusebia
836 1220 885 1255 (1),
904 1228 917 1247 u

1068 1219 1178 1255 Dionysii
1192 1220 1309 1250 epistolis
1323 1220 1430 1254 loquens
1447 1228 1456 1247 .'
1472 1221 1650 1255 Βασιλείδῃ
1669 1221 1729 1247 τῶν
1744 1222 1804 1247 κατὰ

183 1266 559 1301 Πεντάπολιν.παροικιῶν
576 1267 730 1300 ἐπισκόπῳ
748 1275 876 1301 τραφων,
899 1267 995 1301 φησὶν
1016 1266 1125 1294 ἑαυτὸν
1144 1267 1188 1299 εἰς
1200 1265 1258 1300 τὴν
1280 1266 1379 1301 ἀρχὴν
1397 1267 1540 1302 διήγησιν
1560 1268 1753 1302 πεποιῆσθαι
1771 1268 1811 1295 τοῦ

188 1315 437 1350 Ἐκκλησιαστοῦ.
462 1324 471 1340 ι
487 1314 528 1341 Ad
545 1313 690 1341 Basilidem
711 1313 975 1348 Pentapolitanarum
999 1313 1176 1340 Ecclesiarum
1195 1313 1343 1348 episcopum
1368 1314 1504 1346 scribens,
1536 1314 1578 1340 ait
1598 1322 1629 1341 se
1659 1314 1811 1341 elucubrsu

180 1363 375 1389 enarrationem
397 1361 425 1388 in
446 1361 605 1396 principium
631 1352 808 1387 Ecclesiast'az.
824 1369 833 1385 ι
857 1359 915 1392 Quo
937 1360 1042 1394 quidem
1066 1361 1093 1386 in
1115 1359 1173 1386 loco
1195 1360 1315 1387 nonnulli
1341 1360 1429 1395 legunt
1448 1361 1735 1395 Ὲκκλησιαστικσῦ
1750 1369 1758 1386 ;
1772 1361 1807 1387 scd

186 1406 216 1435 Ἐ
220 1408 425 1442 κκλησιιιστοῦ
438 1408 573 1443 legendum
589 1415 644 1435 esse
655 1412 749 1442 praeter
763 1407 842 1441 ﬁdem
856 1406 1013 1433 scholiorum
1032 1411 1193 1440 nostrorum,
1207 1411 1231 1434 et
1242 1412 1353 1434 veterem
1365 1407 1606 1441 Christophorsoni
1620 1408 1810 1442 interpretatio-

181 1462 238 1481 nem
271 1455 419 1482 testimonio
437 1459 477 1481 est
498 1456 578 1482 etiam
591 1454 737 1489 Procopius
750 1453 873 1485 Gaurus,
893 1454 937 1488 qui
954 1453 988 1480 ad
1006 1452 1098 1481 Cenes.
1120 1462 1178 1489 cap.
1200 1462 1230 1481 ιιι
1244 1474 1251 1486 ,
1267 1462 1329 1489 pag.
1342 1453 1391 1487 76,
1412 1454 1509 1489 allegat
1530 1454 1701 1489 hujusmodi
1728 1455 1775 1482 scltt
1796 1462 1811 1480 α

181 1503 304 1539 Dionysii
317 1505 400 1530 nostri
418 1503 447 1529 in
461 1502 648 1529 Ecclesiasten.

216 1551 334 1577 Alterum
353 1550 475 1584 Dionysii
497 1550 689 1585 fragmentum,
710 1553 749 1576 est
769 1548 843 1575 illius
863 1548 952 1583 exposi

1072 1553 1129 1583 tput
1142 1548 1220 1575 Luca:
1238 1557 1312 1580 xx",
1330 1557 1396 1576 vers.
1408 1548 1453 1580 42,
1466 1549 1512 1580 43,
1524 1548 1573 1579 st.
1586 1548 1638 1581 45,
1654 1550 1703 1581 66,
1718 1549 1763 1581 47,
1775 1550 1808 1576 ὶδ-

181 1598 311 1634 Equidem
329 1607 382 1625 non
401 1598 519 1630 aliunde,
536 1598 604 1633 quod
624 1598 718 1629 sciam,
738 1600 857 1628 constat,
872 1596 1029 1631 Dionysium
1049 1601 1167 1623 nostrum
1184 1597 1212 1623 in
1226 1596 1324 1623 Lucam
1344 1596 1443 1623 scholia
1462 1597 1616 1630 scripsisse.
1637 1597 1719 1624 Fieri
1740 1602 1810 1623 tamen

179 1647 220 1672 vel
234 1647 307 1672 istud
320 1646 415 1680 potuit,
431 1654 489 1672 cum
506 1645 565 1680 jam
583 1644 786 1680 aliquammulta
805 1644 963 1677 scriptorum
977 1643 1034 1677 ejus
1047 1643 1211 1670 intercidisse
1222 1648 1321 1670 constet
1334 1651 1343 1670 :
1358 1644 1396 1670 vel
1406 1644 1486 1670 etiam
1498 1650 1530 1670 e1:
1543 1642 1611 1670 aliis
1630 1643 1694 1677 ejus
1706 1645 1811 1678 operibu

180 1699 275 1722 auctor
291 1694 396 1722 Catena:
413 1695 510 1721 codicis
533 1694 617 1721 nostri
638 1693 723 1728 potuit
737 1693 850 1720 lacinias
864 1693 925 1719 illas
941 1692 1109 1727 decerpsisse,
1125 1698 1150 1720 et
1165 1692 1218 1719 illis
1237 1692 1372 1720 versiculis
1388 1692 1568 1724 subiunzisse.
1584 1691 1670 1719 Certe
1684 1693 1713 1719 in
1725 1692 1810 1719 Calais

181 1751 198 1769 α
215 1743 246 1769 D.
262 1742 363 1769 Thoma
378 1742 489 1769 collecta
507 1742 650 1776 Dionysius
671 1741 757 1768 locum
780 1749 856 1768 suum
875 1741 974 1775 passim
998 1741 1105 1769 obtinet.
1129 1740 1304 1773 Quamobrem
1329 1739 1396 1767 nihil
1414 1745 1451 1767 est
1475 1748 1524 1766 cur
1543 1740 1735 1775 fragmentum
1755 1739 1810 1766 illud

182 1795 274 1816 nostra
289 1789 413 1824 scriptori
428 1789 619 1822 abiudicemus.

221 1835 349 1870 Equidem
370 1835 397 1861 in
419 1835 456 1861 eis
472 1835 607 1862 Christum
628 1843 792 1870 nequaquam
814 1837 941 1871 sanguine
961 1835 1070 1862 sudasse
1084 1833 1135 1860 sibi
1152 1833 1216 1861 velle
1233 1833 1344 1865 videtur,
1358 1841 1513 1868 sensumque
1540 1834 1720 1868 evangelista:
1741 1834 1811 1868 fuisse

181 1879 338 1917 proverbiali
357 1880 487 1907 locutione
505 1881 622 1914 ianitore,
653 1890 663 1906 ‹
680 1880 757 1913 Quod
777 1890 828 1908 non
843 1883 963 1908 tenuibus
977 1880 1134 1916 quibusdam
1155 1879 1276 1914 guttulis,
1289 1880 1415 1916 quasique
1433 1880 1467 1906 ad
1482 1880 1618 1906 indicium
1637 1881 1720 1906 modo
1736 1888 1808 1914 appi-

182 1927 310 1958 rentibus,
328 1926 495 1953 Dominicum
509 1934 602 1960 corpus
622 1926 825 1960 perslillaverit;
845 1927 890 1954 sed
907 1927 975 1962 quod
995 1935 1051 1954 vere
1066 1926 1217 1953 uberiorum
1229 1930 1362 1961 guttarum
1377 1927 1464 1952 instar
1484 1931 1569 1953 totum
1592 1928 1742 1955 sudoribus
1760 1936 1809 1962 ptr-

182 1973 351 2007 fnna'ehatur.
367 1982 376 1998 ›
401 1972 518 1999 Proinde
540 1972 571 1999 ab
588 1980 617 1999 eo
634 1972 735 1999 dictum
753 1973 834 2008 fuisse
853 1973 893 2006 ὡς
912 1975 938 2000 οὶ
959 1973 1087 2008 θρόμϐοι.
1109 1981 1118 1998 α
1135 1976 1164 1998 ut
1181 1973 1294 2007 grummi
1313 1972 1460 2007 sanguinis.
1476 1982 1485 1998 ι
1514 1973 1648 2004 Alioquin
1665 1983 1720 2001 non
1739 1976 1809 2010 fuisse

179 2020 315 2046 dicturum
327 2019 361 2046 ad
374 2019 462 2045 instar
474 2019 567 2045 horum
585 2019 665 2053 fuisse
681 2018 789 2045 sudores
801 2018 910 2046 Christi.
931 2018 1065 2053 Quidquid
1082 2027 1159 2054 porro
1176 2019 1209 2045 sit
1224 2018 1255 2044 de
1267 2018 1346 2052 hujus
1367 2019 1597 2053 interpretalionis
1619 2021 1745 2052 veritate,
1760 2029 1808 2056 φα

182 2065 351 2099 fundamento
374 2065 498 2092 innititur
516 2065 583 2092 satis
601 2065 723 2100 infirmo;
743 2066 803 2092 inde
821 2070 905 2092 tamen
926 2065 978 2092 loci
995 2065 1078 2100 ipsius
1099 2066 1259 2101 γνησιότης
1278 2065 1377 2100 liquido
1399 2066 1588 2100 conﬁrmatur,
1614 2076 1664 2094 nec
1679 2068 1807 2095 adcersun

180 2121 254 2141 veras
272 2113 370 2140 Christi
386 2114 520 2148 passiones
537 2113 679 2148 quidquam
700 2112 812 2145 Marcio,
834 2112 991 2140 Valentinus
1009 2113 1106 2148 aliique
1121 2117 1235 2141 veterum
1257 2113 1439 2140 hrcreticorum
1458 2114 1511 2148 ﬁlii
1531 2116 1682 2144 extundere
1700 2122 1805 2152 possunt,

180 2167 240 2186 cum
258 2159 404 2193 prwsertim
423 2158 512 2184 statim
531 2157 656 2192 subjiciat
668 2157 832 2192 Dionysius:
849 2167 860 2183 ‹
874 2157 1067 2185 Ostendebatur
1084 2158 1164 2185 etiam
1182 2167 1228 2193 per
1240 2159 1368 2185 sudorum
1386 2160 1550 2194 crassitiem,
1565 2162 1633 2195 quia
1648 2164 1805 2190 naturaliter.

179 2210 204 2232 ct
221 2207 323 2240 reipsa,
343 2213 395 2232 non
416 2212 474 2231 vero
494 2205 578 2240 specie
600 2211 674 2232 tenus
696 2209 721 2232 et
743 2205 908 2240 phantastice
931 2205 1007 2231 homo
1031 2209 1088 2232 erat
1107 2203 1238 2238 Salvator,
1262 2211 1285 2233 et
1304 2205 1473 2233 naturalibus
1493 2206 1650 2240 hominum,
1675 2210 1804 2244 inculpa'it

181 2255 279 2283 tamen,
299 2251 424 2278 serviebat
439 2251 618 2282 passionibus.
634 2261 642 2277 ι
658 2250 724 2278 Sunt
740 2256 765 2278 et
780 2251 834 2278 alia
851 2250 971 2285 quaedam
989 2251 1017 2277 in
1033 2251 1072 2278 Itis
1089 2251 1242 2286 fragmentis
1264 2251 1298 2278 ad
1308 2251 1494 2286 conﬁrmanda
1516 2253 1651 2288 dogmata
1665 2254 1804 2281 Christiana

180 2299 419 2333 opportunissima,
440 2299 588 2334 cujusmodi
607 2299 646 2325 est
657 2299 724 2325 illud
737 2300 806 2333 quod
825 2299 854 2324 in
867 2298 944 2325 tertio
955 2298 1102 2333 fragmento
1115 2299 1229 2324 occurrit
1243 2298 1275 2325 de
1295 2298 1362 2325 Filii
1376 2301 1606 2334 ὀμοουσιὸτητι.
1622 2302 1701 2334 Quod
1714 2302 1804 2337 quidm

181 2347 260 2373 etiam
273 2346 431 2373 Callandius
443 2346 570 2373 edendum
584 2347 686 2373 curavit
700 2347 737 2382 (2)
750 2355 757 2373 :
771 2346 815 2374 sed
828 2354 874 2372 nos
883 2351 987 2381 propter
999 2345 1139 2373 nonnullas
1149 2346 1325 2382 discrepantes
1337 2347 1475 2382 lectiones,
1491 2353 1518 2376 et
1529 2349 1593 2376 novi
1602 2349 1710 2378 Codicis
1724 2358 1802 2377 norm

183 2394 370 2420 auctoritatem
386 2393 594 2429 subjungcndum
611 2393 819 2421 antecedentibus
838 2393 996 2420 censuimus.

217 2475 256 2511 (1)
272 2474 307 2503 Η.
321 2476 354 2503 Ε.
372 2475 417 2504 lib.
431 2484 480 2508 vn.
498 2483 556 2511 cap.
573 2475 618 2503 26.

1056 2475 1093 2511 (2)
1109 2475 1184 2503 Tom.
1199 2474 1242 2508 III,
1260 2483 1286 2510 ρ.
1310 2475 1365 2502 €97.
