1865 3042
97 144 168 172 1581

598 149 870 178 COMMENTARIUS
889 149 922 177 IN
941 149 1105 178 ECCLESIA
1111 150 1210 178 STEM.

1648 158 1658 183 ἔ
1665 156 1717 185 ΡΫ-ῒὲ

95 202 148 228 καὶ
164 202 324 238 οικογεενεῖς
346 205 485 240 ἐγένοντό
496 215 556 241 μοι.
573 209 663 243 Καίγε
682 208 790 243 κτῆσις
805 209 877 241 ,ϐου-

971 208 1008 234 Ιιί.
1039 209 1256 242 ΑΙηυίροδεεεΑἰο
1284 211 1394 237 armeuli
1421 216 1446 238 et
1471 213 1553 247 gregis
1577 213 1628 247 fuit
1652 215 1717 241 mihi

95 249 203 275 κομίζου
226 250 275 276 καὶ
299 251 437 285 ποιμνίου
461 252 579 288 ἐγένετό
594 263 644 289 μοι
666 255 778 289 πολλὴ,
806 255 882 289 ὑπὲρ

95 294 213 328 πάντας
232 296 303 330 τοὺς
321 299 501 333 γενομένους
518 299 688 334 ἔμπροσθέν
699 310 758 335 μου
773 301 807 328 ἐν
829 303 880 328 ’Ῑε-

92 341 266 377 ρουσαλήμ.

133 388 206 423 Στιχ.
223 391 256 424 η’.
275 389 451 426 Συνήπτιγόν
463 399 514 426 μοι
535 392 585 419 καί
600 401 638 427 ’γε
658 393 809 428 ἀργύριον,
831 395 881 420 καί

95 441 132 467 τε
139 434 275 468 χρυσίον,
285 436 334 462 καὶ
343 438 596 472 περιουσιασμοὺς
603 438 661 465 τῶν
665 439 820 470 ,βασιλέων
830 440 878 466 καὶ

95 477 157 504 τῶν
171 478 283 513 χωρῶν.
309 479 451 514 Ἐποίησά
462 490 512 515 μοι
529 481 657 514 ᾅδοντας
669 482 718 510 καὶ
735 482 878 516 ᾀδούσας,

94 524 145 550 καὶ
158 524 332 559 τρυφήματα
344 525 396 552 τοῦ
410 526 476 552 υἱοῦ
487 526 540 553 τοῦ
554 526 720 561 ἀνθρώπου,
741 528 880 562 οἰνοχόας

94 569 145 595 καὶ
160 570 308 604 οἰνοχόον.

133 614 206 650 Στιχ.
219 615 252 642 ϐ’.
265 616 319 642 Καὶ
332 616 547 652 ἐμεγαλύνθην,
558 617 605 644 καὶ
617 617 789 652 προσέθηκα
800 619 879 653 παρὰ

95 660 212 694 πάντας
226 661 254 688 οἳ
273 661 410 697 ἐγένοντο
423 662 592 698 ἔμπροσθέν
603 672 662 698 μου
677 664 712 690 ὲν
732 664 877 698 Ἰερουσα-

93 707 167 742 λήμ.
191 709 247 735 Καί
259 717 291 743 γε
307 709 399 743 σοφία
412 709 523 744 ἐστάθη
538 719 597 744 μοι.

131 754 206 789 Στιχ.
231 757 256 780 ι’.
280 755 333 781 Kal
351 754 412 782 πᾶν
428 754 443 782 ὂ
460 756 579 790 ᾔτησαν
593 757 619 783 οἱ
642 757 789 791 ὀφθαλμοί
806 766 875 792 μου,

93 799 151 824 οὐκ
176 798 302 832 ἀφεῖλον
322 799 372 826 ἀπ’
395 799 502 826 αὐτῶν.
531 801 590 827 Οὐκ
616 801 796 828 ἀπεκώλυσιι
820 801 877 836 τὴν

93 844 222 878 καρδίαν
232 853 291 878 μου
309 845 367 872 ἀπὸ
381 845 482 880 πάσης
499 846 700 881 εὐφροσύνης.

935 254 1028 286 multa,
1051 262 1104 288 pra-
1123 254 1242 282 omnilnu
1260 256 1305 289 qui
1327 255 1433 290 fuerunt
1454 263 1515 285 ante
1532 266 1571 284 me
1587 259 1615 285 in
1634 258 1716 286 Jeru-

932 298 1022 325 salem.

974 385 1005 412 V.
1024 385 1050 413 8.
1069 385 1168 420 Collegi
1185 387 1249 413 milii
1265 392 1342 421 atque
1357 393 1504 422 argentum,
1518 393 1595 423 atque
1609 397 1715 421 aurum.

931 436 956 458 et
972 432 1135 467 substantias
1150 441 1238 468 regum
1253 437 1276 459 et
1293 434 1437 468 regionum.
1462 432 1524 460 Feci
1541 434 1604 460 milii
1624 441 1716 462 canto-

932 487 972 505 res
984 483 1008 505 et
1021 480 1191 512 cantatrices,
1208 485 1232 506 et
1252 479 1441 506 oblectamenta
1461 481 1512 515 ﬁlii
1529 481 1651 514 hominis,
1666 490 1715 516 po-

931 523 991 550 cula
1005 528 1028 550 et
1041 523 1222 558 pocillatorem

965 607 996 635 V.
1010 608 1036 635 9.
1053 608 1087 635 Et
1099 610 1282 644 magniﬁcatus
1297 618 1366 642 sum,
1382 615 1405 638 et
1422 611 1508 646 adjeci
1527 621 1582 647 pra:
1595 614 1712 640 omnibus

930 654 974 687 qui
996 654 1101 688 [uerunt
1121 659 1181 682 ante
1200 663 1239 682 me
1256 656 1283 682 in
1305 655 1462 684 Jerusalem.
1488 657 1565 692 Atqui
1584 659 1713 693 sapientia

929 699 1000 725 stetit
1018 699 1091 727 mihi.

966 743 996 770 V.
1020 744 1062 771 10.
1086 744 1120 770 Et
1139 753 1214 772 omne
1238 746 1308 781 quod
1331 747 1528 780 postulaverunt
1550 749 1620 776 oculi
1645 751 1710 781 mei.

928 797 979 816 non
998 789 1096 816 abstuli
1115 791 1147 817 ab
1161 791 1208 818 eis.
1232 791 1291 819 Non
1306 792 1426 826 prohibui
1437 801 1482 819 cor
1497 802 1580 820 meum
1596 795 1627 820 ab
1641 797 1712 822 omni

927 835 1032 862 laetitia.

129 889 257 925 Θεωρεῖς,
273 890 347 922 ὅπως
359 878 461 926 πλῆὒοξ
474 878 561 919 οἴκεον
571 892 619 919 καὶ
639 878 740 928 ἀγρῶν,
762 893 808 920 καὶ
822 893 876 920 τῶν

968 881 1044 910 Vides
1064 884 1201 918 quomodo
1223 885 1421 913 multitudinem
1436 888 1577 914 domorum
1592 892 1619 915 et
1632 896 1712 923 agro-

91 935 206 967 λοιπῶν,
223 932 260 962 ὧν
279 944 369 971 φησιν,
388 936 550 972 ἀριθμήσας,
565 935 624 964 εἶτα
641 938 722 973 μηδὲν
733 940 760 965 ἐν
774 939 878 972 τούτοις

91 981 236 1016 ὲπικερδὲς
254 982 353 1018 εὑρών·
370 983 430 1010 οὐδὲ
442 983 496 1018 γὰρ
509 984 559 1020 τὴν
571 985 659 1020 ψυχὴν
671 986 701 1017 ἐξ
716 987 804 1012 αὐτῶν
817 986 876 1021 βελ-

91 1027 158 1053 τίων
171 1027 287 1061 ὲγένετο,
301 1028 360 1054 οὐδὲ
377 1028 420 1055 διὰ
430 1029 508 1056 τοῦτο
520 1030 570 1066 τὴν
581 1031 648 1066 πρὸς
664 1031 729 1057 Θεὸν
742 1031 877 1059 οἰκείωσιν

89 1074 238 1108 ἐκτήσέι.·τ;ο⁸
254 1075 408 1109 ἀναγκαίως
417 1076 463 1102 ἐπὶ
474 1076 519 1103 τὸν
534 1076 619 1112 ἀληθῆ
631 1077 755 1109 πλοῦτον,
769 1077 815 1104 καὶ
828 1077 877 1114 τὴν

92 1118 205 1152 βεῦαίαν
214 1119 328 1155 ὓπαρξιν
337 1120 381 1146 τὸν
395 1120 472 1154 λόγον
483 1121 667 1157 μετατίθησιν.
683 1123 772 1155 Δεῖξαι
789 1123 877 1150 τοίνυν

91 1164 233 1200 βουληθεὶς
260 1167 324 1193 ποῖα
344 1166 397 1193 τῶν
422 1167 568 1202 κτημάτων
590 1168 695 1194 ἵσταται
718 1168 755 1203 τῷ
776 1178 877 1204 κτησα-

90 1210 178 1246 μένῳ,
196 1211 271 1246 μένει
283 1220 313 1238 τε
323 1212 397 1248 αὐτῷ
405 1213 535 1248 διηνεκῶς
546 1214 593 1240 καὶ
603 1213 728 1245 σώζεται,
741 1215 875 1250 ἐπήγαγε·

91 1257 149 1284 Kal
162 1266 194 1292 γε
205 1258 297 1292 copia
306 1258 416 1293 ἐστάθη
426 1268 487 1293 μοι.
503 1260 578 1295 Μόνη
588 1260 642 1295 γὰρ
658 1260 726 1296 αὕτη
745 1261 828 1297 μένει,
842 1261 877 1288 τὰ

86 1301 113 1327 δ’
124 1301 192 1328 ἄλλα
207 1302 301 1337 φεύγει
317 1302 364 1329 καὶ
378 1303 535 1338 ἀφίσταται,
549 1304 598 1331 ὅσα
612 1304 716 1339 φθάσας
729 1306 874 1342 ἠρίθμησε.

89 1349 187 1382 ,Σοφία
200 1348 289 1376 τοίνυν
316 1348 428 1384 ἐστάθη
436 1359 496 1385 μοι,
512 1350 589 1385 κάγὼ
601 1351 634 1377 δι’
648 1351 733 1387 αὐτὴν
748 1352 873 1388 ἐστάθην.

97 1394 206 1421 Ἐκεῖνά
220 1403 249 1420 τε
268 1395 323 1431 γὰρ
335 1394 440 1429 πίπτει,
458 1396 504 1423 καὶ
517 1398 609 1424 πεσεῖν
623 1399 694 1424 ποιεῖ
710 1398 772 1430 τοὺς
785 1399 876 1431 αὐτοῖς

89 1439 295 1475 ἐπιτρέχοντας.
321 1441 400 1467 Ἀλλὰ
422 1440 477 1477 γὰρ
500 1441 641 1477 σύγκρισιν
657 1442 741 1469 θεῖναι
756 1444 805 1479 τῆς
830 1452 876 1471 σο-

90 1485 167 1519 φίας,
191 1486 238 1512 καὶ
257 1485 305 1521 τὴν
324 1486 363 1522 (7)
386 1486 535 1523 ἀνθρώπων
559 1488 670 1522 ἀγαθῶν
692 1489 876 1524 νομιζομένων

90 1531 262 1567 βουλόμενος,
277 1533 362 1560 ταῦτα.
375 1534 497 1569 ἐπήγαγε
508 1544 515 1549 ·
532 1535 585 1561 Καὶ
604 1534 665 1563 πᾶν
683 1535 699 1562 ὃ
716 1536 834 1570 ᾔτησαν
848 1537 875 1564 οι
889 1545 910 1575 (ς

90 1579 240 1612 ὀφθαλμοί
245 1587 316 1613 μου,
325 1580 380 1606 οὐκ
391 1579 516 1614 ἀφεῖλον
522 1581 572 1608 ἀπ’
583 1581 690 1614 αὐτῶν,
700 1581 746 1608 καὶ
755 1581 789 1608 τὰ
801 1581 872 1618 ἑξῆς·

89 1624 122 1650 οὐ
144 1624 223 1659 μόνον
238 1626 348 1657 τούτους
371 1625 490 1658 κακίζων
509 1628 572 1659 τοὺς
597 1628 723 1663 μόχθους,
746 1628 793 1660 οὓς
806 1629 830 1655 oi
844 1629 874 1656 ἐν

89 1669 245 1707 εὐφροσύνῃ
268 1672 424 1707 τρυφῶντες
450 1674 582 1709 πάσχουσι
610 1674 781 1709 μοχθούντες,
807 1675 874 1702 ἀλλὰ

89 1716 139 1742 καὶ
152 1715 199 1747 οὓς
214 1717 282 1752 πρὸς
292 1718 414 1753 ἀνάγκην
429 1719 476 1745 καὶ
489 1719 550 1754 βίαν
559 1720 583 1746 οἱ
594 1719 731 1755 ἄνθρωποι
745 1720 874 1756 μοχθοῦν-

90 1771 136 1794 τες
159 1763 333 1798 ὑπομένουσι,
353 1765 456 1800 τροφῆς
480 1765 570 1792 ἕνεκεν
597 1766 647 1801 τῆς
669 1767 818 1802 ἐφημέρου,
845 1768 874 1794 ὲν

89 1807 184 1844 ἱδρῶτι
193 1809 239 1835 τοῦ
256 1809 400 1846 προσώπου
412 1810 460 1842 τὰς
471 1811 568 1846 τέχνας
580 1811 764 1847 ἐργαζόμενοι.
784 1813 812 1839 '0
826 1813 874 1848 μὲν

88 1853 144 1889 γὰρ
156 1854 255 1889 μόχθος
269 1855 361 1888 πολὺς,
374 1856 466 1891 φησὶν,
483 1858 499 1892 ἡ
513 1857 540 1883 δὲ
554 1858 656 1893 τέχνη-ἡ
669 1859 700 1884 ἐκ
713 1857 759 1885 τοῦ
773 1858 873 1893 μόχθου

89 1900 266 1936 πρόσκαιρος.
288 1901 364 1927 οὐδὲν
388 1902 544 1937 προτιθείσα
568 1903 605 1938 (8)
627 1903 681 1930 τῶν
699 1903 873 1939 τερπομένων

89 1946 234 1982 χρήσιμον.
258 1946 356 1981 Διόπερ
380 1946 410 1972 τὸ
427 1946 521 1982 κέρδος
543 1947 628 1974 οὐδέν.
651 1947 733 1974 Ἔνθα
755 1947 809 1983 γὰρ
824 1947 873 1973 οὐκ

88 1991 149 2018 ἐστι
163 1991 317 2027 περισσεία,
334 1992 394 2018 οὐδὲ
406 1992 511 2028 κέρδος.
528 1993 648 2025 Εἰκότως
659 1993 747 2020 τοίνυν
763 1994 873 2029 ματαιό-

87 2045 141 2072 της
154 2037 188 2063 τὰ
209 2036 420 2070 σπουδασθέντα,
435 2037 484 2064 καὶ
501 2037 672 2071 προαίρεσις
696 2039 872 2073 πνεύματος.

89 2082 205 2118 Πνεῦμα
217 2082 257 2115 δὲ,
270 2082 319 2118 τὴν
333 2082 420 2118 ψυχὴν
432 2082 568 2118 ὀνομάζει.
592 2084 623 2109 'H
637 2083 691 2119 γὰρ
704 2084 872 2120 προαίρεσις,

89 2127 149 2154 ἐστι
176 2127 261 2159 ποιὸν,
284 2127 314 2153 ού
341 2128 455 2164 κίνησις.
475 2128 530 2155 Καὶ
549 2129 563 2155 ό
585 2128 680 2154 Δαϐἱδ·
699 2130 750 2162 Εἰς
774 2129 874 2164 χεῖράς

88 2180 149 2200 σου
172 2174 348 2209 παρατίθημι
371 2174 404 2201 τὸ
428 2174 545 2210 πνεῦμά
564 2184 634 2209 μου.
657 2175 712 2202 Kal
726 2184 758 2210 γε
768 2176 873 2212 ἀληθῶς

89 2219 185 2253 σοφία
197 2219 308 2253 ἐστάθη
325 2229 385 2254 μοι,
399 2220 440 2246 ὅτι
453 2229 486 2256 με
503 2220 604 2254 γνῶναι
622 2221 669 2247 καὶ
690 2221 806 2248 συνιέναι
824 2231 873 2248 πε-

89 2265 189 2300 ποίηκε
209 2265 255 2292 τοῦ
280 2265 368 2300 λέγειν
387 2266 441 2292 πᾶν
459 2267 473 2292 ὅ
492 2275 518 2292 τι
533 2266 583 2293 οὐκ
594 2265 650 2292 ἐστι
670 2266 810 2302 περισσεία
824 2267 876 2293 ὑπὸ

89 2312 137 2339 τὸν
148 2312 232 2347 ἥλιον.
246 2313 277 2338 Εἰ
290 2312 379 2339 τοίνυν
397 2312 499 2346 ἀγαθοῦ
511 2312 623 2348 κέρδους
636 2312 832 2348 ἐπιθυμοῦμεν,
851 2314 875 2340 εἱ

90 2358 250 2394 περισσείαν
261 2358 555 2394 θέλομεν,εἰᾶφθαρτοι
566 2358 700 2394 ζητοῦμεν
711 2357 790 2391 εἶναι,
808 2367 873 2395 μοχ-

90 2405 219 2441 θήσωμεν
231 2405 346 2441 μόχθους
353 2406 415 2437 τοὺς
428 2405 498 2440 ὑπὲρ
508 2405 552 2432 τὸν
566 2405 641 2441 ἥλιον
657 2405 810 2441 τρέχοντας.
832 2406 875 2431 Ἐν

90 2452 198 2483 τούτοις
211 2453 265 2487 γὰρ
277 2452 327 2479 οὐκ
340 2451 398 2479 ἔστι
411 2451 571 2487 ματαιότης,
585 2451 645 2478 οὐδὲ
658 2452 816 2487 προαίρεσις
826 2451 875 2478 τοῦ

90 2498 206 2527 εἰκαίου.
229 2499 278 2525 καὶ
295 2499 382 2534 μάτην
399 2495 450 2526 ὦδε
470 2499 550 2525 κάκεῖ
571 2497 775 2534 περισπωμένου
795 2497 876 2524 πνεύ-

92 2552 187 2579 ματος..

127 2620 201 2660 Στῗχ.
221 2624 265 2659 ιβ’.
283 2623 462 2657 Καὶὲϐλεψα
478 2622 534 2656 ἐγὼ
550 2618 602 2648 τοῦ
618 2621 691 2648 ἰδεῖν
701 2621 811 2656 σοφίαν
827 2620 874 2647 καὶ

91 2673 253 2706 περιφορὰν
271 2670 319 2698 καὶ
335 2669 511 2704 ἀφροσύνην
521 2677 527 2683 ·
545 2668 589 2694 ὅτι
605 2668 650 2700 τίς
666 2667 827 2701 ἄνθρωπος,
842 2666 875 2699 ὃς

90 2719 248 2745 ἐλεύσεται
272 2717 368 2743 ὀπίσω
402 2715 457 2750 τῆς
483 2714 602 2749 ,βουλῆς
629 2714 790 2748 σύμπαντα
818 2713 876 2739 ὅσα

90 2765 235 2798 ἑποΙησεν
249 2764 323 2796 αὕτη
335 2772 341 2795 ;

127 2812 136 2827 ³
152 2810 330 2838 Psal.xxx1x.
346 2809 374 2835 (i-

126 2869 164 2904 (7)
181 2869 251 2895 Τῶν.

928 935 999 961 rum,
1013 936 1045 956 ac
1060 929 1228 964 reliquorum
1251 939 1311 966 qua:
1334 938 1540 965 commemorat,
1560 940 1710 961 euumeret.

928 973 1029 1002 Deinde
1040 975 1107 1002 nihil
1121 976 1147 1003 in
1165 976 1207 1004 his
1220 977 1285 1004 utile
1301 978 1456 1012 reperiens;
1471 986 1520 1005 nec
1535 979 1607 1006 enim
1622 981 1711 1014 quoad

928 1019 1046 1046 animam
1060 1028 1092 1047 ex
1110 1021 1153 1049 his
1175 1022 1270 1049 melior
1287 1029 1420 1056 evaserat,
1439 1031 1527 1058 neque
1543 1031 1590 1058 per
1611 1025 1661 1053 hoc
1673 1025 1712 1052 fa-

929 1065 1111 1094 miliaritatem
1132 1074 1194 1094 cum
1220 1067 1274 1094 Deo
1296 1068 1478 1102 acquisierat;
1496 1070 1651 1098 necessario
1677 1071 1711 1099 ad

927 1119 1006 1140 veras
1027 1113 1153 1146 divitias,
1178 1118 1205 1140 et
1234 1114 1357 1141 stabilem
1384 1115 1530 1142 essentiam
1556 1123 1710 1143 sermonem

928 1157 1064 1186 transfert.
1079 1159 1148 1186 Cum
1163 1159 1246 1195 igitur
1262 1160 1341 1187 vellet
1353 1160 1496 1188 ostendere
1510 1169 1634 1196 quaenam
1652 1170 1711 1197 pos-

927 1204 1064 1232 sessiones
1080 1206 1231 1239 possessori
1251 1211 1436 1240 permaneant,
1453 1211 1627 1241 perseverent
1638 1209 1710 1243 apud

926 1257 988 1276 eum
999 1249 1112 1284 iugiter,
1126 1257 1158 1278 ac
1171 1255 1320 1283 serventur,
1336 1251 1477 1286 subjunxit
1491 1262 1497 1279 :
1514 1253 1593 1287 Atqui
1606 1254 1710 1288 rapien-

927 1294 964 1320 tia
979 1295 1050 1321 stetit
1068 1295 1142 1321 mihi.
1165 1295 1227 1322 Sola
1241 1296 1314 1322 enim
1335 1296 1392 1324 haec
1412 1302 1521 1325 manet:
1538 1302 1635 1326 caetera
1657 1299 1711 1326 dif-

927 1339 1034 1375 fiigiunt
1045 1345 1073 1368 et.
1087 1341 1247 1372 abscedunt.
1261 1349 1430 1377 quaecunque
1440 1349 1518 1371 antea
1529 1345 1707 1373 enumeravit.

927 1384 1065 1420 Sapientia
1082 1386 1172 1421 itaque
1191 1387 1262 1413 stetit
1286 1387 1360 1419 mihi,
1378 1392 1405 1415 et
1423 1395 1472 1421 ego
1484 1396 1532 1423 per
1547 1389 1620 1417 illam
1637 1391 1707 1418 steti.

927 1430 973 1458 Illa
988 1438 1105 1466 namque
1120 1431 1266 1465 excidunt,
1288 1438 1316 1459 et
1335 1433 1503 1468 praecipitant
1524 1440 1657 1470 quotquot
1675 1438 1709 1464 ad

927 1475 972 1502 illa
985 1482 1140 1503 recurrunt.
1157 1477 1192 1503 At
1206 1477 1277 1504 enim
1304 1477 1397 1505 volens
1420 1479 1649 1513 comparationem
1668 1481 1710 1508 in-

927 1519 1038 1548 stituere
1059 1521 1213 1556 sapientiae,
1233 1525 1260 1548 et
1284 1522 1418 1549 honorum
1444 1523 1625 1552 humanorum
1649 1534 1710 1561 qum

929 1566 992 1593 talia
1016 1571 1185 1601 reputantur,
1212 1568 1267 1594 haec
1292 1567 1430 1596 subtexuit
1451 1577 1458 1596 :
1480 1568 1515 1596 Et
1540 1579 1615 1598 omne
1639 1574 1709 1607 quod

927 1612 1123 1646 postulaverunt
1139 1612 1209 1639 oculi
1222 1613 1282 1644 ntei,
1298 1621 1349 1640 non
1365 1614 1464 1641 abstuli
1478 1614 1509 1642 ab
1523 1616 1572 1650 eis,
1587 1621 1614 1644 et
1628 1623 1708 1645 caete—

927 1665 968 1691 ra,
986 1666 1039 1685 non
1055 1659 1135 1686 modo
1150 1659 1236 1687 malos
1253 1659 1399 1687 ostendens
1415 1660 1571 1695 hujusmodi
1591 1662 1707 1696 labores,

927 1711 997 1738 quos
1011 1704 1057 1738 qui
1072 1704 1099 1731 in
1110 1704 1200 1732 laetitia
1214 1705 1347 1737 laborant,
1359 1706 1506 1740 sustinent;
1520 1715 1615 1735 verum
1627 1709 1708 1736 etiam

927 1757 1106 1785 quoscunque
1127 1750 1150 1777 vi
1176 1758 1209 1778 ac
1229 1751 1390 1779 necessitate
1410 1751 1563 1781 laborantes
1584 1754 1709 1783 homines

928 1795 1053 1826 tolerant,
1072 1795 1222 1830 quotidiani
1234 1796 1322 1823 victus
1340 1803 1432 1829 causa,
1451 1796 1478 1823 in
1501 1797 1600 1826 sudore
1619 1799 1709 1828 vultus

927 1846 999 1868 artes
1013 1841 1172 1868 exercendo.
1191 1839 1280 1868 Labor
1304 1841 1376 1868 enim
1395 1842 1496 1870 multus
1518 1847 1577 1877 est,
1602 1843 1707 1879 inquit,

927 1894 972 1914 ars
991 1891 1082 1914 autem
1102 1894 1163 1921 quae
1186 1893 1218 1913 ex
1237 1886 1329 1914 labore
1352 1891 1409 1920 est,
1432 1889 1612 1923 temporaria,
1640 1891 1708 1918 nihil

927 1932 1042 1960 at‘l‘erens
1066 1932 1131 1959 utile
1154 1939 1248 1959 eorum
1273 1940 1333 1967 qua:
1356 1933 1500 1961 delectant.
1525 1934 1708 1968 Quamobrem

926 1979 1008 2006 etiam
1024 1978 1238 2006 emolumentum
1253 1978 1357 2006 nullum
1376 1983 1426 2006 est.
1444 1978 1494 2008 Ubi
1513 1981 1584 2008 enim
1599 1989 1652 2009 non
1667 1988 1710 2010 est

926 2024 1120 2057 exuberantia,
1147 2031 1235 2059 neque
1257 2024 1481 2054 emolumentum.
1508 2026 1604 2055 Merito
1627 2029 1709 2064 igitur

926 2070 1033 2098 vanitas
1055 2075 1120 2098 sunt
1139 2077 1183 2097 res
1209 2070 1280 2098 circa
1303 2078 1372 2105 quas
1390 2075 1463 2099 tanta
1482 2078 1524 2101 est
1544 2074 1707 2104 sollicitudo.

926 2122 950 2144 et
970 2116 1089 2144 uoluntas
1103 2116 1222 2150 spiritus.
1238 2115 1368 2150 Spiritum
1383 2118 1427 2145 hic
1438 2118 1557 2146 animam
1575 2123 1707 2147 nominat.

927 2161 1059 2189 Voluntas
1072 2161 1155 2193 enim,
1171 2165 1213 2188 est
1226 2161 1354 2196 qualitas.
1371 2170 1425 2190 non
1445 2168 1549 2192 motus.
1569 2164 1601 2192 Et
1624 2165 1708 2193 David

927 2209 964 2236 ait
983 2218 988 2235 :
1010 2207 1043 2234 In
1066 2215 1159 2234 manus
1184 2212 1244 2233 tuas
1269 2208 1420 2235 commendo
1441 2209 1562 2244 spiritum
1587 2220 1673 2238 meum
1685 2213 1707 2240 '.

926 2254 1007 2290 Atqui
1023 2261 1085 2281 vere
1098 2253 1228 2287 sapientia
1251 2254 1322 2280 stetit
1339 2254 1413 2287 mihi,
1433 2255 1496 2289 quia
1511 2255 1599 2284 effecit
1613 2262 1644 2284 ut
1659 2266 1708 2293 ego

927 2306 1116 2334 cognoscerem
1137 2306 1169 2325 ac
1194 2298 1388 2333 intelligerem,
1409 2305 1463 2332 quo
1486 2298 1604 2326 dicerem
1628 2308 1709 2328 omne

927 2346 999 2381 quod
1016 2353 1070 2372 non
1086 2349 1129 2372 est
1143 2344 1320 2371 exuberantia
1336 2344 1387 2371 sub
1404 2344 1469 2372 sale.
1486 2344 1514 2371 Si
1530 2353 1593 2380 ergo
1606 2345 1708 2375 bonum

927 2392 1142 2419 emolumentum
1156 2389 1353 2422 desideramus,
1371 2390 1393 2417 si
1407 2390 1612 2418 exuberantiam
1631 2393 1709 2420 volu-

929 2446 1000 2471 mus,
1016 2438 1040 2466 si
1052 2436 1271 2471 iucorruptibiles
1289 2436 1436 2471 quaerimus
1457 2444 1533 2470 esse;
1553 2437 1709 2467 laboremus

929 2483 1036 2510 labores
1051 2481 1098 2517 qui
1121 2481 1191 2508 ultra
1208 2480 1291 2508 solem
1307 2485 1430 2507 currunt.
1450 2480 1480 2506 ln
1505 2480 1548 2507 his
1567 2481 1639 2508 enim
1654 2490 1710 2509 non

929 2533 970 2557 est
980 2529 1097 2561 vanitas,
1112 2534 1200 2562 neque
1214 2527 1339 2554 voluntas
1353 2526 1390 2552 rei
1405 2533 1590 2560 supervacuae,
1612 2533 1639 2554 et
1654 2528 1710 2562 spi-

928 2575 998 2602 ritus
1016 2574 1117 2601 frustra
1130 2572 1202 2600 ultro
1216 2572 1338 2606 citroque
1353 2570 1467 2606 abrepti.

967 2618 997 2646 V.
1015 2618 1058 2647 η.
1081 2618 1119 2644 Ει·
1138 2616 1228 2652 aspexi
1251 2624 1296 2651 ego
1319 2620 1347 2642 ut
1369 2616 1482 2643 uiderem
1502 2617 1668 2650 sapientiam,
1685 2621 1709 2642 et

929 2665 1173 2695 hallucinationcm.
1199 2669 1223 2689 et
1248 2661 1460 2696 imprudentiam.
1486 2661 1557 2688 Nam
1578 2662 1636 2697 quis
1661 2662 1709 2688 lto-

930 2720 983 2743 mo,
999 2711 1043 2745 qui
1060 2710 1107 2742 ibit
1123 2717 1187 2743 pone
1207 2707 1346 2734 consilium
1363 2709 1451 2735 omnia
1470 2716 1628 2743 quwcunque
1646 2707 1710 2743 fecit

934 2758 988 2784 ha’c
998 2757 1010 2783 ἱ)

963 2862 999 2897 (8)
1020 2861 1097 2889 Forte
1116 2859 1295 2895 :pzotﬂﬁn.
