1865 3042
136 70 212 100 5339

711 71 990 100 INTERPRETATIO
1009 71 1041 99 ΙΝ
1064 71 1191 100 LlJCMf.

350 250 806 318 ΔΙΟΝΥΣΙΟΥ
844 247 1476 317 ΑΛΕΞΑΝΔΡΕΙΑΣ
1507 244 1566 283 (ιθ)

811 372 1091 416 ΕΡΜΗΝΕΙΑ

463 463 513 496 Εἰς
525 461 578 490 τοῦ
590 462 675 496 ἀντίου
686 465 870 499 Εὑιηη-ελίου
885 463 959 491 κατὰ
971 464 1090 491 Λουκᾶν
1104 472 1169 498 κεφ.
1185 466 1231 499 κβ¹
1247 466 1325 498 στίχ.
1338 465 1457 498 [ιβ’-,μηκ

481 626 831 691 DIONYSII
881 625 1394 689 ALEXANDRIN
1402 625 1425 686 Ι

708 752 1204 799 INTERPRETATIO

430 853 466 883 In
495 854 524 884 S.
553 853 717 893 Evangelii
747 851 923 883 secundum
943 852 1058 882 Lucam
1080 858 1146 889 cap.
1173 859 1238 881 xm
1260 858 1339 881 vers.
1357 851 1461 883 ιρ-ιε.

170 1011 242 1047 Eax.
263 1012 315 1047 μβ’.
333 1012 436 1047 Πάτερ,
453 1015 479 1040 εί
498 1014 605 1046 ,βούλει
617 1014 812 1048 παρετέγκε-ἷν
822 1014 854 1041 τὸ
870 1022 914 1041 :w-

1008 1013 1040 1040 ν.
1058 1013 1102 1040 12.
1119 1013 1217 1051 Rater,
1233 1015 1256 1041 si
1270 1014 1307 1042 vis
1321 1015 1463 1049 transferre
1475 1015 1540 1042 Imm:
1556 1016 1663 1044 calicem
1680 1026 1694 1044 a
1709 1026 1757 1046 me.

128 1056 236 1090 τὴριον
251 1056 338 1084 τοῦτο
357 1058 408 1085 ἀπ’
424 1058 507 1093 ἐμοῦ.
523 1059 611 1093 Πλὴν
623 1059 666 1094 μὴ
679 1058 711 1085 τὸ
727 1058 839 1094 θέλημά
850 1068 919 1093 μου,

127 1103 213 1131 ἀλλὰ
226 1103 257 1130 τὸ
271 1103 330 1130 σὺν
345 1105 485 1138 γενέσθω.

175 1149 253 1176 Ἀλλὰ
272 1149 359 1176 ταῦτα
381 1150 429 1185 μὲν
452 1149 571 1185 εἰρήσθω
598 1150 661 1185 περὶ
685 1149 732 1176 τοῦ
758 1149 918 1186 θελήματος.

128 1196 170 1222 Τό
184 1205 214 1231 γε
232 1196 295 1232 μὴν,
317 1196 490 1231 Παρελοέτω
503 1197 536 1224 τὸ
552 1196 712 1230 ποτήριον*
727 1197 777 1224 οὐκ
793 1197 850 1224 ἐστι
865 1197 919 1232 (11)

130 1241 172 1276 μὴ
181 1240 363 1277 προσελθέτω.
373 1241 390 1277 ἦ
399 1242 537 1276 ὲγγισάτω
549 1251 603 1277 μοι.
613 1242 650 1269 Τὺ
659 1242 712 1278 γὰρ
720 1243 922 1279 παρερχόμενον

128 1287 242 1319 πάντως
252 1287 312 1314 κατ’
328 1288 429 1322 ἐκεῖνον
442 1288 548 1322 γίνεται
565 1288 708 1324 πρότερον,
725 1289 772 1316 καὶ
783 1290 920 1325 πρόσεισιν

127 1333 287 1369 αὺτῷὲπερ
309 1334 488 1370 παρέρχεται.
507 1335 539 1361 Εἰ
563 1335 618 1371 γὰρ
642 1335 679 1371 μὴ
701 1335 849 1373 πλησιάσῃ,
871 1337 920 1364 οὐκ

129 1378 165 1405 ἂν
181 1378 322 1415 παρέλθοι.
345 1379 500 1406 Οἰκειοῦται
516 1380 571 1415 γὰρ
590 1380 621 1406 τὸ
643 1381 787 1416 πρόσωπον
803 1381 857 1408 τῶν
873 1382 920 1408 ἀν-

128 1424 259 1460 Θρώπων,
281 1424 319 1456 ὡς
335 1425 480 1460 γενόμενος
495 1424 650 1460 ἄνθρωπος,
672 1426 772 1459 Διόπερ
786 1426 831 1453 καὶ
846 1427 918 1457 τότε,

127 1471 163 1497 τὸ
176 1470 224 1506 μὲν
235 1471 265 1497 τὸ
276 1471 372 1498 ἑαυτοῦ
382 1471 413 1497 τὸ
423 1470 531 1499 ἔλαττον
543 1473 715 1508 παραιτεῖται
730 1474 816 1499 ποιεῖν
826 1482 832 1488 ·
849 1474 920 1500 αἰτεῖ

129 1517 159 1544 δὲ
176 1518 205 1545 τὸ
219 1517 266 1544 τοῦ
282 1518 387 1553 Πατρὺς
406 1518 437 1544 τὸ
459 1517 549 1553 μεῖζον
566 1518 701 1552 γενέσθαι,
721 1518 752 1545 τὸ
771 1519 860 1546 Οεῖκὸν
875 1519 919 1545 0.4.-

128 1562 215 1598 λημα,
231 1563 298 1599 ὅπερ
315 1561 395 1589 πάλιν
407 1561 478 1589 κατὰ
491 1561 540 1597 τὴν
560 1561 684 1597 Θεότητα,
699 1561 727 1588 ἒν
744 1561 851 1598 θέλημά
861 1563 919 1588 ὲστι

127 1609 161 1636 τὸ
173 1608 254 1636 αὐτοῦ
267 1608 313 1635 καὶ
324 1608 480 1644 Πατρός.Τὸ
492 1608 546 1644 γὰρ
559 1609 693 1644 Πατρικὸν
706 1607 768 1644 ϐέλη
774 1617 821 1644 μα,
832 1607 864 1635 τὺ
877 1608 919 1635 διὰ

129 1655 284 1691 πειρασμοῦ
301 1654 403 1687 παντὸς
418 1655 520 1690 ὲπίσκη
541 1654 665 1686 διελθεῖν,
684 1654 823 1688 διάγοντος
836 1654 917 1681 αὑτὸν

130 1702 290 1738 Θαυμασίως
306 1702 388 1729 αὐτοῦ
405 1702 453 1729 τοῦ
473 1703 580 1738 Πατρὸς
599 1702 636 1738 μὴ
658 1703 738 1738 μέχρι
757 1702 804 1729 τοῦ
820 1711 917 1738 πειρα-
933 1692 954 1720 Β

131 1748 213 1784 σμοῦ,
236 1749 302 1784 μηδὲ
327 1749 367 1780 εἰς
387 1748 468 1775 αὑτὸν
485 1749 624 1781 εἰσελθεῖν,
645 1748 701 1774 ἀλλ’
722 1748 850 1784 ὑπεράνω
870 1748 916 1775 τοῦ

131 1793 304 1829 πειρασμοῦ,
338 1793 384 1820 καὶ
414 1794 473 1829 μετ’
502 1794 584 1820 αὑτὸν
615 1794 759 1828 γενέσθαι·
789 1793 857 1825 ὅλως
889 1793 918 1820 δὲ

130 1838 191 1865 οὐδὲ
216 1838 363 1871 ἀδύνατον,
397 1839 457 1865 οὐδὲ
489 1839 645 1875 ἄπρακτον,
680 1840 734 1866 οὐδ’
760 1839 917 1866 ὑπεναντίον

129 1885 178 1911 τοῦ
194 1884 363 1920 βουλήματος
391 1884 438 1911 τοῦ
458 1884 565 1920 Πατρὸς
581 1885 626 1911 τὸν
653 1884 766 1920 Σωτῆρα
794 1885 879 1911 αἰτεῖν
896 1886 916 1910 ’-

133 1931 210 1957 Ἐστι
236 1931 263 1958 δὲ
286 1930 408 1962 δυνατὸν,
424 1931 462 1962 ὼς
484 1931 498 1957 ὁ
515 1931 627 1967 Μάρκος
645 1931 727 1957 αὑτοῦ
757 1930 918 1967 ἀπεμνημό-

131 1986 207 2005 νευσε
228 1977 360 2011 λέγοντος·
382 1977 473 2010 Ἀϐϐᾶ,
499 1979 515 2004 ό
543 1977 647 2011 πάτερ,
670 1977 767 2004 πάντα
796 1985 845 2004 σοι
863 1977 916 2004 διυ-

129 2023 221 2051 νατά·
245 2024 291 2050 καὶ
313 2023 413 2050 δυνατὰ
438 2024 462 2049 εἰ
484 2023 617 2058 βούλεται,
642 2023 680 2054 ὡς
704 2023 811 2054 Λουκᾶς
833 2031 917 2058 φησιν

131 2069 212 2096 αὐτὸν
226 2070 380 2106 εἰρηκέναι·
397 2069 501 2103 Πάτερ,
522 2070 547 2096 εἰ
566 2070 683 2101 βούλει,
701 2069 866 2103 παρένεγκε
883 2069 916 2096 τὸ

130 2116 273 2151 ποτήριον
285 2116 371 2144 τοῦτο
388 2117 439 2144 ἀπ’
457 2115 542 2151 ἐμοῦ.
558 2116 594 2143 Τὸ
607 2114 653 2143 οὖν
669 2115 780 2151 Πνεῦμα
794 2116 824 2142 τὸ
840 2115 916 2149 ἅγιον

131 2163 171 2194 εἰς
184 2163 247 2195 τοὺς
261 2162 455 2197 εὐαγγελιστάς
478 2161 676 2197 κατανεμηθὲν.
692 2161 742 2197 τὴν
763 2162 852 2188 πᾶσαν
869 2161 916 2188 τοῦ

131 2209 256 2244 Σωτῆρος
268 2209 346 2244 ἡμῶν
360 2209 489 2240 διάθεσιν,
503 2208 536 2235 ὲκ
550 2208 601 2244 τῆς
613 2209 728 2234 ἑκάστου
745 2208 835 2243 φωνῆς
856 2216 916 2234 συν-

131 2255 245 2290 τίθησιν.
259 2255 328 2282 Οῖιτε
340 2254 394 2291 γὰρ
407 2256 522 2282 αἰτεῖται
535 2254 611 2290 παρὰ
629 2253 676 2281 τοῦ
688 2254 803 2289 Πατρὸς,
815 2254 829 2280 ὂ
853 2254 890 2289 μὴ
902 2254 916 2279 ὁ

132 2301 226 2336 Πατὴρ
242 2300 373 2336 βούλεται.
392 2301 429 2327 Τὸ
442 2301 496 2337 γάρ
506 2308 514 2316 '
532 2302 567 2327 Εἰ
579 2301 696 2333 βούλει,
712 2300 853 2335 ὑποταγῆς
870 2299 916 2326 καὶ

131 2346 280 2378 ἐπιεικείας
291 2347 374 2379 ἐστὶν,
383 2347 434 2373 οὐκ
441 2346 563 2380 ἀγνοίας,
576 2346 637 2373 οὐδὲ
650 2346 813 2382 ἀμφιϐολίας
823 2344 857 2382 ἦν
866 2345 914 2381 δη-

131 2391 255 2420 λωτικόν.
265 2392 313 2419 Διὰ
322 2392 401 2420 τοῦτο
411 2393 427 2428 ή
436 2392 517 2428 ἑτέρα
529 2392 625 2428 Γραφή
642 2401 723 2428 φησιν
734 2401 740 2407 ·
754 2392 855 2419 Πάντα
865 2398 913 2418 σοι

130 2438 253 2466 δυνατά.
276 2439 335 2466 Κᾶν
355 2438 434 2465 τοῦτο
451 2438 531 2465 πάλιν
546 2439 576 2465 τὸ
592 2439 711 2465 sintbe
730 2438 784 2474 (12)
806 2439 852 2465 καὶ
866 2446 915 2465 τα-

131 2485 274 2520 πεινόφρον
297 2485 311 2511 ὁ
332 2484 469 2517 Ματθαῖος
482 2484 637 2520 διαγράφει,
659 2486 685 2511 εἱ
701 2484 830 2511 δυνατόν
849 2485 915 2512 ἐστι

130 2530 226 2564 λέγων.
237 2531 268 2557 Εἰ
285 2530 322 2566 μὴ
333 2531 389 2567 γὰρ
399 2530 460 2557 οὔτε
476 2530 624 2566 ἀρμόσοιμι
637 2530 685 2566 τὴν
702 2530 830 2562 διάνοιαν,
845 2532 914 2566 τάχα

129 2576 201 2609 τινὲς
223 2576 371 2608 ὲκδὲξοιντο
396 2576 502 2608 ἀσεϐῶς
523 2575 565 2608 τό,
587 2578 612 2603 εἰ
630 2576 760 2604 δυνατόν
776 2577 851 2609 ἐστι,
877 2577 914 2608 ὼς

125 2634 128 2647 1
164 2643 187 2660 ²¹⁵
200 2644 284 2672 Marc.
294 2653 350 2678 xtv,
363 2645 406 2673 36.
444 2645 466 2661 ’⁵
481 2644 575 2673 Matth.
594 2653 668 2677 xxvt,
686 2646 730 2674 59.

165 2724 221 2786 ρο)
238 2725 284 2753 lla:
299 2725 359 2752 dum
372 2730 475 2753 tantum
491 2734 571 2754 voces
596 2731 661 2754 sunt
675 2735 705 2754 ex
732 2727 791 2754 eod.
812 2727 911 2754 Veni-tn

184 2780 191 2786 .
207 2761 226 2786 Γ.
240 2762 283 2786 56.
300 2761 370 2786 unde
387 2761 564 2786 franmentum
584 2762 747 2786 descriptum
767 2769 804 2786 est
822 2772 827 2786 :
849 2764 909 2786 rnli.

129 2759 191 2790 491,
204 2761 226 2798 ι’.
240 2762 283 2798 δῦ,
300 2761 370 2788 unde
387 2761 747 2798 fragmentumVde-scriptum
767 2769 804 2790 est
822 2772 829 2793 ς
849 2764 909 2790 reli-

129 2803 180 2830 qua
192 2796 260 2823 tituli
275 2800 300 2823 ct
318 2803 444 2824 numeros
462 2796 519 2831 ipse
536 2797 631 2832 adjeci.

978 1057 1161 1086 Verumtamen
1173 1067 1223 1086 non
1236 1059 1356 1086 voluntas
1373 1067 1439 1093 mea,
1455 1060 1500 1087 sed
1516 1065 1561 1087 tua
1576 1061 1635 1095 ﬁat.

1007 1147 1036 1176 Et
1048 1148 1104 1176 haec
1115 1149 1223 1184 quidem
1235 1149 1268 1177 de
1285 1149 1422 1176 voluntate
1445 1148 1516 1176 dicta
1534 1149 1597 1176 sint.
1623 1149 1687 1176 lllud
1718 1154 1759 1176 ta-

972 1203 1032 1222 men
1049 1204 1055 1222 :
1072 1194 1242 1222 Pertranseat
1261 1195 1342 1228 calix,
1360 1200 1417 1222 est:
1433 1193 1491 1222 Non
1504 1195 1621 1230 amplius
1634 1196 1756 1229 accedat,

971 1241 1028 1269 sive
1046 1241 1243 1277 appropinquat
1269 1241 1345 1269 mihi.
1384 1241 1462 1274 Quod
1487 1241 1560 1268 enim
1597 1242 1755 1276 pertransit,

971 1287 1083 1314 omnino
1098 1294 1181 1322 prope
1197 1287 1263 1315 illud
1285 1287 1314 1314 (it
1331 1287 1423 1322 prius,
1445 1291 1472 1314 et
1488 1286 1566 1322 juxta
1592 1287 1656 1314 illud
1683 1287 1755 1321 quod

971 1331 1128 1366 pertransit.
1146 1331 1175 1359 Si
1193 1332 1265 1359 enim
1282 1339 1336 1359 non
1363 1331 1570 1367 appropinquet,
1591 1333 1757 1367 pertransirc

971 1385 1024 1404 non
1040 1382 1138 1412 potest.
1156 1377 1274 1413 Usurpat
1291 1385 1410 1413 namque
1425 1385 1570 1413 personam
1590 1379 1731 1405 hominum
1747 1399 1754 1410 ,

969 1423 1069 1458 quippe
1079 1422 1167 1451 factus
1183 1424 1276 1451 homo.
1293 1423 1478 1457 Quamobrem
1506 1429 1533 1451 et
1563 1429 1638 1457 tunc,
1666 1424 1756 1451 minus

970 1470 1042 1504 quod
1055 1477 1135 1497 suum
1153 1474 1195 1497 est
1207 1475 1315 1497 recusat
1328 1469 1418 1498 facere
1436 1479 1442 1496 :
1475 1470 1594 1504 postulat
1607 1478 1673 1497 vero
1698 1471 1754 1497 ﬁeri

970 1514 1068 1548 majus,
1081 1515 1151 1549 quod
1167 1513 1256 1542 Patris
1267 1519 1318 1546 est,
1331 1515 1450 1543 divinam
1465 1523 1560 1550 nempe
1577 1515 1753 1547 voiunlatcm,

969 1567 1029 1594 qtae
1056 1568 1152 1587 rursus
1170 1561 1319 1588 secundum
1342 1561 1512 1588 divinitatem
1528 1581 1536 1592 ,
1557 1569 1610 1588 una
1629 1561 1755 1589 voluntas

969 1609 1009 1633 est
1022 1606 1081 1641 ejus
1095 1611 1122 1633 et
1136 1605 1235 1634 Patris.
1252 1606 1368 1634 Paterna
1388 1607 1460 1634 enim
1478 1607 1605 1635 voluntas
1620 1607 1670 1634 fuit
1684 1628 1691 1641 ,
1726 1612 1756 1634 ut

971 1657 1016 1684 per
1038 1658 1145 1678 omnem
1174 1652 1348 1679 tcntationem
1375 1652 1524 1679 irruentem
1537 1652 1683 1679 transiret:
1709 1653 1756 1679 de-

968 1696 1083 1724 ducente
1107 1704 1169 1724 eum
1196 1697 1357 1726 mirabiliter
1389 1698 1447 1732 ipso
1479 1697 1559 1725 Patre
1587 1706 1640 1725 non
1669 1706 1756 1734 usque

968 1744 1001 1770 ad
1020 1744 1205 1777 tentationcm,
1219 1752 1269 1772 nec
1289 1750 1318 1772 ut
1334 1745 1360 1772 in
1384 1745 1471 1779 ipsam
1493 1744 1659 1780 ingrediatur
1672 1765 1680 1777 ,
1708 1745 1756 1773 sed

969 1794 999 1817 ut
1035 1791 1082 1818 iiat
1113 1798 1195 1826 super
1229 1793 1424 1824 tentationem.
1458 1797 1484 1819 et
1521 1796 1616 1826 printer
1656 1792 1754 1828 ipsam.

968 1835 1085 1863 Omnino
1110 1843 1199 1864 autem
1229 1845 1318 1873 neque
1345 1838 1536 1873 impossibile,
1568 1846 1656 1874 neque
1680 1839 1753 1873 quod

969 1882 1026 1909 ﬁeri
1039 1887 1165 1917 nequeat,
1187 1888 1234 1910 aut
1246 1884 1415 1911 contrarium
1432 1885 1468 1911 sit
1491 1885 1621 1912 voluntati
1642 1884 1731 1912 Patris
1745 1906 1752 1917 ,

968 1928 1025 1955 lieri
1042 1928 1137 1956 credas
1153 1928 1320 1956 Salvatorem
1336 1931 1483 1965 postulare.
1502 1931 1637 1959 Possibile
1647 1936 1689 1958 est
1700 1951 1708 1962 ,
1726 1936 1755 1958 ιιι

968 1974 1074 2002 Marcus
1091 1974 1152 2009 ejus
1165 1975 1289 2003 meminit
1312 1976 1427 2004 dicentis
1443 1986 1448 2003 :
1466 1976 1550 2009 Abba,
1562 1982 1653 2011 pater:
1667 1977 1754 2004 omnia

970 2021 1016 2047 tibi
1032 2021 1168 2050 possibilia
1179 2021 1201 2036 "
1215 2029 1224 2048 :
1239 2022 1378 2057 possibilia
1393 2023 1414 2050 si
1431 2023 1497 2050 vult.
1514 2022 1591 2050 Sicut
1613 2023 1701 2050 Lucas
1716 2023 1755 2050 ait

969 2068 1043 2095 illum
1057 2067 1160 2096 dixisse
1175 2077 1182 2096 :
1202 2069 1291 2103 Pater,
1303 2070 1327 2096 si
1338 2071 1386 2102 vis,
1403 2070 1518 2104 transfer
1535 2070 1644 2096 calicem
1659 2070 1726 2096 Imm:
1737 2078 1753 2096 a

968 2122 1016 2140 me.
1031 2112 1114 2149 Igitur
1127 2113 1244 2148 Spiritus
1255 2119 1366 2143 sanctus
1379 2116 1406 2142 in
1425 2115 1607 2150 evangelistas
1623 2114 1753 2142 distribu-

969 2165 1012 2188 tus
1029 2159 1160 2195 integrant
1186 2160 1335 2189 Salvatoris
1358 2162 1442 2188 nostri
1458 2161 1638 2192 aﬂ‘ectionem,
1659 2169 1690 2188 ex
1706 2169 1754 2188 cu-

965 2207 1066 2242 jusque
1080 2208 1198 2235 dictione
1213 2209 1361 2243 componit.
1378 2208 1469 2242 Neque
1485 2209 1558 2235 enim
1577 2216 1591 2235 ιι
1609 2207 1687 2235 Patre
1705 2217 1753 2243 pl)-

968 2253 1094 2286 slulatur,
1107 2253 1178 2288 quod
1195 2253 1276 2281 Pater
1301 2254 1359 2289 ipse
1375 2254 1452 2281 nolit.
1477 2253 1543 2280 Illud
1569 2261 1685 2288 natnquc
1699 2263 1704 2280 :
1723 2254 1754 2281 Si

968 2300 1016 2332 vis,
1032 2299 1210 2334 subjectionis
1226 2305 1254 2327 et
1269 2300 1416 2327 docilitatis
1430 2304 1482 2331 est,
1499 2307 1552 2326 non
1571 2299 1753 2335 ignorantiam

968 2351 1015 2373 aut
1030 2345 1197 2373 dubietatem
1219 2345 1366 2374 indicabat.
1385 2346 1527 2381 Propterea
1542 2346 1593 2373 alia
1613 2346 1754 2381 Scriptura

968 2392 1051 2420 dicit:
1065 2392 1161 2420 Omnia
1173 2393 1220 2420 tibi
1231 2393 1381 2428 possibilia.
1399 2393 1565 2426 Quamvisin
1582 2393 1633 2420 hoc
1646 2401 1753 2420 rursum

969 2439 1041 2474 quod
1058 2439 1228 2474 deprecantis
1248 2447 1280 2467 ac
1295 2440 1409 2468 humilis
1429 2440 1465 2467 sit
1487 2439 1629 2468 Matthazus
1653 2440 1755 2467 descri-

969 2485 1019 2515 bit.
1036 2485 1065 2512 Si
1080 2485 1203 2520 possibile
1217 2491 1254 2514 est
1268 2487 1290 2502 ³⁵
1306 2486 1441 2521 inquiens.
1454 2485 1511 2513 Nisi
1524 2486 1595 2514 enim
1605 2486 1656 2513 hoc
1674 2487 1754 2513 modo

969 2538 1081 2558 sensum
1101 2536 1236 2566 coaptem,
1253 2531 1332 2560 facile
1348 2537 1460 2566 possent
1477 2531 1587 2567 quidam
1612 2532 1694 2567 impie
1709 2539 1755 2558 ac-

970 2577 1060 2612 cipere
1075 2578 1139 2605 illud
1157 2587 1164 2605 :
1183 2578 1212 2605 Si
1223 2578 1347 2610 possibile
1371 2584 1409 2605 est
1421 2598 1428 2610 ,
1447 2579 1524 2614 quasi
1542 2578 1663 2613 quaedam
1685 2577 1755 2605 Deus

1002 2729 1023 2763 (1
1034 2729 1056 2757 Ii
1072 2728 1151 2755 Furia
1163 2730 1263 2756 οὐκέτι.

1000 2764 1055 2807 (12)
1071 2764 1160 2795 Forte,
1177 2765 1226 2792 xi;
1239 2765 1326 2800 τούτῳ
1345 2775 1370 2791 π.
1390 2774 1413 2792 τ.
1432 2766 1563 2793 εὐκτικὸν.
1586 2766 1645 2794 Mox
1669 2766 1756 2796 οὖτως

964 2807 1012 2832 pro
1028 2808 1099 2826 θυῖε.
