1865 3042
161 99 226 127 1591

630 104 802 132 ADDENDA.
821 121 856 128 —
872 105 900 132 S.
921 105 1068 134 DlONYSlI
1088 107 1318 137 ALEXANDRINI

1707 112 1718 138 1
1726 112 1774 138 ΞἾΞ

160 157 249 185 facere
264 158 379 194 nequeat
395 181 402 193 ,
424 162 543 197 exceptis
564 163 597 191 iis
616 171 677 198 quae
693 164 782 193 facere
798 173 851 193 non
874 165 935 193 vult.

1014 167 1072 194 ινῶν
1088 169 1171 196 ὅντων
1184 170 1320 197 ἀδυνάτων
1342 171 1380 206 τῷ
1397 171 1455 206 Θεῷ
1468 172 1594 207 ποιῆσαι,
1610 171 1681 207 πλὴν
1699 172 1773 206 μόνον

160 202 213 231 Sed
230 224 238 231 .
257 224 264 232 .
281 225 288 232 .
307 226 314 233 .
334 207 474 235 confestim
497 209 642 238 roboratus
667 212 815 240 secundum
843 213 939 240 huma-

160 250 271 278 nitatem
287 259 302 278 a
314 251 426 280 Paterna
433 255 582 289 divinitate,
595 257 720 285 tutiorem
733 260 939 294 postulationem

161 295 235 329 facit,
248 305 296 324 nec
314 299 430 333 amplius
447 299 563 336 idipsum
583 302 648 335 vult,
668 303 713 330 sed
728 309 757 331 ut
769 305 857 340 placet
867 304 939 333 Patri

161 342 288 376 gloriose,
308 349 335 371 et
350 350 515 381 constanter,
531 352 557 375 et
575 348 662 383 plene.
679 349 736 377 Hoc
751 351 824 378 enim
838 353 941 380 audivit

160 385 288 420 Joannes,
303 389 362 423 ipso
373 390 490 425 dicente,
503 393 548 428 qui
568 394 762 423 sublimissimo
776 400 803 423 et
821 397 939 425 divinis—-

161 432 228 460 sima
244 442 356 470 quaeque
371 444 527 466 sermonum
548 444 575 466 et
588 447 699 474 operum
723 441 872 471 Salvatoris
899 444 940 471 di-

160 478 243 511 gessit
257 489 263 506 :
285 478 319 506 Et
330 480 438 508 calicem
449 490 524 516 quem
538 483 609 510 dedit
624 484 688 510 mihi
703 484 780 512 Pater
796 494 878 519 meus,
891 495 939 513 an-

160 532 210 550 non
219 524 306 551 bibam
319 525 394 552 illum
407 527 429 542 “
441 527 452 553 ?
472 527 567 556 Bibere
579 537 661 564 porro
672 531 783 558 calicem
797 552 804 563 ,
829 538 887 559 erat
910 538 939 560 ut

160 570 340 598 ministerium
355 572 468 606 implens
478 594 484 605 ,
507 579 645 610 totamque
660 577 816 605 tentationis
830 586 940 606 (ncono-

160 615 252 646 miam,
269 615 373 644 fortiter
387 626 487 646 morem
504 626 608 656 gereret
619 621 693 650 Patri
708 624 808 651 volenti
832 629 861 652 ut
886 630 940 653 ter-

160 661 276 688 minarcl
289 667 315 689 et
333 666 571 699 supergrederetur
597 675 742 697 mrumnas.
762 670 829 698 illud
844 680 849 697 :
868 671 939 704 Quid

160 714 200 732 me
225 706 385 743 dereliquiati
402 710 422 725 ’⁷
439 710 452 735 ?
478 712 643 746 sequebatur
669 714 761 749 utique
781 723 814 743 ex
828 716 862 744 iis
878 725 938 751 quae

159 757 236 779 antea
253 754 445 788 postulaverat.
459 756 515 784 Cur
527 758 594 784 mihi
615 759 746 787 hactenus
770 768 843 788 mors
872 769 938 788 con-

156 798 249 832 juncta
263 805 319 832 est,
338 805 365 828 et
386 803 504 829 nondum
533 805 643 832 calicem
666 805 829 834 circumfero
841 807 852 834 ?
864 806 939 835 lianc

158 849 223 879 puto
240 845 324 874 fuisse
345 846 493 876 Salvator-is
515 851 676 879 sententiam
702 852 729 880 in
752 854 861 881 concisa
889 855 939 882 hac
956 843 976 869 Β

157 897 232 917 νοοθ.

192 935 225 963 Ει
237 943 299 964 vera
312 945 376 965 sane
392 939 474 973 dicit,
492 945 519 967 et
538 945 628 969 tamen
651 951 705 970 non
718 944 769 971 l‘uit
783 945 937 974 derelictus.

158 980 210 1009 Sed
226 983 316 1010 statim
332 983 425 1017 ebibit,
437 987 939 1026 utpostulavit,etpertransiit.Atque

157 1027 239 1062 hujus
257 1029 295 1056 rei
316 1030 422 1058 videtur
437 1033 503 1060 mihi
519 1033 605 1062 fuisse
613 1036 776 1071 symbolum,
788 1039 860 1073 quod
873 1047 937 1074 por-

155 1078 260 1102 rectum
272 1081 314 1103 est
327 1077 364 1104 illi
378 1083 495 1106 acetum.
513 1079 644 1108 Mutatum
654 1082 726 1110 enim
738 1084 830 1111 vinum
842 1085 938 1112 innue-

156 1121 203 1148 bat
217 1121 296 1150 facile
307 1129 458 1159 promptam
478 1126 552 1154 illius
577 1129 754 1156 mutationem
776 1136 856 1165 atque
873 1139 938 1158 con-

155 1167 307 1196 versionem
318 1177 398 1204 quam
416 1173 533 1207 recepit,
550 1181 600 1208 pro
622 1175 749 1209 passione
774 1185 871 1212 nempe
886 1178 937 1204 im-

155 1214 369 1250 passibilitatem,
380 1222 406 1244 et
414 1226 462 1253 pro
473 1226 559 1248 morte
568 1221 807 1255 immortalitatem,
816 1229 842 1251 et
850 1233 897 1259 pro
905 1233 937 1253 eo

154 1265 184 1288 ut
197 1262 374 1296 judicaretur,
390 1264 530 1299 judicare;
545 1271 572 1294 et
587 1276 634 1302 pro
648 1276 680 1297 eo
690 1274 719 1296 ut
733 1269 784 1297 sibi
798 1271 936 1306 tyrannice

154 1307 344 1341 imperaretur,
363 1317 476 1345 regnare
496 1312 643 1347 accipiens.
668 1314 785 1350 Spongia
798 1317 870 1343 enim
883 1337 890 1349 ,
907 1321 936 1343 ut

153 1353 301 1388 existimo,
331 1355 464 1390 integram
487 1359 599 1385 omnino
619 1361 704 1387 sancti
721 1360 838 1395 Spiritus
854 1362 880 1388 in
903 1371 935 1389 eo

154 1404 304 1428 exstantem
328 1404 579 1437 attemperationem
601 1406 741 1440 ostendit;
763 1412 789 1435 et
814 1409 935 1435 calamus

154 1451 290 1481 sceptrum
305 1448 404 1483 regale,
419 1457 450 1477 ac
460 1450 580 1478 divinam
594 1453 678 1487 legem
697 1453 888 1481 subindicavit.
902 1455 935 1482 At

154 1492 288 1527 hyssopus
303 1493 436 1522 vivificam
452 1495 653 1532 salutaremque
677 1498 737 1532 ejus
753 1500 934 1532 ,resurrectio—
950 1510 970 1538 α

154 1545 225 1570 nem,
241 1546 289 1573 per
299 1546 380 1574 quam
398 1545 425 1568 et
442 1548 493 1569 nos
513 1542 693 1570 incolumitati
713 1543 852 1572 restitutos
874 1546 935 1572 red-

152 1583 229 1610 didit.

189 1628 221 1656 V.
238 1630 280 1657 45.
297 1631 426 1666 Apparuit
436 1637 523 1660 autem
537 1634 577 1660 illi
592 1635 700 1670 angelus
722 1644 735 1662 e
753 1635 817 1662 caelo
829 1637 935 1671 confor-

152 1678 210 1702 tam
224 1683 293 1702 eum.

187 1719 220 1747 ν.
237 1721 281 1748 44.
297 1721 328 1748 Et
341 1730 399 1749 cum
408 1723 467 1757 jam
484 1729 551 1751 esset
571 1724 598 1750 in
612 1726 708 1760 agonia
728 1726 854 1755 intensius
873 1737 935 1755 ora-

152 1764 206 1793 bat.
223 1765 287 1793 Fuit
303 1772 391 1795 autem
408 1769 490 1795 sudor
502 1769 570 1803 ejus,
585 1776 612 1797 ut
625 1773 738 1805 grummi
749 1792 757 1804 ,
776 1774 820 1808 qui
830 1774 936 1801 descen-

151 1811 218 1838 dunt
230 1812 256 1839 in
275 1817 379 1840 terram.

186 1857 367 1887 Proverbialis
382 1861 484 1889 locutio
499 1867 542 1890 est
552 1863 585 1890 de
595 1863 629 1891 iis
638 1864 683 1898 qui
697 1865 936 1902 vehementissime

150 1903 242 1931 dolent
265 1909 293 1932 et
311 1905 492 1934 colluctantur
507 1917 513 1934 :
529 1907 672 1944 Sanguinis
685 1911 787 1943 sudor;
809 1917 836 1939 et
851 1913 884 1940 de
900 1913 934 1941 iis

150 1950 198 1985 qui
221 1958 313 1978 amare
339 1957 509 1987 queruntur:
533 1954 683 1990 Sanguine:
697 1957 752 1991 ﬂet.
769 1957 867 1986 Dicens
879 1978 887 1991 ,
906 1964 934 1986 ut

149 1997 263 2031 grummi
274 1999 428 2033 sanguinis,
446 2007 501 2027 non
524 2008 666 2036 grummos
685 2004 794 2032 sudoris
816 2006 934 2034 ostendit

150 2043 300 2077 sanguinis.
315 2043 375 2071 Non
390 2046 463 2072 enim
474 2046 506 2074 ad
520 2046 709 2076 instarborum
720 2049 834 2078 dixisset
849 2051 934 2080 fuisse

149 2088 273 2116 sudores.
292 2088 348 2117 Hoc
359 2090 444 2124 enim,
456 2095 486 2118 ut
496 2093 620 2126 grummi,
636 2093 779 2127 signiﬁcat.
795 2095 865 2128 Quin
882 2105 932 2131 po-

149 2132 203 2159 tius
215 2133 308 2161 volens
319 2135 469 2167 ostendere,
479 2136 552 2171 quod
563 2144 617 2164 non
631 2139 757 2166 tenuibus
767 2140 929 2174 quibusdam

990 210 1020 239 οὗ
1042 213 1079 249 μὴ
1099 213 1231 248 βούλεται.
1261 216 1374 244 Ἀλλὰ...
1405 218 1575 253 παραχρῆμα
1597 216 1774 253 ἐπιρρωσθεὶς

988 259 1058 286 κατὰ
1068 260 1262 297 ἀνθρωπότητα
1272 262 1323 289 ὑπὸ
1336 263 1385 298 τῆς
1396 263 1535 298 Πατρικῆς
1548 263 1687 298 θεότητος,
1697 264 1774 297 item

989 303 1117 340 λεστέραν
1135 308 1250 334 ποιεῖται
1263 307 1312 342 τὴν
1326 307 1443 343 αἴτησιν.
1458 309 1505 335 καὶ
1520 309 1614 335 οὐκέτι
1631 308 1698 335 αὐτὸ
1715 308 1774 343 βού-

988 348 1071 382 λεται,
1088 350 1144 377 ἀλλ’
1158 351 1196 383 ὠς
1209 352 1318 387 ἀρέσκει
1332 352 1370 387 τῷ
1382 353 1469 388 [Ia-rp!
1485 353 1598 385 ἐνδόξως
1613 354 1660 380 καὶ
1678 362 1774 388 καρτε-

989 396 1043 431 ρῶς
1059 397 1104 424 καὶ
1118 397 1219 434 πλῆρές
1237 398 1326 425 ποθεν.
1347 399 1430 425 Τοῦτο
1445 399 1500 435 γὰρ
1513 401 1631 434 ἤκουσεν
1652 400 1775 435 Ἰωάννης

988 443 1070 470 αὑτοῦ
1086 444 1218 478 λέγοντος,
1235 445 1249 471 ὁ
1265 445 1298 472 τὰ
1313 445 1510 480 μεγαλειὸτατα
1527 446 1573 472 καὶ
1585 445 1714 472 οειότςιτα
1724 447 1774 472 τῶν

987 489 1035 516 τοῦ
1052 491 1176 526 Σωτῆρος
1196 490 1282 525 λόγων
1299 492 1345 518 καὶ
1363 491 1450 527 ἔργων
1466 492 1774 527 ὑπιομνημειτισὰμενος⁸

988 536 1042 562 Καὶ
1057 535 1089 562 τὸ
1100 536 1241 570 ποτήριον
1255 537 1270 564 ὃ
1283 537 1391 564 δέδωκέ
1401 546 1450 572 μοι
1465 539 1481 564 ὀ
1495 538 1598 571 Πατήρ
1607 547 1680 572 μου,
1691 539 1725 564 σὺ
1735 538 1774 572 μὴ

989 581 1045 607 πίω
1066 583 1156 613 αὺτό;
1173 583 1246 608 Πιεῖν
1261 582 1288 609 δὲ
1306 581 1338 618 ἦν
1359 584 1389 609 τὸ
1409 585 1549 619 ποτήριον,
1569 583 1715 619 πληρῶσαι
1730 584 1774 619 τὴν

988 627 1135 659 διακονίαν,
1149 629 1196 655 καὶ
1211 630 1300 655 πᾶσαν
1312 629 1358 655 τοῦ
1373 631 1527 665 πειρασμοῦ
1542 631 1592 665 τὴν
1608 630 1773 665 οἰκονομίαν,

989 673 1118 709 ἀνδρείως
1146 674 1272 710 ἐχόμενον
1295 675 1340 701 τοῦ
1366 676 1472 711 Πατρὸς
1491 676 1623 711 ἑλομένου
1645 677 1774 708 διανύσαι,

989 719 1036 746 καὶ
1052 720 1202 756 ὑπερϐῆναι
1216 720 1250 747 τὰ
1268 721 1348 747 δεινά·
1366 722 1396 748 τὸ
1410 722 1449 755 δέ,
1472 722 1503 749 Ti
1513 731 1553 756 με
1564 722 1775 757 ἐγκατέλιπες

989 763 1022 801 ἦν
1038 766 1091 801 ἄρα
1110 764 1151 798 οἷς
1165 767 1332 803 προηξίωσεν
1346 768 1500 795 ἀκόλουθον.
1518 769 1551 795 Τί
1569 778 1616 804 μοι
1636 769 1719 805 μέχρι
1734 769 1776 795 νῦν

990 813 1004 838 ὁ
1020 811 1132 844 Θάνατος
1151 812 1333 846 συνέζευκται,
1352 815 1399 841 καὶ
1413 814 1489 841 οῠπω
1508 815 1540 841 τὸ
1554 816 1689 850 ποτήριον
1706 824 1777 850 περι-

991 855 1079 891 φέρω;
1094 855 1202 891 Ταύτην
1216 855 1262 882 τοῦ
1278 857 1402 892 Σωτῆρος
1413 856 1461 892 τὴν
1474 856 1596 884 διάνοιαν
1615 859 1646 884 ἐν
1662 859 1697 893 τῇ
1719 866 1778 884 συν·

989 902 1063 937 τόμῳ
1078 904 1151 938 φωνῇ
1167 902 1348 938 τεκμαίρομαι
1358 903 1510 937 γεγονέναι.

1024 948 1078 974 Καὶ
1092 947 1178 983 ἀληθῆ
1200 957 1231 982 γε
1254 948 1344 982 ἔλεγεν
1364 948 1430 983 (15),
1452 949 1499 975 καὶ
1515 949 1566 975 οὐκ
1588 949 1777 983 ἐγκαταλέλει-

990 999 1063 1017 πται.
1085 991 1152 1017 Ἀλλ’
1176 992 1254 1023 εὐθὺς
1275 991 1390 1023 ἐξέπιεν,
1413 992 1450 1023 ὠς
1467 991 1580 1026 ἠξίωσε,
1597 992 1648 1018 καὶ
1664 992 1777 1027 παρελή-

989 1037 1061 1065 λυοε.
1075 1038 1130 1065 Καὶ
1143 1037 1221 1064 τοῦτό
1241 1047 1285 1073 μοι
1306 1038 1377 1064 δοκεῖ
1387 1038 1416 1064 τὸ
1436 1038 1604 1074 παρενεχθὲν
1624 1038 1687 1070 ὅξος
1710 1039 1778 1073 αὐτῷ

988 1083 1128 1117 γεγονέναι
1149 1083 1290 1118 σύμϐολον.
1317 1084 1346 1110 '0
1364 1084 1417 1119 γὰρ
1435 1085 1580 1120 ὲντροπίας
1601 1083 1677 1116 οἶνος
1693 1085 1777 1121 διες-ἠ-

989 1137 1082 1163 μαινεν
1094 1128 1157 1160 ἴσως
1170 1129 1219 1164 τὴν
1231 1129 1320 1162 ὀξεῖαν
1330 1130 1412 1156 αὐτοῦ
1428 1130 1532 1166 τροπὴν
1547 1131 1597 1157 καὶ
1614 1131 1776 1166 μεταϐολὴν.

987 1175 1020 1210 ἣν
1039 1174 1208 1206 κατεδέξατο,
1229 1175 1288 1202 ἀντὶ
1304 1175 1350 1202 τοῦ
1373 1175 1476 1208 πάθους
1490 1176 1540 1211 τὴν
1563 1177 1717 1208 ἀπάθειαν,
1736 1179 1778 1203 11‘:

987 1221 1047 1248 ἀντὶ
1057 1221 1103 1247 τοῦ
1118 1221 1231 1248 θανάτου
1247 1222 1296 1258 τὴν
1313 1222 1473 1254 ἀθανασίαν,
1491 1224 1538 1250 καὶ
1548 1223 1612 1250 ἀντὶ
1629 1223 1678 1250 τοῦ
1694 1224 1778 1259 κρίνε-

988 1265 1048 1292 σθαι
1062 1266 1093 1292 τὸ
1108 1266 1221 1301 κρίνειν,
1239 1267 1299 1293 ἀντὶ
1311 1267 1358 1293 τοῦ
1372 1268 1562 1303 τυραννεῖσθαι
1579 1269 1611 1294 τὸ
1628 1268 1777 1303 βασιλεύειν

988 1312 1154 1347 μεταλαϐών.
1174 1313 1206 1340 ’⁷0
1224 1322 1252 1340 τε
1267 1313 1320 1350 γὰρ
1345 1315 1474 1349 σπόγγος,
1485 1315 1522 1346 ib;
1541 1312 1634 1349 οἶμαι,
1651 1315 1704 1350 τὴν
1720 1315 1778 1348 ὧην

985 1359 1018 1385 δι’
1034 1359 1094 1386 ὅλου
1107 1359 1154 1386 τοῦ
1166 1360 1242 1394 ἁγίου
1257 1360 1414 1395 Πνεύματος
1426 1362 1455 1387 ὲν
1465 1360 1538 1396 αὐτῷ
1548 1361 1708 1396 γενομένην
1720 1362 1779 1387 ἀνει-

986 1415 1083 1441 κρίισιν
1103 1407 1225 1442 ἐνέφηνε·
1246 1407 1292 1434 καὶ
1317 1408 1330 1433 ὁ
1355 1407 1477 1442 κάλαμος
1499 1408 1529 1434 τὺ
1553 1407 1697 1442 βασίλειον
1718 1408 1778 1443 cui;

987 1461 1082 1490 πτρον,
1095 1454 1141 1480 καὶ
1154 1453 1199 1480 τὸν
1213 1454 1282 1480 θεῖον
1294 1454 1375 1489 νόμον
1387 1455 1536 1490 ὑπέφηνεν.
1561 1456 1590 1482 ’0
1607 1455 1639 1482 δὲ
1654 1456 1778 1486 ὖσσωπος

986 1498 1036 1533 τὴν
1053 1499 1169 1535 ζωτικὴν
1184 1500 1230 1526 καὶ
1244 1501 1375 1536 σωτήριον
1391 1501 1499 1537 ἔγερσιν
1515 1501 1612 1535 αὐτοῦ,
1635 1502 1670 1528 δι’
1686 1500 1721 1537 ἧς
1735 1501 1778 1529 καὶ

988 1545 1060 1579 ἡμᾶς
1077 1544 1140 1579 ὖγια
1156 1545 1210 1582 (ll)
1226 1545 1334 1578 ἔδειξεν.

1022 1637 1094 1672 Στιχ.
1114 1640 1168 1672 pur.
1188 1638 1280 1671 'ann
1291 1637 1324 1664 δὲ
1338 1637 1418 1670 αὐτῷ
1431 1637 1560 1672 ἅγγελος
1574 1639 1629 1666 ἀπ’
1644 1639 1774 1672 οὐρανοῦ

985 1682 1135 1716 ἐνισχύων
1146 1684 1248 1709 αὐτόν.

1021 1729 1094 1763 Στιχ.
1111 1728 1161 1763 μδ’.
1181 1729 1234 1755 Καὶ
1251 1729 1410 1763 γῢλόμενος
1423 1729 1459 1755 ἐν
1472 1729 1584 1764 ἀγωνίᾳ
1603 1729 1778 1756 ἐκτενέστε-

982 1783 1039 1807 ρον
1052 1774 1250 1808 προσηύχετο.
1276 1774 1409 1809 Ἐγένετο
1421 1774 1456 1801 δὲ
1471 1776 1486 1801 ό
1508 1774 1596 1808 ἱδρὼς
1614 1775 1722 1807 αὐτοῦ,
1738 1775 1775 1808 ὡς

986 1822 1011 1847 οἱ
1028 1821 1146 1854 θρόμϐοι
1162 1819 1216 1855 (15)
1232 1822 1258 1847 οὶ
1271 1821 1499 1853 καταϐαίνοντες
1517 1821 1567 1847 ἐπὶ
1585 1820 1645 1853 τὴν
1662 1821 1731 1855 γῆν.

1020 1867 1157 1902 Παροιμία
1171 1866 1276 1900 λέγεται
1289 1868 1335 1893 ἐπὶ
1348 1866 1400 1892 τῶν
1415 1867 1518 1902 σφόδρα
1528 1866 1713 1902 λυπουμένων
1730 1867 1773 1893 καὶ

984 1912 1172 1946 ἀγωνιώντων,
1189 1913 1311 1947 αἵματος
1329 1912 1458 1946 Ζδρωσις·
1476 1913 1573 1947 ὡσπερ
1589 1913 1639 1939 καὶ
1660 1914 1708 1939 ἐπὶ
1722 1913 1773 1939 τῶν

984 1958 1089 1994 πικρῶς
1099 1958 1279 1994 ὀδυρομένων,
1289 1959 1397 1992 αἵματα
1409 1959 1516 1986 κλαίει.
1532 1959 1594 1985 ’Ὁτι
1603 1959 1678 1986 ὡσεὶ
1692 1961 1772 1994 θρέμ-

984 2006 1028 2032 6οι
1045 2006 1168 2040 αἵματος
1181 2005 1276 2037 εἰπὼν,
1289 2006 1319 2031 οὐ
1332 2005 1468 2040 θρόμϐους
1482 2005 1596 2040 ἱδρῶτος
1613 2006 1772 2043 ἀπεφήνατο

983 2052 1107 2087 αἵματος.
1129 2053 1164 2079 Οὐ
1182 2052 1236 2088 γὰρ
1256 2053 1288 2079 ἂν
1309 2052 1368 2079 καθ’
1387 2053 1536 2088 ὁμοιότητα
1557 2053 1664 2080 τούτων
1681 2055 1771 2089 εἴρηκε

982 2098 1105 2132 γενέσθαι
1118 2098 1178 2130 τοὺς
1192 2098 1404 2133 ἱδρῶτας.Τοῦτο
1416 2098 1469 2134 γὰρ
1481 2099 1553 2125 ὡσεὶ
1564 2099 1690 2133 θρόμϐοι
1705 2109 1772 2135 παρ-

983 2144 1081 2179 ίστησι.
1103 2144 1193 2171 Θέλων
1217 2144 1245 2170 δὲ
1263 2143 1360 2179 μᾶλλον
1381 2144 1508 2178 δηλῶσαι,
1529 2144 1567 2176 ὡς
1582 2145 1646 2180 οὐχὶ
1662 2145 1772 2176 λεπταῖς

148 2178 260 2212 guttulis
270 2199 277 2210 ,
299 2180 432 2215 quasique
447 2181 480 2208 ad
492 2181 622 2210 indicium
643 2184 723 2211 modo
735 2187 929 2220 apparentibus

1014 2178 1041 2216 τιν
1050 2189 1143 2221 νοτία-ι,
1159 2191 1206 2217 καὶ
1215 2187 1270 2216 οἷον
1283 2189 1420 2222 ἐνδείξεως
1434 2190 1513 2226 χάριν
1530 2190 1770 2226 ὲπιφαινομέναις,

148 2223 320 2253 Dominicum
346 2234 446 2262 corpus
469 2228 679 2262 perstillaverit:
704 2231 751 2257 scd
768 2233 840 2266 quod
868 2242 930 2262 vere

148 2271 304 2299 uberiorum
318 2276 454 2307 guttarum
468 2273 554 2302 instar
565 2279 650 2302 totum
660 2277 807 2305 sudoribus
818 2279 914 2313 perfun
922 2297 930 2300 -

147 2317 271 2351 debatur,
297 2319 438 2353 sanguinis
463 2327 604 2354 grummos
623 2322 656 2349 ad
682 2325 928 2358 repraesentandam

145 2363 185 2390 rei
201 2363 346 2399 imaginem
355 2366 512 2400 assumpsit.
529 2365 726 2396 Ostendebatur
738 2377 820 2404 porro
832 2378 927 2405 quein-

145 2410 292 2438 admodum
316 2411 398 2440 etiam
416 2419 470 2449 per
481 2412 694 2442 intensissimam
709 2417 860 2444 orationem
877 2438 884 2450 ,
902 2423 928 2445 et

144 2456 258 2483 multam
272 2457 410 2491 agoniam,
424 2458 460 2485 ita
472 2460 552 2486 etiam
565 2467 614 2494 per
625 2461 755 2489 sudorum
765 2463 926 2496 crassitiem,

144 2503 208 2536 quia
220 2504 380 2531 naturaliter
393 2509 421 2532 et
445 2505 544 2540 reipsa,
559 2514 611 2534 non
626 2515 690 2535 vero
715 2510 886 2542 specietenus
902 2516 927 2538 et

143 2548 324 2583 phantastice,
340 2551 422 2578 homo
436 2556 495 2579 erat
508 2551 641 2586 Salvator,
659 2559 686 2581 et
696 2556 866 2584 naturalibus
879 2557 928 2584 ho-

142 2593 260 2627 minum,
273 2595 418 2630 inculpatis
434 2600 534 2629 tamen,
560 2598 724 2626 inserviebat
741 2600 924 2634 passionibns.

143 2636 325 2668 Nihilominus
336 2641 401 2668 illud
418 2650 425 2669 :
443 2642 605 2670 Potestatem
619 2644 699 2671 habeo
709 2648 925 2680 poneream’mam

143 2694 238 2720 meam,
254 2693 279 2715 et
295 2694 450 2724 potestatem
464 2691 543 2718 habeo
561 2692 657 2718 iterant
680 2694 800 2720 tentandi
819 2703 876 2722 eam
891 2697 923 2729 ’⁸,

983 2235 1013 2261 τὸ
1039 2235 1196 2262 δεσποτικὸν
1225 2234 1358 2267 ὲνοτίζετο
1388 2235 1477 2271 σῶμα,
1506 2236 1564 2262 ἀλλ’
1594 2236 1636 2268 ὡς
1667 2237 1770 2272 ἀληθῶς

983 2280 1070 2316 ἁδρῶν
1082 2281 1219 2314 σταγόνων
1230 2279 1305 2315 δίκην
1317 2281 1375 2306 ὅλον
1386 2282 1441 2312 τοῖς
1455 2281 1550 2316 ἱδρῶσι
1561 2283 1769 2317 περιεατὰζετο,

981 2327 1044 2358 τοὺς
1055 2326 1108 2352 τῶν
1120 2327 1241 2362 αἱμάτων
1255 2327 1389 2362 θρόμϐους
1401 2327 1440 2358 εἰς
1451 2328 1546 2353 εἰκόνα
1558 2328 1606 2354 τοῦ
1621 2330 1772 2365 γεγενημέ-

982 2379 1026 2397 νου
1049 2371 1223 2406 παρείληφεν.
1246 2372 1353 2406 Ἐδήλου
1372 2372 1400 2398 δὲ
1415 2373 1468 2408 ἄρα
1483 2372 1582 2408 ὥσπερ
1599 2375 1648 2400 καὶ
1669 2375 1713 2401 διὰ
1727 2375 1771 2407 τῆς

982 2417 1160 2452 ὲντεταμένης
1181 2417 1346 2453 προσευχῆς,
1370 2418 1415 2444 καὶ
1440 2418 1490 2453 τῆς
1513 2418 1617 2453 πολλῆς
1641 2420 1770 2453 ὰγωνξις,

980 2463 1051 2489 οὕτω
1063 2463 1109 2489 καὶ
1126 2463 1169 2489 διὰ
1183 2463 1233 2498 τῆς
1246 2464 1298 2490 τῶν
1313 2463 1432 2500 ἱδρώτων
1450 2464 1621 2499 παχύτητος,
1639 2465 1678 2497 (Et;
1696 2465 1770 2500 εξὺπι

979 2511 1026 2537 καὶ
1047 2510 1163 2546 ἀληθῶς,
1186 2511 1242 2537 ἀλλ’
1266 2511 1317 2537 οὑκ
1339 2510 1465 2543 ἐπιδείξει
1488 2511 1537 2538 καὶ
1557 2513 1711 2548 φαντασίᾳ,
1729 2513 1770 2539 ἆν-

980 2558 1087 2593 θρωπός
1099 2566 1129 2584 τε
1145 2558 1328 2594 ἐχρημάτισεν
1348 2559 1361 2583 ὀ
1380 2557 1488 2593 Σωτὴρ,
1505 2559 1554 2585 καὶ
1568 2560 1628 2591 τοῖς
1649 2561 1770 2594 φυσικοῖς

979 2605 1032 2631 τῶν
1047 2603 1196 2640 ἀνθρώπων
1209 2605 1254 2631 καὶ
1268 2604 1438 2639 ἀδιαὸλήτοις
1450 2604 1650 2641 ὑπηρετήσατο
1665 2607 1767 2634 πάθεσι.

980 2651 1015 2677 To
1030 2651 1130 2686 μέντοι,
1155 2650 1311 2682 Έξουσίαν
1321 2650 1379 2684 ἔχω
1395 2650 1488 2677 θεῖναι
1506 2651 1566 2685 τὴν
1583 2653 1692 2687 ψυχήν
1702 2663 1767 2689 μα’.

979 2697 1025 2724 καὶ
1039 2695 1184 2727 ἐξουσίαν
1197 2696 1255 2730 ἔχω
1270 2694 1362 2722 πάλιν
1378 2695 1483 2722 λαϐεῖν
1497 2696 1611 2731 αὐτὴν,
1626 2699 1657 2724 ἐν
1668 2699 1768 2730 τούτοις

178 2744 201 2760 ¹⁶
215 2743 294 2772 Joan.
310 2754 388 2778 xviii,
407 2747 450 2774 ll.
490 2749 512 2764 ²⁷
531 2747 624 2775 Matth.
652 2757 717 2781 xvn,
735 2749 780 2783 Μὴ
796 2751 878 2779 Marc.
896 2762 935 2789 xv,

1038 2754 1059 2769 ’⁸
1074 2753 1151 2780 Joan.
1166 2761 1193 2786 ι,
1208 2752 1250 2779 l8.

193 2802 234 2839 l3)
250 2803 360 2839 Qonfer.
377 2805 524 2839 Theophyl.
539 2807 563 2833 in
576 2807 706 2834 Marcum.

193 2802 234 2834 l3)
251 2803 360 2830 Confer.
377 2805 497 2839 Theopln

179 2802 235 2872 EH)
250 2837 320 2874 Lege
338 2840 456 2874 ὑγίαπεν.
491 2836 497 2842 ’

1014 2812 1069 2847 (l5)
1088 2812 1165 2840 Deest
1183 2812 1306 2847 αἳματος,
1319 2816 1347 2838 ιιι
1363 2816 1435 2846 patet
1450 2821 1482 2839 ex
1499 2815 1692 2848 sequentibus.
