1865 3042
78 119 91 146 ι
98 120 150 147 ζιεὶῦ

651 122 932 150 ΙΝΤΕΒΡΒΕΤΑἸΊΟ
952 123 985 150 ΙΝ
999 122 1127 152 LUCAM.

1628 125 1696 152 ιειηι

71 178 163 214 δηλοῖ,
178 179 299 207 ἑκούσιον
314 179 423 209 εἶναιτὸ
439 183 532 214 πάθος
549 184 595 210 καὶ
612 183 662 215 ἔτι,
677 184 715 216 ὡς
727 183 792 220 ἄλλη
810 184 859 219 μὲν

958 184 1000 212 his
1016 185 1144 217 ostendit,
1159 184 1341 211 voluntariam
1358 191 1418 212 esse
1432 184 1586 220 passionem
1602 193 1609 210 :
1629 192 1698 219 prte-

72 225 96 262 ἡ
115 225 240 261 τιθεμένη
252 226 298 253 καὶ
309 227 500 264 λαμϐανομένη
516 229 599 265 ψυχὴ,
611 230 675 265 άλλη
687 230 715 256 δὲ
760 231 864 258 τιθεῖσα

73 271 127 298 καὶ
148 272 321 307 λαμϐάνουσα
338 272 442 310 θεότης.
461 274 572 309 (Ἄλλην
588 275 616 302 δὲ
636 277 683 302 καὶ
697 276 778 311 ἄλλην
800 275 863 311 ἔφη,

72 318 130 344 οὐκ
143 316 188 349 ἐἰς
206 317 253 344 δύο
268 320 400 355 πρόσωπα
416 320 535 356 διαιρῶν,
550 320 616 347 ἀλλὰ
629 322 683 348 τῶν
696 321 741 347 δύο
758 321 865 356 φύσεων

74 363 186 395 δεικνὺς
195 364 224 390 τὸ
238 364 365 400 διάφορον
383 365 459 400 (16).)
477 366 530 392 Kal.
542 365 637 402 ὥσπερ
658 367 740 402 σαρκὶ
755 367 801 393 τὸν
818 367 866 393 θά-

73 417 160 437 νατον
179 410 326 445 ὑπομείνας
341 411 420 442 ἑκὼν,
437 412 465 438 ἐν
478 413 545 447 αὐτῇ
564 412 613 447 τὴν
634 412 786 448 ἁψθαρσίαν
801 412 866 447 ἐφύ-

72 463 185 487 τευσεν,
197 455 268 482 οὕτω
282 457 327 483 καὶ
342 457 370 483 τὺ
381 457 431 491 τῆς
445 457 563 490 δουλείας
575 458 630 493 (17)
645 458 769 493 βουλήσει
783 466 866 493 προσ-

73 501 217 536 ηκάμενος
242 502 336 534 πάθος,
359 503 426 538 αὐτῇ
453 503 483 529 τὸ
496 503 594 538 θάρσος
608 504 654 530 καὶ
674 503 721 539 τὴν
742 503 865 539 ἀνδρείαν

77 546 250 583 ὲνέσπειρεν,
269 547 298 581 ἐξ
317 547 351 584 ἧς
363 549 428 581 τοὺς
445 549 620 582 πιστεύοντας
639 551 678 581 εὶς
700 549 781 576 αὐτὸν
799 549 865 584 πρὸς

76 593 145 624 τοὺς
156 593 202 619 τοῦ
216 595 365 630 μαρτυρίου
380 595 511 630 μεγάλους
523 595 619 627 ᾶθλους
630 595 762 630 ὲνεύρισε.
775 595 866 632 Ταύτῃ

76 647 122 665 τοι
137 639 184 666 καὶ
205 638 318 676 θρόμῦοι
337 640 446 675 ἱδρῶτος
467 639 547 667 αὑτοῦ
569 640 727 676 παραδόξως
744 637 787 666 οἷα
803 649 866 666 στα-

75 682 158 716 γόνες
176 684 290 718 αἵματος
306 684 449 720 ἀπέρρεον,
474 685 518 712 ῐνα
538 685 586 721 τῆς
601 685 738 721 ἡμετέρας
759 685 865 720 φύσεως

76 727 175 764 ὥσπερ
189 729 345 766 ἁναξηράνῃ
361 731 407 756 καὶ
424 730 544 766 ἐξοικίσῃ
563 730 612 765 τὴν
628 730 678 765 τῆς
693 730 794 762 δειλίας
811 738 865 765 πη-

76 775 142 811 γήν.
163 776 238 802 Ἐπεὶ
253 777 277 802 εἰ
291 776 327 811 μὴ
349 776 427 802 τοῦτο
442 775 475 811 ἦν
487 777 525 808 ὡς
543 779 572 803 ὲν
593 777 733 812 μυστηρίῳ
750 777 866 812 πραττό-

79 831 174 857 μενον,
183 823 242 849 οὐδὲ
257 824 273 859 ἡ
287 823 344 857 (18)
356 824 457 859 σφόδρα
465 823 614 856 δειλότατός
620 832 661 856 τις
667 824 713 850 καὶ
721 824 866 858 ἀγενέστα-

75 877 126 901 τος
144 869 276 905 ὑπῆρχεν,
300 871 415 905 αἵματος
432 870 543 906 ἔμελλεν
572 870 673 897 νοτίσιν
695 871 725 903 ἐξ
747 870 865 904 ἀγωνίας

78 915 162 949 μόνον
184 915 279 950 ὥσπερ
301 917 412 951 ἱκμάσιν
436 917 546 952 ἱδρῶτος
567 917 640 953 παρὰ
663 916 743 952 φύσιν
770 917 866 952 ὑγραί-

77 961 187 988 νεσθαι.

115 1006 241 1033 Τοιοῦτόν
264 1007 322 1033 ἐστι
343 1007 452 1034 κάκεῖνο
472 1007 502 1034 τὸ
520 1007 673 1043 εἰρημένον,
690 1008 727 1039 ὡς
752 1007 865 1042 ἄγγελος

75 1050 114 1088 ἦν
130 1053 309 1089 παρεστηκὼς
322 1053 359 1088 τῷ
373 1053 489 1089 Σωτῆρι,
506 1055 551 1080 καὶ
562 1054 692 1089 ἐνισχύων
703 1055 796 1081 αὐτόν.
812 1055 866 1081 Καὶ

74 1098 160 1124 τοῦτο
171 1098 224 1134 γὰρ
245 1099 294 1133 τῆς
309 1100 372 1134 περὶ
392 1100 465 1134 ἡμᾶς
477 1099 569 1126 ἕνεκεν
590 1100 746 1135 οἰκονομίας
763 1101 866 1136 ἐπρατ-

75 1144 220 1170 τετο.Τῶν
233 1144 286 1179 γὰρ
298 1144 368 1180 ὑπὲρ
384 1144 522 1176 εὐσεϐείας
533 1144 645 1178 ἀγώνων
658 1145 682 1171 οἰ
698 1145 787 1171 ἀθλεῖν
803 1146 866 1180 μέλ-

75 1187 173 1220 λοντες
190 1189 253 1220 τοὺς
267 1190 354 1224 ἱεροὺς
369 1189 475 1221 ἄθλους,
492 1189 623 1223 ἀγγέλους
635 1190 664 1223 ἐξ
682 1190 795 1225 οὐρανοῦ
809 1192 867 1217 ἐπι-

76 1234 245 1270 κουροῦντας
259 1235 350 1267 αὐτοῖς
361 1235 460 1270 έχουσι.
475 1236 550 1271 Τάχα
562 1236 590 1262 δὲ
604 1236 634 1262 τό
644 1244 650 1250 ’
668 1235 773 1270 Πάτερ,
793 1243 867 1270 παρ-

77 1280 185 1314 ένεγκε
206 1280 238 1306 τὸ
261 1279 413 1314 ποτήριον,
439 1281 488 1316 οὐχ
512 1281 549 1312 ὡς
572 1280 664 1313 δεδιὼς
685 1281 730 1307 τὸν
755 1281 867 1308 θάνατον

77 1325 192 1360 ἔφησεν,
208 1325 264 1351 ἀλλ’
281 1325 324 1351 ἵνα
338 1325 381 1351 διὰ
397 1325 497 1352 τούτων
515 1325 733 1361 προσκαλέσηται
749 1325 792 1352 τὸν
806 1325 867 1352 διά-

79 1370 161 1398 ϐολον
184 1371 267 1406 πῆξαι
291 1371 365 1406 αὐτῷ
389 1371 434 1398 τὸν
457 1372 580 1407 σταυρόν.
611 1372 728 1407 Ῥήμασι
750 1372 867 1407 δολεροῖς

78 1416 223 1452 ἠπάτησεν
242 1418 344 1448 ἐκεῖνος
369 1417 414 1443 τὸν
436 1417 531 1452 Ἀδάμ·
555 1417 658 1452 ῥήμασι
675 1416 775 1448 Θεῖκοίς
798 1417 868 1443 ἀπα-

77 1461 192 1498 τηθήτω
207 1464 221 1489 ὁ
239 1463 354 1499 δολερός.
372 1463 441 1489 Ἀλλ’
455 1463 513 1490 οὐδὲ
530 1463 594 1490 ἄλλο
609 1463 714 1499 θέλημα
729 1463 775 1490 τοῦ
791 1463 866 1496 Υἱοῦ,

79 1509 130 1535 καὶ
142 1508 205 1536 ἄλλο
215 1509 261 1535 τοῦ
277 1509 392 1545 Πατρός.
412 1510 440 1535 'U
453 1509 506 1544 γὰρ
520 1509 603 1536 θέλων
619 1510 633 1536 ὃ
650 1510 722 1536 θέλει
736 1510 749 1535 ὁ
765 1509 867 1544 Πατὴρ,

78 1554 240 1590 εὑρίσκεται
263 1555 332 1591 ἔχων
355 1556 385 1582 τὸ
407 1555 513 1591 Θέλημα
532 1555 579 1582 τοῦ
604 1556 719 1591 Πατρός.
745 1556 868 1591 Σχήματι

79 1598 130 1627 οὖν
145 1600 231 1635 λέγει,
241 1600 284 1635 μὴ
299 1601 332 1628 τὸ
348 1601 430 1636 ἐμὸν,
447 1601 528 1628 ἀλλὰ
541 1601 574 1628 τὸ
589 1602 658 1629 σόν.
675 1602 712 1628 Οὐ
726 1601 780 1636 γὰρ
797 1601 869 1627 θέλει

79 1647 150 1674 αὐτὸ
166 1647 375 1683 παρενεχθῆναι,
393 1647 460 1674 ἀλλὰ
475 1648 513 1683 τῷ
534 1647 683 1683 βουλήματι
698 1647 745 1674 τοῦ
764 1647 870 1682 Πατρὸς

79 1693 240 1729 ἀναπέμπει
261 1694 291 1720 τὸ
305 1694 337 1720 ὲκ
352 1694 399 1720 τοῦ
415 1694 517 1726 πάθους
538 1694 714 1730 κατόρθωμα,
732 1694 769 1725 ὡς
784 1693 869 1729 ἀρχὴν

80 1739 172 1775 τιμῶν
188 1739 233 1766 τὸν
246 1739 365 1775 Πατέρα.
381 1740 412 1766 Et
429 1740 483 1776 γὰρ
500 1739 613 1776 γνώμην
629 1740 678 1776 τὴν
693 1740 810 1766 διάθεσιν
822 1748 870 1766 κα-

82 1784 176 1811 λοῦσιν
189 1785 212 1810 οἱ
230 1784 350 1820 Πατέρες
361 1793 367 1799 ·
380 1784 482 1818 γίνεται
498 1784 526 1811 δὲ
541 1784 660 1816 διάθεσις
678 1784 744 1820 πρὸς
758 1783 788 1810 τὺ
805 1792 870 1819 κρυ-

83 1831 133 1857 δὲν
154 1831 295 1866 ἐμφρόνως
317 1830 354 1862 ὡς
380 1830 433 1856 ἀπὺ
455 1831 503 1865 τῆς
530 1830 709 1865 βουλεύσεως-
728 1829 787 1861 πῶς
805 1830 870 1864 φασί

83 1885 158 1908 τινες
169 1877 214 1903 τὸν
227 1868 338 1913 Κύρῧν,
356 1876 400 1902 τὸν
411 1876 481 1911 ὑπὲρ
493 1876 579 1902 ταῦτα
593 1877 691 1908 πάντα,
707 1875 812 1911 θέλημα
824 1875 870 1910 φέ-

85 1932 145 1961 ρειν
158 1924 309 1958 γνωμικόν;
325 1923 340 1958 ἢ
354 1923 442 1958 δῆλον,
460 1922 489 1955 ἐξ
506 1922 626 1956 ἀλογίας.

121 1970 196 2004 Στιχ.
222 1972 272 2005 με’.
290 1969 344 1996 Καὶ
370 1969 504 2002 ἀναστὰς
527 1969 586 1996 ἀπὸ
610 1968 665 2002 τῆς
688 1967 869 2003 προσευχῆς,

84 2015 184 2044 ἐλθὼν
197 2015 271 2050 πρὸς
288 2015 363 2048 τοὺς·
376 2015 521 2050 μαθητὰς,
539 2013 627 2050 εὗρεν
641 2015 751 2048 αὐτοὺς
765 2023 870 2049 κοιμω-

80 2061 196 2097 μένους
209 2061 268 2088 ἁπὸ
282 2061 336 2095 τῆς
354 2061 464 2093 λύπης.

123 2108 198 2143 Στιχ.
226 2111 283 2143 μς.
308 2108 363 2134 Kal
387 2105 472 2133 εἶπεν
495 2106 613 2140 αὐτοῖς’
639 2107 669 2134 Τί
695 2107 871 2138 καθεύδετε;

83 2152 273 2185 ἀναστάντες
293 2152 508 2186 προσεύχεσθε,
526 2151 577 2177 ἵνα
588 2150 631 2186 μὴ
649 2151 804 2185 εἰσέλθητε
828 2153 871 2184 εὶς

83 2199 263 2233 πειρασμόν.
359 2191 362 2194 ’

916 235 999 262 terea,
1018 232 1091 266 quod
1104 231 1156 258 alia
1169 232 1278 266 quidem
1297 231 1331 259 sit
1345 232 1465 266 positaet
1473 237 1580 265 sumpta
1597 231 1698 262 anima,

915 277 967 303 alia
983 284 1046 304 vero
1057 285 1160 311 ponens
1177 282 1203 304 et
1217 285 1327 304 sumens
1341 277 1477 304 divinitas.
1496 277 1601 312 (Aliam
1618 281 1699 312 atque

915 323 995 349 aliam
1012 323 1090 356 dixit,
1115 331 1169 350 non
1185 323 1212 350 in
1225 323 1293 350 duas
1305 330 1436 358 personas
1448 322 1605 357 dispescens
1617 343 1624 355 ,
1651 323 1698 349 sed

915 370 1030 396 duarum
1044 373 1202 396 naturarum
1220 369 1342 396 indicans
1357 368 1528 403 discrimen.)
1551 369 1583 395 Et
1604 376 1700 403 quem-

916 414 1061 441 admodum
1072 422 1154 441 carne
1171 419 1286 440 mortem
1302 419 1398 449 sponte
1416 414 1571 447 sustinens,
1589 414 1616 441 in
1642 414 1698 449 ipsa

915 458 1198 493 ineorruptibilitatcm
1220 459 1374 493 plantavit:
1398 460 1437 487 sic
1453 460 1534 486 etiam
1561 460 1700 486 voluntate

916 503 1021 530 timoris
1037 503 1207 538 tristitiaeque
1223 504 1378 538 passionem
1392 504 1537 531 admittens
1553 524 1559 535 .
1577 512 1623 538 per
1639 511 1698 530 eam

916 548 1014 576 insevit
1024 549 1202 575 constantiam
1216 548 1454 584 fortitmlinemque
1467 570 1475 583 ,
1495 558 1547 584 qua
1560 551 1699 577 credentes

916 595 943 621 in
955 595 1055 628 ipSHm,
1069 594 1102 621 ad
1116 595 1238 630 martyrii
1262 603 1359 629 magna
1374 595 1520 622 certamina
1539 596 1700 622 corrobora-

916 640 963 667 vit.
976 634 1119 674 Propterea
1135 640 1216 667 etiam
1234 640 1349 674 grummi
1371 641 1478 667 sudoris
1504 640 1563 675 ejus
1586 646 1698 674 stupeti-

916 685 980 712 dum
997 685 1024 712 in
1037 685 1148 712 modum
1165 686 1243 720 quasi
1259 690 1342 720 gutta:
1366 687 1508 721 sanguinis
1530 686 1698 719 defluebant,

917 735 946 758 ut
963 736 1062 758 nostra:
1081 735 1184 757 natura:
1199 731 1401 764 quodammodo
1413 731 1594 758 arefaceretet
1609 736 1701 758 extru-

916 776 990 803 deret
1004 776 1117 811 ignaviae
1131 775 1243 804 fontem.
1256 775 1322 803 Nam
1341 777 1363 804 si
1380 777 1431 804 hoc
1450 781 1578 811 tanquam
1600 782 1699 812 myste—

917 821 957 847 rio
969 819 1070 848 factum
1086 828 1141 848 non
1156 820 1271 854 fuisset;
1287 829 1319 848 ne
1335 822 1356 848 si
1375 821 1483 855 quidem
1507 822 1701 856 ignavissimus

920 866 1230 901 meticulosissimusque
1253 866 1370 899 fuisset,
1399 867 1539 901 sanguinis
1562 867 1642 894 stillis
1668 875 1702 895 ex

919 912 1016 947 agonia
1032 912 1163 939 duntaxat
1177 932 1185 944 ,
1212 917 1339 947 tanquam
1355 913 1437 946 guttis
1453 913 1561 941 sudoris
1574 933 1581 946 ,
1607 918 1702 940 contra

919 961 1043 984 naturam
1061 957 1263 992 perfundendus
1279 956 1385 984 luisset.

954 1003 1019 1030 Tale
1032 1007 1073 1030 est
1087 1008 1113 1030 et
1126 1003 1190 1030 illud
1205 1003 1278 1038 quod
1294 1003 1409 1036 dicitur,
1431 1004 1494 1038 quia
1510 1004 1622 1038 angellis
1637 1005 1703 1032 asti-

921 1053 989 1083 terat
1013 1047 1146 1075 Salvatori
1160 1069 1166 1080 ,
1191 1053 1217 1075 et
1237 1048 1408 1075 confortabat
1431 1058 1504 1076 eum.
1524 1049 1610 1076 Etiam
1631 1051 1702 1077 istud

919 1095 991 1122 enim
1008 1095 1219 1129 dispensationis
1235 1100 1333 1122 nostra:
1349 1095 1435 1133 gratia
1457 1096 1547 1122 fiebat.
1565 1096 1615 1129 Qui
1630 1097 1702 1123 enim

920 1148 969 1175 pro
985 1141 1114 1176 religione
1129 1141 1245 1168 subituri
1264 1145 1328 1168 sunt
1342 1141 1419 1176 quasi
1428 1149 1505 1168 sacra
1520 1150 1636 1176 agonum
1644 1151 1703 1169 cer-

921 1187 1032 1219 lamina,
1048 1186 1157 1222 angelos
1174 1187 1273 1213 habent
1287 1187 1319 1213 de
1330 1187 1398 1214 caelo
1410 1195 1487 1222 opem
1498 1187 1615 1214 ferentes
1625 1188 1701 1223 ipsis.

920 1231 1009 1259 Facile
1022 1230 1104 1260 eliam
1117 1233 1181 1259 illud
1197 1242 1204 1259 :
1221 1232 1302 1260 Pater
1312 1253 1319 1265 ,
1335 1234 1450 1268 transfer
1470 1234 1577 1260 calicem
1592 1235 1613 1250 "
1623 1255 1631 1267 ,
1647 1242 1701 1261 non

921 1283 1049 1314 tauquam
1067 1284 1189 1306 metuens
1203 1283 1316 1306 mortem
1330 1279 1405 1311 dixit,
1418 1280 1463 1306 sed
1476 1284 1504 1306 ut
1515 1287 1561 1314 per
1572 1280 1628 1306 Inee
1639 1288 1702 1315 pro-

920 1329 1030 1352 vocaret
1045 1325 1201 1358 diabolum,
1218 1331 1247 1352 ut
1269 1326 1360 1360 figeret
1386 1326 1437 1353 sibi
1458 1333 1575 1352 crucem.
1609 1325 1702 1353 Verbis

921 1370 1023 1398 dolosis
1037 1370 1131 1398 fefellit
1146 1371 1190 1398 ille
1203 1371 1288 1398 Adam
1307 1381 1313 1397 :
1334 1371 1422 1398 verbis
1441 1372 1538 1400 divinis
1553 1372 1703 1407 decipiatur

921 1416 1118 1444 fraudulentus.
1135 1416 1186 1444 Sed
1199 1424 1251 1443 non
1266 1421 1308 1444 est
1322 1417 1373 1444 alia
1385 1417 1510 1445 voluntas
1525 1417 1597 1450 Filii,
1610 1423 1636 1446 et
1650 1419 1702 1446 alia

921 1462 1020 1490 Patris.
1034 1462 1085 1496 Qui
1102 1463 1175 1490 enim
1202 1462 1260 1488 vult
1283 1462 1354 1496 quod
1370 1463 1427 1490 vult
1443 1462 1523 1490 Pater
1535 1484 1542 1496 ,
1568 1463 1703 1490 invenitur

923 1509 1022 1536 habere
1036 1509 1200 1536 voluntatem
1218 1508 1314 1536 Patris.
1328 1508 1379 1536 Per
1392 1510 1502 1543 liguram
1517 1509 1598 1544 igitur
1620 1510 1702 1544 dicit,

921 1563 972 1582 non
987 1563 1053 1586 mea,
1067 1554 1111 1581 sed
1130 1559 1193 1586 tua;
1212 1562 1266 1581 non
1279 1555 1350 1582 enim
1360 1555 1416 1582 vult
1425 1555 1535 1582 calicem
1549 1555 1700 1589 transferri,

920 1602 967 1629 sed
981 1601 1112 1628 voluntati
1129 1600 1216 1628 Patris
1232 1600 1316 1627 defert
1338 1601 1484 1635 perfectum
1498 1602 1633 1636 passionis
1658 1601 1703 1628 of-

920 1647 1022 1680 ﬁcium,
1039 1651 1169 1681 tanquam
1196 1646 1358 1680 principium
1382 1646 1490 1674 Patrem
1506 1647 1652 1674 honoratis.
1673 1647 1702 1674 Si

920 1691 992 1718 enim
1008 1690 1168 1717 sententiam
1190 1694 1288 1717 vocant
1304 1690 1396 1717 Patres
1415 1691 1498 1717 animi
1510 1690 1678 1718 atl‘ectioucm
1693 1711 1702 1724 ,

920 1738 1053 1774 contingit
1068 1745 1132 1765 vero
1149 1737 1255 1765 affectio
1268 1738 1302 1765 ad
1318 1738 1344 1765 id
1356 1739 1428 1774 quod
1439 1738 1574 1765 occultatur
1589 1742 1631 1764 est
1642 1746 1704 1772 pru-

920 1784 1014 1812 denter
1032 1789 1160 1819 tanquam
1183 1791 1198 1810 a
1215 1784 1330 1811 consilio
1345 1794 1351 1811 :
1379 1785 1515 1819 quomodo
1530 1784 1625 1810 dicunt
1642 1785 1703 1819 qui—

920 1830 982 1857 dam
1000 1829 1144 1857 Demittunt
1157 1830 1204 1864 qui
1221 1830 1371 1865 superbam
1391 1830 1482 1857 omnia
1495 1835 1537 1857 est
1550 1851 1558 1863 ,
1579 1831 1704 1857 volunta-

921 1881 974 1904 tem
991 1875 1062 1903 ferre
1073 1877 1266 1904 sententiosam
1279 1877 1290 1903 ?
1301 1876 1388 1908 Certe,
1398 1881 1427 1904 ut
1440 1881 1522 1911 patet,
1540 1884 1573 1904 ex
1590 1877 1704 1904 ratio-tis

921 1921 1025 1950 defectu
1030 1942 1037 1949 .

956 1968 988 1996 ν.
1004 1969 1048 1996 45.
1064 1968 1099 1995 Et
1115 1977 1221 2004 surgens
1238 1969 1270 1995 ab
1288 1969 1418 2000 oratione,
1437 1969 1538 1996 ueniens
1563 1969 1597 1995 ad
1621 1967 1703 1995 disci-

920 2013 1005 2047 pulos,
1022 2013 1118 2040 invenit
1131 2021 1173 2040 eos
1188 2013 1345 2040 dormientes
1362 2021 1377 2039 a
1390 2013 1511 2039 tristitia.

956 2101 989 2129 V.
1008 2101 1052 2129 46.
1073 2101 1106 2128 Et
1131 2101 1199 2128 dixit
1217 2102 1275 2128 eis:
1304 2101 1375 2133 Quid
1402 2101 1544 2128 dormitis?
1568 2105 1702 2135 surgentes

921 2154 1003 2181 orate,
1023 2153 1050 2174 ut
1066 2155 1117 2174 non
1132 2147 1235 2174 intretis
1254 2147 1280 2173 in
1301 2147 1479 2173 tentalionem.

121 2220 250 2279 Ιῖαῑζνὰρ
266 2243 405 2275 ἀδύνατον,
425 2242 540 2278 μάλιστα
564 2243 613 2278 μὲν
635 2243 699 2274 ἴσως
719 2243 800 2269 παντὶ⁸
821 2243 867 2269 ἀν-

955 2235 1124 2270 lmpnssibile
1139 2234 1211 2261 enim
1233 2239 1291 2266 est,
1318 2234 1467 2268 przesertim
1493 2233 1609 2260 fortasse
1629 2233 1703 2260 omni

83 2289 197 2326 θρώπῳ,
211 2289 241 2315 τὸ
257 2289 395 2320 παντελῶς
406 2289 535 2323 αγευστον
545 2288 663 2323 χαλεποῦ
675 2297 745 2320 τινος
759 2288 866 2323 διαμεῖ-

83 2344 147 2363 ναι·
172 2335 262 2368 Ὂλος
278 2335 342 2370 γὰρ,
361 2335 453 2369 φησὶν,
477 2335 493 2360 ὁ
517 2335 630 2368 κόσμος
646 2333 680 2360 ἐν
695 2333 734 2366 τῷ
751 2333 870 2367 πονηρῷ

84 2380 193 2409 κεῖται·
210 2381 266 2408 καί·
283 2380 318 2407 Τὸ
332 2379 426 2407 πλέον
435 2379 494 2406 τῶν
512 2379 628 2413 ἡμερῶν
638 2378 690 2405 τοῦ
702 2377 869 2412 ἀνθρώπου,

83 2428 180 2459 κόπος
190 2427 238 2453 καὶ
254 2427 354 2458 πόνος.
376 2425 455 2452 Ἀλλὰ
464 2425 488 2452 τί
497 2425 657 2460 διενήνοχεν,
671 2426 734 2456 ἴσως
749 2426 830 2459 ἐρεῖς,
843 2424 872 2450 τὸ

83 2471 249 2507 πειραθῆναι
262 2471 346 2498 καὶτὸ
357 2472 396 2502 εἰς
404 2471 553 2506 πειρασμὸν
564 2471 701 2506 ἐμπεσεῖν,
718 2470 775 2505 ἦτοι
786 2470 871 2496 εἰσελ-

85 2518 143 2545 οεῖν
157 2526 164 2551 ;
186 2518 215 2544 'O
231 2517 280 2553 μὲν
297 2518 350 2554 γὰρ
365 2517 492 2553 ἡττηθεὶς
509 2517 560 2543 ὑπὸ
582 2517 628 2543 τοῦ
642 2516 769 2552 πονηροῦ⁸
787 2517 870 2552 ἡττη-

85 2565 199 2599 θήσεται
211 2564 239 2591 δὲ
252 2564 330 2600 εἴπερ
353 2563 389 2599 μὴ
403 2563 572 2597 ἀγωνίζοιτο,
591 2562 771 2598 ὑπερασπίζει
782 2563 810 2589 δὲ
822 2563 870 2589 αὑ-

83 2610 134 2638 τοῦ
152 2611 198 2637 καὶ
212 2611 226 2636 ὁ
242 2609 317 2642 Θεός”
332 2611 371 2641 εἰς
387 2609 538 2645 πειρασμὸν
551 2609 669 2643 εἰσῆλθε,
687 2610 733 2635 καὶ
752 2609 825 2635 ἔστιν
841 2609 869 2634 ἐν

84 2655 172 2690 αὐτῷ,
188 2655 234 2682 καὶ
247 2655 293 2681 ὑπ’
314 2655 403 2686 αὑτὸν,
421 2653 514 2688 ὥσπερ
532 2654 624 2688 ἀχθεὶς
637 2654 817 2688 αἰχμάλωτος.
838 2653 868 2679 ’0

923 2282 1041 2313 homini,
1063 2289 1173 2308 manere
1201 2289 1313 2315 prorsus
1339 2281 1508 2314 inexpertum
1527 2280 1564 2306 rei
1589 2280 1705 2313 illltilljus

923 2328 1098 2356 molestioris.
1112 2327 1192 2354 Totus
1207 2327 1292 2360 enim,
1305 2327 1352 2359 ait,
1365 2326 1478 2353 mundus
1493 2326 1521 2352 in
1536 2326 1650 2360 maligno
1661 2334 1706 2359 p0~

923 2375 989 2401 titus
1004 2378 1042 2401 est
1058 2374 1081 2390 ³⁰
1098 2383 1105 2407 ;
1123 2378 1169 2400 et:
1188 2372 1256 2400 Pars
1272 2373 1390 2399 "Auximo
1409 2372 1511 2399 dierum
1526 2372 1639 2399 hominis
1664 2372 1701 2398 la-

925 2421 971 2446 bar
981 2424 1005 2446 et
1019 2418 1138 2445 molestia
1150 2418 1182 2445 ³¹.
1199 2418 1234 2444 At
1251 2417 1326 2444 dices
1342 2417 1468 2449 fortasse,
1488 2416 1558 2450 Quid
1578 2416 1705 2444 diﬂ‘erunt

922 2465 1030 2496 tentari,
1048 2469 1075 2492 et
1086 2465 1113 2491 in
1127 2465 1303 2491 tentationem
1320 2463 1440 2490 incidere
1454 2463 1497 2490 vel
1512 2463 1614 2497 ingredi
1627 2463 1637 2488 ?
1652 2462 1705 2496 Qui

923 2513 1010 2539 victus
1021 2515 1062 2538 est
1075 2518 1089 2538 a
1104 2511 1243 2544 maligno;
1261 2510 1385 2537 vincetur
1408 2514 1499 2536 autem
1514 2529 1521 2542 ,
1540 2509 1562 2536 si
1583 2516 1636 2535 non
1655 2517 1706 2543 pu-

923 2563 994 2593 gnet,
1008 2562 1035 2585 et
1045 2561 1166 2592 protegat
1180 2563 1242 2583 eum
1259 2554 1348 2586 Deus;
1368 2555 1390 2582 is
1417 2555 1444 2581 in
1471 2554 1646 2582 tentationem
1666 2554 1706 2580 in-

922 2604 997 2636 cidit,
1010 2608 1035 2630 et
1050 2603 1077 2630 in
1095 2603 1269 2630 tentationem
1286 2601 1408 2634 intravit,
1425 2605 1453 2628 et
1467 2605 1508 2628 est
1520 2601 1598 2632 inea,
1615 2604 1642 2626 et
1653 2599 1704 2626 sub

922 2649 991 2685 ipsa,
1005 2653 1132 2684 tanquam
1153 2649 1252 2676 ductus
1268 2646 1400 2682 captivus.
1427 2647 1460 2673 At
1478 2645 1524 2680 qui
1554 2644 1656 2672 resistit
1676 2647 1705 2670 et

127 2736 150 2751 “
162 2734 246 2762 Marc.
266 2735 382 2767 ιιι-,δα
417 2735 440 2751 ³ο
457 2735 594 2767 lJoan.v,
613 2736 651 2762 l9.
691 2735 710 2751 ³¹
735 2734 835 2761 Psalm.
862 2744 868 2762 ι

955 2742 978 2766 ἱ,
1004 2733 1048 2760 10.

124 2803 180 2835 (16)
197 2802 263 2835 Quae
278 2808 285 2837 (
307 2804 315 2838 )
333 2803 504 2837 inclusimus,
519 2804 599 2831 verba
619 2805 754 2832 habentur
776 2812 869 2834 aucto-

86 2840 124 2868 ris
140 2839 258 2866 Catenae.

959 2804 1014 2840 (l7)
1027 2803 1107 2830 Forte
1125 2801 1235 2834 δειλίας.

959 2840 1014 2875 με)
1035 2840 1075 2866 Et.
