1865 3042
617 177 1701 192 πωπω

180 179 630 194 m

667 305 1110 412 ADDEN
1118 304 1297 410 DA

828 623 1118 670 MONITUM

189 733 234 764 Ad
262 733 432 773 sequentia
452 732 600 771 Dionysii
631 731 838 763 Alexandrini
856 731 889 761 in
906 739 1026 761 sacram
1043 731 1236 769 Scriptorum
1255 730 1570 762 Commentariorum
1591 729 1773 769 fragmenta.

163 814 298 848 (Gallandii
309 814 422 840 Biblioth.
435 817 480 839 vet.
492 816 572 845 Patr,
582 814 695 846 Append.
709 813 738 838 ad
761 815 819 837 tom.
833 811 1222 873 Χέὲ,ῐὲιὲωέἕιὲ8ῗῗιηοτιιιο,
1235 812 1411 844 eomplementi
1423 818 1498 837 causa
1510 811 1543 836 ab
1554 812 1663 836 erudito
1675 811 1791 841 Anonymi

199 1034 334 1069 Quidquid
351 1035 449 1069 passim
461 1034 493 1060 ab
506 1034 567 1061 aliis
585 1034 685 1060 editum
701 1034 788 1068 fuerat
808 1035 839 1061 de
853 1033 981 1069 Operibus
997 1034 1118 1070 Dionysii
1131 1035 1317 1068 Alexandrini,
1330 1035 1433 1070 collegit
1448 1036 1508 1070 jam
1523 1035 1695 1063 Gallandius
1710 1035 1735 1061 in
1748 1042 1789 1061 sua

164 1080 328 1108 Bibliotheca
345 1082 443 1116 (supra
455 1080 505 1108 col.
525 1081 616 1114 1255),
636 1081 710 1115 cujus
729 1081 810 1108 etiam
823 1081 928 1108 erudita
941 1081 1122 1116 prolegomena
1139 1082 1240 1109 consuli
1254 1087 1385 1116 poterunt.
1401 1082 1494 1117 cheri
1508 1087 1646 1117 prwterea
1661 1084 1713 1110 tria
1726 1083 1789 1108 illius

162 1130 310 1165 fragmenta
329 1137 344 1154 (ι
358 1127 524 1162 Bonjoannio
542 1129 683 1164 descripta.
709 1127 826 1154 Primum
848 1127 1029 1162 complectitur
1047 1128 1147 1155 scholia
1164 1127 1418 1156 Commentariorum
1437 1129 1494 1163 ejus
1511 1130 1547 1155 ad
1564 1130 1682 1156 initium
1699 1129 1786 1156 Eccle-

160 1176 261 1208 siastte,
279 1175 397 1202 videlicet
415 1184 431 1200 a
441 1176 525 1210 capite
536 1183 556 1204 ι,
569 1183 633 1202 vers.
646 1175 672 1207 1,
686 1174 720 1201 ad
736 1179 814 1208 caput
826 1181 866 1206 ιιι,
880 1181 947 1200 vers.
959 1174 1002 1200 Η.
1018 1173 1116 1200 Revera
1133 1174 1287 1209 Dionysium
1304 1180 1423 1201 nostrum
1440 1175 1467 1201 in
1478 1176 1648 1210 principium
1661 1175 1789 1202 Ecclesia-

159 1227 207 1250 stte
220 1222 300 1257 fuisse
320 1226 532 1253 commentatum,
547 1221 628 1256 liquet
646 1230 677 1248 ea;
689 1221 802 1248 Eusebio
813 1221 863 1255 (i),
880 1220 925 1247 ubi
939 1221 978 1248 ait
989 1221 1020 1247 de
1035 1220 1155 1256 Dionysii
1170 1220 1286 1250 epistolis
1301 1220 1407 1256 loquens
1424 1229 1433 1248 :
1448 1222 1618 1256 Βασιλειδῃ
1638 1221 1700 1248 τῶν
1717 1223 1786 1249 κατὰ

161 1267 536 1302 Πεντάπολιν.παροικιῶν
554 1267 708 1301 ἐπισκόπῳ
725 1275 854 1302 γραφων,
876 1267 972 1302 φησὶν
993 1266 1102 1294 ἑαυτὸν
1121 1269 1164 1300 εὶς
1177 1266 1235 1301 τὴν
1258 1267 1356 1302 ἀρχὴν
1374 1267 1515 1302 διήγησιν
1534 1269 1727 1303 πεποιῆσθαι
1746 1270 1792 1296 τοῦ

166 1315 415 1350 Έκκλησιαστοῦ.
439 1324 448 1340 ί
465 1315 506 1341 Ad
522 1313 668 1341 Basilidem
688 1314 952 1349 Pentapolitanarum
976 1313 1153 1341 Ecclesiarum
1172 1314 1320 1349 episcopum
1345 1314 1460 1341 scribens
1472 1335 1479 1346 ,
1511 1315 1550 1341 ait
1570 1323 1599 1342 se
1627 1315 1793 1342 elucubrasse

157 1363 352 1390 enarrationem
375 1361 403 1388 in
423 1361 582 1396 principium
608 1352 786 1387 Ecclesiast'te.
801 1370 811 1386 ι
834 1359 892 1392 Quo
915 1361 1020 1394 quidem
1043 1361 1070 1387 in
1093 1360 1150 1387 loco
1172 1361 1292 1388 nonnulli
1318 1361 1405 1396 legunt
1425 1362 1707 1396 Ἑκκλησιαστικοῦ
1723 1370 1732 1388 ;
1748 1362 1790 1388 sed

163 1407 402 1442 Ἐκκλησιαστοῦ
415 1408 551 1443 legendum
566 1415 621 1435 esse
632 1412 727 1442 prater
740 1407 819 1441 ﬁdem
833 1406 990 1434 scholiorum
1009 1411 1170 1440 nostrorum,
1183 1411 1208 1434 et
1219 1413 1330 1435 veterea;
1342 1407 1577 1443 Chrislophorsoni
1591 1409 1792 1443 interpretati»-

158 1462 215 1481 nem
248 1455 397 1482 testimonio
414 1459 454 1481 est
475 1456 555 1482 etiam
569 1454 714 1490 Procopius
728 1453 850 1486 Gaurus,
870 1454 914 1489 qui
930 1454 965 1481 ad
983 1453 1075 1482 Genes.
1097 1463 1155 1489 cap.
1177 1463 1228 1487 ιιι,
1245 1463 1306 1490 pag.
1319 1455 1368 1488 76,
1389 1455 1486 1491 allegat
1507 1455 1668 1490 hujusmodi
1698 1456 1750 1482 scii-
1776 1463 1793 1482 ο

159 1504 281 1539 Dionysii
295 1505 377 1530 nostri
395 1503 424 1530 in
439 1502 626 1530 Ecclesiasten.

193 1551 312 1578 Alterum
331 1550 453 1585 Dionysii
474 1550 666 1585 fragmentum,
687 1553 726 1576 est
746 1549 820 1576 illius
840 1549 970 1583 expositio
986 1549 1013 1576 in
1028 1553 1106 1584 caput
1119 1549 1197 1576 Luca:
1215 1557 1289 1581 xx",
1307 1558 1373 1576 vers.
1385 1549 1430 1581 42,
1443 1550 1488 1580 43,
1500 1549 1547 1580 44,
1559 1549 1607 1582 45,
1620 1550 1669 1582 46,
1686 1550 1735 1582 fl,
1749 1550 1790 1576 .53-

158 1598 288 1634 Equidem
306 1607 359 1625 non
378 1599 496 1630 aliunde.
513 1598 582 1634 quod
601 1598 695 1629 sciam,
716 1601 834 1628 constat,
849 1597 1006 1632 Dionysium
1026 1602 1144 1624 nostrum
1161 1597 1189 1623 in
1203 1597 1300 1624 Lucam
1320 1597 1420 1624 scholia
1439 1597 1587 1632 scripsisse.
1606 1597 1686 1624 Fieri
1709 1603 1791 1624 tamen

156 1647 197 1672 vel
212 1646 284 1673 istud
297 1646 393 1680 potuit,
408 1654 466 1672 cum
483 1645 542 1680 jam
560 1644 763 1680 aliquammulta
782 1644 940 1677 scriptorum
954 1643 1011 1678 ejus
1024 1644 1188 1671 intercidisse
1199 1649 1298 1671 constet
1311 1652 1320 1671 :
1335 1645 1462 1671 ueletiam
1475 1651 1507 1670 ex
1519 1644 1583 1670 aliis
1599 1644 1659 1678 ejus
1672 1644 1794 1678 operibus

157 1699 252 1722 auctor
268 1695 374 1722 Catena:
390 1695 488 1722 codicis
510 1695 594 1722 nostri
615 1694 700 1728 potuit
715 1693 827 1720 lacinias
840 1692 901 1719 illas
918 1693 1086 1728 decerpsisse,
1102 1699 1126 1720 et
1142 1693 1196 1719 illis
1214 1693 1349 1720 versiculis
1365 1693 1542 1725 subiunzisse.
1557 1692 1637 1719 Certe
1650 1693 1680 1720 in
1693 1692 1792 1720 Catena

158 1751 175 1769 a
192 1743 223 1769 ι).
240 1743 340 1770 Thoma
355 1743 466 1769 collecta
483 1742 627 1777 Dionysius
648 1742 734 1768 locum
757 1749 833 1768 suum
851 1742 951 1775 passim
974 1741 1082 1769 obtinet.
1106 1740 1281 1773 Quamobrem
1306 1740 1373 1768 nihil
1391 1746 1430 1768 est
1452 1749 1500 1767 cur
1518 1741 1703 1776 fragmentum
1725 1740 1793 1766 illud

159 1795 251 1816 nostra
266 1790 389 1824 scriptori
404 1789 595 1822 abiudicemus.

198 1836 326 1870 Equidem
347 1835 374 1862 in
396 1836 433 1862 eis
449 1835 584 1862 Christum
605 1843 769 1870 nequaquam
791 1837 918 1871 sanguine
938 1835 1047 1863 sudasse
1061 1834 1112 1861 sibi
1129 1833 1193 1861 velle
1210 1833 1320 1866 videtur,
1336 1842 1488 1869 sensumque
1515 1834 1687 1869 evangelisttz
1710 1834 1794 1868 fuisse

158 1879 315 1917 proverbiali
334 1881 464 1907 locutione
482 1881 599 1914 innuere,
630 1890 640 1907 ι
658 1881 734 1913 Quod
753 1890 805 1908 non
820 1883 940 1909 tenuibus
954 1881 1110 1917 quibusdam
1131 1880 1253 1915 guttulis.
1265 1880 1392 1916 quasique
1410 1881 1444 1907 ad
1458 1881 1588 1907 indicium
1605 1880 1687 1906 modo
1704 1889 1790 1914 appa-

159 1927 287 1958 rentibus,
305 1927 472 1953 Dominicum
485 1934 579 1960 corpus
599 1926 801 1961 perstillaverit;
822 1927 866 1955 sed
884 1928 952 1963 quod
971 1935 1028 1954 vere
1043 1927 1193 1954 uberiorum
1206 1931 1339 1962 guttarum
1353 1927 1439 1953 instar
1460 1931 1542 1954 totum
1563 1927 1710 1954 sudoribus
1730 1936 1793 1962 per-

159 1973 328 2008 fundebatur.
344 1982 353 1998 )
378 1972 495 2000 Proinde
517 1973 548 1999 ab
565 1981 594 1999 eo
611 1972 712 2000 dictum
730 1973 811 2008 fuisse
830 1974 870 2007 ὡς
889 1976 915 2001 ol
935 1975 1063 2009 θρόμϐοι,
1086 1982 1095 1998 ε
1112 1977 1141 1999 ut
1158 1973 1272 2007 grummi
1290 1973 1435 2007 sanguinis.
1451 1983 1460 1999 ι
1488 1973 1616 2005 Alioquin
1632 1982 1687 2001 non
1708 1975 1792 2010 fuisse

157 2020 292 2046 dicturum
304 2019 338 2046 ad
351 2019 439 2046 instar
451 2019 544 2046 horum
561 2019 641 2053 fuisse
658 2019 765 2046 sudores
778 2019 887 2047 Christi.
908 2019 1041 2054 Quidquid
1058 2027 1136 2054 porro
1153 2019 1186 2046 sit
1201 2019 1232 2046 de
1244 2019 1322 2053 hujus
1343 2020 1568 2053 interpretationis
1589 2021 1714 2052 veritate,
1731 2030 1755 2056 ᾳ.
1770 2030 1792 2048 ιτ

159 2066 328 2099 fundamento
351 2066 475 2092 innititur
493 2066 560 2092 satis
577 2066 699 2101 inﬁrmo;
720 2066 780 2093 inde
798 2071 882 2093 tamen
903 2066 954 2093 loci
972 2066 1054 2101 ipsius
1075 2067 1236 2102 γνησιότης
1255 2066 1353 2101 liquido
1374 2067 1559 2101 conﬁrmatur,
1584 2076 1632 2094 nec
1647 2068 1790 2095 adversum

157 2122 231 2141 veras
249 2113 347 2141 Christi
363 2115 496 2148 passiones
513 2114 656 2149 quidquam
677 2113 789 2146 Marcio,
811 2112 967 2141 Valentinus
985 2114 1082 2149 aliique
1098 2119 1212 2141 veterum
1234 2113 1414 2140 luereticorum
1433 2114 1485 2149 ﬁlii
1503 2115 1649 2143 extundere
1667 2123 1789 2151 possunt.

158 2168 217 2186 cum
235 2159 380 2193 prwsertim
399 2158 489 2185 statim
508 2158 633 2192 subjiciat
645 2158 810 2193 Dionysius:
826 2167 836 2184 ‹
851 2158 1044 2186 Ostendebatur
1061 2159 1141 2186 etiam
1159 2167 1205 2194 per
1217 2159 1344 2185 sudorum
1361 2161 1522 2194 crassitiem,
1536 2161 1601 2195 quia
1615 2164 1789 2192 naturaliter.

156 2211 181 2232 et
198 2207 300 2241 reipsa.
321 2213 371 2232 non
392 2213 451 2232 vero
471 2206 555 2240 specie
577 2212 651 2233 tenus
673 2210 697 2232 et
720 2206 885 2241 phantastiee
907 2206 983 2232 homo
1007 2210 1064 2232 erat
1083 2204 1215 2239 Salvator,
1238 2211 1261 2233 et
1280 2206 1447 2233 naturalibus
1466 2206 1618 2239 hominum,
1643 2209 1788 2243 inculpatil

157 2255 256 2284 tamen,
275 2251 401 2278 serviebat
415 2251 594 2281 nassionibus.
610 2262 619 2278 ι
634 2251 701 2279 Sunt
717 2257 741 2279 et
757 2252 811 2278 alia
828 2251 947 2285 quaedam
966 2252 994 2278 in
1009 2251 1048 2278 his
1065 2251 1220 2287 fragmentis
1240 2252 1274 2278 ad
1285 2251 1467 2286 conﬁrmanda
1488 2253 1619 2288 dogmata
1633 2253 1788 2281 Christiana

157 2299 396 2333 opportunissima,
417 2299 565 2334 cnjusmadi
584 2299 622 2326 est
634 2299 700 2325 illud
714 2300 783 2334 quod
802 2299 831 2325 in
844 2298 920 2325 tertio
931 2298 1078 2333 fragmento
1091 2299 1206 2325 occurrit
1220 2299 1251 2326 de
1272 2299 1337 2326 Filii
1351 2301 1575 2334 ὀμοοιισιότητι.
1591 2301 1671 2333 Quod
1685 2302 1788 2337 quidm

157 2348 237 2374 etiam
250 2346 408 2373 Callandius
420 2347 547 2374 edendum
561 2348 662 2374 curavit
677 2347 714 2382 (2)
726 2355 734 2374 :
748 2347 792 2374 sed
805 2355 850 2373 nos
860 2352 963 2381 propter
975 2346 1115 2374 nonnullas
1126 2347 1301 2382 discrepantes
1313 2347 1447 2382 lectiones,
1463 2353 1488 2375 et
1500 2349 1562 2376 novi
1571 2348 1680 2377 Codicis
1695 2358 1786 2377 noram

159 2395 346 2421 auctoritatem
362 2394 570 2429 subjungendum
587 2394 795 2422 antecedentibus
815 2393 972 2421 censuimus.

194 2476 232 2511 (i)
248 2475 284 2503 Η.
298 2477 330 2503 Ε.
348 2475 394 2504 lib.
408 2484 457 2508 vn,
474 2484 533 2512 cap.
550 2476 595 2504 26.

1032 2475 1069 2512 (‘2)
1086 2475 1162 2504 Tom.
1176 2475 1219 2508 111,
1236 2484 1262 2511 p.
1286 2476 1340 2503 {97.

1850 240 1857 356 ‘

1852 462 1858 739 ἓ

1853 1060 1860 1120 i

1853 1136 1859 1210 1

1855 1809 1865 2014 l
