1865 3042
86 143 157 171 ιδει

591 146 862 176 COMMENTARIUS
882 146 914 174 IN
933 146 1202 174 ECCLESIASTEM.

1641 150 1709 180 15⁸-ῖὲ

84 201 136 228 καὶ
154 201 318 237 οἰκογενεῖς
338 203 478 238 ἐγένοντό
489 213 549 239 μοι.
567 206 655 240 Καίγε
675 206 782 241 κτῆσις
797 207 872 238 ,βου-

963 205 1000 231 hi.
1031 205 1110 239 Atqui
1123 206 1249 239 possessio
1276 206 1386 232 armenti
1413 211 1438 233 et
1463 207 1546 242 gregis
1569 208 1620 242 fuit
1644 209 1709 235 mihi

84 248 195 275 κυλίου
219 249 268 275 καὶ
292 250 430 284 ποιμνίου
453 251 572 286 ἐγένετό
587 261 637 287 μοι
660 252 771 286 πολλὴ,
798 253 873 287 ὑπὲρ

84 293 206 327 πάντας
225 295 296 329 τοὺς
314 297 494 331 γενομένους
511 297 681 332 ἔμπροσθέν
692 307 751 333 μου
766 299 800 325 ἐν
821 300 873 326 Ἰε-

82 341 258 376 ρουσσλήμ.

122 387 200 422 Στιχ.
216 390 250 423 η’.
268 388 444 424 Συνήγαγον
457 398 507 424 μοι
528 390 578 417 καί
593 398 631 425 γε
652 391 803 426 ἀργύριον,
824 391 874 418 καί

85 440 120 466 γε
128 433 269 467 χρυσίον,
278 434 327 460 καὶ
337 436 590 470 περιουσιασμοὺς
596 435 654 463 τῶν
659 437 813 468 ,βασιλέων
824 437 872 463 καὶ

84 476 147 503 ’τῶν
162 477 276 512 χωρῶν.
302 478 444 513 Ἐποίησά
455 488 505 513 μοι
522 478 650 513 ᾄδοντας
663 480 712 507 καὶ
728 479 872 514 ᾀδούσας,

84 523 135 549 καὶ
148 523 326 558 τρυφήματα
338 524 390 550 τοῦ
404 524 470 551 υίοῦ
481 525 533 551 τοῦ
547 524 714 559 ἀνθρώπου,
735 525 873 560 οὶνοχόας

85 568 135 594 καὶ
151 569 302 603 οἰνοχόον.

122 613 200 649 Στιχ.
214 613 245 640 θ’.
259 615 313 641 Καὶ
326 615 541 651 ἐμεγαλύνθην,
552 615 599 642 καὶ
611 615 783 649 προσέθηκα
793 616 873 650 παρὰ

86 659 206 693 πάντας
220 660 248 687 at
267 660 404 696 ἐγένοντο
417 661 586 696 ἔμπροσθέν
597 670 656 696 μου
671 662 706 688 ἐν
726 662 871 696 Ἰερουσα-

84 705 159 741 λήμ.
184 707 241 734 Καί
253 716 285 742 γε
301 708 394 742 σοφία
407 708 518 742 ἐστάθη
532 717 591 742 μοι.

121 753 200 788 Στιχ.
225 756 250 779 ι’.
274 753 327 780 Καὶ
345 752 406 780 πᾶν
422 753 438 780 ὃ
455 754 573 788 ᾔτησαν
587 755 613 781 οἱ
637 754 783 789 ὀφθαλμοί
801 763 869 789 μου,

84 798 142 823 οὐκ
169 797 296 832 ἀφεῖλον
317 798 367 825 ἀπ’
390 797 497 825 αὐτῶν.
525 800 584 825 Οὐκ
610 799 790 826 ἁπεκώλυσα
815 798 872 833 τὴν

85 843 216 877 καρδίαν
226 852 286 878 μου
303 844 361 870 ἀπὸ
375 843 476 878 πάσης
494 845 694 879 εὐφροσύνης.

926 251 1020 283 multa,
1042 258 1097 285 prin
1115 250 1234 278 omnibus
1253 252 1297 285 qui
1319 251 1426 286 [uerunt
1446 258 1507 279 ante
1524 261 1563 279 me
1580 254 1608 280 in
1626 252 1708 280 Jeru-

925 295 1014 323 saiem.

966 381 998 409 V.
1017 382 1043 409 8.
1062 382 1161 417 Collegi
1177 383 1241 410 mihi
1258 388 1335 418 atque
1350 388 1496 417 argentum,
1511 388 1588 417 atque
1602 391 1708 415 aurum.

924 433 948 455 et
965 429 1127 463 substantias
1143 437 1230 464 regum
1246 433 1269 455 et
1286 430 1430 464 regionum.
1454 428 1517 455 Feci
1534 429 1597 455 milii
1617 435 1709 456 canto-

925 483 965 502 res
977 480 1001 502 et
1014 477 1184 508 cantatrices,
1201 481 1225 502 et
1245 475 1434 502 oblectamenta
1454 476 1505 510 filii
1522 476 1644 509 hominis,
1659 484 1708 511 po-

925 520 984 547 cuia
998 525 1021 547 et
1035 520 1215 554 pocillatorem

958 603 990 631 V.
1003 605 1030 632 9.
1046 604 1081 631 Et
1093 606 1276 640 magnificatus
1290 614 1359 638 sum,
1374 611 1399 633 et
1416 607 1501 642 adjeei
1521 616 1576 642 pra:
1588 609 1706 635 omnibus

924 651 968 684 qui
990 650 1095 685 fuerant
1115 656 1175 678 ante
1193 659 1232 678 me
1250 652 1277 677 in
1298 651 1455 680 Jerusalem.
1481 653 1559 688 Atqui
1578 654 1707 688 sapientia

923 696 994 722 stetit
1012 696 1085 724 mihi.

960 739 990 766 V.
1014 741 1057 768 10.
1080 740 1115 767 Et
1134 750 1208 768 omne
1232 742 1301 777 quod
1324 743 1522 776 postulaverunt
1544 744 1614 770 oculi
1638 746 1704 775 mei.

923 794 974 813 non
992 787 1090 814 abstuli
1110 787 1141 814 ab
1156 787 1202 814 eis.
1225 787 1286 814 Non
1300 787 1420 822 prohibui
1431 796 1476 814 cor
1491 797 1574 816 meum
1590 789 1621 816 ab
1635 791 1706 816 omni

922 832 1026 859 laetitia.

120 875 252 924 ὀεωρεῖξ,
268 889 342 921 ὅπως
354 875 456 924 πλῆθοέ
464 875 556 917 ὀτκιιὶκῖ
566 890 613 917 καὶ
633 875 735 926 ἀχρῶν,
757 890 803 917 καὶ
817 890 870 917 τῶν

962 878 1038 906 Vides
1058 880 1195 915 quomodo
1217 880 1415 908 multitudinem
1431 883 1572 910 domorum
1587 887 1613 910 et
1627 891 1707 918 agro-

84 934 200 966 λοιπῶν,
218 931 255 961 ὧν
274 943 364 970 φησιν,
382 935 545 970 ἀριθμήσας,
560 933 618 962 εἶτα
635 935 716 971 μηδὲν
728 937 756 962 ὲν
770 935 873 969 τούτοις

84 980 231 1016 ὲπικερδὲς
249 980 348 1017 εὑρών·
365 982 425 1008 οὐδὲ
437 982 490 1016 γὰρ
503 982 554 1018 τὴν
565 983 654 1018 ψυχὴν
667 983 696 1015 ἐξ
711 983 799 1010 αὐτῶν
812 983 871 1018 βελ-

84 1026 150 1053 τίων
164 1026 282 1061 ἐγένετο,
296 1027 355 1054 οὐδὲ
372 1027 415 1054 διὰ
425 1027 502 1054 τοῦτο
515 1028 564 1063 τὴν
576 1028 643 1064 πρὸς
659 1028 724 1055 Θεὸν
737 1029 872 1056 οἰκείωσιν

84 1073 233 1108 ἐκτήσατοι
249 1074 403 1108 ἀναγκαίως
412 1074 458 1100 ἐπὶ
469 1074 514 1101 τὸν
529 1074 614 1109 ἀληθῆ
627 1074 750 1106 πλοῦτον,
765 1075 810 1101 καὶ
823 1075 872 1111 τὴν

86 1117 200 1152 βεὸαίαν
208 1118 323 1154 ὓπαρξιν
333 1119 377 1146 τὸν
390 1119 467 1153 λόγον
478 1119 663 1155 μετατίθησιν.
679 1120 768 1153 Δείξαι
784 1120 872 1147 τοίνυν

86 1164 229 1200 βουληθεὶς
256 1166 319 1192 ποῖα
339 1165 392 1191 τῶν
417 1165 563 1200 κτημάτων
585 1166 690 1192 ἵσταται
713 1165 751 1201 τῷ
772 1175 873 1201 κτησα-

84 1209 172 1245 μένῳ,
191 1211 267 1245 μένει
279 1219 309 1237 τε
318 1210 392 1246 αὐτῷ
401 1211 530 1246 διηνεκῶς
541 1212 588 1238 καὶ
599 1211 723 1243 σώζεται,
737 1212 870 1247 ἐπήγαγε·

86 1257 142 1283 Καί
156 1266 189 1291 γε
200 1257 293 1292 σοφία
302 1257 411 1291 ἐστάθη
422 1267 482 1292 μοι.
498 1257 574 1293 Μόνη
583 1258 637 1294 γὰρ
653 1258 722 1294 αὕτη
740 1259 824 1294 μένει,
838 1259 872 1285 τὰ

81 1301 107 1327 δ’
118 1301 187 1328 ἄλλα
202 1301 297 1336 φεύγει
313 1302 360 1328 καὶ
374 1302 530 1336 ἀφίσταται,
544 1303 594 1329 ὅσα
607 1303 712 1337 φθάσας
724 1303 869 1339 ἠρίθμησε.

85 1349 182 1382 Σοφία
195 1348 285 1374 τοίνυν
312 1347 424 1382 ἐστάθη
431 1357 492 1383 μοι,
508 1349 584 1384 κάγὼ
598 1349 630 1376 δι’
644 1349 729 1385 αὐτὴν
744 1349 869 1386 ἐστάθην.

92 1393 201 1420 Ἐκεῖνά
215 1402 245 1420 τε
264 1394 319 1430 γὰρ
331 1393 435 1428 πίπτει,
454 1395 500 1422 καὶ
513 1396 605 1422 πεσεῖν
619 1397 690 1422 ποιεῖ
705 1396 767 1427 τοὺς
782 1396 872 1428 αὐτοῖς

85 1439 292 1475 ἐπιτρέχοντας.
317 1439 396 1466 Ἀλλὰ
418 1439 473 1476 γὰρ
496 1439 637 1475 σύγκρισιν
653 1440 737 1468 θεῖναι
752 1442 801 1477 τῆς
827 1450 872 1468 σο-

86 1484 162 1519 φίας,
187 1485 234 1512 καὶ
253 1485 301 1520 τὴν
320 1485 359 1521 (7)
383 1485 531 1521 ἀνθρώπων
556 1485 666 1520 ἀγαθῶν
688 1487 872 1522 νομιζομένων

86 1531 259 1567 βουλόμενος,
273 1532 358 1558 ταῦτα
371 1533 494 1568 ἐπήγαγε
505 1542 511 1548 ·
528 1533 582 1560 Καὶ
600 1532 661 1560 πᾶν
679 1533 695 1560 ὃ
712 1533 830 1568 ᾔτησαν
844 1535 871 1561 ol
885 1543 907 1572 α

87 1578 236 1612 ὀφθαλμοί
241 1587 312 1613 μου,
321 1579 376 1605 οὐκ
387 1578 512 1613 ἀφεῖλον
518 1579 569 1606 ἀπ’
579 1579 687 1612 αὐτῶν,
696 1579 742 1606 καὶ
752 1579 785 1606 τὰ
797 1579 868 1615 ἑξῆς·

85 1623 117 1649 οὐ
139 1623 220 1658 μόνον
235 1625 345 1656 τούτους
367 1623 487 1656 κακιζων
506 1626 568 1657 τοὺς
593 1626 720 1661 μόχθους,
743 1625 789 1658 οὓς
803 1627 827 1653 οἱ
841 1626 871 1653 ἐν

87 1669 242 1706 εὐφροσύνῃ
265 1671 421 1706 τρυφῶντες
447 1672 579 1707 πάσχουσι
607 1671 778 1707 μοχθοῦντες,
804 1672 871 1700 ἀλλὰ

87 1715 134 1741 καὶ
148 1715 195 1747 οὓς
211 1716 279 1752 πρὸς
288 1717 410 1752 ἀνάγκην
426 1717 472 1744 καὶ
486 1717 546 1752 βίαν
556 1718 580 1744 οἱ
591 1717 728 1753 ἄνθρωποι
742 1717 871 1754 μοχθοῦν-

87 1770 132 1793 τες
155 1763 330 1798 ὑπομένουσι,
350 1763 453 1798 τροφῆς
477 1764 567 1790 ἕνεκεν
594 1764 644 1799 τῆς
666 1764 815 1800 ἐφημέρου,
842 1765 871 1791 ὲν

86 1807 180 1843 ἱδρῶτι
189 1808 236 1835 τοῦ
253 1808 398 1844 προσώπου
409 1809 457 1841 τὰς
468 1809 564 1844 τέχνας
577 1809 761 1845 ἐργαζόμενοι.
781 1810 809 1836 Ὁ
823 1810 871 1845 μὲν

87 1852 140 1889 γὰρ
151 1853 252 1889 μόχθος
266 1854 358 1886 πολὺς,
372 1855 463 1890 φησὶν,
480 1857 496 1890 ἡ
509 1855 537 1881 δὲ
551 1855 654 1891 τέχνηή
666 1856 697 1881 ἐκ
710 1855 756 1882 τοῦ
771 1855 870 1890 μόχθου

87 1900 264 1935 πρόσκαιρος,
285 1900 362 1926 οὐδὲν
386 1900 542 1936 προτιθεῖσα
565 1901 603 1936 (8)
625 1900 678 1927 τῶν
697 1900 870 1936 τερπομένων

87 1945 231 1980 χρήσιμον.
255 1945 354 1980 Διόπερ
377 1945 408 1971 τὸ
425 1945 519 1981 κέρδος
540 1945 625 1972 οὐδέν.
648 1944 730 1971 Ἔνθα
752 1944 806 1980 γὰρ
821 1943 871 1970 οὐκ

87 1989 145 2017 ἔστι
160 1990 314 2026 περισσεία,
332 1990 391 2017 οὐδὲ
404 1991 509 2026 κέρδος.
525 1991 646 2023 Εἰκότως
657 1991 745 2018 τοίνυν
761 1991 871 2026 ματαιό-

86 2044 138 2072 της
150 2035 186 2063 τὰ
208 2035 418 2068 σπουδασθέντα,
433 2035 482 2062 καὶ
499 2036 670 2070 προαίρεσις
693 2036 870 2071 πνεύματος.

88 2081 203 2117 Πνεῦμα
215 2081 254 2114 δὲ,
268 2081 317 2117 τὴν
331 2080 418 2117 ψυχὴν
431 2081 567 2116 ὀνομάζει.
590 2082 621 2108 Ἠ
634 2081 688 2117 γὰρ
702 2081 869 2117 προαίρεσις,

88 2125 146 2152 ἔστι
173 2127 259 2159 ποιὸν,
282 2126 312 2153 οὺ
339 2127 454 2162 κίνησις.
473 2126 528 2153 Καὶ
547 2128 561 2153 ὁ
583 2126 678 2153 Δαὸίδ·
697 2127 749 2159 Εἰς
771 2126 872 2161 χεῖράς

88 2179 147 2199 σου
169 2173 346 2208 παρατίθημι
369 2173 402 2200 τὸ
427 2172 543 2208 πνεῦμά
563 2181 631 2207 μου.
655 2173 710 2200 Καί
723 2182 756 2208 γε
766 2173 872 2209 ἀληθῶς

89 2219 183 2253 σοφία
196 2218 306 2252 ἐστάθη
323 2227 383 2253 μοι,
398 2219 438 2245 ὅτι
451 2227 484 2254 με
501 2218 602 2252 γνῶναι
620 2219 667 2245 καὶ
688 2219 805 2245 συνιέναι
822 2228 872 2245 πε-
889 2220 910 2247 D

89 2264 188 2300 ποίηκε
207 2265 254 2291 τοῦ
278 2264 366 2299 λέγειν
385 2265 439 2290 πᾶν
458 2265 472 2290 ὂ
491 2273 517 2290 τι
531 2264 581 2290 οὐκ
592 2263 648 2290 ἐστι
667 2263 809 2300 περισσεία
823 2264 875 2290 ὑπὸ

89 2311 135 2337 τὸν
147 2311 231 2346 ἥλιον.
244 2312 275 2338 Εἰ
289 2311 378 2338 τοίνυν
396 2310 498 2345 ἀγαθοῦ
510 2310 621 2346 κέρδους
634 2309 830 2346 ἐπιθυμοῦμεν,
850 2311 874 2337 ει

91 2357 249 2393 περισσείαν
259 2357 554 2393 θέλομεν,εεᾶφθα(ηοι
565 2355 698 2392 ζητοῦμεν
710 2354 789 2388 εἶναι,
807 2365 872 2392 μοχ-

91 2403 218 2440 θήσωμεν
230 2404 344 2440 μόχθους
352 2404 414 2435 τοὺς
426 2403 497 2438 ὑπὲρ
506 2403 550 2430 τὸν
565 2402 640 2438 ἥλιον
655 2403 809 2438 τρέχοντας.
831 2403 875 2428 Ἐν

91 2450 197 2483 τούτοις
210 2452 264 2486 γὰρ
276 2451 326 2478 οὐκ
339 2450 396 2477 ἔστι
410 2449 569 2485 ματαιότης,
583 2449 643 2475 οὐδὲ
657 2449 815 2484 προαίρεσις
826 2447 874 2474 τοῦ

91 2498 205 2526 εὶκαίου.
229 2498 277 2524 καὶ
294 2498 381 2533 μάτην
398 2493 449 2524 ὦδε
469 2497 549 2523 κάκεῖ
570 2495 774 2532 περισπωμένου
795 2494 875 2522 πνεύ-

93 2551 175 2576 ματοι,
180 2563 186 2568 .

127 2619 200 2659 Σίιχ.
221 2623 265 2658 ιβ’.
282 2622 338 2650 Καὶ
348 2622 461 2655 ἔϐλεψα
477 2619 534 2653 ἐγὼ
549 2615 602 2646 τοῦ
618 2619 691 2645 ἰδεῖν
700 2618 811 2653 σοφίαν
826 2617 874 2644 καὶ

93 2671 253 2704 περιφορὰν
270 2669 319 2696 καὶ
335 2667 526 2702 ἀφροσύνην·
544 2665 588 2692 ὅτι
604 2665 650 2698 τίς
665 2665 827 2698 ἅνθρωπος,
842 2663 875 2696 ὃς

92 2715 248 2743 ἐλεύσεται
272 2715 368 2742 ὀπίσω
402 2713 457 2748 τῆς
483 2712 602 2747 ,βουλῆς
629 2711 790 2746 σύμπαντα
818 2710 876 2736 ὅσα

91 2762 236 2797 ἐποίησεν
249 2763 341 2794 atii-17;

128 2810 137 2824 ³
153 2808 223 2837 Psal.
237 2817 330 2836 “xu.
346 2807 374 2833 (ῖ-

127 2867 165 2902 (7)
182 2867 252 2894 Τῶν.

923 932 994 958 rum,
1008 933 1040 953 ac
1054 926 1222 960 reliquorum
1245 934 1306 961 qua:
1329 933 1535 960 commemorat,
1555 934 1705 956 enunieret.

922 970 1023 998 Deinde
1034 972 1102 999 nihil
1115 972 1141 998 in
1159 971 1201 1000 his
1215 972 1280 999 utile
1295 973 1451 1007 reperiens;
1466 981 1516 1001 nec
1531 974 1602 1001 enim
1617 975 1706 1009 quoad

922 1016 1040 1043 animam
1054 1024 1086 1043 ex
1104 1017 1148 1044 his
1169 1018 1264 1044 melior
1282 1024 1415 1051 evaserat,
1434 1026 1522 1053 neque
1538 1026 1585 1053 per
1606 1019 1656 1047 hoc
1668 1019 1707 1047 fa—

923 1062 1106 1090 miliaritatem
1127 1071 1189 1090 cum
1215 1063 1268 1090 Deo
1291 1063 1473 1098 acquisierat;
1491 1065 1646 1092 necessario
1672 1065 1706 1093 ad

922 1116 1000 1136 veras
1023 1109 1148 1142 divitias,
1173 1114 1200 1136 et
1229 1110 1352 1137 stabilem
1379 1110 1525 1137 essentiam
1552 1118 1705 1138 sermonem

924 1154 1059 1182 transfert.
1074 1155 1143 1182 Cum
1158 1156 1242 1191 igitur
1257 1156 1336 1183 vellet
1348 1155 1492 1184 ostendere
1506 1164 1629 1190 quanam
1647 1164 1707 1191 pos-

923 1201 1059 1229 sessiones
1075 1202 1227 1236 possessori
1246 1207 1432 1236 permaneant,
1449 1206 1623 1236 perseverent
1634 1203 1705 1237 apud

922 1253 984 1273 eum
995 1246 1108 1281 jugiter,
1122 1253 1153 1274 ac
1166 1251 1316 1279 serventur,
1331 1246 1472 1281 subjunxit
1486 1257 1492 1274 :
1509 1247 1589 1282 Atqui
1602 1248 1705 1282 sapien-

923 1291 960 1317 tia
975 1291 1046 1318 stetit
1064 1291 1138 1318 mihi.
1161 1291 1223 1318 Sola
1237 1292 1309 1318 enim
1331 1291 1388 1319 haec
1408 1297 1517 1319 manet:
1534 1297 1631 1320 caetera
1652 1293 1707 1321 dif-

923 1337 1030 1372 fugiunt
1041 1342 1069 1365 et
1084 1337 1243 1368 abscedunt.
1257 1345 1426 1372 quaecunque
1436 1344 1514 1365 antea
1525 1339 1704 1367 enumeravit.

923 1382 1061 1417 Sapientia
1078 1383 1168 1417 itaque
1187 1383 1258 1409 stetit
1281 1383 1356 1415 mihi,
1374 1387 1401 1410 et
1419 1391 1468 1416 ego
1481 1391 1528 1418 per
1544 1384 1616 1412 illam
1632 1386 1703 1413 steti.

923 1427 969 1454 llla
985 1435 1102 1462 namque
1117 1427 1262 1461 excidunt,
1284 1433 1312 1455 et
1331 1428 1499 1463 praecipitant
1520 1435 1653 1465 quotquot
1670 1432 1704 1459 ad

923 1472 968 1499 illa
982 1478 1136 1500 recurrunt.
1154 1473 1189 1499 At
1203 1473 1274 1499 enim
1300 1473 1394 1500 volens
1417 1474 1646 1509 comparationem
1664 1475 1706 1503 in-

923 1517 1035 1545 stituere
1056 1517 1209 1552 sapientize,
1228 1521 1257 1544 et
1281 1517 1415 1545 bonorum
1441 1518 1621 1547 humanorum
1645 1529 1706 1556 quia

926 1563 989 1590 talia
1013 1567 1181 1598 reputantur,
1208 1564 1264 1590 haec
1288 1563 1427 1591 subtexuit
1447 1573 1454 1591 :
1477 1563 1512 1591 Et
1537 1574 1612 1593 omne
1635 1568 1704 1602 quod

923 1608 1121 1643 postulaverunt
1136 1608 1205 1635 oculi
1219 1609 1278 1640 mei,
1295 1617 1346 1635 non
1362 1609 1460 1636 abstuli
1475 1610 1506 1637 ab
1519 1611 1568 1644 eis,
1584 1616 1611 1639 et
1625 1618 1704 1640 caete-

924 1663 965 1688 ra,
983 1663 1035 1682 non
1051 1655 1132 1682 modo
1147 1655 1233 1683 malos
1250 1655 1395 1683 ostendens
1411 1656 1568 1690 hujusmodi
1588 1657 1704 1691 labores,

924 1707 994 1734 quos
1007 1701 1053 1735 qui
1069 1701 1096 1727 in
1107 1700 1196 1728 laetitia
1211 1701 1344 1733 laborant,
1356 1701 1503 1735 sustinent;
1518 1710 1612 1730 verum
1623 1703 1704 1731 etiam

924 1754 1102 1781 quoscunque
1124 1747 1148 1773 vi
1174 1755 1206 1774 ac
1226 1747 1387 1775 necessitate
1407 1747 1561 1777 laborantes
1581 1749 1706 1778 homines

924 1792 1050 1822 tolerant,
1069 1791 1319 1826 quotidianivictus
1337 1799 1429 1825 causa,
1448 1792 1475 1818 in
1498 1793 1597 1821 sudore
1615 1794 1706 1822 vultus

925 1843 996 1865 artes
1010 1837 1169 1865 exercendo.
1188 1836 1277 1864 Labor
1301 1836 1374 1864 enim
1393 1837 1494 1865 multus
1515 1842 1574 1872 est,
1600 1838 1705 1874 inquit.

924 1890 969 1910 ars
989 1888 1079 1910 autem
1100 1889 1161 1917 quae
1184 1890 1216 1909 ex
1234 1882 1326 1909 labore
1349 1887 1407 1916 est,
1429 1884 1609 1918 temporaria,
1638 1885 1706 1912 nihil

924 1929 1040 1956 aﬂ'erens
1063 1928 1129 1955 utile
1152 1935 1246 1955 eorum
1270 1935 1331 1962 quae
1354 1928 1498 1956 delectant.
1523 1929 1706 1963 Quamobrem

924 1976 1006 2003 etiam
1022 1974 1235 2002 emolumentum
1250 1974 1354 2001 nullum
1373 1979 1424 2002 est.
1441 1973 1492 2002 Ubi
1511 1976 1582 2003 enim
1596 1983 1650 2003 non
1664 1982 1707 2004 est

924 2020 1118 2052 exuberantia,
1145 2027 1233 2054 neque
1255 2020 1478 2048 emolumentum.
1506 2021 1602 2050 Merito
1625 2024 1707 2059 igitur

924 2067 1031 2095 vanitas
1053 2071 1117 2094 sunt
1138 2073 1180 2093 res
1207 2066 1278 2093 circa
1301 2073 1370 2100 quas
1388 2071 1460 2094 tanta
1480 2073 1522 2096 est
1542 2068 1705 2099 sollicitudo.

924 2118 948 2141 et
968 2113 1087 2141 uoluntas
1102 2112 1220 2147 spiritus.
1236 2110 1366 2146 Spiritum
1381 2113 1425 2140 hic
1437 2113 1555 2141 animam
1573 2117 1705 2142 nominat.

925 2158 1057 2186 Voluntas
1071 2157 1154 2189 enim,
1170 2161 1211 2184 est
1225 2157 1352 2192 qualitas,
1370 2165 1423 2186 non
1443 2164 1548 2187 motus.
1567 2159 1599 2187 Et
1622 2160 1707 2187 David

925 2206 962 2233 ait
981 2214 987 2232 :
1008 2203 1042 2231 In
1064 2212 1157 2231 manus
1183 2208 1242 2229 tuas
1268 2204 1418 2230 commendo
1440 2205 1561 2239 spiritum
1586 2215 1672 2234 nteant
1683 2208 1706 2236 ⁸,

925 2251 1006 2286 Atqui
1021 2257 1084 2278 vere
1097 2249 1226 2283 sapientia
1249 2249 1321 2276 stetit
1337 2249 1411 2282 mihi,
1432 2250 1495 2285 quia
1509 2250 1598 2279 etIecit.
1612 2257 1642 2279 ut
1657 2261 1707 2288 ego

925 2302 1115 2331 cognoscerem
1136 2302 1168 2322 ac
1193 2294 1386 2329 intelligerem,
1408 2301 1462 2327 quo
1485 2293 1603 2321 dicerem
1627 2303 1708 2323 omne

926 2342 998 2378 quod
1015 2350 1069 2369 non
1085 2345 1127 2368 est
1142 2340 1319 2367 exuberantia
1335 2339 1386 2367 sub
1402 2339 1468 2367 sole.
1485 2339 1514 2366 Si
1529 2347 1592 2374 ergo
1605 2340 1706 2370 bonum

926 2389 1140 2416 emolumentum
1155 2386 1352 2418 desideramus,
1370 2385 1393 2413 si
1406 2385 1611 2412 exuberantiam
1630 2388 1708 2415 volu-

928 2443 999 2468 mus,
1015 2434 1038 2462 si
1051 2432 1270 2467 incorruptibiles
1288 2431 1435 2467 quarimus
1456 2439 1534 2465 esse;
1553 2432 1708 2461 laboremus

928 2480 1035 2507 labores
1051 2477 1098 2513 qui
1120 2477 1190 2504 ultra
1207 2476 1290 2504 solem
1307 2480 1430 2502 currunt.
1450 2475 1480 2501 ln
1503 2475 1547 2502 his
1566 2476 1638 2502 enim
1653 2484 1709 2503 non

929 2530 970 2554 est
980 2525 1096 2557 vanitas,
1112 2530 1200 2558 neque
1213 2522 1339 2550 voluntas
1353 2521 1390 2548 rei
1405 2528 1589 2556 supervacuae.
1611 2527 1638 2548 et
1652 2522 1709 2556 spi-

928 2572 998 2599 ritus
1015 2570 1117 2597 frustra
1130 2569 1201 2596 ultro
1216 2567 1338 2602 citroque
1353 2566 1466 2601 abrepti.

966 2615 997 2643 V.
1014 2615 1058 2643 12.
1081 2614 1118 2641 Et
1137 2612 1227 2647 aspexi
1251 2619 1296 2646 ego
1318 2616 1347 2638 ut
1369 2611 1482 2638 viderem
1502 2611 1667 2645 sapientiam,
1684 2615 1709 2636 at

929 2661 1173 2691 hallucinationem,
1199 2665 1223 2685 et
1248 2656 1460 2692 imprudentiam.
1486 2655 1557 2683 Nam
1577 2657 1636 2692 quis
1661 2657 1709 2683 Ito—

930 2716 982 2739 mo,
998 2707 1043 2742 qui
1060 2706 1107 2738 ibit
1123 2713 1187 2740 pone
1208 2702 1347 2730 consilium
1363 2703 1451 2730 omnia
1470 2710 1628 2738 quacunque
1646 2702 1710 2738 fecit

934 2753 1010 2780 hrvt‘?

963 2858 999 2893 (8)
1021 2856 1098 2884 Furta;
1116 2855 1295 2891 πρεστίὴῖσα.
