1865 3042
145 99 210 127 1591

615 101 786 129 ADDENDA.
805 117 840 124 —
856 101 884 128 S.
905 100 1052 129 DIONYSII
1072 101 1303 130 ALEXANDRINI

1697 102 1768 128 1592

145 157 234 185 facere
249 157 364 193 nequeat
379 179 387 192 ,
409 159 528 195 exceptis
548 160 582 188 iis
600 168 661 196 quae
677 161 766 189 facere
783 169 835 189 non
858 161 923 188 vult.
940 165 962 191 Α
976 171 991 188 τ

1007 162 1057 189 νῶν
1072 163 1156 190 ὄντων
1169 164 1305 190 ἀδυνάτων
1327 164 1364 199 τῷ
1381 164 1440 200 Θεῷ
1454 164 1579 199 ποιῆσαι,
1595 162 1665 198 πλὴν
1686 163 1766 197 μόνον

145 202 198 231 Sed
215 223 223 231 .
242 223 250 231 .
266 224 274 232 .
293 226 299 232 .
319 205 460 233 confestim
482 207 626 235 roboratus
651 209 800 236 secundum
827 209 924 236 huma-

146 249 256 277 nitatem
272 258 286 277 a
299 250 411 279 Paterna
418 253 567 287 divinitate,
580 254 705 282 tutiorem
718 256 924 290 postulationem

147 295 221 328 facit,
234 304 282 324 nec
300 297 415 332 amplius
432 298 548 334 idipsum
568 299 634 332 vult,
653 300 699 327 sed
713 305 742 328 ut
754 301 842 336 placet
852 300 924 328 Patri

147 342 274 376 gloriose,
294 348 320 370 et
336 349 501 378 constanter,
516 350 543 372 et
560 346 647 381 plene.
665 346 722 374 Hoc
737 347 809 374 enim
823 348 926 375 audivit

146 385 274 419 Joannes,
289 388 348 422 ipso
359 389 476 423 dicente,
488 391 534 425 qui
553 391 747 420 sublimissima
761 397 788 420 et
807 393 925 421 divinis-

147 433 214 459 sima
230 441 343 468 quaeque
357 443 513 463 sermonum
534 441 561 463 et
574 445 685 472 operum
709 437 858 466 Salvatoris
885 439 926 466 di—

146 477 230 511 gessit
244 488 250 506 :
271 477 306 505 Et
317 479 424 506 calicem
436 488 511 515 quem
524 481 595 507 dedit
610 481 674 507 mihi
689 481 766 508 Pater
782 489 864 515 meus,
877 491 925 508 an-

147 531 197 550 non
206 523 292 550 bibam
306 524 380 551 illum
394 525 416 540 “
428 526 439 551 ?
458 524 554 553 Bibere
566 534 647 561 porro
658 527 770 555 calicem
784 548 791 560 ,
815 534 873 556 erat
897 533 925 555 ut

147 569 327 597 ministerium
342 571 454 605 implens
464 592 471 603 ,
494 576 632 607 totamque
646 573 803 602 tentationis
817 582 927 602 (econo-

147 615 240 646 miam,
257 614 361 642 fortiter
374 625 475 644 morem
491 623 594 653 gereret
606 618 681 646 Patri
695 620 795 647 volenti
819 625 848 648 ut
873 625 927 648 ter-

148 660 263 687 minaret
277 665 302 687 et
320 664 558 698 supergrederetur
584 673 729 693 aerumnas.
750 666 816 694 Illud
831 676 836 693 :
855 667 926 700 Quid

147 713 187 732 me
213 705 373 742 dereliquisti
389 708 410 723 ²⁷
427 708 439 734 ?
465 710 631 744 sequebatur
656 711 749 746 utique
769 720 801 739 ex
815 712 849 740 iis
865 721 926 747 qua:

147 756 225 779 antea
241 753 432 787 postulaverat.
447 754 503 782 Cur
516 755 582 782 mihi
603 756 734 784 hactenus
758 764 831 784 mors
860 765 926 784 con-

144 797 237 832 juncta
251 804 308 831 est,
326 804 353 826 et
374 801 493 828 nondum
521 802 631 829 calicem
654 802 817 831 circumfero
829 803 840 830 ?
852 803 926 831 lianc

146 849 212 878 puto
228 844 313 872 fuisse
333 845 482 874 Salvatoris
504 849 664 875 sententiam
691 849 718 876 in
741 850 849 878 concisa
878 850 927 877 hac
944 838 964 864 Β

146 897 220 917 V068.

181 934 214 962 Et
226 943 289 963 vera
301 943 365 964 sane
381 938 464 971 dicit,
481 943 508 965 et
527 943 617 966 tamen
640 948 693 967 non
708 941 758 968 fuit
772 941 926 969 derelictus.

148 979 200 1009 Sed
215 982 305 1009 statim
321 982 414 1015 ebibit,
426 988 456 1010 ut
464 985 620 1018 postulavit,
630 990 657 1013 et
666 987 928 1022 pertransiit.Atque

146 1027 229 1062 hujus
246 1028 285 1055 rei
305 1029 412 1057 videtur
427 1030 493 1058 mihi
509 1031 595 1059 fuisse
603 1033 766 1067 symbolum,
777 1034 849 1069 quod
863 1042 927 1069 por-

146 1077 250 1102 rectum
262 1080 303 1103 est
317 1075 354 1103 illi
368 1081 484 1104 acetum.
503 1077 634 1105 Mutatum
644 1079 716 1106 enim
728 1080 820 1107 vinum
832 1081 927 1108 innue-

146 1121 193 1148 bat
208 1120 286 1149 facile
298 1128 448 1158 promptam
468 1124 542 1152 illius
567 1125 744 1153 multationem
766 1132 846 1161 atque
863 1135 928 1154 con-

145 1167 297 1195 versionem
308 1176 389 1203 quam
406 1170 524 1205 recepit,
540 1179 590 1206 pro
612 1172 739 1206 passione
765 1180 862 1208 nempe
876 1173 927 1200 im-

145 1213 360 1249 passibilitatem,
371 1221 397 1243 et
405 1224 452 1251 pro
464 1223 550 1246 morte
559 1219 798 1252 immortalitatem,
807 1225 833 1247 et
841 1228 888 1255 pro
895 1228 927 1248 eo

145 1265 175 1288 ut
188 1261 365 1296 judicaretur,
381 1262 521 1297 judicare;
536 1269 563 1291 et
578 1273 625 1300 pro
639 1273 672 1293 eo
681 1270 709 1292 ut
724 1266 775 1293 sibi
788 1267 927 1302 tyrannice

145 1306 335 1341 imperaretur,
354 1315 467 1343 regnare
487 1310 634 1344 accipiens.
659 1310 776 1347 Spongia
789 1312 861 1339 enim
874 1332 881 1344 ,
899 1316 928 1339 ut

145 1352 292 1386 existimo,
323 1353 455 1389 integram
479 1356 590 1382 omnino
611 1357 696 1384 sancti
713 1357 829 1392 Spiritus
845 1358 871 1384 in
895 1366 927 1384 eo

146 1403 296 1427 exstantem
321 1401 571 1436 attemperationem
592 1403 733 1437 ostendit;
755 1409 780 1431 et
805 1404 927 1431 calamus

146 1450 282 1481 sceptrum
296 1447 397 1482 regale,
411 1455 442 1476 ac
452 1448 571 1476 divinam
586 1449 670 1484 legem
689 1449 879 1477 subindicavit.
894 1451 927 1477 At

147 1491 280 1526 hyssopus
295 1492 428 1520 viviﬂeam
444 1493 646 1529 salutaremque
670 1494 730 1529 ejus
745 1495 926 1528 resurrectio»
941 1505 962 1533 ο

146 1545 218 1569 nem,
233 1545 282 1572 per
291 1545 372 1573 quam
391 1543 417 1566 et
434 1546 485 1567 nos
505 1539 685 1567 incolumitati
705 1539 844 1568 restitutos
867 1541 928 1568 red-

145 1583 221 1610 didit.

182 1627 214 1655 V.
230 1629 273 1656 45.
290 1630 419 1664 Apparuit
429 1635 515 1658 autent
530 1631 570 1658 illi
585 1631 693 1666 angelus
715 1640 728 1658 ι
747 1631 810 1658 caelo
822 1632 928 1666 confar-

145 1677 204 1701 tans
217 1682 286 1702 eum.

181 1718 214 1746 V.
230 1720 274 1747 44.
290 1719 322 1746 Ει
335 1729 393 1747 cum
402 1721 460 1755 jam
478 1727 544 1748 esset
565 1722 592 1748 in
606 1723 702 1757 agonia
721 1723 848 1750 intensius
867 1732 929 1750 ora-

146 1764 200 1792 bat.
216 1764 281 1792 Fuit
297 1770 384 1793 autem
401 1767 484 1793 sudor
496 1767 564 1801 ejus,
579 1773 606 1794 ut
619 1769 732 1802 grumnti
743 1788 750 1801 ,
771 1770 814 1804 qui
824 1770 929 1796 descen-

145 1811 212 1838 dunt
224 1812 251 1838 in
268 1817 373 1839 terram.

180 1857 361 1886 Proverbialis
376 1859 478 1887 locutio
494 1864 536 1887 est
546 1860 579 1888 de
589 1860 623 1888 iis
633 1861 677 1895 qui
691 1861 930 1890 vehementissime

144 1903 237 1931 dolent
260 1908 288 1931 et
305 1904 487 1932 colluctantur
501 1915 507 1932 :
524 1905 666 1941 Sanguinis
680 1907 781 1940 sudor;
804 1913 830 1935 et
846 1909 879 1936 de
895 1908 929 1936 iis

145 1949 193 1984 qui
216 1957 308 1977 amare
335 1955 503 1985 queruntur:
528 1951 678 1988 Sanguine:
692 1954 747 1987 flet.
764 1953 861 1982 Dicens
874 1974 881 1987 ,
901 1959 929 1982 ut

145 1996 258 2031 grummi
269 1997 423 2032 sanguinis,
441 2005 496 2025 non
519 2006 661 2034 grummos
680 2001 788 2028 sudoris
812 2001 930 2029 ostendit

145 2042 296 2076 sanguinis.
311 2041 371 2070 Non
385 2044 458 2071 enim
469 2044 502 2072 ad
516 2044 705 2072 instarhorum
716 2045 829 2074 dixisset
844 2047 929 2076 fuisse

145 2088 269 2115 sudores.
288 2087 344 2115 Hoc
355 2088 439 2122 enim,
452 2093 481 2116 ut
492 2090 615 2124 grummi,
632 2089 774 2124 signiﬁcat.
791 2091 861 2124 Quin
877 2100 928 2127 po-

145 2132 199 2159 tius
210 2132 304 2160 volens
315 2133 465 2165 ostendere,
475 2134 548 2169 quod
559 2141 613 2161 non
626 2135 753 2162 tenuibus
763 2136 925 2170 quibusdam

975 205 1004 234 οὗ
1027 208 1063 244 μὴ
1084 208 1216 243 βούλεται.
1246 209 1359 237 Ἀλλὰ...
1389 210 1560 245 παραχρῆμα
1581 207 1766 244 ἐπιρῥωσθεξ

973 254 1043 281 κατὰ
1053 254 1247 291 ἀνθρωπότητα
1257 255 1308 282 ὑπὸ
1321 256 1370 291 τῆς
1381 256 1521 291 Πατρικῆς
1533 255 1671 289 θεότητος,
1683 255 1767 287 ἀστταρ

973 299 1102 335 λεστέραν
1120 302 1235 328 ποιεῖται
1248 300 1297 336 τὴν
1311 301 1429 335 αἴτησιν.
1444 301 1490 327 καὶ
1507 301 1598 327 οὐκέτι
1616 300 1684 326 αὐτὸ
1703 299 1765 333 βού-

973 344 1056 377 λεται,
1073 345 1129 371 ἀλλ’
1144 345 1182 377 ὡς
1195 346 1304 381 ἀρέσκει
1317 345 1356 380 τῷ
1367 346 1454 381 Ila.sz
1471 345 1583 378 ἐνδόξως
1597 346 1645 371 καί
1662 353 1764 380 καρτε-

975 391 1029 426 ρῶς
1044 391 1090 418 καὶ
1104 391 1205 428 πλῆρές
1222 392 1312 418 ποθεν.
1332 392 1416 418 Τοῦτο
1431 392 1485 427 γὰρ
1499 392 1617 427 ἤκουσεν
1637 392 1766 426 Ἰωάννης

974 438 1056 465 αὑτοῦ
1072 438 1204 472 λέγοντος,
1221 439 1235 465 ὁ
1251 438 1284 465 τὰ
1299 438 1496 473 μεγαλειότατα
1513 438 1559 464 καὶ
1571 437 1699 464 Θειότατα
1712 437 1764 462 τῶν

973 484 1021 511 τοῦ
1039 485 1162 520 Σωτῆρος
1182 484 1268 519 λόγων
1285 485 1332 511 καὶ
1350 484 1437 520 ἔργων
1453 483 1763 519 ὑπομνηματισάμενος

974 531 1029 558 Kal
1044 530 1076 557 τὸ
1087 530 1227 564 ποτήριον
1241 531 1256 557 ὂ
1270 530 1377 557 δέδωκέ
1387 539 1437 564 μοι
1452 532 1468 556 ό
1481 529 1584 563 Πατήρ
1592 539 1663 564 μου,
1674 530 1712 555 οὺ
1722 529 1764 563 μή

975 576 1032 602 πίω
1053 577 1142 607 adad;
1160 577 1233 603 Πιείν
1248 575 1275 602 δὲ
1293 574 1326 611 ἦν
1346 577 1376 603 τὸ
1396 577 1534 611 ποτήριον,
1555 575 1701 611 πληρῶσαι.
1718 575 1764 610 τὴν

975 622 1122 654 διακονίαν,
1136 623 1183 649 καὶ
1198 623 1287 649 πᾶσαν
1299 622 1345 648 τοῦ
1360 623 1513 658 πειρασμοῦ
1527 623 1578 658 τὴν
1593 621 1763 656 οἰκονομίαν,

976 668 1106 704 ἀνδρείως
1133 669 1260 704 ἐχόμενον
1282 668 1328 695 τοῦ
1354 669 1460 703 Πατρὸς
1479 669 1607 703 ἑλομένου
1630 668 1763 698 διανύσαι,

977 714 1023 741 καὶ
1040 714 1189 751 ὑπερϐῆναι
1203 715 1238 741 τὰ
1255 714 1336 741 δεινὰ·
1353 715 1383 741 τὸ
1397 715 1436 748 δὲ,
1460 715 1490 741 Τί
1500 723 1539 748 με
1550 714 1765 749 ἐγκατέλιπες

977 759 1010 796 ἦν
1027 761 1079 796 ἄρα
1098 758 1139 793 οἷς
1153 761 1320 797 προηξίωσεν
1334 761 1488 788 ἀκόλουθον.
1505 761 1537 787 Τί
1556 770 1601 796 μοι
1621 761 1705 796 μέχρι
1721 761 1766 786 νῦν

978 808 991 833 ὁ
1008 807 1120 839 θάνατος
1140 806 1321 839 συνέζευκται,
1340 808 1387 833 καὶ
1400 807 1477 834 οὔπω
1496 807 1527 833 τὸ
1541 808 1672 842 ποτήριον
1691 814 1767 841 περι-

979 850 1067 886 φέρω;
1082 850 1190 886 Ταύτην
1204 849 1251 876 τοῦ
1267 850 1390 885 Σωτῆρος
1401 849 1449 885 τὴν
1463 849 1583 875 διάνοιαν
1601 851 1631 875 ἐν
1647 850 1681 884 τῇ
1704 857 1766 875 συν-

978 896 1052 932 τόμῳ
1066 898 1140 932 φωνῇ
1155 896 1337 932 τεκμαίρομαι
1347 895 1498 930 γεγονέναι.

1013 943 1067 968 Καὶ
1081 942 1167 977 ἀληθῆ
1189 950 1220 976 γε
1242 941 1333 975 ἔλεγεν
1353 941 1419 976 (15),
1441 941 1489 967 καὶ
1504 941 1554 967 οὑκ
1577 939 1767 974 ἐγκαταλέλει-

979 994 1052 1012 πται.
1073 985 1141 1012 Ἀλλ’
1165 985 1244 1016 εὐθὺς
1265 985 1379 1016 ἐξέπιεν,
1402 985 1440 1016 ὡς
1457 983 1568 1018 ἠξίωσε,
1585 984 1634 1009 καὶ
1650 983 1767 1018 παρελή-

978 1031 1051 1060 λυθε.
1065 1032 1120 1059 Καὶ
1132 1031 1211 1058 τοῦτό
1230 1040 1275 1066 μοι
1296 1031 1406 1058 δοκεῖτὸ
1426 1030 1591 1066 παρενεχθὲν
1610 1030 1671 1061 ὅξος
1696 1030 1767 1064 αὐτῷ

978 1077 1118 1112 γεγονέναι
1139 1077 1280 1112 σύμϐολον.
1306 1077 1335 1103 '0
1354 1076 1408 1112 γὰρ
1425 1077 1568 1112 ἐντροπίας
1589 1074 1663 1107 οἶνος
1677 1076 1767 1111 διετή-

980 1132 1072 1159 μαινεν
1083 1123 1147 1154 ἴσως
1160 1122 1209 1158 τὴν
1221 1123 1309 1156 ὀξεῖαν
1320 1122 1402 1149 αὑτοῦ
1418 1122 1523 1158 τροπὴν
1537 1123 1586 1149 καὶ
1601 1122 1766 1157 μεταϐολὴν,

977 1170 1010 1205 ἣν
1029 1168 1198 1200 κατεδέξατο,
1219 1169 1278 1195 ἀντὶ
1294 1168 1340 1195 τοῦ
1363 1168 1466 1200 πάθους
1481 1168 1530 1203 τὴν
1552 1169 1703 1199 ἀπάθειαν,
1724 1169 1768 1194 xxi

977 1215 1037 1242 ἀντὶ
1047 1215 1093 1242 τοῦ
1109 1215 1222 1242 Θανάτου
1238 1215 1287 1251 τὴν
1304 1215 1464 1247 ἀθανασίαν,
1482 1216 1529 1241 καὶ
1539 1215 1599 1241 ἀντὶ
1615 1215 1664 1241 τοῦ
1679 1215 1769 1250 κρίνε-

979 1260 1040 1286 σθαι
1053 1260 1084 1286 τὸ
1099 1260 1212 1296 κρίνειν,
1230 1260 1290 1287 ἀντὶ
1302 1260 1349 1286 τοῦ
1363 1260 1551 1296 τυραννεῖσθαι
1569 1260 1599 1286 τὸ
1615 1259 1768 1294 βασιλεύειν

979 1306 1145 1342 μεταλαϐών.
1165 1307 1197 1333 ’Ὁ
1215 1315 1243 1333 τε
1258 1307 1312 1342 γὰρ
1337 1308 1465 1341 σπόγγος,
1475 1307 1513 1338 ὡς
1533 1304 1621 1341 οἶμαι,
1639 1307 1690 1341 τὴν
1707 1306 1768 1339 ὅλην

977 1354 1010 1380 δι’
1025 1354 1085 1380 ὅλου
1098 1353 1145 1380 τοῦ
1158 1354 1233 1388 ἁγίου
1248 1353 1405 1388 Πνεύματος
1417 1354 1445 1379 ὲν
1455 1353 1530 1388 αὺτῷ
1540 1353 1694 1388 γενομένην
1708 1353 1770 1378 ἁπτα-

977 1409 1074 1436 κρασιν
1095 1401 1216 1436 ἐνέφηνε·
1238 1400 1284 1427 καὶ
1308 1401 1322 1426 ὁ
1346 1400 1468 1435 κάλαμος
1490 1400 1521 1426 τὸ
1545 1399 1684 1434 βασίλειον
1705 1399 1768 1433 σκῆ-

978 1456 1074 1484 πτρον,
1087 1448 1133 1474 καὶ
1146 1448 1191 1474 τὸν
1205 1448 1274 1474 θεῖον
1287 1447 1366 1483 νόμον
1379 1448 1529 1483 ὑπέφηνεν.
1552 1448 1582 1474 '0
1597 1447 1628 1474 δὲ
1643 1447 1768 1477 inc-mm;

978 1493 1028 1528 τὴν
1044 1493 1161 1529 ζωτικὴν
1176 1494 1222 1520 καὶ
1237 1494 1367 1529 σωτήριον
1383 1494 1491 1529 ἔγερσιν
1508 1493 1602 1526 αὑτοῦ,
1623 1494 1659 1519 δι’
1673 1491 1709 1528 ἧς
1724 1493 1768 1520 καὶ

980 1540 1052 1574 ἡμᾶς
1069 1539 1132 1574 ὖγια
1148 1539 1203 1575 (Η)
1219 1538 1326 1572 ἔδειξεν.

1015 1631 1087 1666 Στιχ.
1107 1635 1160 1666 μγ¹.
1181 1631 1272 1665 Ὤρθη
1283 1630 1318 1656 δὲ
1331 1629 1410 1662 αὐτῷ
1424 1630 1552 1665 ἄγγελος
1567 1630 1618 1657 ἀπ’
1634 1630 1765 1663 οὐρανοῦ

979 1677 1128 1711 ἐνισχύων
1139 1677 1242 1703 αὐτόν.

1014 1723 1087 1757 Στιχ.
1105 1722 1155 1757 ub".
1175 1722 1228 1749 Kal
1245 1722 1403 1757 γενόμενος
1416 1722 1452 1747 ἑν
1465 1720 1578 1756 ἀγωνίᾳ
1596 1720 1769 1746 exteri-Evas-

975 1777 1033 1802 ρον
1046 1769 1243 1801 προσηύχετο.
1269 1767 1402 1802 Ἐγένετο
1414 1767 1449 1793 δὲ
1463 1768 1480 1793 d
1502 1766 1591 1800 ἱδρὼς
1606 1766 1712 1798 αὑτοῦ,
1729 1766 1767 1799 ὡς

979 1816 1005 1841 οὶ
1021 1815 1140 1849 θρόμϐοι
1156 1813 1210 1849 (15)
1226 1815 1252 1840 ol
1265 1813 1494 1845 καταϐαίνοντες
1511 1812 1561 1839 ἐπὶ
1579 1812 1636 1845 τὴν
1654 1811 1723 1846 γῆν.

1014 1861 1151 1896 Παροιμία
1165 1860 1270 1894 λέγεται
1284 1861 1329 1886 ἐπὶ
1342 1859 1395 1885 τῶν
1409 1859 1512 1894 σφόδρα
1522 1858 1704 1893 λυπουμένων
1721 1858 1765 1884 καὶ

979 1906 1166 1941 ἀγωνιώντων,
1183 1906 1305 1941 αἵματος
1323 1905 1452 1939 ἵδρωσις⁸
1471 1905 1568 1939 ὥσπερ
1584 1905 1631 1930 καὶ
1653 1905 1699 1930 ἐπὶ
1715 1904 1766 1929 τῶν

979 1953 1084 1989 πικρῶς
1094 1952 1274 1988 ὀδυρομένων,
1284 1952 1392 1985 αἵματα
1403 1951 1510 1978 κλαίει.
1527 1951 1589 1977 ’Ὁτι
1598 1951 1672 1977 ὡσεὶ
1684 1952 1766 1985 θρόμ-

979 2001 1023 2027 ϐοι
1040 2001 1163 2034 αἵματος
1177 1998 1270 2031 εἰπὼν,
1284 1999 1314 2025 οὺ
1327 1998 1462 2034 θρόμϐους
1477 1997 1591 2033 ἱδρῶτος
1607 1998 1766 2034 ἁπεςὴνατο

978 2048 1102 2082 αἳματος.
1123 2047 1160 2073 Οὐ
1177 2047 1231 2082 γὰρ
1252 2047 1284 2072 ἂν
1304 2045 1363 2072 καθ’
1382 2045 1531 2081 ὁμοιότητα
1551 2045 1658 2071 τούτων
1675 2046 1765 2080 εἴρηκε

978 2093 1101 2127 γενέσθαι
1113 2092 1174 2124 τοὺς
1188 2091 1399 2127 ἱδρῶτας.Τοῦτο
1412 2090 1464 2126 γὰρ
1476 2091 1548 2117 ὡσεὶ
1559 2091 1684 2125 θρόμϐοι
1698 2100 1766 2125 παρ-

979 2139 1077 2174 ίστησι.
1099 2138 1189 2165 Θέλων
1213 2138 1241 2164 δὲ
1258 2137 1356 2172 μᾶλλον
1376 2136 1504 2171 δηλῶσαι,
1524 2137 1563 2168 ὡς
1577 2137 1642 2172 οὐχὶ
1656 2137 1766 2168 λεπταῖς

144 2178 256 2211 guttulis
266 2198 273 2210 ,
295 2179 428 2214 quasique
443 2179 476 2206 ad
488 2179 619 2207 indicium
639 2181 719 2208 modo
731 2183 925 2216 apparentibus
941 2184 963 2212 D
976 2193 992 2210 τ

1007 2193 1030 2211 τι
1046 2183 1139 2216 νοηξσι,
1155 2185 1202 2211 καὶ
1211 2181 1265 2210 οἷον
1279 2182 1416 2215 ἐνδείξεως
1429 2182 1509 2218 χάριν
1526 2183 1764 2218 ὲπιφαινομέναις.

144 2223 316 2252 Dominicum
342 2232 442 2260 corpus
465 2226 675 2260 porstillaverit:
701 2227 747 2254 sed
764 2229 837 2262 quod
864 2238 926 2257 vere

145 2271 300 2298 uberiorum
315 2275 452 2306 guttarum
465 2271 551 2299 instar
562 2276 647 2300 totum
657 2273 803 2301 sudoribus
815 2274 911 2309 perfun
919 2291 926 2296 -

143 2317 268 2350 debatur,
294 2317 435 2352 sanguinis
460 2325 601 2351 grummos
620 2318 653 2346 ad
679 2321 924 2354 repraesentandam

142 2363 182 2390 rei
198 2362 343 2398 imaginem
352 2363 509 2398 assumpsit.
526 2362 722 2393 Ostendebatur
735 2373 817 2400 porro
829 2374 925 2401 quem-

142 2409 290 2437 admodum
313 2409 395 2439 etiam
413 2410 691 2447 perrintensissimam
707 2413 857 2440 orationem
874 2434 882 2446 ,
899 2418 926 2441 et

142 2456 256 2483 multam
269 2456 407 2490 agoniam,
422 2456 458 2484 ita
469 2457 550 2484 etiam
563 2464 611 2492 per
622 2458 753 2485 sudorum
762 2459 924 2491 crassitiem,

142 2502 206 2536 quia
218 2503 377 2530 naturaliter
391 2507 419 2530 et
443 2503 542 2538 reipsa,
556 2511 609 2531 non
624 2512 688 2532 vero
713 2506 884 2539 specietenus
900 2512 924 2534 et

141 2548 322 2583 phantastice,
338 2550 420 2578 homo
434 2554 494 2577 erat
506 2549 639 2583 Salvator,
657 2556 684 2578 et
694 2552 864 2580 naturalibus
877 2553 926 2580 ho-

140 2593 258 2627 minum,
272 2594 416 2629 inculpatis
432 2599 533 2628 tamen,
559 2595 723 2623 inserviebat
740 2596 922 2630 passionibus.

141 2637 324 2667 Nihilominus
335 2640 400 2667 illud
417 2649 424 2668 :
441 2640 603 2668 Poteslatem
617 2641 698 2668 habeo
708 2644 924 2676 ponereanimam

141 2694 236 2720 meam,
253 2693 277 2715 et
293 2693 449 2724 potestatem
462 2689 542 2716 habeo
560 2690 656 2716 iterant
678 2691 798 2717 sumendi
817 2699 875 2718 eam
891 2692 922 2725 ⁵⁸,

176 2745 200 2761 ⁸⁵
214 2743 292 2772 Joan.
308 2753 386 2777 xvm,
406 2746 449 2772 Η.

249 2803 359 2840 _Confur.
376 2804 523 2840 Thcophyl.
538 2805 563 2832 in
575 2804 705 2831 .‘Iarrum.

178 2838 234 2873 (14)
249 2837 319 2874 Lege
337 2839 456 2873 υγζχπεν.

979 2230 1010 2256 τὸ
1036 2229 1191 2256 δεσποτικὸν
1221 2228 1354 2260 ὲνοτίζετο
1384 2228 1472 2264 σῶμα,
1502 2228 1560 2254 ἀλλ’
1591 2229 1631 2260 ὡς
1663 2228 1765 2263 ﬂights;

980 2274 1066 2311 ἁδρῶν
1078 2275 1215 2308 σταγόνων
1226 2273 1302 2308 δίκην
1313 2273 1371 2300 ὅλον
1382 2275 1438 2304 τοῖς
1451 2273 1546 2308 ἱδρῶσι
1557 2282 1592 2299 πε
1598 2274 1763 2309 ριεττὰζετο,

979 2322 1040 2353 τοὺς
1052 2320 1105 2347 τῶν
1117 2321 1238 2356 αἱμάτων
1252 2320 1386 2355 θρόμϐους
1397 2320 1437 2350 εἰς
1448 2320 1542 2346 εἰκόνα
1554 2319 1603 2346 τοῦ
1619 2320 1767 2355 γεγενημέ-

979 2374 1023 2392 νου
1046 2365 1220 2400 παρείληφεν.
1243 2365 1350 2400 Ἐδήλου
1369 2364 1397 2390 δὲ
1411 2366 1465 2400 ἄρα
1480 2364 1577 2400 ῶσπερ
1596 2367 1645 2392 καὶ
1665 2366 1708 2391 διὰ
1722 2366 1766 2399 τῆς

979 2412 1157 2447 ὲντεταμένης
1179 2410 1343 2446 προσευχῆς,
1367 2411 1413 2437 καὶ
1437 2410 1487 2445 τῆς
1509 2410 1615 2445 πολλῆς
1638 2411 1765 2444 ἀγωνίας.

978 2458 1049 2484 οὕτω
1061 2458 1107 2484 καὶ
1123 2457 1167 2483 διὰ
1180 2457 1231 2492 τῆς
1243 2457 1296 2483 τῶν
1311 2456 1430 2492 ἱδρώτων
1447 2456 1620 2491 παχύτητος,
1637 2456 1676 2488 ὡς
1691 2456 1766 2490 φύσει

977 2506 1023 2532 καὶ
1045 2505 1160 2540 ἀληθῶς,
1184 2504 1240 2531 ἀλλ’
1264 2505 1314 2530 οὑκ
1337 2503 1463 2536 ἐπιδείξει
1485 2503 1534 2530 καὶ
1555 2504 1705 2540 φαντασίᾳ,
1723 2504 1766 2530 ἇν-

978 2553 1085 2588 θρωπός
1098 2561 1127 2578 τε
1143 2551 1325 2587 ἐχρημάτισεν
1345 2551 1360 2577 ὀ
1378 2550 1485 2586 Σωτὴρ,
1502 2551 1552 2577 καὶ
1566 2552 1627 2582 τοῖς
1646 2552 1766 2585 φυσικοῖς

977 2599 1031 2626 τῶν
1045 2598 1194 2634 ἀνθρώπων
1207 2598 1252 2624 καὶ
1267 2597 1436 2632 ἀδιαΰλὴτοις
1448 2597 1647 2632 ὑπηρετήσατο
1663 2599 1763 2625 πάθεσι.

978 2647 1014 2672 Τὸ
1028 2646 1129 2680 μέντοι,
1153 2644 1310 2676 Έξουσίαν
1320 2643 1378 2677 ἔχω
1394 2643 1487 2669 θεῖναι
1503 2644 1564 2677 τὴν
1580 2644 1689 2678 ψυχήν
1698 2653 1764 2679 μου.

978 2692 1024 2719 καὶ
1039 2690 1182 2722 ἐξουσίαν
1196 2689 1254 2724 ἔχω
1269 2688 1361 2716 πάλιν
1377 2688 1481 2715 λαϐεῖν
1495 2689 1609 2723 αὐτὴν,
1624 2691 1654 2716 ὲν
1665 2689 1766 2721 τούτοις

489 2747 510 2762 ’τ
530 2746 622 2773 Matth.
651 2754 716 2778 xvn,
735 2746 779 2779 lC;
796 2747 877 2775 Marc.
896 2757 938 2784 xv,
953 2750 997 2778 34.
1037 2748 1151 2775 ’⁸1οιιιι.
1166 2755 1193 2779 x,
1208 2746 1249 2773 l8.

1014 2807 1068 2843 (l5)
1088 2807 1165 2834 Deest
1183 2806 1306 2841 αἵματος,
1319 2809 1347 2831 ιιι
1362 2809 1434 2839 patet
1449 2813 1481 2832 cx
1498 2806 1691 2840 sequentibus.
