  <div class='ocr_page' id='page_1' title='image "/cluster/home/n/w/nwhite01/storage/ocr_20150623/10/njp.32101077772406/890.png"; bbox 0 0 1865 3042; ppageno 0'>
   <div class='ocr_carea' id='block_1_1' title="bbox 66 112 137 140">
    <p class='ocr_par' dir='ltr' id='par_1_1' title="bbox 66 112 137 140">
     <span class='ocr_line' id='line_1_1' title="bbox 66 112 137 140; baseline 0.014 -1"><span class='ocrx_word' id='word_1_1' title='bbox 66 112 137 140; x_wconf 65' lang='lat' dir='ltr'><strong>(fit);</strong></span> 
     </span>
    </p>
   </div>
   <div class='ocr_carea' id='block_1_2' title="bbox 643 113 1118 144">
    <p class='ocr_par' dir='ltr' id='par_1_2' title="bbox 643 113 1118 144">
     <span class='ocr_line' id='line_1_2' title="bbox 643 113 1118 144; baseline 0 -2"><span class='ocrx_word' id='word_1_2' title='bbox 643 115 923 143; x_wconf 73' lang='lat' dir='ltr'><strong>INTERPRETATIO</strong></span> <span class='ocrx_word' id='word_1_3' title='bbox 943 115 975 142; x_wconf 87' lang='lat' dir='ltr'><strong>IN</strong></span> <span class='ocrx_word' id='word_1_4' title='bbox 990 113 1118 144; x_wconf 79' lang='lat' dir='ltr'><strong>LUCAM.</strong></span> 
     </span>
    </p>
   </div>
   <div class='ocr_carea' id='block_1_3' title="bbox 1619 116 1686 143">
    <p class='ocr_par' dir='ltr' id='par_1_3' title="bbox 1619 116 1686 143">
     <span class='ocr_line' id='line_1_3' title="bbox 1619 116 1686 143; baseline 0 0"><span class='ocrx_word' id='word_1_5' title='bbox 1619 116 1686 143; x_wconf 74' lang='lat' dir='ltr'><strong>tmt</strong></span> 
     </span>
    </p>
   </div>
   <div class='ocr_carea' id='block_1_4' title="bbox 61 172 862 212">
    <p class='ocr_par' dir='ltr' id='par_1_4' title="bbox 61 172 850 212">
     <span class='ocr_line' id='line_1_4' title="bbox 61 172 850 212; baseline 0.004 -12"><span class='ocrx_word' id='word_1_6' title='bbox 61 172 152 207; x_wconf 79' lang='grc' dir='ltr'>δηλοῖ,</span> <span class='ocrx_word' id='word_1_7' title='bbox 169 173 290 200; x_wconf 79' lang='grc' dir='ltr'>ἑκούσιον</span> <span class='ocrx_word' id='word_1_8' title='bbox 305 172 373 200; x_wconf 74' lang='grc' dir='ltr'>εἶναι</span> <span class='ocrx_word' id='word_1_9' title='bbox 386 175 415 202; x_wconf 75' lang='grc' dir='ltr'>τὸ</span> <span class='ocrx_word' id='word_1_10' title='bbox 431 175 523 207; x_wconf 68' lang='grc' dir='ltr'>πάθοςι</span> <span class='ocrx_word' id='word_1_11' title='bbox 541 176 587 202; x_wconf 72' lang='grc' dir='ltr'>καὶ</span> <span class='ocrx_word' id='word_1_12' title='bbox 603 176 653 208; x_wconf 80' lang='grc' dir='ltr'>ἔτι,</span> <span class='ocrx_word' id='word_1_13' title='bbox 668 176 706 208; x_wconf 81' lang='grc' dir='ltr'>ὡς</span> <span class='ocrx_word' id='word_1_14' title='bbox 718 176 784 212; x_wconf 76' lang='grc' dir='ltr'>ἄλλη</span> <span class='ocrx_word' id='word_1_15' title='bbox 801 177 850 212; x_wconf 85' lang='grc' dir='ltr'>μὲν</span> 
     </span>
    </p>
   </div>
   <div class='ocr_carea' id='block_1_5' title="bbox 948 172 1689 212">
    <p class='ocr_par' dir='ltr' id='par_1_5' title="bbox 948 175 1689 211">
     <span class='ocr_line' id='line_1_5' title="bbox 948 175 1689 211; baseline -0.001 -8"><span class='ocrx_word' id='word_1_16' title='bbox 948 177 991 204; x_wconf 88' lang='lat' dir='ltr'><strong>his</strong></span> <span class='ocrx_word' id='word_1_17' title='bbox 1007 177 1135 208; x_wconf 74' lang='lat' dir='ltr'><strong>ostendit,</strong></span> <span class='ocrx_word' id='word_1_18' title='bbox 1151 176 1332 203; x_wconf 73' lang='lat' dir='ltr'><strong>voluntariam</strong></span> <span class='ocrx_word' id='word_1_19' title='bbox 1349 183 1408 204; x_wconf 88' lang='lat' dir='ltr'><strong>esse</strong></span> <span class='ocrx_word' id='word_1_20' title='bbox 1423 175 1577 211; x_wconf 80' lang='lat' dir='ltr'><strong>passionem</strong></span> <span class='ocrx_word' id='word_1_21' title='bbox 1593 184 1600 202; x_wconf 92' lang='lat'>:</span> <span class='ocrx_word' id='word_1_22' title='bbox 1621 183 1689 210; x_wconf 58' lang='lat' dir='ltr'><strong>prte-</strong></span> 
     </span>
    </p>
   </div>
   <div class='ocr_carea' id='block_1_6' title="bbox 62 218 856 258">
    <p class='ocr_par' dir='ltr' id='par_1_6' title="bbox 62 218 856 258">
     <span class='ocr_line' id='line_1_6' title="bbox 62 218 856 258; baseline 0.008 -14"><span class='ocrx_word' id='word_1_23' title='bbox 62 218 82 255; x_wconf 84' lang='grc' dir='ltr'><strong>ή</strong></span> <span class='ocrx_word' id='word_1_24' title='bbox 100 219 232 255; x_wconf 81' lang='grc' dir='ltr'><strong>τιθεμένη</strong></span> <span class='ocrx_word' id='word_1_25' title='bbox 243 219 289 246; x_wconf 73' lang='grc' dir='ltr'>καὶ</span> <span class='ocrx_word' id='word_1_26' title='bbox 301 219 491 256; x_wconf 73' lang='grc' dir='ltr'>λαμϐανομένη</span> <span class='ocrx_word' id='word_1_27' title='bbox 507 222 590 258; x_wconf 80' lang='grc' dir='ltr'>ψυχὴ,</span> <span class='ocrx_word' id='word_1_28' title='bbox 602 223 667 258; x_wconf 75' lang='grc' dir='ltr'>ἄλλη</span> <span class='ocrx_word' id='word_1_29' title='bbox 678 223 706 249; x_wconf 87' lang='grc' dir='ltr'><strong>δὲ</strong></span> <span class='ocrx_word' id='word_1_30' title='bbox 751 224 856 250; x_wconf 75' lang='grc' dir='ltr'><strong>τιθεῖσα</strong></span> 
     </span>
    </p>
   </div>
   <div class='ocr_carea' id='block_1_7' title="bbox 62 264 854 303">
    <p class='ocr_par' dir='ltr' id='par_1_7' title="bbox 62 264 854 303">
     <span class='ocr_line' id='line_1_7' title="bbox 62 264 854 303; baseline 0.004 -11"><span class='ocrx_word' id='word_1_31' title='bbox 62 264 113 292; x_wconf 68' lang='grc' dir='ltr'><strong>καὶ</strong></span> <span class='ocrx_word' id='word_1_32' title='bbox 136 265 312 300; x_wconf 76' lang='grc' dir='ltr'>λαμϐάνουσα</span> <span class='ocrx_word' id='word_1_33' title='bbox 330 265 433 302; x_wconf 80' lang='grc' dir='ltr'>θεότης.</span> <span class='ocrx_word' id='word_1_34' title='bbox 452 267 563 302; x_wconf 72' lang='grc' dir='ltr'>(Ἄλλην</span> <span class='ocrx_word' id='word_1_35' title='bbox 579 267 608 294; x_wconf 79' lang='grc' dir='ltr'><strong>δὲ</strong></span> <span class='ocrx_word' id='word_1_36' title='bbox 627 269 674 294; x_wconf 80' lang='grc' dir='ltr'><strong>καὶ</strong></span> <span class='ocrx_word' id='word_1_37' title='bbox 688 268 769 303; x_wconf 84' lang='grc' dir='ltr'>ἄλλην</span> <span class='ocrx_word' id='word_1_38' title='bbox 792 268 854 303; x_wconf 75' lang='grc' dir='ltr'>ἔφη,</span> 
     </span>
    </p>
   </div>
   <div class='ocr_carea' id='block_1_8' title="bbox 62 310 855 348">
    <p class='ocr_par' dir='ltr' id='par_1_8' title="bbox 62 310 855 348">
     <span class='ocr_line' id='line_1_8' title="bbox 62 310 855 348; baseline 0.005 -11"><span class='ocrx_word' id='word_1_39' title='bbox 62 311 117 338; x_wconf 74' lang='grc' dir='ltr'><strong>οὒκ</strong></span> <span class='ocrx_word' id='word_1_40' title='bbox 138 311 180 342; x_wconf 82' lang='grc' dir='ltr'><strong>είς</strong></span> <span class='ocrx_word' id='word_1_41' title='bbox 198 310 244 337; x_wconf 84' lang='grc' dir='ltr'><strong>δύο</strong></span> <span class='ocrx_word' id='word_1_42' title='bbox 259 313 391 348; x_wconf 72' lang='grc' dir='ltr'>πρόσωπα</span> <span class='ocrx_word' id='word_1_43' title='bbox 407 312 527 348; x_wconf 80' lang='grc' dir='ltr'>διαιρῶν,</span> <span class='ocrx_word' id='word_1_44' title='bbox 542 313 608 340; x_wconf 74' lang='grc' dir='ltr'>ἀλλὰ</span> <span class='ocrx_word' id='word_1_45' title='bbox 621 314 674 340; x_wconf 86' lang='grc' dir='ltr'>τῶν</span> <span class='ocrx_word' id='word_1_46' title='bbox 687 313 733 340; x_wconf 85' lang='grc' dir='ltr'><strong>δύο</strong></span> <span class='ocrx_word' id='word_1_47' title='bbox 749 313 855 348; x_wconf 79' lang='grc' dir='ltr'><strong>φύσεων</strong></span> 
     </span>
    </p>
   </div>
   <div class='ocr_carea' id='block_1_9' title="bbox 64 357 857 395">
    <p class='ocr_par' dir='ltr' id='par_1_9' title="bbox 64 357 857 395">
     <span class='ocr_line' id='line_1_9' title="bbox 64 357 857 395; baseline 0.005 -13"><span class='ocrx_word' id='word_1_48' title='bbox 64 357 177 388; x_wconf 75' lang='grc' dir='ltr'>δεικνὺς</span> <span class='ocrx_word' id='word_1_49' title='bbox 187 357 216 383; x_wconf 78' lang='grc' dir='ltr'>τὸ</span> <span class='ocrx_word' id='word_1_50' title='bbox 229 357 356 393; x_wconf 66' lang='grc' dir='ltr'>διάφορον</span> <span class='ocrx_word' id='word_1_51' title='bbox 375 358 451 393; x_wconf 77' lang='grc'>(16).)</span> <span class='ocrx_word' id='word_1_52' title='bbox 468 359 521 385; x_wconf 67' lang='grc' dir='ltr'><strong>Καὶ</strong></span> <span class='ocrx_word' id='word_1_53' title='bbox 534 358 629 394; x_wconf 77' lang='grc' dir='ltr'>ὥσπερ</span> <span class='ocrx_word' id='word_1_54' title='bbox 650 360 731 395; x_wconf 72' lang='grc' dir='ltr'>σαρκὶ</span> <span class='ocrx_word' id='word_1_55' title='bbox 747 359 792 386; x_wconf 80' lang='grc' dir='ltr'><strong>τὸν</strong></span> <span class='ocrx_word' id='word_1_56' title='bbox 809 359 857 386; x_wconf 80' lang='grc' dir='ltr'>θά-</span> 
     </span>
    </p>
   </div>
   <div class='ocr_carea' id='block_1_10' title="bbox 64 403 857 441">
    <p class='ocr_par' dir='ltr' id='par_1_10' title="bbox 64 403 857 441">
     <span class='ocr_line' id='line_1_10' title="bbox 64 403 857 441; baseline 0.001 -11"><span class='ocrx_word' id='word_1_57' title='bbox 64 410 148 430; x_wconf 85' lang='grc' dir='ltr'>νατον</span> <span class='ocrx_word' id='word_1_58' title='bbox 170 403 318 438; x_wconf 78' lang='grc' dir='ltr'>ὑπομείνας</span> <span class='ocrx_word' id='word_1_59' title='bbox 332 404 411 436; x_wconf 75' lang='grc' dir='ltr'>ἑκὼν,</span> <span class='ocrx_word' id='word_1_60' title='bbox 428 405 456 430; x_wconf 76' lang='grc' dir='ltr'>ἐν</span> <span class='ocrx_word' id='word_1_61' title='bbox 470 405 537 440; x_wconf 67' lang='grc' dir='ltr'>αὐτῇ</span> <span class='ocrx_word' id='word_1_62' title='bbox 556 405 605 440; x_wconf 81' lang='grc' dir='ltr'>τὴν</span> <span class='ocrx_word' id='word_1_63' title='bbox 625 404 778 441; x_wconf 70' lang='grc' dir='ltr'>ἀφθαρσίαν</span> <span class='ocrx_word' id='word_1_64' title='bbox 793 405 857 439; x_wconf 72' lang='grc' dir='ltr'><strong>ἐφύ-</strong></span> 
     </span>
    </p>
   </div>
   <div class='ocr_carea' id='block_1_11' title="bbox 63 448 857 486">
    <p class='ocr_par' dir='ltr' id='par_1_11' title="bbox 63 448 857 486">
     <span class='ocr_line' id='line_1_11' title="bbox 63 448 857 486; baseline 0.003 -12"><span class='ocrx_word' id='word_1_65' title='bbox 63 456 176 480; x_wconf 75' lang='grc' dir='ltr'>τευσεν,</span> <span class='ocrx_word' id='word_1_66' title='bbox 189 448 259 475; x_wconf 67' lang='grc' dir='ltr'>οὕτω</span> <span class='ocrx_word' id='word_1_67' title='bbox 274 449 319 476; x_wconf 68' lang='grc' dir='ltr'>καὶ</span> <span class='ocrx_word' id='word_1_68' title='bbox 333 450 362 476; x_wconf 82' lang='grc' dir='ltr'>τὸ</span> <span class='ocrx_word' id='word_1_69' title='bbox 373 450 422 484; x_wconf 75' lang='grc' dir='ltr'>τῆς</span> <span class='ocrx_word' id='word_1_70' title='bbox 437 449 555 482; x_wconf 80' lang='grc' dir='ltr'>δουλείας</span> <span class='ocrx_word' id='word_1_71' title='bbox 567 451 621 486; x_wconf 82' lang='grc'>(17)</span> <span class='ocrx_word' id='word_1_72' title='bbox 637 450 761 485; x_wconf 79' lang='grc' dir='ltr'><strong>βουλήσει</strong></span> <span class='ocrx_word' id='word_1_73' title='bbox 775 459 857 486; x_wconf 85' lang='grc' dir='ltr'>προσ-</span> 
     </span>
    </p>
   </div>
   <div class='ocr_carea' id='block_1_12' title="bbox 64 495 856 532">
    <p class='ocr_par' dir='ltr' id='par_1_12' title="bbox 64 495 856 532">
     <span class='ocr_line' id='line_1_12' title="bbox 64 495 856 532; baseline 0.003 -12"><span class='ocrx_word' id='word_1_74' title='bbox 64 495 209 530; x_wconf 80' lang='grc' dir='ltr'>ηκάμενος</span> <span class='ocrx_word' id='word_1_75' title='bbox 233 495 327 526; x_wconf 79' lang='grc' dir='ltr'>πάθος,</span> <span class='ocrx_word' id='word_1_76' title='bbox 350 496 418 531; x_wconf 73' lang='grc' dir='ltr'>αὐτῇ</span> <span class='ocrx_word' id='word_1_77' title='bbox 444 496 474 522; x_wconf 81' lang='grc' dir='ltr'>τὸ</span> <span class='ocrx_word' id='word_1_78' title='bbox 487 495 585 531; x_wconf 68' lang='grc' dir='ltr'>θάρσος</span> <span class='ocrx_word' id='word_1_79' title='bbox 600 497 646 522; x_wconf 73' lang='grc' dir='ltr'>καὶ</span> <span class='ocrx_word' id='word_1_80' title='bbox 666 496 713 532; x_wconf 80' lang='grc' dir='ltr'>τὴν</span> <span class='ocrx_word' id='word_1_81' title='bbox 733 496 856 532; x_wconf 74' lang='grc' dir='ltr'>ἀνδρείαν</span> 
     </span>
    </p>
   </div>
   <div class='ocr_carea' id='block_1_13' title="bbox 67 539 857 577">
    <p class='ocr_par' dir='ltr' id='par_1_13' title="bbox 67 539 857 577">
     <span class='ocr_line' id='line_1_13' title="bbox 67 539 857 577; baseline 0.004 -12"><span class='ocrx_word' id='word_1_82' title='bbox 67 539 241 576; x_wconf 80' lang='grc' dir='ltr'>ὲνέσπειρεν,</span> <span class='ocrx_word' id='word_1_83' title='bbox 260 540 289 573; x_wconf 77' lang='grc' dir='ltr'>ἐξ</span> <span class='ocrx_word' id='word_1_84' title='bbox 308 539 342 577; x_wconf 77' lang='grc' dir='ltr'>ἦς</span> <span class='ocrx_word' id='word_1_85' title='bbox 355 542 419 574; x_wconf 74' lang='grc' dir='ltr'>τοὺς</span> <span class='ocrx_word' id='word_1_86' title='bbox 436 542 612 574; x_wconf 77' lang='grc' dir='ltr'><strong>πιστεύοντας</strong></span> <span class='ocrx_word' id='word_1_87' title='bbox 631 543 670 573; x_wconf 77' lang='grc' dir='ltr'>εἰς</span> <span class='ocrx_word' id='word_1_88' title='bbox 692 542 773 568; x_wconf 67' lang='grc' dir='ltr'>αὐτὸν</span> <span class='ocrx_word' id='word_1_89' title='bbox 790 542 857 577; x_wconf 74' lang='grc' dir='ltr'>πρὸς</span> 
     </span>
    </p>
   </div>
   <div class='ocr_carea' id='block_1_14' title="bbox 66 586 857 624">
    <p class='ocr_par' dir='ltr' id='par_1_14' title="bbox 66 586 857 624">
     <span class='ocr_line' id='line_1_14' title="bbox 66 586 857 624; baseline 0.003 -12"><span class='ocrx_word' id='word_1_90' title='bbox 66 586 133 617; x_wconf 81' lang='grc' dir='ltr'>τοὺς</span> <span class='ocrx_word' id='word_1_91' title='bbox 145 586 194 613; x_wconf 79' lang='grc' dir='ltr'>τοῦ</span> <span class='ocrx_word' id='word_1_92' title='bbox 208 588 356 623; x_wconf 78' lang='grc' dir='ltr'>μαρτυρίου</span> <span class='ocrx_word' id='word_1_93' title='bbox 372 588 502 623; x_wconf 72' lang='grc' dir='ltr'><strong>μεγάλους</strong></span> <span class='ocrx_word' id='word_1_94' title='bbox 514 588 611 620; x_wconf 76' lang='grc' dir='ltr'>ἄθλους</span> <span class='ocrx_word' id='word_1_95' title='bbox 622 587 753 623; x_wconf 81' lang='grc' dir='ltr'>ὲνεύρισε.</span> <span class='ocrx_word' id='word_1_96' title='bbox 767 587 857 624; x_wconf 85' lang='grc' dir='ltr'><strong>Ταύτῃ</strong></span> 
     </span>
    </p>
   </div>
   <div class='ocr_carea' id='block_1_15' title="bbox 66 630 858 668">
    <p class='ocr_par' dir='ltr' id='par_1_15' title="bbox 66 630 858 668">
     <span class='ocr_line' id='line_1_15' title="bbox 66 630 858 668; baseline 0 -10"><span class='ocrx_word' id='word_1_97' title='bbox 66 640 108 658; x_wconf 89' lang='grc' dir='ltr'><strong>τοι</strong></span> <span class='ocrx_word' id='word_1_98' title='bbox 125 632 176 659; x_wconf 76' lang='grc' dir='ltr'><strong>καὶ</strong></span> <span class='ocrx_word' id='word_1_99' title='bbox 197 632 309 668; x_wconf 76' lang='grc' dir='ltr'>θρόμϐοι</span> <span class='ocrx_word' id='word_1_100' title='bbox 329 633 438 668; x_wconf 78' lang='grc' dir='ltr'><strong>ἱδρῶτος</strong></span> <span class='ocrx_word' id='word_1_101' title='bbox 458 632 539 660; x_wconf 68' lang='grc' dir='ltr'>αὑτοῦ</span> <span class='ocrx_word' id='word_1_102' title='bbox 561 632 718 668; x_wconf 71' lang='grc' dir='ltr'><strong>παραδόξως</strong></span> <span class='ocrx_word' id='word_1_103' title='bbox 736 630 779 658; x_wconf 74' lang='grc' dir='ltr'>οἷα</span> <span class='ocrx_word' id='word_1_104' title='bbox 795 641 858 659; x_wconf 63' lang='grc' dir='ltr'>στα-</span> 
     </span>
    </p>
   </div>
   <div class='ocr_carea' id='block_1_16' title="bbox 67 675 857 713">
    <p class='ocr_par' dir='ltr' id='par_1_16' title="bbox 67 675 857 713">
     <span class='ocr_line' id='line_1_16' title="bbox 67 675 857 713; baseline 0.003 -11"><span class='ocrx_word' id='word_1_105' title='bbox 67 675 147 709; x_wconf 82' lang='grc' dir='ltr'>γόνες</span> <span class='ocrx_word' id='word_1_106' title='bbox 166 677 281 711; x_wconf 81' lang='grc' dir='ltr'>αἵματος</span> <span class='ocrx_word' id='word_1_107' title='bbox 298 677 440 713; x_wconf 68' lang='grc' dir='ltr'>ἀπέρρεον,</span> <span class='ocrx_word' id='word_1_108' title='bbox 466 678 510 704; x_wconf 80' lang='grc' dir='ltr'><strong>ἵνα</strong></span> <span class='ocrx_word' id='word_1_109' title='bbox 529 678 578 713; x_wconf 78' lang='grc' dir='ltr'>τῆς</span> <span class='ocrx_word' id='word_1_110' title='bbox 593 678 730 713; x_wconf 79' lang='grc' dir='ltr'>ἡμετέρας</span> <span class='ocrx_word' id='word_1_111' title='bbox 752 677 857 712; x_wconf 76' lang='grc' dir='ltr'>φύσεως</span> 
     </span>
    </p>
   </div>
   <div class='ocr_carea' id='block_1_17' title="bbox 67 721 857 759">
    <p class='ocr_par' dir='ltr' id='par_1_17' title="bbox 67 721 857 759">
     <span class='ocr_line' id='line_1_17' title="bbox 67 721 857 759; baseline 0.001 -11"><span class='ocrx_word' id='word_1_112' title='bbox 67 721 166 757; x_wconf 85' lang='grc' dir='ltr'>ὥσπερ</span> <span class='ocrx_word' id='word_1_113' title='bbox 181 722 337 759; x_wconf 78' lang='grc' dir='ltr'>ἀναξηράνῃ</span> <span class='ocrx_word' id='word_1_114' title='bbox 353 724 399 749; x_wconf 74' lang='grc' dir='ltr'>καὶ</span> <span class='ocrx_word' id='word_1_115' title='bbox 416 723 536 758; x_wconf 78' lang='grc' dir='ltr'>ὲξοικίσῃ</span> <span class='ocrx_word' id='word_1_116' title='bbox 554 722 604 758; x_wconf 83' lang='grc' dir='ltr'>τὴν</span> <span class='ocrx_word' id='word_1_117' title='bbox 620 723 669 757; x_wconf 80' lang='grc' dir='ltr'>τῆς</span> <span class='ocrx_word' id='word_1_118' title='bbox 685 722 785 754; x_wconf 80' lang='grc' dir='ltr'>δειλίας</span> <span class='ocrx_word' id='word_1_119' title='bbox 804 731 857 757; x_wconf 82' lang='grc' dir='ltr'><strong>πη-</strong></span> 
     </span>
    </p>
   </div>
   <div class='ocr_carea' id='block_1_18' title="bbox 67 767 858 805">
    <p class='ocr_par' dir='ltr' id='par_1_18' title="bbox 67 767 858 805">
     <span class='ocr_line' id='line_1_18' title="bbox 67 767 858 805; baseline 0.003 -11"><span class='ocrx_word' id='word_1_120' title='bbox 67 769 130 804; x_wconf 80' lang='grc' dir='ltr'><strong>γήν.</strong></span> <span class='ocrx_word' id='word_1_121' title='bbox 153 769 230 795; x_wconf 80' lang='grc' dir='ltr'><strong>Ἐπεὶ</strong></span> <span class='ocrx_word' id='word_1_122' title='bbox 245 769 268 795; x_wconf 79' lang='grc' dir='ltr'>εἰ</span> <span class='ocrx_word' id='word_1_123' title='bbox 283 769 320 804; x_wconf 86' lang='grc' dir='ltr'>μὴ</span> <span class='ocrx_word' id='word_1_124' title='bbox 341 769 418 795; x_wconf 76' lang='grc' dir='ltr'>τοῦτο</span> <span class='ocrx_word' id='word_1_125' title='bbox 434 767 466 805; x_wconf 75' lang='grc' dir='ltr'>ἦν</span> <span class='ocrx_word' id='word_1_126' title='bbox 479 769 516 801; x_wconf 85' lang='grc' dir='ltr'>ὡς</span> <span class='ocrx_word' id='word_1_127' title='bbox 535 771 564 796; x_wconf 84' lang='grc' dir='ltr'>ὲν</span> <span class='ocrx_word' id='word_1_128' title='bbox 585 769 725 805; x_wconf 83' lang='grc' dir='ltr'>μυστηρίῳ</span> <span class='ocrx_word' id='word_1_129' title='bbox 742 769 858 804; x_wconf 54' lang='lat' dir='ltr'><strong>upward-</strong></span> 
     </span>
    </p>
   </div>
   <div class='ocr_carea' id='block_1_19' title="bbox 69 816 858 852">
    <p class='ocr_par' dir='ltr' id='par_1_19' title="bbox 69 816 858 852">
     <span class='ocr_line' id='line_1_19' title="bbox 69 816 858 852; baseline 0 -10"><span class='ocrx_word' id='word_1_130' title='bbox 69 824 164 851; x_wconf 82' lang='grc' dir='ltr'>μενον,</span> <span class='ocrx_word' id='word_1_131' title='bbox 174 816 233 842; x_wconf 80' lang='grc' dir='ltr'>οὐδὲ</span> <span class='ocrx_word' id='word_1_132' title='bbox 248 817 265 852; x_wconf 81' lang='grc' dir='ltr'>ἡ</span> <span class='ocrx_word' id='word_1_133' title='bbox 279 816 336 851; x_wconf 84' lang='grc'>(18)</span> <span class='ocrx_word' id='word_1_134' title='bbox 348 817 449 852; x_wconf 78' lang='grc' dir='ltr'>σφόδρα</span> <span class='ocrx_word' id='word_1_135' title='bbox 457 816 606 848; x_wconf 78' lang='grc' dir='ltr'>δειλότατός</span> <span class='ocrx_word' id='word_1_136' title='bbox 612 825 653 848; x_wconf 86' lang='grc' dir='ltr'><strong>τις</strong></span> <span class='ocrx_word' id='word_1_137' title='bbox 659 816 706 843; x_wconf 78' lang='grc' dir='ltr'>καὶ</span> <span class='ocrx_word' id='word_1_138' title='bbox 713 816 858 850; x_wconf 81' lang='grc' dir='ltr'>ἀγενέστα-</span> 
     </span>
    </p>
   </div>
   <div class='ocr_carea' id='block_1_20' title="bbox 67 863 857 899">
    <p class='ocr_par' dir='ltr' id='par_1_20' title="bbox 67 863 857 899">
     <span class='ocr_line' id='line_1_20' title="bbox 67 863 857 899; baseline 0 -11"><span class='ocrx_word' id='word_1_139' title='bbox 67 870 114 894; x_wconf 68' lang='lat' dir='ltr'><strong>ro;</strong></span> <span class='ocrx_word' id='word_1_140' title='bbox 133 863 268 898; x_wconf 76' lang='grc' dir='ltr'><strong>ὑπῆρχεν,</strong></span> <span class='ocrx_word' id='word_1_141' title='bbox 291 863 407 898; x_wconf 75' lang='grc' dir='ltr'>αἵματος</span> <span class='ocrx_word' id='word_1_142' title='bbox 424 863 535 899; x_wconf 77' lang='grc' dir='ltr'>ἔμελλεν</span> <span class='ocrx_word' id='word_1_143' title='bbox 564 863 665 890; x_wconf 86' lang='grc' dir='ltr'>νοτίσιν</span> <span class='ocrx_word' id='word_1_144' title='bbox 687 863 717 895; x_wconf 74' lang='grc' dir='ltr'>ἐξ</span> <span class='ocrx_word' id='word_1_145' title='bbox 739 863 857 897; x_wconf 84' lang='grc' dir='ltr'>ἀγωνίας</span> 
     </span>
    </p>
   </div>
   <div class='ocr_carea' id='block_1_21' title="bbox 70 908 858 946">
    <p class='ocr_par' dir='ltr' id='par_1_21' title="bbox 70 908 858 946">
     <span class='ocr_line' id='line_1_21' title="bbox 70 908 858 946; baseline 0 -12"><span class='ocrx_word' id='word_1_146' title='bbox 70 908 152 942; x_wconf 82' lang='grc' dir='ltr'>μόνον</span> <span class='ocrx_word' id='word_1_147' title='bbox 175 908 271 943; x_wconf 84' lang='grc' dir='ltr'>ὥσπερ</span> <span class='ocrx_word' id='word_1_148' title='bbox 292 910 404 944; x_wconf 74' lang='grc' dir='ltr'>ἰκμάσιν</span> <span class='ocrx_word' id='word_1_149' title='bbox 428 910 538 945; x_wconf 82' lang='grc' dir='ltr'>ἱδρῶτος</span> <span class='ocrx_word' id='word_1_150' title='bbox 558 910 632 946; x_wconf 80' lang='grc' dir='ltr'>παρὰ</span> <span class='ocrx_word' id='word_1_151' title='bbox 655 909 735 945; x_wconf 82' lang='grc' dir='ltr'>φύσιν</span> <span class='ocrx_word' id='word_1_152' title='bbox 762 909 858 945; x_wconf 77' lang='grc' dir='ltr'>ὑγραί-</span> 
     </span>
    </p>
   </div>
   <div class='ocr_carea' id='block_1_22' title="bbox 70 954 178 981">
    <p class='ocr_par' dir='ltr' id='par_1_22' title="bbox 70 954 178 981">
     <span class='ocr_line' id='line_1_22' title="bbox 70 954 178 981; baseline 0.009 -1"><span class='ocrx_word' id='word_1_153' title='bbox 70 954 178 981; x_wconf 69' lang='lat' dir='ltr'><strong>vestiat.</strong></span> 
     </span>
    </p>
   </div>
   <div class='ocr_carea' id='block_1_23' title="bbox 103 999 857 1036">
    <p class='ocr_par' dir='ltr' id='par_1_23' title="bbox 103 999 857 1036">
     <span class='ocr_line' id='line_1_23' title="bbox 103 999 857 1036; baseline 0.001 -11"><span class='ocrx_word' id='word_1_154' title='bbox 103 999 233 1027; x_wconf 80' lang='grc' dir='ltr'>Τοιοῦτόν</span> <span class='ocrx_word' id='word_1_155' title='bbox 256 1001 313 1027; x_wconf 68' lang='grc' dir='ltr'>ἔστι</span> <span class='ocrx_word' id='word_1_156' title='bbox 334 1000 444 1026; x_wconf 72' lang='grc' dir='ltr'>κάκεῖνο</span> <span class='ocrx_word' id='word_1_157' title='bbox 464 1000 494 1026; x_wconf 73' lang='grc' dir='ltr'><strong>τὸ</strong></span> <span class='ocrx_word' id='word_1_158' title='bbox 512 999 665 1036; x_wconf 80' lang='grc' dir='ltr'>εἰρημένον,</span> <span class='ocrx_word' id='word_1_159' title='bbox 681 1001 719 1032; x_wconf 87' lang='grc' dir='ltr'>ὡς</span> <span class='ocrx_word' id='word_1_160' title='bbox 743 999 857 1034; x_wconf 80' lang='grc' dir='ltr'>ἄγγελος</span> 
     </span>
    </p>
   </div>
   <div class='ocr_carea' id='block_1_24' title="bbox 68 1043 858 1082">
    <p class='ocr_par' dir='ltr' id='par_1_24' title="bbox 68 1043 858 1082">
     <span class='ocr_line' id='line_1_24' title="bbox 68 1043 858 1082; baseline 0.003 -10"><span class='ocrx_word' id='word_1_161' title='bbox 68 1043 103 1081; x_wconf 75' lang='grc' dir='ltr'>ἦν</span> <span class='ocrx_word' id='word_1_162' title='bbox 118 1045 300 1082; x_wconf 79' lang='grc' dir='ltr'>παρεστηκὼς</span> <span class='ocrx_word' id='word_1_163' title='bbox 314 1046 351 1081; x_wconf 82' lang='grc' dir='ltr'>τῷ</span> <span class='ocrx_word' id='word_1_164' title='bbox 364 1047 481 1082; x_wconf 81' lang='grc' dir='ltr'><strong>Σωτῆρι,</strong></span> <span class='ocrx_word' id='word_1_165' title='bbox 497 1047 544 1073; x_wconf 77' lang='grc' dir='ltr'>καὶ</span> <span class='ocrx_word' id='word_1_166' title='bbox 554 1046 683 1082; x_wconf 79' lang='grc' dir='ltr'><strong>ἐνισχύων</strong></span> <span class='ocrx_word' id='word_1_167' title='bbox 695 1047 788 1074; x_wconf 82' lang='grc' dir='ltr'>αὐτόν.</span> <span class='ocrx_word' id='word_1_168' title='bbox 804 1047 858 1074; x_wconf 77' lang='grc' dir='ltr'><strong>Καὶ</strong></span> 
     </span>
    </p>
   </div>
   <div class='ocr_carea' id='block_1_25' title="bbox 68 1091 858 1128">
    <p class='ocr_par' dir='ltr' id='par_1_25' title="bbox 68 1091 858 1128">
     <span class='ocr_line' id='line_1_25' title="bbox 68 1091 858 1128; baseline 0.003 -11"><span class='ocrx_word' id='word_1_169' title='bbox 68 1091 150 1118; x_wconf 77' lang='grc' dir='ltr'>τοῦτο</span> <span class='ocrx_word' id='word_1_170' title='bbox 162 1092 216 1127; x_wconf 76' lang='grc' dir='ltr'><strong>γὰρ</strong></span> <span class='ocrx_word' id='word_1_171' title='bbox 237 1093 286 1127; x_wconf 78' lang='grc' dir='ltr'>τῆς</span> <span class='ocrx_word' id='word_1_172' title='bbox 301 1093 364 1127; x_wconf 68' lang='grc' dir='ltr'>περὶ</span> <span class='ocrx_word' id='word_1_173' title='bbox 384 1093 457 1127; x_wconf 73' lang='grc' dir='ltr'>ἡμᾶς</span> <span class='ocrx_word' id='word_1_174' title='bbox 469 1092 561 1118; x_wconf 72' lang='grc' dir='ltr'>ἕνεκεν</span> <span class='ocrx_word' id='word_1_175' title='bbox 582 1092 738 1127; x_wconf 72' lang='grc' dir='ltr'>οἰκονομίας</span> <span class='ocrx_word' id='word_1_176' title='bbox 755 1093 858 1128; x_wconf 73' lang='grc' dir='ltr'>ἐπράτ-</span> 
     </span>
    </p>
   </div>
   <div class='ocr_carea' id='block_1_26' title="bbox 69 1137 858 1173">
    <p class='ocr_par' dir='ltr' id='par_1_26' title="bbox 69 1137 858 1173">
     <span class='ocr_line' id='line_1_26' title="bbox 69 1137 858 1173; baseline 0.003 -11"><span class='ocrx_word' id='word_1_177' title='bbox 69 1145 141 1162; x_wconf 78' lang='grc' dir='ltr'>τετο.</span> <span class='ocrx_word' id='word_1_178' title='bbox 150 1137 212 1163; x_wconf 75' lang='grc' dir='ltr'><strong>Τῶν</strong></span> <span class='ocrx_word' id='word_1_179' title='bbox 225 1137 278 1172; x_wconf 80' lang='grc' dir='ltr'><strong>γὰρ</strong></span> <span class='ocrx_word' id='word_1_180' title='bbox 289 1137 360 1173; x_wconf 81' lang='grc' dir='ltr'>ὑπὲρ</span> <span class='ocrx_word' id='word_1_181' title='bbox 376 1137 514 1168; x_wconf 77' lang='grc' dir='ltr'>εὐσεϐείας</span> <span class='ocrx_word' id='word_1_182' title='bbox 526 1137 637 1171; x_wconf 83' lang='grc' dir='ltr'>ἀγώνων</span> <span class='ocrx_word' id='word_1_183' title='bbox 651 1138 675 1163; x_wconf 74' lang='grc' dir='ltr'><strong>οι</strong></span> <span class='ocrx_word' id='word_1_184' title='bbox 690 1137 779 1164; x_wconf 80' lang='grc' dir='ltr'><strong>ἀθλεῖν</strong></span> <span class='ocrx_word' id='word_1_185' title='bbox 795 1138 858 1172; x_wconf 80' lang='grc' dir='ltr'>μέλ-</span> 
     </span>
    </p>
   </div>
   <div class='ocr_carea' id='block_1_27' title="bbox 69 1181 860 1218">
    <p class='ocr_par' dir='ltr' id='par_1_27' title="bbox 69 1181 860 1218">
     <span class='ocr_line' id='line_1_27' title="bbox 69 1181 860 1218; baseline 0.003 -11"><span class='ocrx_word' id='word_1_186' title='bbox 69 1181 163 1213; x_wconf 88' lang='grc' dir='ltr'>λοντες</span> <span class='ocrx_word' id='word_1_187' title='bbox 182 1182 245 1213; x_wconf 83' lang='grc' dir='ltr'>τοὺς</span> <span class='ocrx_word' id='word_1_188' title='bbox 259 1182 347 1217; x_wconf 74' lang='grc' dir='ltr'>ἱεροὺς</span> <span class='ocrx_word' id='word_1_189' title='bbox 361 1182 467 1214; x_wconf 79' lang='grc' dir='ltr'>ἄθλους,</span> <span class='ocrx_word' id='word_1_190' title='bbox 484 1182 615 1215; x_wconf 83' lang='grc' dir='ltr'>ἀγγέλους</span> <span class='ocrx_word' id='word_1_191' title='bbox 627 1182 656 1216; x_wconf 81' lang='grc' dir='ltr'>ἐξ</span> <span class='ocrx_word' id='word_1_192' title='bbox 674 1182 787 1218; x_wconf 74' lang='grc' dir='ltr'>οὖρανοῦ</span> <span class='ocrx_word' id='word_1_193' title='bbox 801 1185 860 1209; x_wconf 80' lang='grc' dir='ltr'><strong>ἐπι-</strong></span> 
     </span>
    </p>
   </div>
   <div class='ocr_carea' id='block_1_28' title="bbox 70 1227 860 1263">
    <p class='ocr_par' dir='ltr' id='par_1_28' title="bbox 70 1227 860 1263">
     <span class='ocr_line' id='line_1_28' title="bbox 70 1227 860 1263; baseline 0 -9"><span class='ocrx_word' id='word_1_194' title='bbox 70 1227 238 1263; x_wconf 78' lang='grc' dir='ltr'>κουροῦντας</span> <span class='ocrx_word' id='word_1_195' title='bbox 251 1228 342 1259; x_wconf 79' lang='grc' dir='ltr'>αὐτοῖς</span> <span class='ocrx_word' id='word_1_196' title='bbox 353 1228 452 1263; x_wconf 74' lang='grc' dir='ltr'>ἔχουσι.</span> <span class='ocrx_word' id='word_1_197' title='bbox 467 1228 542 1263; x_wconf 83' lang='grc' dir='ltr'><strong>Τάχα</strong></span> <span class='ocrx_word' id='word_1_198' title='bbox 554 1229 583 1255; x_wconf 77' lang='grc' dir='ltr'><strong>δὲ</strong></span> <span class='ocrx_word' id='word_1_199' title='bbox 597 1229 627 1255; x_wconf 85' lang='grc' dir='ltr'>τό</span> <span class='ocrx_word' id='word_1_200' title='bbox 636 1237 643 1243; x_wconf 93' lang='grc'><strong>·</strong></span> <span class='ocrx_word' id='word_1_201' title='bbox 660 1228 766 1262; x_wconf 80' lang='grc' dir='ltr'><strong>Πάτερ,</strong></span> <span class='ocrx_word' id='word_1_202' title='bbox 785 1236 860 1262; x_wconf 81' lang='grc' dir='ltr'>παρ-</span> 
     </span>
    </p>
   </div>
   <div class='ocr_carea' id='block_1_29' title="bbox 70 1272 860 1308">
    <p class='ocr_par' dir='ltr' id='par_1_29' title="bbox 70 1272 860 1308">
     <span class='ocr_line' id='line_1_29' title="bbox 70 1272 860 1308; baseline -0.001 -8"><span class='ocrx_word' id='word_1_203' title='bbox 70 1273 176 1308; x_wconf 74' lang='grc' dir='ltr'>ένεγκε</span> <span class='ocrx_word' id='word_1_204' title='bbox 198 1273 231 1299; x_wconf 80' lang='grc' dir='ltr'>τὸ</span> <span class='ocrx_word' id='word_1_205' title='bbox 254 1272 405 1307; x_wconf 77' lang='grc' dir='ltr'>ποτήριον,</span> <span class='ocrx_word' id='word_1_206' title='bbox 431 1274 480 1308; x_wconf 84' lang='grc' dir='ltr'>οὐχ</span> <span class='ocrx_word' id='word_1_207' title='bbox 504 1273 541 1304; x_wconf 85' lang='grc' dir='ltr'><strong>ὡς</strong></span> <span class='ocrx_word' id='word_1_208' title='bbox 565 1272 656 1305; x_wconf 83' lang='grc' dir='ltr'>δεδιὼς</span> <span class='ocrx_word' id='word_1_209' title='bbox 678 1273 723 1300; x_wconf 81' lang='grc' dir='ltr'>τὸν</span> <span class='ocrx_word' id='word_1_210' title='bbox 747 1273 860 1300; x_wconf 74' lang='grc' dir='ltr'>θάνατον</span> 
     </span>
    </p>
   </div>
   <div class='ocr_carea' id='block_1_30' title="bbox 71 1317 859 1354">
    <p class='ocr_par' dir='ltr' id='par_1_30' title="bbox 71 1317 859 1354">
     <span class='ocr_line' id='line_1_30' title="bbox 71 1317 859 1354; baseline 0 -10"><span class='ocrx_word' id='word_1_211' title='bbox 71 1317 183 1353; x_wconf 72' lang='grc' dir='ltr'>ἔφησεν,</span> <span class='ocrx_word' id='word_1_212' title='bbox 201 1317 256 1344; x_wconf 82' lang='grc' dir='ltr'>ἀλλ’</span> <span class='ocrx_word' id='word_1_213' title='bbox 273 1318 316 1344; x_wconf 78' lang='grc' dir='ltr'>ἵνα</span> <span class='ocrx_word' id='word_1_214' title='bbox 331 1317 373 1344; x_wconf 81' lang='grc' dir='ltr'>διὰ</span> <span class='ocrx_word' id='word_1_215' title='bbox 389 1317 489 1345; x_wconf 81' lang='grc' dir='ltr'>τούτων</span> <span class='ocrx_word' id='word_1_216' title='bbox 507 1318 726 1354; x_wconf 82' lang='grc' dir='ltr'>προσκαλέσηται</span> <span class='ocrx_word' id='word_1_217' title='bbox 741 1317 785 1344; x_wconf 75' lang='grc' dir='ltr'><strong>τὸν</strong></span> <span class='ocrx_word' id='word_1_218' title='bbox 799 1317 859 1344; x_wconf 85' lang='grc' dir='ltr'><strong>διά-</strong></span> 
     </span>
    </p>
   </div>
   <div class='ocr_carea' id='block_1_31' title="bbox 72 1363 860 1400">
    <p class='ocr_par' dir='ltr' id='par_1_31' title="bbox 72 1363 860 1400">
     <span class='ocr_line' id='line_1_31' title="bbox 72 1363 860 1400; baseline 0 -10"><span class='ocrx_word' id='word_1_219' title='bbox 72 1364 151 1390; x_wconf 77' lang='grc' dir='ltr'>ϐολον</span> <span class='ocrx_word' id='word_1_220' title='bbox 175 1363 260 1398; x_wconf 74' lang='grc' dir='ltr'>πῆξαι</span> <span class='ocrx_word' id='word_1_221' title='bbox 283 1363 357 1399; x_wconf 80' lang='grc' dir='ltr'>αὐτῷ</span> <span class='ocrx_word' id='word_1_222' title='bbox 381 1364 426 1390; x_wconf 76' lang='grc' dir='ltr'><strong>τὸν</strong></span> <span class='ocrx_word' id='word_1_223' title='bbox 450 1365 573 1400; x_wconf 83' lang='grc' dir='ltr'>σταυρόν.</span> <span class='ocrx_word' id='word_1_224' title='bbox 604 1364 720 1400; x_wconf 81' lang='grc' dir='ltr'>Ῥήμασι</span> <span class='ocrx_word' id='word_1_225' title='bbox 743 1363 860 1400; x_wconf 84' lang='grc' dir='ltr'>δολεροῑς</span> 
     </span>
    </p>
   </div>
   <div class='ocr_carea' id='block_1_32' title="bbox 71 1409 861 1445">
    <p class='ocr_par' dir='ltr' id='par_1_32' title="bbox 71 1409 861 1445">
     <span class='ocr_line' id='line_1_32' title="bbox 71 1409 861 1445; baseline -0.003 -9"><span class='ocrx_word' id='word_1_226' title='bbox 71 1410 215 1445; x_wconf 66' lang='grc' dir='ltr'>ἠπάτησεν</span> <span class='ocrx_word' id='word_1_227' title='bbox 235 1410 336 1441; x_wconf 75' lang='grc' dir='ltr'>ἐκεῖνος</span> <span class='ocrx_word' id='word_1_228' title='bbox 361 1410 407 1436; x_wconf 78' lang='grc' dir='ltr'>τὸν</span> <span class='ocrx_word' id='word_1_229' title='bbox 429 1409 524 1445; x_wconf 80' lang='grc' dir='ltr'>Ἀδάμ·</span> <span class='ocrx_word' id='word_1_230' title='bbox 547 1410 650 1445; x_wconf 83' lang='grc' dir='ltr'>ῥήμασι</span> <span class='ocrx_word' id='word_1_231' title='bbox 668 1409 768 1441; x_wconf 83' lang='grc' dir='ltr'>θεῖκοῐς</span> <span class='ocrx_word' id='word_1_232' title='bbox 791 1409 861 1435; x_wconf 84' lang='grc' dir='ltr'>ἀπα-</span> 
     </span>
    </p>
   </div>
   <div class='ocr_carea' id='block_1_33' title="bbox 71 1455 859 1492">
    <p class='ocr_par' dir='ltr' id='par_1_33' title="bbox 71 1455 859 1492">
     <span class='ocr_line' id='line_1_33' title="bbox 71 1455 859 1492; baseline 0 -10"><span class='ocrx_word' id='word_1_233' title='bbox 71 1455 184 1491; x_wconf 77' lang='grc' dir='ltr'>τηθήτω</span> <span class='ocrx_word' id='word_1_234' title='bbox 199 1456 214 1482; x_wconf 84' lang='grc' dir='ltr'>ὁ</span> <span class='ocrx_word' id='word_1_235' title='bbox 231 1455 346 1492; x_wconf 83' lang='grc' dir='ltr'>δολερός.</span> <span class='ocrx_word' id='word_1_236' title='bbox 365 1455 433 1481; x_wconf 82' lang='grc' dir='ltr'>Ἀλλ’</span> <span class='ocrx_word' id='word_1_237' title='bbox 447 1456 506 1482; x_wconf 78' lang='grc' dir='ltr'><strong>οὐδὲ</strong></span> <span class='ocrx_word' id='word_1_238' title='bbox 523 1455 586 1483; x_wconf 82' lang='grc' dir='ltr'>ἄλλο</span> <span class='ocrx_word' id='word_1_239' title='bbox 602 1456 707 1491; x_wconf 82' lang='grc' dir='ltr'>θέλημα</span> <span class='ocrx_word' id='word_1_240' title='bbox 722 1455 768 1482; x_wconf 79' lang='grc' dir='ltr'>τοῦ</span> <span class='ocrx_word' id='word_1_241' title='bbox 784 1455 859 1488; x_wconf 75' lang='grc' dir='ltr'>Υἱοῦ,</span> 
     </span>
    </p>
   </div>
   <div class='ocr_carea' id='block_1_34' title="bbox 72 1501 859 1538">
    <p class='ocr_par' dir='ltr' id='par_1_34' title="bbox 72 1501 859 1538">
     <span class='ocr_line' id='line_1_34' title="bbox 72 1501 859 1538; baseline -0.001 -9"><span class='ocrx_word' id='word_1_242' title='bbox 72 1502 119 1529; x_wconf 77' lang='grc' dir='ltr'>καὶ</span> <span class='ocrx_word' id='word_1_243' title='bbox 131 1502 197 1529; x_wconf 82' lang='grc' dir='ltr'>ἄλλο</span> <span class='ocrx_word' id='word_1_244' title='bbox 208 1502 253 1529; x_wconf 83' lang='grc' dir='ltr'>τοῦ</span> <span class='ocrx_word' id='word_1_245' title='bbox 270 1502 384 1538; x_wconf 79' lang='grc' dir='ltr'>Πατρός.</span> <span class='ocrx_word' id='word_1_246' title='bbox 404 1503 433 1528; x_wconf 73' lang='grc' dir='ltr'>ὐ</span> <span class='ocrx_word' id='word_1_247' title='bbox 446 1502 499 1537; x_wconf 78' lang='grc' dir='ltr'>γὰρ</span> <span class='ocrx_word' id='word_1_248' title='bbox 513 1502 595 1528; x_wconf 84' lang='grc' dir='ltr'>θέλων</span> <span class='ocrx_word' id='word_1_249' title='bbox 612 1502 626 1529; x_wconf 89' lang='grc' dir='ltr'><strong>ὂ</strong></span> <span class='ocrx_word' id='word_1_250' title='bbox 643 1502 715 1529; x_wconf 81' lang='grc' dir='ltr'>θέλει</span> <span class='ocrx_word' id='word_1_251' title='bbox 729 1503 743 1528; x_wconf 79' lang='grc' dir='ltr'>ὁ</span> <span class='ocrx_word' id='word_1_252' title='bbox 757 1501 859 1537; x_wconf 79' lang='grc' dir='ltr'>Πατὴρ,</span> 
     </span>
    </p>
   </div>
   <div class='ocr_carea' id='block_1_35' title="bbox 72 1546 861 1584">
    <p class='ocr_par' dir='ltr' id='par_1_35' title="bbox 72 1546 861 1584">
     <span class='ocr_line' id='line_1_35' title="bbox 72 1546 861 1584; baseline 0 -10"><span class='ocrx_word' id='word_1_253' title='bbox 72 1546 232 1584; x_wconf 72' lang='grc' dir='ltr'>εὑρίσκεται</span> <span class='ocrx_word' id='word_1_254' title='bbox 256 1548 325 1584; x_wconf 75' lang='grc' dir='ltr'>ἔχων</span> <span class='ocrx_word' id='word_1_255' title='bbox 348 1549 378 1575; x_wconf 78' lang='grc' dir='ltr'>τὸ</span> <span class='ocrx_word' id='word_1_256' title='bbox 400 1547 506 1583; x_wconf 82' lang='grc' dir='ltr'>θέλημα</span> <span class='ocrx_word' id='word_1_257' title='bbox 526 1548 572 1575; x_wconf 77' lang='grc' dir='ltr'><strong>τοῦ</strong></span> <span class='ocrx_word' id='word_1_258' title='bbox 597 1548 713 1584; x_wconf 79' lang='grc' dir='ltr'>Πατρός.</span> <span class='ocrx_word' id='word_1_259' title='bbox 739 1548 861 1583; x_wconf 79' lang='grc' dir='ltr'>Σχήματι</span> 
     </span>
    </p>
   </div>
   <div class='ocr_carea' id='block_1_36' title="bbox 72 1591 862 1628">
    <p class='ocr_par' dir='ltr' id='par_1_36' title="bbox 72 1591 862 1628">
     <span class='ocr_line' id='line_1_36' title="bbox 72 1591 862 1628; baseline -0.001 -8"><span class='ocrx_word' id='word_1_260' title='bbox 72 1591 118 1620; x_wconf 85' lang='grc' dir='ltr'><strong>οὖν</strong></span> <span class='ocrx_word' id='word_1_261' title='bbox 134 1593 223 1628; x_wconf 81' lang='grc' dir='ltr'>λέγει,</span> <span class='ocrx_word' id='word_1_262' title='bbox 234 1593 276 1628; x_wconf 79' lang='grc' dir='ltr'>μὴ</span> <span class='ocrx_word' id='word_1_263' title='bbox 292 1594 324 1620; x_wconf 79' lang='grc' dir='ltr'>τὸ</span> <span class='ocrx_word' id='word_1_264' title='bbox 341 1593 423 1628; x_wconf 83' lang='grc' dir='ltr'>ἐμὸν,</span> <span class='ocrx_word' id='word_1_265' title='bbox 440 1594 521 1621; x_wconf 76' lang='grc' dir='ltr'>ἀλλὰ</span> <span class='ocrx_word' id='word_1_266' title='bbox 534 1594 567 1620; x_wconf 85' lang='grc' dir='ltr'>τὸ</span> <span class='ocrx_word' id='word_1_267' title='bbox 583 1595 650 1621; x_wconf 85' lang='grc' dir='ltr'><strong>σόν.</strong></span> <span class='ocrx_word' id='word_1_268' title='bbox 668 1594 705 1620; x_wconf 90' lang='grc' dir='ltr'><strong>Οὐ</strong></span> <span class='ocrx_word' id='word_1_269' title='bbox 719 1593 773 1628; x_wconf 84' lang='grc' dir='ltr'><strong>γὰρ</strong></span> <span class='ocrx_word' id='word_1_270' title='bbox 790 1593 862 1620; x_wconf 83' lang='grc' dir='ltr'>Θέλει</span> 
     </span>
    </p>
   </div>
   <div class='ocr_carea' id='block_1_37' title="bbox 72 1639 863 1676">
    <p class='ocr_par' dir='ltr' id='par_1_37' title="bbox 72 1639 863 1676">
     <span class='ocr_line' id='line_1_37' title="bbox 72 1639 863 1676; baseline -0.001 -10"><span class='ocrx_word' id='word_1_271' title='bbox 72 1641 140 1667; x_wconf 75' lang='grc' dir='ltr'>αὐτὸ</span> <span class='ocrx_word' id='word_1_272' title='bbox 157 1640 367 1676; x_wconf 85' lang='grc' dir='ltr'>παρενεχθῆναι,</span> <span class='ocrx_word' id='word_1_273' title='bbox 386 1641 453 1667; x_wconf 77' lang='grc' dir='ltr'>ἀλλὰ</span> <span class='ocrx_word' id='word_1_274' title='bbox 468 1640 506 1676; x_wconf 81' lang='grc' dir='ltr'>τῷ</span> <span class='ocrx_word' id='word_1_275' title='bbox 527 1640 676 1676; x_wconf 82' lang='grc' dir='ltr'>βουλήματι</span> <span class='ocrx_word' id='word_1_276' title='bbox 691 1639 738 1666; x_wconf 81' lang='grc' dir='ltr'>τοῦ</span> <span class='ocrx_word' id='word_1_277' title='bbox 758 1639 863 1674; x_wconf 74' lang='grc' dir='ltr'>Πατρὺς</span> 
     </span>
    </p>
   </div>
   <div class='ocr_carea' id='block_1_38' title="bbox 72 1686 863 1722">
    <p class='ocr_par' dir='ltr' id='par_1_38' title="bbox 72 1686 863 1722">
     <span class='ocr_line' id='line_1_38' title="bbox 72 1686 863 1722; baseline -0.001 -8"><span class='ocrx_word' id='word_1_278' title='bbox 72 1687 233 1722; x_wconf 82' lang='grc' dir='ltr'>ἀναπέμπει</span> <span class='ocrx_word' id='word_1_279' title='bbox 254 1687 284 1713; x_wconf 84' lang='grc' dir='ltr'>τὸ</span> <span class='ocrx_word' id='word_1_280' title='bbox 297 1687 329 1713; x_wconf 82' lang='grc' dir='ltr'>ὲκ</span> <span class='ocrx_word' id='word_1_281' title='bbox 345 1687 392 1713; x_wconf 74' lang='grc' dir='ltr'>τοῦ</span> <span class='ocrx_word' id='word_1_282' title='bbox 407 1686 510 1718; x_wconf 82' lang='grc' dir='ltr'>πάθους</span> <span class='ocrx_word' id='word_1_283' title='bbox 531 1686 707 1722; x_wconf 80' lang='grc' dir='ltr'>κατόρθωμα,</span> <span class='ocrx_word' id='word_1_284' title='bbox 725 1686 762 1718; x_wconf 84' lang='grc' dir='ltr'>ὡς</span> <span class='ocrx_word' id='word_1_285' title='bbox 777 1686 863 1721; x_wconf 86' lang='grc' dir='ltr'>ἀρχὴν</span> 
     </span>
    </p>
   </div>
   <div class='ocr_carea' id='block_1_39' title="bbox 73 1732 863 1768">
    <p class='ocr_par' dir='ltr' id='par_1_39' title="bbox 73 1732 863 1768">
     <span class='ocr_line' id='line_1_39' title="bbox 73 1732 863 1768; baseline -0.001 -9"><span class='ocrx_word' id='word_1_286' title='bbox 73 1733 163 1768; x_wconf 76' lang='grc' dir='ltr'>τιμῶν</span> <span class='ocrx_word' id='word_1_287' title='bbox 181 1733 225 1760; x_wconf 73' lang='grc' dir='ltr'>τὸν</span> <span class='ocrx_word' id='word_1_288' title='bbox 239 1732 358 1768; x_wconf 82' lang='grc' dir='ltr'>Πατέρα.</span> <span class='ocrx_word' id='word_1_289' title='bbox 374 1733 404 1759; x_wconf 77' lang='grc' dir='ltr'><strong>Εἰ</strong></span> <span class='ocrx_word' id='word_1_290' title='bbox 422 1732 476 1768; x_wconf 79' lang='grc' dir='ltr'>γὰρ</span> <span class='ocrx_word' id='word_1_291' title='bbox 493 1732 606 1768; x_wconf 85' lang='grc' dir='ltr'>γνώμην</span> <span class='ocrx_word' id='word_1_292' title='bbox 622 1733 670 1768; x_wconf 82' lang='grc' dir='ltr'>τὴν</span> <span class='ocrx_word' id='word_1_293' title='bbox 686 1732 803 1758; x_wconf 79' lang='grc' dir='ltr'>διάθεσιν</span> <span class='ocrx_word' id='word_1_294' title='bbox 815 1740 863 1758; x_wconf 87' lang='grc' dir='ltr'>κα-</span> 
     </span>
    </p>
   </div>
   <div class='ocr_carea' id='block_1_40' title="bbox 75 1776 864 1813">
    <p class='ocr_par' dir='ltr' id='par_1_40' title="bbox 75 1776 864 1813">
     <span class='ocr_line' id='line_1_40' title="bbox 75 1776 864 1813; baseline -0.003 -9"><span class='ocrx_word' id='word_1_295' title='bbox 75 1777 167 1804; x_wconf 78' lang='grc' dir='ltr'>λοῦσιν</span> <span class='ocrx_word' id='word_1_296' title='bbox 181 1778 205 1804; x_wconf 75' lang='grc' dir='ltr'>οἱ</span> <span class='ocrx_word' id='word_1_297' title='bbox 223 1777 343 1813; x_wconf 83' lang='grc' dir='ltr'>Πατέρες</span> <span class='ocrx_word' id='word_1_298' title='bbox 353 1786 359 1791; x_wconf 88' lang='grc'>·</span> <span class='ocrx_word' id='word_1_299' title='bbox 372 1777 475 1811; x_wconf 86' lang='grc' dir='ltr'>γίνεται</span> <span class='ocrx_word' id='word_1_300' title='bbox 491 1776 519 1803; x_wconf 83' lang='grc' dir='ltr'>δὲ</span> <span class='ocrx_word' id='word_1_301' title='bbox 533 1777 653 1808; x_wconf 85' lang='grc' dir='ltr'>διάθεσις</span> <span class='ocrx_word' id='word_1_302' title='bbox 671 1776 738 1812; x_wconf 80' lang='grc' dir='ltr'>πρὸς</span> <span class='ocrx_word' id='word_1_303' title='bbox 751 1776 782 1802; x_wconf 82' lang='grc' dir='ltr'><strong>τὺ</strong></span> <span class='ocrx_word' id='word_1_304' title='bbox 798 1785 864 1811; x_wconf 90' lang='grc' dir='ltr'>κρυ-</span> 
     </span>
    </p>
   </div>
   <div class='ocr_carea' id='block_1_41' title="bbox 76 1821 863 1859">
    <p class='ocr_par' dir='ltr' id='par_1_41' title="bbox 76 1821 863 1859">
     <span class='ocr_line' id='line_1_41' title="bbox 76 1821 863 1859; baseline -0.003 -9"><span class='ocrx_word' id='word_1_305' title='bbox 76 1824 123 1850; x_wconf 77' lang='grc' dir='ltr'><strong>6ὲν</strong></span> <span class='ocrx_word' id='word_1_306' title='bbox 144 1824 288 1859; x_wconf 80' lang='grc' dir='ltr'>ἐμφρόνως</span> <span class='ocrx_word' id='word_1_307' title='bbox 310 1823 347 1855; x_wconf 84' lang='grc' dir='ltr'>ὡς</span> <span class='ocrx_word' id='word_1_308' title='bbox 373 1823 426 1849; x_wconf 82' lang='grc' dir='ltr'><strong>ἀπὸ</strong></span> <span class='ocrx_word' id='word_1_309' title='bbox 447 1823 496 1858; x_wconf 79' lang='grc' dir='ltr'>τῆς</span> <span class='ocrx_word' id='word_1_310' title='bbox 523 1822 702 1857; x_wconf 85' lang='grc' dir='ltr'>βουλεύσεως·</span> <span class='ocrx_word' id='word_1_311' title='bbox 722 1821 780 1854; x_wconf 88' lang='grc' dir='ltr'><strong>πῶς</strong></span> <span class='ocrx_word' id='word_1_312' title='bbox 799 1822 863 1856; x_wconf 81' lang='grc' dir='ltr'>φασι</span> 
     </span>
    </p>
   </div>
   <div class='ocr_carea' id='block_1_42' title="bbox 75 1860 864 1906">
    <p class='ocr_par' dir='ltr' id='par_1_42' title="bbox 75 1860 864 1906">
     <span class='ocr_line' id='line_1_42' title="bbox 75 1860 864 1906; baseline -0.004 -10"><span class='ocrx_word' id='word_1_313' title='bbox 75 1879 148 1902; x_wconf 84' lang='grc' dir='ltr'>τινες</span> <span class='ocrx_word' id='word_1_314' title='bbox 160 1870 206 1896; x_wconf 81' lang='grc' dir='ltr'>τὸν</span> <span class='ocrx_word' id='word_1_315' title='bbox 220 1869 260 1897; x_wconf 82' lang='grc' dir='ltr'><strong>Κύ</strong></span> <span class='ocrx_word' id='word_1_316' title='bbox 266 1860 331 1906; x_wconf 57' lang='grc' dir='ltr'><strong>ρῦν,</strong></span> <span class='ocrx_word' id='word_1_317' title='bbox 349 1869 393 1895; x_wconf 80' lang='grc' dir='ltr'>τὸν</span> <span class='ocrx_word' id='word_1_318' title='bbox 404 1869 474 1904; x_wconf 78' lang='grc' dir='ltr'>ὑπὲρ</span> <span class='ocrx_word' id='word_1_319' title='bbox 486 1868 572 1895; x_wconf 82' lang='grc' dir='ltr'>ταῦτα</span> <span class='ocrx_word' id='word_1_320' title='bbox 586 1869 684 1900; x_wconf 82' lang='grc' dir='ltr'>πάντα,</span> <span class='ocrx_word' id='word_1_321' title='bbox 701 1868 806 1903; x_wconf 81' lang='grc' dir='ltr'>Θέλημα</span> <span class='ocrx_word' id='word_1_322' title='bbox 817 1868 864 1903; x_wconf 72' lang='grc' dir='ltr'>φέο</span> 
     </span>
    </p>
   </div>
   <div class='ocr_carea' id='block_1_43' title="bbox 77 1915 619 1954">
    <p class='ocr_par' dir='ltr' id='par_1_43' title="bbox 77 1915 619 1954">
     <span class='ocr_line' id='line_1_43' title="bbox 77 1915 619 1954; baseline -0.006 -10"><span class='ocrx_word' id='word_1_323' title='bbox 77 1925 135 1954; x_wconf 84' lang='grc' dir='ltr'>ρειν</span> <span class='ocrx_word' id='word_1_324' title='bbox 148 1917 301 1952; x_wconf 82' lang='grc' dir='ltr'>γνωμικόν;</span> <span class='ocrx_word' id='word_1_325' title='bbox 317 1916 333 1950; x_wconf 86' lang='grc' dir='ltr'>ἢ</span> <span class='ocrx_word' id='word_1_326' title='bbox 346 1916 435 1951; x_wconf 81' lang='grc' dir='ltr'>δῆλον,</span> <span class='ocrx_word' id='word_1_327' title='bbox 453 1915 482 1948; x_wconf 76' lang='grc' dir='ltr'>ἐξ</span> <span class='ocrx_word' id='word_1_328' title='bbox 499 1915 619 1949; x_wconf 82' lang='grc' dir='ltr'>ἀλογίας.</span> 
     </span>
    </p>
   </div>
   <div class='ocr_carea' id='block_1_44' title="bbox 111 1960 863 1998">
    <p class='ocr_par' dir='ltr' id='par_1_44' title="bbox 111 1960 863 1998">
     <span class='ocr_line' id='line_1_44' title="bbox 111 1960 863 1998; baseline -0.003 -8"><span class='ocrx_word' id='word_1_329' title='bbox 111 1964 188 1998; x_wconf 87' lang='grc' dir='ltr'>Στιχ.</span> <span class='ocrx_word' id='word_1_330' title='bbox 214 1966 265 1998; x_wconf 88' lang='grc' dir='ltr'>με’.</span> <span class='ocrx_word' id='word_1_331' title='bbox 283 1962 337 1990; x_wconf 79' lang='grc' dir='ltr'><strong>Καὶ</strong></span> <span class='ocrx_word' id='word_1_332' title='bbox 363 1962 497 1995; x_wconf 80' lang='grc' dir='ltr'>ἀναστὰς</span> <span class='ocrx_word' id='word_1_333' title='bbox 521 1961 579 1988; x_wconf 81' lang='grc' dir='ltr'><strong>ἀπὸ</strong></span> <span class='ocrx_word' id='word_1_334' title='bbox 604 1961 658 1995; x_wconf 85' lang='grc' dir='ltr'><strong>τῆς</strong></span> <span class='ocrx_word' id='word_1_335' title='bbox 681 1960 863 1995; x_wconf 82' lang='grc' dir='ltr'>προσευχῆς.</span> 
     </span>
    </p>
   </div>
   <div class='ocr_carea' id='block_1_45' title="bbox 77 2006 864 2043">
    <p class='ocr_par' dir='ltr' id='par_1_45' title="bbox 77 2006 864 2043">
     <span class='ocr_line' id='line_1_45' title="bbox 77 2006 864 2043; baseline -0.005 -6"><span class='ocrx_word' id='word_1_336' title='bbox 77 2009 176 2037; x_wconf 69' lang='grc' dir='ltr'>ἐλθὼν</span> <span class='ocrx_word' id='word_1_337' title='bbox 190 2008 264 2043; x_wconf 77' lang='grc' dir='ltr'>πρὸς</span> <span class='ocrx_word' id='word_1_338' title='bbox 280 2008 356 2042; x_wconf 83' lang='grc' dir='ltr'>τοὺς“</span> <span class='ocrx_word' id='word_1_339' title='bbox 369 2008 514 2043; x_wconf 82' lang='grc' dir='ltr'>μαθητὰς,</span> <span class='ocrx_word' id='word_1_340' title='bbox 532 2006 620 2043; x_wconf 80' lang='grc' dir='ltr'>εὗρεν</span> <span class='ocrx_word' id='word_1_341' title='bbox 634 2007 745 2041; x_wconf 82' lang='grc' dir='ltr'>αὐτοὺς</span> <span class='ocrx_word' id='word_1_342' title='bbox 758 2016 864 2041; x_wconf 76' lang='grc' dir='ltr'>κοιμω-</span> 
     </span>
    </p>
   </div>
   <div class='ocr_carea' id='block_1_46' title="bbox 74 2054 457 2089">
    <p class='ocr_par' dir='ltr' id='par_1_46' title="bbox 74 2054 457 2089">
     <span class='ocr_line' id='line_1_46' title="bbox 74 2054 457 2089; baseline -0.003 -7"><span class='ocrx_word' id='word_1_343' title='bbox 74 2055 188 2089; x_wconf 83' lang='grc' dir='ltr'>μένους</span> <span class='ocrx_word' id='word_1_344' title='bbox 201 2054 260 2082; x_wconf 82' lang='grc' dir='ltr'><strong>άπὸ</strong></span> <span class='ocrx_word' id='word_1_345' title='bbox 274 2054 329 2088; x_wconf 83' lang='grc' dir='ltr'><strong>τῆς</strong></span> <span class='ocrx_word' id='word_1_346' title='bbox 347 2055 457 2086; x_wconf 79' lang='grc' dir='ltr'>λύπης.</span> 
     </span>
    </p>
   </div>
   <div class='ocr_carea' id='block_1_47' title="bbox 113 2098 865 2136">
    <p class='ocr_par' dir='ltr' id='par_1_47' title="bbox 113 2098 865 2136">
     <span class='ocr_line' id='line_1_47' title="bbox 113 2098 865 2136; baseline -0.003 -8"><span class='ocrx_word' id='word_1_347' title='bbox 113 2101 190 2136; x_wconf 83' lang='grc' dir='ltr'>Στιχ.</span> <span class='ocrx_word' id='word_1_348' title='bbox 219 2104 276 2136; x_wconf 64' lang='grc' dir='ltr'>μςί.</span> <span class='ocrx_word' id='word_1_349' title='bbox 301 2101 356 2128; x_wconf 74' lang='grc' dir='ltr'><strong>Καὶ</strong></span> <span class='ocrx_word' id='word_1_350' title='bbox 380 2098 465 2126; x_wconf 75' lang='grc' dir='ltr'>εἶπεν</span> <span class='ocrx_word' id='word_1_351' title='bbox 489 2099 606 2132; x_wconf 72' lang='grc' dir='ltr'>αὐτοῖς*</span> <span class='ocrx_word' id='word_1_352' title='bbox 632 2100 663 2126; x_wconf 80' lang='lat' dir='ltr'><strong>TI</strong></span> <span class='ocrx_word' id='word_1_353' title='bbox 689 2099 865 2131; x_wconf 81' lang='grc' dir='ltr'>καθεύδετε;</span> 
     </span>
    </p>
   </div>
   <div class='ocr_carea' id='block_1_48' title="bbox 76 2143 865 2179">
    <p class='ocr_par' dir='ltr' id='par_1_48' title="bbox 76 2143 865 2179">
     <span class='ocr_line' id='line_1_48' title="bbox 76 2143 865 2179; baseline -0.004 -6"><span class='ocrx_word' id='word_1_354' title='bbox 76 2145 266 2179; x_wconf 78' lang='grc' dir='ltr'><strong>ἀναστάντες</strong></span> <span class='ocrx_word' id='word_1_355' title='bbox 286 2146 502 2179; x_wconf 81' lang='grc' dir='ltr'>προσεύχεσθε,</span> <span class='ocrx_word' id='word_1_356' title='bbox 519 2143 624 2179; x_wconf 75' lang='grc' dir='ltr'>ἵναμὴ</span> <span class='ocrx_word' id='word_1_357' title='bbox 642 2144 797 2177; x_wconf 75' lang='grc' dir='ltr'>εἰσέλθητε</span> <span class='ocrx_word' id='word_1_358' title='bbox 821 2145 865 2176; x_wconf 79' lang='grc' dir='ltr'>εὶς</span> 
     </span>
    </p>
   </div>
   <div class='ocr_carea' id='block_1_49' title="bbox 77 2184 355 2226">
    <p class='ocr_par' dir='ltr' id='par_1_49' title="bbox 77 2184 355 2226">
     <span class='ocr_line' id='line_1_49' title="bbox 77 2184 355 2226; baseline -0.004 -8"><span class='ocrx_word' id='word_1_359' title='bbox 77 2193 256 2226; x_wconf 75' lang='grc' dir='ltr'>πειρασμόν.</span> <span class='ocrx_word' id='word_1_360' title='bbox 352 2184 355 2186; x_wconf 45' lang='grc'><strong><em>’</em></strong></span> 
     </span>
    </p>
   </div>
   <div class='ocr_carea' id='block_1_50' title="bbox 907 222 1688 258">
    <p class='ocr_par' dir='ltr' id='par_1_50' title="bbox 907 222 1688 258">
     <span class='ocr_line' id='line_1_50' title="bbox 907 222 1688 258; baseline -0.001 -8"><span class='ocrx_word' id='word_1_361' title='bbox 907 227 990 255; x_wconf 91' lang='lat' dir='ltr'><strong>terea,</strong></span> <span class='ocrx_word' id='word_1_362' title='bbox 1009 224 1081 258; x_wconf 88' lang='lat' dir='ltr'><strong>quod</strong></span> <span class='ocrx_word' id='word_1_363' title='bbox 1095 223 1147 250; x_wconf 86' lang='lat' dir='ltr'><strong>alia</strong></span> <span class='ocrx_word' id='word_1_364' title='bbox 1161 223 1268 258; x_wconf 91' lang='lat' dir='ltr'><strong>quidem</strong></span> <span class='ocrx_word' id='word_1_365' title='bbox 1288 223 1322 250; x_wconf 85' lang='lat' dir='ltr'><strong>sit</strong></span> <span class='ocrx_word' id='word_1_366' title='bbox 1335 223 1456 257; x_wconf 85' lang='lat' dir='ltr'><strong>positaet</strong></span> <span class='ocrx_word' id='word_1_367' title='bbox 1464 227 1571 257; x_wconf 87' lang='lat' dir='ltr'><strong>sumpta</strong></span> <span class='ocrx_word' id='word_1_368' title='bbox 1587 222 1688 253; x_wconf 84' lang='lat' dir='ltr'><strong>anima.</strong></span> 
     </span>
    </p>
   </div>
   <div class='ocr_carea' id='block_1_51' title="bbox 906 268 1690 304">
    <p class='ocr_par' dir='ltr' id='par_1_51' title="bbox 906 268 1690 304">
     <span class='ocr_line' id='line_1_51' title="bbox 906 268 1690 304; baseline -0.001 -9"><span class='ocrx_word' id='word_1_369' title='bbox 906 269 958 295; x_wconf 86' lang='lat' dir='ltr'><strong>alia</strong></span> <span class='ocrx_word' id='word_1_370' title='bbox 974 276 1037 296; x_wconf 89' lang='lat' dir='ltr'><strong>vero</strong></span> <span class='ocrx_word' id='word_1_371' title='bbox 1049 276 1151 303; x_wconf 87' lang='lat' dir='ltr'><strong>ponens</strong></span> <span class='ocrx_word' id='word_1_372' title='bbox 1169 274 1194 295; x_wconf 88' lang='lat' dir='ltr'><strong>et</strong></span> <span class='ocrx_word' id='word_1_373' title='bbox 1208 277 1318 296; x_wconf 87' lang='lat' dir='ltr'><strong>sumens</strong></span> <span class='ocrx_word' id='word_1_374' title='bbox 1332 268 1468 295; x_wconf 87' lang='lat' dir='ltr'><strong>divinitas.</strong></span> <span class='ocrx_word' id='word_1_375' title='bbox 1487 268 1592 304; x_wconf 81' lang='lat' dir='ltr'><strong>(Aliam</strong></span> <span class='ocrx_word' id='word_1_376' title='bbox 1609 273 1690 303; x_wconf 80' lang='lat' dir='ltr'><strong>atque</strong></span> 
     </span>
    </p>
   </div>
   <div class='ocr_carea' id='block_1_52' title="bbox 906 314 1689 349">
    <p class='ocr_par' dir='ltr' id='par_1_52' title="bbox 906 314 1689 349">
     <span class='ocr_line' id='line_1_52' title="bbox 906 314 1689 349; baseline -0.001 -8"><span class='ocrx_word' id='word_1_377' title='bbox 906 315 986 342; x_wconf 91' lang='lat' dir='ltr'><strong>aliam</strong></span> <span class='ocrx_word' id='word_1_378' title='bbox 1003 315 1080 348; x_wconf 92' lang='lat' dir='ltr'><strong>dixit,</strong></span> <span class='ocrx_word' id='word_1_379' title='bbox 1106 323 1160 341; x_wconf 89' lang='lat' dir='ltr'><strong>non</strong></span> <span class='ocrx_word' id='word_1_380' title='bbox 1177 315 1203 342; x_wconf 91' lang='lat' dir='ltr'><strong>in</strong></span> <span class='ocrx_word' id='word_1_381' title='bbox 1215 315 1284 342; x_wconf 90' lang='lat' dir='ltr'><strong>duas</strong></span> <span class='ocrx_word' id='word_1_382' title='bbox 1296 322 1427 349; x_wconf 85' lang='lat' dir='ltr'><strong>personas</strong></span> <span class='ocrx_word' id='word_1_383' title='bbox 1439 314 1596 348; x_wconf 84' lang='lat' dir='ltr'><strong>dispesecns</strong></span> <span class='ocrx_word' id='word_1_384' title='bbox 1607 334 1615 346; x_wconf 95' lang='lat'><strong>,</strong></span> <span class='ocrx_word' id='word_1_385' title='bbox 1642 314 1689 340; x_wconf 78' lang='lat' dir='ltr'><strong>sed</strong></span> 
     </span>
    </p>
   </div>
   <div class='ocr_carea' id='block_1_53' title="bbox 906 360 1691 394">
    <p class='ocr_par' dir='ltr' id='par_1_53' title="bbox 906 360 1691 394">
     <span class='ocr_line' id='line_1_53' title="bbox 906 360 1691 394; baseline -0.004 -6"><span class='ocrx_word' id='word_1_386' title='bbox 906 362 1021 388; x_wconf 87' lang='lat' dir='ltr'><strong>duarum</strong></span> <span class='ocrx_word' id='word_1_387' title='bbox 1036 365 1193 388; x_wconf 84' lang='lat' dir='ltr'><strong>naturarum</strong></span> <span class='ocrx_word' id='word_1_388' title='bbox 1211 361 1333 388; x_wconf 88' lang='lat' dir='ltr'><strong>indicans</strong></span> <span class='ocrx_word' id='word_1_389' title='bbox 1349 360 1519 394; x_wconf 82' lang='lat' dir='ltr'><strong>discrimen.)</strong></span> <span class='ocrx_word' id='word_1_390' title='bbox 1542 360 1574 386; x_wconf 82' lang='lat' dir='ltr'><strong>Et</strong></span> <span class='ocrx_word' id='word_1_391' title='bbox 1595 367 1691 394; x_wconf 84' lang='lat' dir='ltr'><strong>quern-</strong></span> 
     </span>
    </p>
   </div>
   <div class='ocr_carea' id='block_1_54' title="bbox 907 405 1690 440">
    <p class='ocr_par' dir='ltr' id='par_1_54' title="bbox 907 405 1690 440">
     <span class='ocr_line' id='line_1_54' title="bbox 907 405 1690 440; baseline 0 -8"><span class='ocrx_word' id='word_1_392' title='bbox 907 406 1052 433; x_wconf 79' lang='lat' dir='ltr'><strong>admodum</strong></span> <span class='ocrx_word' id='word_1_393' title='bbox 1063 414 1145 433; x_wconf 90' lang='lat' dir='ltr'><strong>carne</strong></span> <span class='ocrx_word' id='word_1_394' title='bbox 1162 411 1277 432; x_wconf 87' lang='lat' dir='ltr'><strong>mortem</strong></span> <span class='ocrx_word' id='word_1_395' title='bbox 1293 411 1389 440; x_wconf 86' lang='lat' dir='ltr'><strong>sponte</strong></span> <span class='ocrx_word' id='word_1_396' title='bbox 1408 406 1544 433; x_wconf 88' lang='lat' dir='ltr'><strong>sustinens</strong></span> <span class='ocrx_word' id='word_1_397' title='bbox 1555 426 1562 438; x_wconf 88' lang='lat'><strong>,</strong></span> <span class='ocrx_word' id='word_1_398' title='bbox 1581 406 1607 432; x_wconf 91' lang='lat' dir='ltr'><strong>iu</strong></span> <span class='ocrx_word' id='word_1_399' title='bbox 1633 405 1690 440; x_wconf 83' lang='lat' dir='ltr'><strong>ipsa</strong></span> 
     </span>
    </p>
   </div>
   <div class='ocr_carea' id='block_1_55' title="bbox 907 451 1691 486">
    <p class='ocr_par' dir='ltr' id='par_1_55' title="bbox 907 451 1691 486">
     <span class='ocr_line' id='line_1_55' title="bbox 907 451 1691 486; baseline 0 -9"><span class='ocrx_word' id='word_1_400' title='bbox 907 451 1189 485; x_wconf 79' lang='lat' dir='ltr'><strong>incorruptibilitatem</strong></span> <span class='ocrx_word' id='word_1_401' title='bbox 1211 451 1364 486; x_wconf 87' lang='lat' dir='ltr'><strong>plantavit:</strong></span> <span class='ocrx_word' id='word_1_402' title='bbox 1389 451 1428 478; x_wconf 85' lang='lat' dir='ltr'><strong>sic</strong></span> <span class='ocrx_word' id='word_1_403' title='bbox 1444 451 1525 477; x_wconf 83' lang='lat' dir='ltr'><strong>etiam</strong></span> <span class='ocrx_word' id='word_1_404' title='bbox 1552 451 1691 478; x_wconf 79' lang='lat' dir='ltr'><strong>voluntate</strong></span> 
     </span>
    </p>
   </div>
   <div class='ocr_carea' id='block_1_56' title="bbox 907 495 1689 530">
    <p class='ocr_par' dir='ltr' id='par_1_56' title="bbox 907 495 1689 530">
     <span class='ocr_line' id='line_1_56' title="bbox 907 495 1689 530; baseline -0.001 -8"><span class='ocrx_word' id='word_1_405' title='bbox 907 495 1013 522; x_wconf 77' lang='lat' dir='ltr'><strong>timoris</strong></span> <span class='ocrx_word' id='word_1_406' title='bbox 1028 495 1198 530; x_wconf 59' lang='lat' dir='ltr'><strong>tristitimque</strong></span> <span class='ocrx_word' id='word_1_407' title='bbox 1215 496 1369 530; x_wconf 74' lang='lat' dir='ltr'><strong>passionem</strong></span> <span class='ocrx_word' id='word_1_408' title='bbox 1384 495 1528 523; x_wconf 88' lang='lat' dir='ltr'><strong>admittens</strong></span> <span class='ocrx_word' id='word_1_409' title='bbox 1544 515 1551 526; x_wconf 83' lang='grc'><strong>,</strong></span> <span class='ocrx_word' id='word_1_410' title='bbox 1568 503 1614 530; x_wconf 87' lang='lat' dir='ltr'><strong>per</strong></span> <span class='ocrx_word' id='word_1_411' title='bbox 1630 503 1689 522; x_wconf 85' lang='lat' dir='ltr'><strong>eam</strong></span> 
     </span>
    </p>
   </div>
   <div class='ocr_carea' id='block_1_57' title="bbox 908 540 1691 576">
    <p class='ocr_par' dir='ltr' id='par_1_57' title="bbox 908 540 1691 576">
     <span class='ocr_line' id='line_1_57' title="bbox 908 540 1691 576; baseline 0.001 -9"><span class='ocrx_word' id='word_1_412' title='bbox 908 540 1005 568; x_wconf 87' lang='lat' dir='ltr'><strong>insevit</strong></span> <span class='ocrx_word' id='word_1_413' title='bbox 1015 541 1193 568; x_wconf 78' lang='lat' dir='ltr'><strong>constantiam</strong></span> <span class='ocrx_word' id='word_1_414' title='bbox 1207 540 1445 575; x_wconf 86' lang='lat' dir='ltr'><strong>fortitudinemque</strong></span> <span class='ocrx_word' id='word_1_415' title='bbox 1458 562 1466 574; x_wconf 91' lang='lat'><strong>,</strong></span> <span class='ocrx_word' id='word_1_416' title='bbox 1487 549 1538 576; x_wconf 83' lang='lat' dir='ltr'><strong>qua</strong></span> <span class='ocrx_word' id='word_1_417' title='bbox 1552 542 1691 568; x_wconf 88' lang='lat' dir='ltr'><strong>credentes</strong></span> 
     </span>
    </p>
   </div>
   <div class='ocr_carea' id='block_1_58' title="bbox 908 586 1692 621">
    <p class='ocr_par' dir='ltr' id='par_1_58' title="bbox 908 586 1692 621">
     <span class='ocr_line' id='line_1_58' title="bbox 908 586 1692 621; baseline -0.003 -7"><span class='ocrx_word' id='word_1_418' title='bbox 908 587 934 614; x_wconf 91' lang='lat' dir='ltr'><strong>in</strong></span> <span class='ocrx_word' id='word_1_419' title='bbox 947 587 1047 620; x_wconf 90' lang='lat' dir='ltr'><strong>ipsum,</strong></span> <span class='ocrx_word' id='word_1_420' title='bbox 1061 586 1093 613; x_wconf 90' lang='lat' dir='ltr'><strong>ad</strong></span> <span class='ocrx_word' id='word_1_421' title='bbox 1108 587 1229 621; x_wconf 86' lang='lat' dir='ltr'><strong>martyrii</strong></span> <span class='ocrx_word' id='word_1_422' title='bbox 1253 594 1350 621; x_wconf 76' lang='lat' dir='ltr'><strong>magna</strong></span> <span class='ocrx_word' id='word_1_423' title='bbox 1365 587 1511 613; x_wconf 80' lang='lat' dir='ltr'><strong>certamina</strong></span> <span class='ocrx_word' id='word_1_424' title='bbox 1531 587 1692 614; x_wconf 80' lang='lat' dir='ltr'><strong>corrobora-</strong></span> 
     </span>
    </p>
   </div>
   <div class='ocr_carea' id='block_1_59' title="bbox 908 626 1690 666">
    <p class='ocr_par' dir='ltr' id='par_1_59' title="bbox 908 626 1690 666">
     <span class='ocr_line' id='line_1_59' title="bbox 908 626 1690 666; baseline -0.003 -7"><span class='ocrx_word' id='word_1_425' title='bbox 908 632 955 659; x_wconf 87' lang='lat' dir='ltr'><strong>vit.</strong></span> <span class='ocrx_word' id='word_1_426' title='bbox 968 626 1111 666; x_wconf 81' lang='lat' dir='ltr'><strong>Propterea</strong></span> <span class='ocrx_word' id='word_1_427' title='bbox 1126 632 1207 658; x_wconf 84' lang='lat' dir='ltr'><strong>etiam</strong></span> <span class='ocrx_word' id='word_1_428' title='bbox 1225 632 1340 666; x_wconf 72' lang='lat' dir='ltr'><strong>grummi</strong></span> <span class='ocrx_word' id='word_1_429' title='bbox 1362 632 1470 659; x_wconf 84' lang='lat' dir='ltr'><strong>sudoris</strong></span> <span class='ocrx_word' id='word_1_430' title='bbox 1496 632 1555 666; x_wconf 81' lang='lat' dir='ltr'><strong>ejus</strong></span> <span class='ocrx_word' id='word_1_431' title='bbox 1577 637 1690 666; x_wconf 86' lang='lat' dir='ltr'><strong>stupen-</strong></span> 
     </span>
    </p>
   </div>
   <div class='ocr_carea' id='block_1_60' title="bbox 907 677 1690 713">
    <p class='ocr_par' dir='ltr' id='par_1_60' title="bbox 907 677 1690 713">
     <span class='ocr_line' id='line_1_60' title="bbox 907 677 1690 713; baseline 0 -10"><span class='ocrx_word' id='word_1_432' title='bbox 907 677 972 704; x_wconf 91' lang='lat' dir='ltr'><strong>dum</strong></span> <span class='ocrx_word' id='word_1_433' title='bbox 988 677 1016 704; x_wconf 90' lang='lat' dir='ltr'><strong>in</strong></span> <span class='ocrx_word' id='word_1_434' title='bbox 1029 677 1139 703; x_wconf 88' lang='lat' dir='ltr'><strong>ntodum</strong></span> <span class='ocrx_word' id='word_1_435' title='bbox 1157 678 1234 712; x_wconf 87' lang='lat' dir='ltr'><strong>quasi</strong></span> <span class='ocrx_word' id='word_1_436' title='bbox 1251 682 1333 711; x_wconf 77' lang='lat' dir='ltr'><strong>gutta:</strong></span> <span class='ocrx_word' id='word_1_437' title='bbox 1358 678 1499 713; x_wconf 76' lang='lat' dir='ltr'><strong>sanguinis</strong></span> <span class='ocrx_word' id='word_1_438' title='bbox 1522 677 1690 710; x_wconf 81' lang='lat' dir='ltr'><strong>defluebant,</strong></span> 
     </span>
    </p>
   </div>
   <div class='ocr_carea' id='block_1_61' title="bbox 908 722 1692 757">
    <p class='ocr_par' dir='ltr' id='par_1_61' title="bbox 908 722 1692 757">
     <span class='ocr_line' id='line_1_61' title="bbox 908 722 1692 757; baseline -0.001 -7"><span class='ocrx_word' id='word_1_439' title='bbox 908 728 938 750; x_wconf 91' lang='lat' dir='ltr'><strong>ut</strong></span> <span class='ocrx_word' id='word_1_440' title='bbox 954 728 1054 750; x_wconf 68' lang='lat' dir='ltr'><strong>nostrae</strong></span> <span class='ocrx_word' id='word_1_441' title='bbox 1073 727 1175 749; x_wconf 63' lang='lat' dir='ltr'><strong>natura:</strong></span> <span class='ocrx_word' id='word_1_442' title='bbox 1191 723 1392 757; x_wconf 79' lang='lat' dir='ltr'><strong>quodammodo</strong></span> <span class='ocrx_word' id='word_1_443' title='bbox 1405 722 1585 750; x_wconf 76' lang='lat' dir='ltr'><strong>arefaceretet</strong></span> <span class='ocrx_word' id='word_1_444' title='bbox 1601 728 1692 749; x_wconf 84' lang='lat' dir='ltr'><strong>extru-</strong></span> 
     </span>
    </p>
   </div>
   <div class='ocr_carea' id='block_1_62' title="bbox 908 767 1691 804">
    <p class='ocr_par' dir='ltr' id='par_1_62' title="bbox 908 767 1691 804">
     <span class='ocr_line' id='line_1_62' title="bbox 908 767 1691 804; baseline 0 -9"><span class='ocrx_word' id='word_1_445' title='bbox 908 769 982 795; x_wconf 90' lang='lat' dir='ltr'><strong>deret</strong></span> <span class='ocrx_word' id='word_1_446' title='bbox 995 767 1109 803; x_wconf 65' lang='lat' dir='ltr'><strong>ignaviae</strong></span> <span class='ocrx_word' id='word_1_447' title='bbox 1123 767 1235 796; x_wconf 86' lang='lat' dir='ltr'><strong>fontem.</strong></span> <span class='ocrx_word' id='word_1_448' title='bbox 1247 767 1313 794; x_wconf 87' lang='lat' dir='ltr'><strong>Nam</strong></span> <span class='ocrx_word' id='word_1_449' title='bbox 1333 768 1355 796; x_wconf 87' lang='lat' dir='ltr'><strong>si</strong></span> <span class='ocrx_word' id='word_1_450' title='bbox 1372 769 1423 795; x_wconf 87' lang='lat' dir='ltr'><strong>hoc</strong></span> <span class='ocrx_word' id='word_1_451' title='bbox 1441 773 1569 803; x_wconf 86' lang='lat' dir='ltr'><strong>tanquam</strong></span> <span class='ocrx_word' id='word_1_452' title='bbox 1591 773 1691 804; x_wconf 81' lang='lat' dir='ltr'><strong>myste-</strong></span> 
     </span>
    </p>
   </div>
   <div class='ocr_carea' id='block_1_63' title="bbox 909 811 1692 848">
    <p class='ocr_par' dir='ltr' id='par_1_63' title="bbox 909 811 1692 848">
     <span class='ocr_line' id='line_1_63' title="bbox 909 811 1692 848; baseline 0.001 -9"><span class='ocrx_word' id='word_1_453' title='bbox 909 813 949 839; x_wconf 90' lang='lat' dir='ltr'><strong>rio</strong></span> <span class='ocrx_word' id='word_1_454' title='bbox 961 811 1061 840; x_wconf 84' lang='lat' dir='ltr'><strong>factum</strong></span> <span class='ocrx_word' id='word_1_455' title='bbox 1078 820 1133 839; x_wconf 92' lang='lat' dir='ltr'><strong>non</strong></span> <span class='ocrx_word' id='word_1_456' title='bbox 1148 812 1263 846; x_wconf 79' lang='lat' dir='ltr'><strong>fuisset;</strong></span> <span class='ocrx_word' id='word_1_457' title='bbox 1279 821 1311 840; x_wconf 90' lang='lat' dir='ltr'><strong>ne</strong></span> <span class='ocrx_word' id='word_1_458' title='bbox 1326 813 1347 840; x_wconf 88' lang='lat' dir='ltr'><strong>si</strong></span> <span class='ocrx_word' id='word_1_459' title='bbox 1367 813 1475 847; x_wconf 89' lang='lat' dir='ltr'><strong>quidem</strong></span> <span class='ocrx_word' id='word_1_460' title='bbox 1499 813 1692 848; x_wconf 74' lang='lat' dir='ltr'><strong>ignavissimus</strong></span> 
     </span>
    </p>
   </div>
   <div class='ocr_carea' id='block_1_64' title="bbox 912 857 1694 893">
    <p class='ocr_par' dir='ltr' id='par_1_64' title="bbox 912 857 1694 893">
     <span class='ocr_line' id='line_1_64' title="bbox 912 857 1694 893; baseline 0 -8"><span class='ocrx_word' id='word_1_461' title='bbox 912 858 1222 893; x_wconf 84' lang='lat' dir='ltr'><strong>ntetieulosissimusque</strong></span> <span class='ocrx_word' id='word_1_462' title='bbox 1246 857 1362 891; x_wconf 82' lang='lat' dir='ltr'><strong>fuisset,</strong></span> <span class='ocrx_word' id='word_1_463' title='bbox 1391 859 1531 893; x_wconf 78' lang='lat' dir='ltr'><strong>sanguinis</strong></span> <span class='ocrx_word' id='word_1_464' title='bbox 1554 859 1634 886; x_wconf 89' lang='lat' dir='ltr'><strong>stillis</strong></span> <span class='ocrx_word' id='word_1_465' title='bbox 1660 866 1694 886; x_wconf 81' lang='lat' dir='ltr'><strong>ex</strong></span> 
     </span>
    </p>
   </div>
   <div class='ocr_carea' id='block_1_65' title="bbox 911 904 1694 939">
    <p class='ocr_par' dir='ltr' id='par_1_65' title="bbox 911 904 1694 939">
     <span class='ocr_line' id='line_1_65' title="bbox 911 904 1694 939; baseline 0 -8"><span class='ocrx_word' id='word_1_466' title='bbox 911 904 1008 939; x_wconf 79' lang='lat' dir='ltr'><strong>agonia</strong></span> <span class='ocrx_word' id='word_1_467' title='bbox 1024 904 1155 931; x_wconf 84' lang='lat' dir='ltr'><strong>duntaxat</strong></span> <span class='ocrx_word' id='word_1_468' title='bbox 1169 924 1177 936; x_wconf 88' lang='lat'><strong>,</strong></span> <span class='ocrx_word' id='word_1_469' title='bbox 1204 909 1331 938; x_wconf 83' lang='lat' dir='ltr'><strong>tanquam</strong></span> <span class='ocrx_word' id='word_1_470' title='bbox 1347 905 1429 938; x_wconf 68' lang='lat' dir='ltr'><strong>guttis</strong></span> <span class='ocrx_word' id='word_1_471' title='bbox 1445 905 1553 932; x_wconf 87' lang='lat' dir='ltr'><strong>sudoris</strong></span> <span class='ocrx_word' id='word_1_472' title='bbox 1566 924 1573 937; x_wconf 91' lang='lat'><strong>,</strong></span> <span class='ocrx_word' id='word_1_473' title='bbox 1599 909 1694 932; x_wconf 82' lang='lat' dir='ltr'><strong>contra</strong></span> 
     </span>
    </p>
   </div>
   <div class='ocr_carea' id='block_1_66' title="bbox 911 948 1377 984">
    <p class='ocr_par' dir='ltr' id='par_1_66' title="bbox 911 948 1377 984">
     <span class='ocr_line' id='line_1_66' title="bbox 911 948 1377 984; baseline 0 -8"><span class='ocrx_word' id='word_1_474' title='bbox 911 954 1035 977; x_wconf 76' lang='lat' dir='ltr'><strong>naturam</strong></span> <span class='ocrx_word' id='word_1_475' title='bbox 1053 948 1255 984; x_wconf 87' lang='lat' dir='ltr'><strong>perfundendus</strong></span> <span class='ocrx_word' id='word_1_476' title='bbox 1271 948 1377 976; x_wconf 77' lang='lat' dir='ltr'><strong>luisset.</strong></span> 
     </span>
    </p>
   </div>
   <div class='ocr_carea' id='block_1_67' title="bbox 947 995 1695 1030">
    <p class='ocr_par' dir='ltr' id='par_1_67' title="bbox 947 995 1695 1030">
     <span class='ocr_line' id='line_1_67' title="bbox 947 995 1695 1030; baseline 0.001 -8"><span class='ocrx_word' id='word_1_477' title='bbox 947 995 1011 1022; x_wconf 82' lang='lat' dir='ltr'><strong>Tale</strong></span> <span class='ocrx_word' id='word_1_478' title='bbox 1025 999 1065 1022; x_wconf 82' lang='lat' dir='ltr'><strong>est</strong></span> <span class='ocrx_word' id='word_1_479' title='bbox 1079 1000 1105 1022; x_wconf 90' lang='lat' dir='ltr'><strong>et</strong></span> <span class='ocrx_word' id='word_1_480' title='bbox 1119 995 1182 1021; x_wconf 90' lang='lat' dir='ltr'><strong>illud</strong></span> <span class='ocrx_word' id='word_1_481' title='bbox 1198 995 1270 1029; x_wconf 88' lang='lat' dir='ltr'><strong>quod</strong></span> <span class='ocrx_word' id='word_1_482' title='bbox 1285 995 1401 1028; x_wconf 86' lang='lat' dir='ltr'><strong>dicitur,</strong></span> <span class='ocrx_word' id='word_1_483' title='bbox 1423 995 1486 1030; x_wconf 84' lang='lat' dir='ltr'><strong>quia</strong></span> <span class='ocrx_word' id='word_1_484' title='bbox 1501 996 1614 1030; x_wconf 81' lang='lat' dir='ltr'><strong>angelus</strong></span> <span class='ocrx_word' id='word_1_485' title='bbox 1630 997 1695 1023; x_wconf 84' lang='lat' dir='ltr'><strong>asti-</strong></span> 
     </span>
    </p>
   </div>
   <div class='ocr_carea' id='block_1_68' title="bbox 913 1039 1694 1072">
    <p class='ocr_par' dir='ltr' id='par_1_68' title="bbox 913 1039 1694 1072">
     <span class='ocr_line' id='line_1_68' title="bbox 913 1039 1694 1072; baseline 0 -4"><span class='ocrx_word' id='word_1_486' title='bbox 913 1045 981 1068; x_wconf 83' lang='lat' dir='ltr'><strong>terat</strong></span> <span class='ocrx_word' id='word_1_487' title='bbox 1005 1039 1138 1067; x_wconf 88' lang='lat' dir='ltr'><strong>Salvatori</strong></span> <span class='ocrx_word' id='word_1_488' title='bbox 1152 1061 1159 1072; x_wconf 86' lang='lat'><strong>,</strong></span> <span class='ocrx_word' id='word_1_489' title='bbox 1183 1045 1210 1066; x_wconf 89' lang='lat' dir='ltr'><strong>et</strong></span> <span class='ocrx_word' id='word_1_490' title='bbox 1230 1039 1400 1067; x_wconf 85' lang='lat' dir='ltr'><strong>confortabal</strong></span> <span class='ocrx_word' id='word_1_491' title='bbox 1423 1049 1496 1068; x_wconf 88' lang='lat' dir='ltr'><strong>eum.</strong></span> <span class='ocrx_word' id='word_1_492' title='bbox 1516 1041 1602 1068; x_wconf 83' lang='lat' dir='ltr'><strong>Etiam</strong></span> <span class='ocrx_word' id='word_1_493' title='bbox 1623 1042 1694 1068; x_wconf 77' lang='lat' dir='ltr'><strong>istud</strong></span> 
     </span>
    </p>
   </div>
   <div class='ocr_carea' id='block_1_69' title="bbox 911 1086 1694 1125">
    <p class='ocr_par' dir='ltr' id='par_1_69' title="bbox 911 1086 1694 1125">
     <span class='ocr_line' id='line_1_69' title="bbox 911 1086 1694 1125; baseline 0.001 -12"><span class='ocrx_word' id='word_1_494' title='bbox 911 1087 983 1114; x_wconf 84' lang='lat' dir='ltr'><strong>enim</strong></span> <span class='ocrx_word' id='word_1_495' title='bbox 1000 1086 1211 1121; x_wconf 78' lang='lat' dir='ltr'><strong>dispensationis</strong></span> <span class='ocrx_word' id='word_1_496' title='bbox 1228 1093 1326 1114; x_wconf 68' lang='lat' dir='ltr'><strong>nostra:</strong></span> <span class='ocrx_word' id='word_1_497' title='bbox 1341 1087 1427 1125; x_wconf 76' lang='lat' dir='ltr'><strong>gratia</strong></span> <span class='ocrx_word' id='word_1_498' title='bbox 1448 1087 1539 1114; x_wconf 77' lang='lat' dir='ltr'><strong>fiebat.</strong></span> <span class='ocrx_word' id='word_1_499' title='bbox 1557 1087 1608 1120; x_wconf 85' lang='lat' dir='ltr'><strong>Qui</strong></span> <span class='ocrx_word' id='word_1_500' title='bbox 1622 1088 1694 1115; x_wconf 87' lang='lat' dir='ltr'><strong>enim</strong></span> 
     </span>
    </p>
   </div>
   <div class='ocr_carea' id='block_1_70' title="bbox 912 1133 1696 1168">
    <p class='ocr_par' dir='ltr' id='par_1_70' title="bbox 912 1133 1696 1168">
     <span class='ocr_line' id='line_1_70' title="bbox 912 1133 1696 1168; baseline 0.001 -9"><span class='ocrx_word' id='word_1_501' title='bbox 912 1141 961 1167; x_wconf 91' lang='lat' dir='ltr'><strong>pro</strong></span> <span class='ocrx_word' id='word_1_502' title='bbox 977 1133 1106 1168; x_wconf 80' lang='lat' dir='ltr'><strong>religione</strong></span> <span class='ocrx_word' id='word_1_503' title='bbox 1121 1133 1237 1159; x_wconf 89' lang='lat' dir='ltr'><strong>subituri</strong></span> <span class='ocrx_word' id='word_1_504' title='bbox 1256 1137 1319 1159; x_wconf 88' lang='lat' dir='ltr'><strong>sunt</strong></span> <span class='ocrx_word' id='word_1_505' title='bbox 1334 1133 1412 1167; x_wconf 85' lang='lat' dir='ltr'><strong>quasi</strong></span> <span class='ocrx_word' id='word_1_506' title='bbox 1420 1141 1497 1160; x_wconf 83' lang='lat' dir='ltr'><strong>sacra</strong></span> <span class='ocrx_word' id='word_1_507' title='bbox 1512 1141 1628 1168; x_wconf 76' lang='lat' dir='ltr'><strong>agonum</strong></span> <span class='ocrx_word' id='word_1_508' title='bbox 1636 1142 1696 1160; x_wconf 83' lang='lat' dir='ltr'><strong>eer-</strong></span> 
     </span>
    </p>
   </div>
   <div class='ocr_carea' id='block_1_71' title="bbox 913 1178 1693 1214">
    <p class='ocr_par' dir='ltr' id='par_1_71' title="bbox 913 1178 1693 1214">
     <span class='ocr_line' id='line_1_71' title="bbox 913 1178 1693 1214; baseline 0.001 -9"><span class='ocrx_word' id='word_1_509' title='bbox 913 1179 1024 1211; x_wconf 82' lang='lat' dir='ltr'><strong>tamina,</strong></span> <span class='ocrx_word' id='word_1_510' title='bbox 1040 1178 1148 1214; x_wconf 86' lang='lat' dir='ltr'><strong>angelos</strong></span> <span class='ocrx_word' id='word_1_511' title='bbox 1166 1178 1265 1205; x_wconf 86' lang='lat' dir='ltr'><strong>habent</strong></span> <span class='ocrx_word' id='word_1_512' title='bbox 1279 1179 1312 1205; x_wconf 89' lang='lat' dir='ltr'><strong>de</strong></span> <span class='ocrx_word' id='word_1_513' title='bbox 1322 1179 1390 1205; x_wconf 71' lang='lat' dir='ltr'><strong>ctelo</strong></span> <span class='ocrx_word' id='word_1_514' title='bbox 1403 1187 1479 1213; x_wconf 87' lang='lat' dir='ltr'><strong>opem</strong></span> <span class='ocrx_word' id='word_1_515' title='bbox 1490 1178 1607 1206; x_wconf 87' lang='lat' dir='ltr'><strong>ferentes</strong></span> <span class='ocrx_word' id='word_1_516' title='bbox 1617 1179 1693 1214; x_wconf 88' lang='lat' dir='ltr'><strong>ipsis.</strong></span> 
     </span>
    </p>
   </div>
   <div class='ocr_carea' id='block_1_72' title="bbox 912 1222 1694 1259">
    <p class='ocr_par' dir='ltr' id='par_1_72' title="bbox 912 1222 1694 1259">
     <span class='ocr_line' id='line_1_72' title="bbox 912 1222 1694 1259; baseline 0.003 -9"><span class='ocrx_word' id='word_1_517' title='bbox 912 1223 1001 1252; x_wconf 79' lang='lat' dir='ltr'><strong>Facile</strong></span> <span class='ocrx_word' id='word_1_518' title='bbox 1015 1222 1096 1252; x_wconf 76' lang='lat' dir='ltr'><strong>eliam</strong></span> <span class='ocrx_word' id='word_1_519' title='bbox 1110 1225 1174 1251; x_wconf 91' lang='lat' dir='ltr'><strong>illud</strong></span> <span class='ocrx_word' id='word_1_520' title='bbox 1190 1234 1196 1251; x_wconf 86' lang='lat'>:</span> <span class='ocrx_word' id='word_1_521' title='bbox 1214 1224 1311 1257; x_wconf 78' lang='lat' dir='ltr'><strong>Pater,</strong></span> <span class='ocrx_word' id='word_1_522' title='bbox 1327 1226 1443 1259; x_wconf 72' lang='lat' dir='ltr'><strong>transfer</strong></span> <span class='ocrx_word' id='word_1_523' title='bbox 1462 1226 1569 1251; x_wconf 75' lang='lat' dir='ltr'><strong>calicem</strong></span> <span class='ocrx_word' id='word_1_524' title='bbox 1584 1227 1623 1258; x_wconf 83' lang='lat'><strong>&quot;,</strong></span> <span class='ocrx_word' id='word_1_525' title='bbox 1640 1233 1694 1252; x_wconf 93' lang='lat' dir='ltr'><strong>non</strong></span> 
     </span>
    </p>
   </div>
   <div class='ocr_carea' id='block_1_73' title="bbox 913 1271 1694 1306">
    <p class='ocr_par' dir='ltr' id='par_1_73' title="bbox 913 1271 1694 1306">
     <span class='ocr_line' id='line_1_73' title="bbox 913 1271 1694 1306; baseline 0 -9"><span class='ocrx_word' id='word_1_526' title='bbox 913 1275 1041 1306; x_wconf 76' lang='lat' dir='ltr'><strong>tauquam</strong></span> <span class='ocrx_word' id='word_1_527' title='bbox 1059 1275 1182 1298; x_wconf 84' lang='lat' dir='ltr'><strong>metuens</strong></span> <span class='ocrx_word' id='word_1_528' title='bbox 1195 1275 1309 1298; x_wconf 89' lang='lat' dir='ltr'><strong>mortem</strong></span> <span class='ocrx_word' id='word_1_529' title='bbox 1321 1271 1398 1302; x_wconf 87' lang='lat' dir='ltr'><strong>dixit,</strong></span> <span class='ocrx_word' id='word_1_530' title='bbox 1411 1271 1456 1298; x_wconf 87' lang='lat' dir='ltr'><strong>sed</strong></span> <span class='ocrx_word' id='word_1_531' title='bbox 1468 1275 1496 1297; x_wconf 92' lang='lat' dir='ltr'><strong>ut</strong></span> <span class='ocrx_word' id='word_1_532' title='bbox 1508 1279 1553 1305; x_wconf 87' lang='lat' dir='ltr'><strong>per</strong></span> <span class='ocrx_word' id='word_1_533' title='bbox 1565 1271 1620 1298; x_wconf 60' lang='lat' dir='ltr'><strong>haec</strong></span> <span class='ocrx_word' id='word_1_534' title='bbox 1632 1279 1694 1306; x_wconf 92' lang='lat' dir='ltr'><strong>pro-</strong></span> 
     </span>
    </p>
   </div>
   <div class='ocr_carea' id='block_1_74' title="bbox 912 1317 1694 1351">
    <p class='ocr_par' dir='ltr' id='par_1_74' title="bbox 912 1317 1694 1351">
     <span class='ocr_line' id='line_1_74' title="bbox 912 1317 1694 1351; baseline 0.001 -8"><span class='ocrx_word' id='word_1_535' title='bbox 912 1321 1023 1344; x_wconf 88' lang='lat' dir='ltr'><strong>vocaret</strong></span> <span class='ocrx_word' id='word_1_536' title='bbox 1038 1317 1174 1344; x_wconf 80' lang='lat' dir='ltr'><strong>diabolum</strong></span> <span class='ocrx_word' id='word_1_537' title='bbox 1188 1338 1194 1349; x_wconf 89' lang='lat'><strong>,</strong></span> <span class='ocrx_word' id='word_1_538' title='bbox 1210 1322 1240 1343; x_wconf 88' lang='lat' dir='ltr'><strong>ut</strong></span> <span class='ocrx_word' id='word_1_539' title='bbox 1261 1318 1352 1351; x_wconf 81' lang='lat' dir='ltr'><strong>ligeret</strong></span> <span class='ocrx_word' id='word_1_540' title='bbox 1379 1317 1430 1344; x_wconf 88' lang='lat' dir='ltr'><strong>sibi</strong></span> <span class='ocrx_word' id='word_1_541' title='bbox 1450 1325 1567 1344; x_wconf 87' lang='lat' dir='ltr'><strong>erucem.</strong></span> <span class='ocrx_word' id='word_1_542' title='bbox 1600 1317 1694 1344; x_wconf 80' lang='lat' dir='ltr'><strong>Verbis</strong></span> 
     </span>
    </p>
   </div>
   <div class='ocr_carea' id='block_1_75' title="bbox 913 1362 1696 1398">
    <p class='ocr_par' dir='ltr' id='par_1_75' title="bbox 913 1362 1696 1398">
     <span class='ocr_line' id='line_1_75' title="bbox 913 1362 1696 1398; baseline 0.001 -8"><span class='ocrx_word' id='word_1_543' title='bbox 913 1363 1016 1390; x_wconf 89' lang='lat' dir='ltr'><strong>dolosis</strong></span> <span class='ocrx_word' id='word_1_544' title='bbox 1030 1362 1123 1390; x_wconf 78' lang='lat' dir='ltr'><strong>fefellit</strong></span> <span class='ocrx_word' id='word_1_545' title='bbox 1138 1363 1182 1390; x_wconf 93' lang='lat' dir='ltr'><strong>ille</strong></span> <span class='ocrx_word' id='word_1_546' title='bbox 1196 1363 1282 1390; x_wconf 86' lang='lat' dir='ltr'><strong>Adam</strong></span> <span class='ocrx_word' id='word_1_547' title='bbox 1299 1372 1306 1389; x_wconf 89' lang='lat'>:</span> <span class='ocrx_word' id='word_1_548' title='bbox 1326 1363 1415 1390; x_wconf 88' lang='lat' dir='ltr'><strong>verbis</strong></span> <span class='ocrx_word' id='word_1_549' title='bbox 1433 1363 1531 1391; x_wconf 87' lang='lat' dir='ltr'><strong>divinis</strong></span> <span class='ocrx_word' id='word_1_550' title='bbox 1546 1363 1696 1398; x_wconf 82' lang='lat' dir='ltr'><strong>decipiatur</strong></span> 
     </span>
    </p>
   </div>
   <div class='ocr_carea' id='block_1_76' title="bbox 913 1408 1695 1441">
    <p class='ocr_par' dir='ltr' id='par_1_76' title="bbox 913 1408 1695 1441">
     <span class='ocr_line' id='line_1_76' title="bbox 913 1408 1695 1441; baseline 0.003 -6"><span class='ocrx_word' id='word_1_551' title='bbox 913 1408 1110 1436; x_wconf 86' lang='lat' dir='ltr'><strong>fraudulentus.</strong></span> <span class='ocrx_word' id='word_1_552' title='bbox 1127 1408 1179 1436; x_wconf 87' lang='lat' dir='ltr'><strong>Sed</strong></span> <span class='ocrx_word' id='word_1_553' title='bbox 1191 1416 1244 1435; x_wconf 91' lang='lat' dir='ltr'><strong>non</strong></span> <span class='ocrx_word' id='word_1_554' title='bbox 1259 1413 1300 1435; x_wconf 88' lang='lat' dir='ltr'><strong>est</strong></span> <span class='ocrx_word' id='word_1_555' title='bbox 1315 1409 1366 1436; x_wconf 88' lang='lat' dir='ltr'><strong>alia</strong></span> <span class='ocrx_word' id='word_1_556' title='bbox 1378 1409 1502 1436; x_wconf 85' lang='lat' dir='ltr'><strong>voluntas</strong></span> <span class='ocrx_word' id='word_1_557' title='bbox 1518 1408 1590 1441; x_wconf 78' lang='lat' dir='ltr'><strong>Filii,</strong></span> <span class='ocrx_word' id='word_1_558' title='bbox 1603 1414 1629 1437; x_wconf 88' lang='lat' dir='ltr'><strong>et</strong></span> <span class='ocrx_word' id='word_1_559' title='bbox 1642 1410 1695 1438; x_wconf 87' lang='lat' dir='ltr'><strong>alia</strong></span> 
     </span>
    </p>
   </div>
   <div class='ocr_carea' id='block_1_77' title="bbox 914 1454 1696 1488">
    <p class='ocr_par' dir='ltr' id='par_1_77' title="bbox 914 1454 1696 1488">
     <span class='ocr_line' id='line_1_77' title="bbox 914 1454 1696 1488; baseline 0 -6"><span class='ocrx_word' id='word_1_560' title='bbox 914 1454 1012 1482; x_wconf 80' lang='lat' dir='ltr'><strong>Patris.</strong></span> <span class='ocrx_word' id='word_1_561' title='bbox 1027 1454 1078 1488; x_wconf 84' lang='lat' dir='ltr'><strong>Qui</strong></span> <span class='ocrx_word' id='word_1_562' title='bbox 1095 1455 1167 1482; x_wconf 91' lang='lat' dir='ltr'><strong>enim</strong></span> <span class='ocrx_word' id='word_1_563' title='bbox 1195 1454 1252 1480; x_wconf 92' lang='lat' dir='ltr'><strong>vult</strong></span> <span class='ocrx_word' id='word_1_564' title='bbox 1275 1454 1347 1488; x_wconf 88' lang='lat' dir='ltr'><strong>quod</strong></span> <span class='ocrx_word' id='word_1_565' title='bbox 1363 1455 1420 1481; x_wconf 89' lang='lat' dir='ltr'><strong>vult</strong></span> <span class='ocrx_word' id='word_1_566' title='bbox 1436 1454 1516 1482; x_wconf 85' lang='lat' dir='ltr'><strong>Pater</strong></span> <span class='ocrx_word' id='word_1_567' title='bbox 1528 1475 1535 1486; x_wconf 90' lang='lat'><strong>,</strong></span> <span class='ocrx_word' id='word_1_568' title='bbox 1561 1455 1696 1482; x_wconf 82' lang='lat' dir='ltr'><strong>invenitur</strong></span> 
     </span>
    </p>
   </div>
   <div class='ocr_carea' id='block_1_78' title="bbox 915 1500 1695 1536">
    <p class='ocr_par' dir='ltr' id='par_1_78' title="bbox 915 1500 1695 1536">
     <span class='ocr_line' id='line_1_78' title="bbox 915 1500 1695 1536; baseline 0 -8"><span class='ocrx_word' id='word_1_569' title='bbox 915 1501 1014 1528; x_wconf 80' lang='lat' dir='ltr'><strong>habere</strong></span> <span class='ocrx_word' id='word_1_570' title='bbox 1028 1501 1193 1528; x_wconf 78' lang='lat' dir='ltr'><strong>voluntatem</strong></span> <span class='ocrx_word' id='word_1_571' title='bbox 1210 1500 1306 1528; x_wconf 84' lang='lat' dir='ltr'><strong>Patris.</strong></span> <span class='ocrx_word' id='word_1_572' title='bbox 1321 1500 1371 1527; x_wconf 84' lang='lat' dir='ltr'><strong>Per</strong></span> <span class='ocrx_word' id='word_1_573' title='bbox 1385 1501 1495 1534; x_wconf 77' lang='lat' dir='ltr'><strong>liguram</strong></span> <span class='ocrx_word' id='word_1_574' title='bbox 1510 1501 1591 1536; x_wconf 76' lang='lat' dir='ltr'><strong>igitur</strong></span> <span class='ocrx_word' id='word_1_575' title='bbox 1612 1502 1676 1528; x_wconf 83' lang='lat' dir='ltr'><strong>dicit</strong></span> <span class='ocrx_word' id='word_1_576' title='bbox 1686 1522 1695 1534; x_wconf 84' lang='lat'><strong>,</strong></span> 
     </span>
    </p>
   </div>
   <div class='ocr_carea' id='block_1_79' title="bbox 913 1546 1693 1580">
    <p class='ocr_par' dir='ltr' id='par_1_79' title="bbox 913 1546 1693 1580">
     <span class='ocr_line' id='line_1_79' title="bbox 913 1546 1693 1580; baseline 0 -6"><span class='ocrx_word' id='word_1_577' title='bbox 913 1555 965 1574; x_wconf 84' lang='lat' dir='ltr'><strong>non</strong></span> <span class='ocrx_word' id='word_1_578' title='bbox 979 1555 1046 1578; x_wconf 84' lang='lat' dir='ltr'><strong>mea,</strong></span> <span class='ocrx_word' id='word_1_579' title='bbox 1060 1546 1104 1573; x_wconf 75' lang='lat' dir='ltr'><strong>sed</strong></span> <span class='ocrx_word' id='word_1_580' title='bbox 1123 1551 1186 1578; x_wconf 86' lang='lat' dir='ltr'><strong>tua;</strong></span> <span class='ocrx_word' id='word_1_581' title='bbox 1205 1554 1258 1573; x_wconf 90' lang='lat' dir='ltr'><strong>non</strong></span> <span class='ocrx_word' id='word_1_582' title='bbox 1272 1547 1342 1573; x_wconf 90' lang='lat' dir='ltr'><strong>enim</strong></span> <span class='ocrx_word' id='word_1_583' title='bbox 1352 1546 1528 1574; x_wconf 86' lang='lat' dir='ltr'><strong>vultcalieem</strong></span> <span class='ocrx_word' id='word_1_584' title='bbox 1541 1546 1693 1580; x_wconf 85' lang='lat' dir='ltr'><strong>transferri,</strong></span> 
     </span>
    </p>
   </div>
   <div class='ocr_carea' id='block_1_80' title="bbox 913 1592 1696 1627">
    <p class='ocr_par' dir='ltr' id='par_1_80' title="bbox 913 1592 1696 1627">
     <span class='ocr_line' id='line_1_80' title="bbox 913 1592 1696 1627; baseline -0.003 -6"><span class='ocrx_word' id='word_1_585' title='bbox 913 1594 960 1621; x_wconf 81' lang='lat' dir='ltr'><strong>sed</strong></span> <span class='ocrx_word' id='word_1_586' title='bbox 974 1593 1105 1620; x_wconf 81' lang='lat' dir='ltr'><strong>voluntati</strong></span> <span class='ocrx_word' id='word_1_587' title='bbox 1122 1592 1209 1620; x_wconf 88' lang='lat' dir='ltr'><strong>Patris</strong></span> <span class='ocrx_word' id='word_1_588' title='bbox 1225 1592 1309 1619; x_wconf 86' lang='lat' dir='ltr'><strong>defert</strong></span> <span class='ocrx_word' id='word_1_589' title='bbox 1330 1592 1477 1627; x_wconf 88' lang='lat' dir='ltr'><strong>perfectum</strong></span> <span class='ocrx_word' id='word_1_590' title='bbox 1491 1593 1626 1627; x_wconf 84' lang='lat' dir='ltr'><strong>passionis</strong></span> <span class='ocrx_word' id='word_1_591' title='bbox 1651 1592 1696 1619; x_wconf 84' lang='lat' dir='ltr'><strong>nf-</strong></span> 
     </span>
    </p>
   </div>
   <div class='ocr_carea' id='block_1_81' title="bbox 913 1637 1695 1673">
    <p class='ocr_par' dir='ltr' id='par_1_81' title="bbox 913 1637 1695 1673">
     <span class='ocr_line' id='line_1_81' title="bbox 913 1637 1695 1673; baseline -0.001 -6"><span class='ocrx_word' id='word_1_592' title='bbox 913 1639 1014 1672; x_wconf 80' lang='lat' dir='ltr'><strong>ﬁcium,</strong></span> <span class='ocrx_word' id='word_1_593' title='bbox 1032 1643 1162 1673; x_wconf 84' lang='lat' dir='ltr'><strong>tanquam</strong></span> <span class='ocrx_word' id='word_1_594' title='bbox 1189 1638 1351 1672; x_wconf 88' lang='lat' dir='ltr'><strong>principium</strong></span> <span class='ocrx_word' id='word_1_595' title='bbox 1375 1637 1482 1665; x_wconf 86' lang='lat' dir='ltr'><strong>Patrem</strong></span> <span class='ocrx_word' id='word_1_596' title='bbox 1499 1639 1645 1665; x_wconf 82' lang='lat' dir='ltr'><strong>honoratis.</strong></span> <span class='ocrx_word' id='word_1_597' title='bbox 1665 1639 1695 1666; x_wconf 83' lang='lat' dir='ltr'><strong>Si</strong></span> 
     </span>
    </p>
   </div>
   <div class='ocr_carea' id='block_1_82' title="bbox 913 1682 1694 1716">
    <p class='ocr_par' dir='ltr' id='par_1_82' title="bbox 913 1682 1694 1716">
     <span class='ocr_line' id='line_1_82' title="bbox 913 1682 1694 1716; baseline 0 -6"><span class='ocrx_word' id='word_1_598' title='bbox 913 1683 985 1710; x_wconf 89' lang='lat' dir='ltr'><strong>enim</strong></span> <span class='ocrx_word' id='word_1_599' title='bbox 1001 1682 1161 1710; x_wconf 87' lang='lat' dir='ltr'><strong>sententiam</strong></span> <span class='ocrx_word' id='word_1_600' title='bbox 1182 1686 1281 1709; x_wconf 88' lang='lat' dir='ltr'><strong>vocant</strong></span> <span class='ocrx_word' id='word_1_601' title='bbox 1296 1682 1389 1709; x_wconf 87' lang='lat' dir='ltr'><strong>Patres</strong></span> <span class='ocrx_word' id='word_1_602' title='bbox 1407 1682 1490 1709; x_wconf 87' lang='lat' dir='ltr'><strong>animi</strong></span> <span class='ocrx_word' id='word_1_603' title='bbox 1503 1682 1671 1710; x_wconf 81' lang='lat' dir='ltr'><strong>atl&#39;ectionem</strong></span> <span class='ocrx_word' id='word_1_604' title='bbox 1686 1703 1694 1716; x_wconf 89' lang='lat'><strong>,</strong></span> 
     </span>
    </p>
   </div>
   <div class='ocr_carea' id='block_1_83' title="bbox 913 1729 1696 1766">
    <p class='ocr_par' dir='ltr' id='par_1_83' title="bbox 913 1729 1696 1766">
     <span class='ocr_line' id='line_1_83' title="bbox 913 1729 1696 1766; baseline -0.004 -8"><span class='ocrx_word' id='word_1_605' title='bbox 913 1730 1046 1766; x_wconf 75' lang='lat' dir='ltr'><strong>contingit</strong></span> <span class='ocrx_word' id='word_1_606' title='bbox 1061 1738 1125 1757; x_wconf 90' lang='lat' dir='ltr'><strong>vero</strong></span> <span class='ocrx_word' id='word_1_607' title='bbox 1142 1729 1248 1757; x_wconf 73' lang='lat' dir='ltr'><strong>aﬂ‘ectio</strong></span> <span class='ocrx_word' id='word_1_608' title='bbox 1261 1730 1295 1757; x_wconf 83' lang='lat' dir='ltr'><strong>ad</strong></span> <span class='ocrx_word' id='word_1_609' title='bbox 1311 1730 1336 1757; x_wconf 92' lang='lat' dir='ltr'><strong>id</strong></span> <span class='ocrx_word' id='word_1_610' title='bbox 1349 1730 1420 1765; x_wconf 86' lang='lat' dir='ltr'><strong>quod</strong></span> <span class='ocrx_word' id='word_1_611' title='bbox 1432 1730 1567 1757; x_wconf 88' lang='lat' dir='ltr'><strong>occultum</strong></span> <span class='ocrx_word' id='word_1_612' title='bbox 1582 1733 1623 1756; x_wconf 85' lang='lat' dir='ltr'><strong>est</strong></span> <span class='ocrx_word' id='word_1_613' title='bbox 1635 1737 1696 1763; x_wconf 86' lang='lat' dir='ltr'><strong>pru-</strong></span> 
     </span>
    </p>
   </div>
   <div class='ocr_carea' id='block_1_84' title="bbox 913 1776 1696 1811">
    <p class='ocr_par' dir='ltr' id='par_1_84' title="bbox 913 1776 1696 1811">
     <span class='ocr_line' id='line_1_84' title="bbox 913 1776 1696 1811; baseline -0.003 -8"><span class='ocrx_word' id='word_1_614' title='bbox 913 1776 1007 1804; x_wconf 88' lang='lat' dir='ltr'><strong>denter</strong></span> <span class='ocrx_word' id='word_1_615' title='bbox 1025 1781 1153 1811; x_wconf 84' lang='lat' dir='ltr'><strong>tanquam</strong></span> <span class='ocrx_word' id='word_1_616' title='bbox 1176 1783 1191 1802; x_wconf 86' lang='lat' dir='ltr'><strong>a</strong></span> <span class='ocrx_word' id='word_1_617' title='bbox 1208 1776 1323 1803; x_wconf 89' lang='lat' dir='ltr'><strong>consilio</strong></span> <span class='ocrx_word' id='word_1_618' title='bbox 1338 1786 1344 1803; x_wconf 89' lang='lat'>:</span> <span class='ocrx_word' id='word_1_619' title='bbox 1372 1777 1508 1811; x_wconf 86' lang='lat' dir='ltr'><strong>quomodo</strong></span> <span class='ocrx_word' id='word_1_620' title='bbox 1523 1776 1618 1802; x_wconf 85' lang='lat' dir='ltr'><strong>dicunt</strong></span> <span class='ocrx_word' id='word_1_621' title='bbox 1635 1784 1696 1810; x_wconf 78' lang='lat' dir='ltr'><strong>qui-</strong></span> 
     </span>
    </p>
   </div>
   <div class='ocr_carea' id='block_1_85' title="bbox 913 1821 1697 1857">
    <p class='ocr_par' dir='ltr' id='par_1_85' title="bbox 913 1821 1697 1857">
     <span class='ocr_line' id='line_1_85' title="bbox 913 1821 1697 1857; baseline -0.003 -7"><span class='ocrx_word' id='word_1_622' title='bbox 913 1822 975 1850; x_wconf 85' lang='lat' dir='ltr'><strong>dam</strong></span> <span class='ocrx_word' id='word_1_623' title='bbox 993 1821 1137 1850; x_wconf 88' lang='lat' dir='ltr'><strong>Dominum</strong></span> <span class='ocrx_word' id='word_1_624' title='bbox 1151 1822 1197 1856; x_wconf 92' lang='lat' dir='ltr'><strong>qui</strong></span> <span class='ocrx_word' id='word_1_625' title='bbox 1214 1829 1296 1857; x_wconf 88' lang='lat' dir='ltr'><strong>super</strong></span> <span class='ocrx_word' id='word_1_626' title='bbox 1307 1822 1364 1849; x_wconf 65' lang='lat' dir='ltr'><strong>haec</strong></span> <span class='ocrx_word' id='word_1_627' title='bbox 1384 1822 1475 1849; x_wconf 88' lang='lat' dir='ltr'><strong>omnia</strong></span> <span class='ocrx_word' id='word_1_628' title='bbox 1488 1827 1551 1855; x_wconf 83' lang='lat' dir='ltr'><strong>est,</strong></span> <span class='ocrx_word' id='word_1_629' title='bbox 1572 1822 1697 1849; x_wconf 73' lang='lat' dir='ltr'><strong>voluntte—</strong></span> 
     </span>
    </p>
   </div>
   <div class='ocr_carea' id='block_1_86' title="bbox 914 1867 1698 1904">
    <p class='ocr_par' dir='ltr' id='par_1_86' title="bbox 914 1867 1698 1904">
     <span class='ocr_line' id='line_1_86' title="bbox 914 1867 1698 1904; baseline -0.001 -8"><span class='ocrx_word' id='word_1_630' title='bbox 914 1873 968 1896; x_wconf 90' lang='lat' dir='ltr'><strong>tem</strong></span> <span class='ocrx_word' id='word_1_631' title='bbox 984 1867 1055 1896; x_wconf 85' lang='lat' dir='ltr'><strong>ferre</strong></span> <span class='ocrx_word' id='word_1_632' title='bbox 1066 1868 1260 1896; x_wconf 67' lang='lat' dir='ltr'><strong>sententiosum</strong></span> <span class='ocrx_word' id='word_1_633' title='bbox 1272 1869 1283 1895; x_wconf 82' lang='lat'><strong>?</strong></span> <span class='ocrx_word' id='word_1_634' title='bbox 1293 1868 1381 1900; x_wconf 74' lang='lat' dir='ltr'><strong>Certe,</strong></span> <span class='ocrx_word' id='word_1_635' title='bbox 1391 1873 1420 1896; x_wconf 90' lang='lat' dir='ltr'><strong>ut</strong></span> <span class='ocrx_word' id='word_1_636' title='bbox 1433 1873 1515 1904; x_wconf 88' lang='lat' dir='ltr'><strong>patet,</strong></span> <span class='ocrx_word' id='word_1_637' title='bbox 1533 1876 1565 1895; x_wconf 81' lang='lat' dir='ltr'><strong>ex</strong></span> <span class='ocrx_word' id='word_1_638' title='bbox 1583 1869 1698 1895; x_wconf 79' lang='lat' dir='ltr'><strong>rationis</strong></span> 
     </span>
    </p>
   </div>
   <div class='ocr_carea' id='block_1_87' title="bbox 914 1914 1030 1943">
    <p class='ocr_par' dir='ltr' id='par_1_87' title="bbox 914 1914 1030 1943">
     <span class='ocr_line' id='line_1_87' title="bbox 914 1914 1030 1943; baseline -0.017 0"><span class='ocrx_word' id='word_1_639' title='bbox 914 1914 1030 1943; x_wconf 80' lang='lat' dir='ltr'><strong>defectu.</strong></span> 
     </span>
    </p>
   </div>
   <div class='ocr_carea' id='block_1_88' title="bbox 949 1959 1696 1996">
    <p class='ocr_par' dir='ltr' id='par_1_88' title="bbox 949 1959 1696 1996">
     <span class='ocr_line' id='line_1_88' title="bbox 949 1959 1696 1996; baseline -0.004 -8"><span class='ocrx_word' id='word_1_640' title='bbox 949 1960 982 1988; x_wconf 74' lang='grc' dir='ltr'>ν.</span> <span class='ocrx_word' id='word_1_641' title='bbox 997 1961 1041 1988; x_wconf 74' lang='grc'><strong>45.</strong></span> <span class='ocrx_word' id='word_1_642' title='bbox 1057 1960 1092 1987; x_wconf 86' lang='lat' dir='ltr'><strong>Et</strong></span> <span class='ocrx_word' id='word_1_643' title='bbox 1107 1969 1215 1996; x_wconf 74' lang='lat' dir='ltr'><strong>surgens</strong></span> <span class='ocrx_word' id='word_1_644' title='bbox 1232 1961 1263 1987; x_wconf 88' lang='lat' dir='ltr'><strong>ab</strong></span> <span class='ocrx_word' id='word_1_645' title='bbox 1282 1960 1411 1992; x_wconf 80' lang='lat' dir='ltr'><strong>oratione,</strong></span> <span class='ocrx_word' id='word_1_646' title='bbox 1430 1961 1532 1988; x_wconf 78' lang='lat' dir='ltr'><strong>veniens</strong></span> <span class='ocrx_word' id='word_1_647' title='bbox 1555 1961 1590 1987; x_wconf 83' lang='lat' dir='ltr'><strong>ad</strong></span> <span class='ocrx_word' id='word_1_648' title='bbox 1614 1959 1696 1986; x_wconf 73' lang='lat' dir='ltr'><strong>disci-</strong></span> 
     </span>
    </p>
   </div>
   <div class='ocr_carea' id='block_1_89' title="bbox 913 2005 1504 2040">
    <p class='ocr_par' dir='ltr' id='par_1_89' title="bbox 913 2005 1504 2040">
     <span class='ocr_line' id='line_1_89' title="bbox 913 2005 1504 2040; baseline -0.003 -8"><span class='ocrx_word' id='word_1_649' title='bbox 913 2006 999 2040; x_wconf 75' lang='lat' dir='ltr'><strong>pulos,</strong></span> <span class='ocrx_word' id='word_1_650' title='bbox 1016 2006 1111 2032; x_wconf 69' lang='lat' dir='ltr'><strong>invenit</strong></span> <span class='ocrx_word' id='word_1_651' title='bbox 1124 2013 1166 2032; x_wconf 77' lang='lat' dir='ltr'><strong>eos</strong></span> <span class='ocrx_word' id='word_1_652' title='bbox 1181 2005 1338 2032; x_wconf 80' lang='lat' dir='ltr'><strong>dormientes</strong></span> <span class='ocrx_word' id='word_1_653' title='bbox 1356 2013 1370 2030; x_wconf 87' lang='lat' dir='ltr'><strong>a</strong></span> <span class='ocrx_word' id='word_1_654' title='bbox 1383 2005 1504 2030; x_wconf 74' lang='lat' dir='ltr'><strong>tristitia.</strong></span> 
     </span>
    </p>
   </div>
   <div class='ocr_carea' id='block_1_90' title="bbox 950 2092 1696 2127">
    <p class='ocr_par' dir='ltr' id='par_1_90' title="bbox 950 2092 1696 2127">
     <span class='ocr_line' id='line_1_90' title="bbox 950 2092 1696 2127; baseline -0.004 -6"><span class='ocrx_word' id='word_1_655' title='bbox 950 2093 983 2120; x_wconf 85' lang='lat' dir='ltr'><strong>V.</strong></span> <span class='ocrx_word' id='word_1_656' title='bbox 1002 2094 1046 2121; x_wconf 65' lang='lat'><strong>46.</strong></span> <span class='ocrx_word' id='word_1_657' title='bbox 1066 2093 1100 2121; x_wconf 86' lang='lat' dir='ltr'><strong>Et</strong></span> <span class='ocrx_word' id='word_1_658' title='bbox 1125 2093 1192 2120; x_wconf 70' lang='lat' dir='ltr'><strong>dixit</strong></span> <span class='ocrx_word' id='word_1_659' title='bbox 1210 2094 1268 2120; x_wconf 73' lang='lat' dir='ltr'><strong>eis:</strong></span> <span class='ocrx_word' id='word_1_660' title='bbox 1297 2092 1368 2124; x_wconf 81' lang='lat' dir='ltr'><strong>Quid</strong></span> <span class='ocrx_word' id='word_1_661' title='bbox 1395 2093 1537 2120; x_wconf 71' lang='lat' dir='ltr'><strong>dormitis?</strong></span> <span class='ocrx_word' id='word_1_662' title='bbox 1561 2096 1696 2127; x_wconf 69' lang='lat' dir='ltr'><strong>surgentes</strong></span> 
     </span>
    </p>
   </div>
   <div class='ocr_carea' id='block_1_91' title="bbox 915 2139 1473 2174">
    <p class='ocr_par' dir='ltr' id='par_1_91' title="bbox 915 2139 1473 2174">
     <span class='ocr_line' id='line_1_91' title="bbox 915 2139 1473 2174; baseline -0.007 -7"><span class='ocrx_word' id='word_1_663' title='bbox 915 2146 997 2174; x_wconf 83' lang='lat' dir='ltr'><strong>orate,</strong></span> <span class='ocrx_word' id='word_1_664' title='bbox 1016 2145 1043 2166; x_wconf 84' lang='lat' dir='ltr'><strong>ut</strong></span> <span class='ocrx_word' id='word_1_665' title='bbox 1060 2148 1110 2166; x_wconf 81' lang='lat' dir='ltr'><strong>non</strong></span> <span class='ocrx_word' id='word_1_666' title='bbox 1125 2139 1228 2166; x_wconf 67' lang='lat' dir='ltr'><strong>intretis</strong></span> <span class='ocrx_word' id='word_1_667' title='bbox 1247 2139 1274 2165; x_wconf 84' lang='lat' dir='ltr'><strong>in</strong></span> <span class='ocrx_word' id='word_1_668' title='bbox 1294 2139 1473 2165; x_wconf 83' lang='lat' dir='ltr'><strong>tentationem.</strong></span> 
     </span>
    </p>
   </div>
   <div class='ocr_carea' id='block_1_92' title="bbox 112 2213 862 2272">
    <p class='ocr_par' dir='ltr' id='par_1_92' title="bbox 112 2213 861 2272">
     <span class='ocr_line' id='line_1_92' title="bbox 112 2213 861 2272; baseline -0.004 -8"><span class='ocrx_word' id='word_1_669' title='bbox 112 2213 168 2264; x_wconf 56' lang='grc' dir='ltr'><strong>ἰξαὶ</strong></span> <span class='ocrx_word' id='word_1_670' title='bbox 187 2213 243 2272; x_wconf 41' lang='grc' dir='ltr'><strong>θχὰρ</strong></span> <span class='ocrx_word' id='word_1_671' title='bbox 258 2236 398 2268; x_wconf 80' lang='grc' dir='ltr'>ἀδύνατον,</span> <span class='ocrx_word' id='word_1_672' title='bbox 418 2236 533 2271; x_wconf 81' lang='grc' dir='ltr'>μάλιστα</span> <span class='ocrx_word' id='word_1_673' title='bbox 558 2235 606 2271; x_wconf 76' lang='grc' dir='ltr'>μὲν</span> <span class='ocrx_word' id='word_1_674' title='bbox 628 2236 692 2267; x_wconf 80' lang='grc' dir='ltr'>ἴσως</span> <span class='ocrx_word' id='word_1_675' title='bbox 713 2236 793 2262; x_wconf 72' lang='grc' dir='ltr'>παντὶ</span> <span class='ocrx_word' id='word_1_676' title='bbox 814 2236 861 2261; x_wconf 83' lang='grc' dir='ltr'>ἀν-</span> 
     </span>
    </p>
   </div>
   <div class='ocr_carea' id='block_1_93' title="bbox 948 2213 1696 2272">
    <p class='ocr_par' dir='ltr' id='par_1_93' title="bbox 949 2224 1696 2262">
     <span class='ocr_line' id='line_1_93' title="bbox 949 2224 1696 2262; baseline -0.004 -8"><span class='ocrx_word' id='word_1_677' title='bbox 949 2227 1118 2262; x_wconf 85' lang='lat' dir='ltr'><strong>lmpossibile</strong></span> <span class='ocrx_word' id='word_1_678' title='bbox 1132 2226 1205 2254; x_wconf 90' lang='lat' dir='ltr'><strong>enim</strong></span> <span class='ocrx_word' id='word_1_679' title='bbox 1227 2230 1285 2258; x_wconf 85' lang='lat' dir='ltr'><strong>est,</strong></span> <span class='ocrx_word' id='word_1_680' title='bbox 1311 2225 1460 2260; x_wconf 68' lang='lat' dir='ltr'><strong>praesertim</strong></span> <span class='ocrx_word' id='word_1_681' title='bbox 1485 2224 1603 2252; x_wconf 78' lang='lat' dir='ltr'><strong>fortasse</strong></span> <span class='ocrx_word' id='word_1_682' title='bbox 1623 2225 1696 2251; x_wconf 73' lang='lat' dir='ltr'><strong>niani</strong></span> 
     </span>
    </p>
   </div>
   <div class='ocr_carea' id='block_1_94' title="bbox 77 2281 860 2319">
    <p class='ocr_par' dir='ltr' id='par_1_94' title="bbox 77 2281 860 2319">
     <span class='ocr_line' id='line_1_94' title="bbox 77 2281 860 2319; baseline -0.005 -9"><span class='ocrx_word' id='word_1_683' title='bbox 77 2282 190 2319; x_wconf 79' lang='grc' dir='ltr'>θρώπῳ.</span> <span class='ocrx_word' id='word_1_684' title='bbox 204 2283 234 2309; x_wconf 78' lang='grc' dir='ltr'>τὸ</span> <span class='ocrx_word' id='word_1_685' title='bbox 251 2282 388 2313; x_wconf 79' lang='grc' dir='ltr'>παντελῶς</span> <span class='ocrx_word' id='word_1_686' title='bbox 399 2282 528 2316; x_wconf 70' lang='grc' dir='ltr'>ἄγευστον</span> <span class='ocrx_word' id='word_1_687' title='bbox 538 2281 656 2316; x_wconf 80' lang='grc' dir='ltr'>χαλεποῦ</span> <span class='ocrx_word' id='word_1_688' title='bbox 669 2290 739 2313; x_wconf 85' lang='grc' dir='ltr'>τινος</span> <span class='ocrx_word' id='word_1_689' title='bbox 753 2281 860 2316; x_wconf 78' lang='grc' dir='ltr'>διαμεῖ-</span> 
     </span>
    </p>
   </div>
   <div class='ocr_carea' id='block_1_95' title="bbox 78 2325 864 2364">
    <p class='ocr_par' dir='ltr' id='par_1_95' title="bbox 78 2325 864 2364">
     <span class='ocr_line' id='line_1_95' title="bbox 78 2325 864 2364; baseline -0.005 -9"><span class='ocrx_word' id='word_1_690' title='bbox 78 2337 140 2356; x_wconf 78' lang='grc' dir='ltr'>ναι·</span> <span class='ocrx_word' id='word_1_691' title='bbox 164 2329 256 2361; x_wconf 80' lang='grc' dir='ltr'>ὀλος</span> <span class='ocrx_word' id='word_1_692' title='bbox 272 2329 336 2364; x_wconf 79' lang='grc' dir='ltr'>γὰρ,</span> <span class='ocrx_word' id='word_1_693' title='bbox 355 2328 446 2363; x_wconf 76' lang='grc' dir='ltr'>φησιν,</span> <span class='ocrx_word' id='word_1_694' title='bbox 470 2329 486 2353; x_wconf 85' lang='lat' dir='ltr'><strong>d</strong></span> <span class='ocrx_word' id='word_1_695' title='bbox 510 2329 624 2361; x_wconf 72' lang='grc' dir='ltr'>κόσμος</span> <span class='ocrx_word' id='word_1_696' title='bbox 639 2326 673 2352; x_wconf 84' lang='grc' dir='ltr'><strong>ὲν</strong></span> <span class='ocrx_word' id='word_1_697' title='bbox 689 2326 728 2359; x_wconf 82' lang='grc' dir='ltr'>τῷ</span> <span class='ocrx_word' id='word_1_698' title='bbox 745 2325 864 2359; x_wconf 76' lang='grc' dir='ltr'>πονηρῷ</span> 
     </span>
    </p>
   </div>
   <div class='ocr_carea' id='block_1_96' title="bbox 79 2370 863 2406">
    <p class='ocr_par' dir='ltr' id='par_1_96' title="bbox 79 2370 863 2406">
     <span class='ocr_line' id='line_1_96' title="bbox 79 2370 863 2406; baseline -0.005 -5"><span class='ocrx_word' id='word_1_699' title='bbox 79 2373 186 2401; x_wconf 69' lang='grc' dir='ltr'>κεῖται·</span> <span class='ocrx_word' id='word_1_700' title='bbox 203 2375 260 2401; x_wconf 71' lang='grc' dir='ltr'>καίσ</span> <span class='ocrx_word' id='word_1_701' title='bbox 276 2373 311 2400; x_wconf 87' lang='grc' dir='ltr'><strong>Τὸ</strong></span> <span class='ocrx_word' id='word_1_702' title='bbox 325 2373 419 2401; x_wconf 72' lang='grc' dir='ltr'>πλέον</span> <span class='ocrx_word' id='word_1_703' title='bbox 429 2372 487 2399; x_wconf 83' lang='grc' dir='ltr'><strong>τῶν</strong></span> <span class='ocrx_word' id='word_1_704' title='bbox 506 2372 621 2406; x_wconf 73' lang='grc' dir='ltr'>ἡμερῶν</span> <span class='ocrx_word' id='word_1_705' title='bbox 631 2371 684 2398; x_wconf 80' lang='grc' dir='ltr'><strong>τοῦ</strong></span> <span class='ocrx_word' id='word_1_706' title='bbox 696 2370 863 2405; x_wconf 81' lang='grc' dir='ltr'>ἀνθρώπου,</span> 
     </span>
    </p>
   </div>
   <div class='ocr_carea' id='block_1_97' title="bbox 79 2417 866 2454">
    <p class='ocr_par' dir='ltr' id='par_1_97' title="bbox 79 2417 866 2454">
     <span class='ocr_line' id='line_1_97' title="bbox 79 2417 866 2454; baseline -0.005 -7"><span class='ocrx_word' id='word_1_707' title='bbox 79 2421 174 2453; x_wconf 75' lang='grc' dir='ltr'>κόπος</span> <span class='ocrx_word' id='word_1_708' title='bbox 183 2421 232 2447; x_wconf 72' lang='grc' dir='ltr'>καὶ</span> <span class='ocrx_word' id='word_1_709' title='bbox 247 2421 348 2452; x_wconf 78' lang='grc' dir='ltr'><strong>πόνος.</strong></span> <span class='ocrx_word' id='word_1_710' title='bbox 369 2419 448 2445; x_wconf 72' lang='grc' dir='ltr'>Ἀλλὰ</span> <span class='ocrx_word' id='word_1_711' title='bbox 457 2419 481 2445; x_wconf 86' lang='grc' dir='ltr'><strong>τί</strong></span> <span class='ocrx_word' id='word_1_712' title='bbox 491 2419 650 2454; x_wconf 84' lang='grc' dir='ltr'>διενήνοχεν,</span> <span class='ocrx_word' id='word_1_713' title='bbox 665 2419 728 2449; x_wconf 75' lang='grc' dir='ltr'>ἴσως</span> <span class='ocrx_word' id='word_1_714' title='bbox 743 2419 824 2452; x_wconf 78' lang='grc' dir='ltr'>ἐρεῖς,</span> <span class='ocrx_word' id='word_1_715' title='bbox 836 2417 866 2443; x_wconf 83' lang='grc' dir='ltr'>τὸ</span> 
     </span>
    </p>
   </div>
   <div class='ocr_carea' id='block_1_98' title="bbox 79 2463 865 2501">
    <p class='ocr_par' dir='ltr' id='par_1_98' title="bbox 79 2463 865 2501">
     <span class='ocr_line' id='line_1_98' title="bbox 79 2463 865 2501; baseline -0.005 -9"><span class='ocrx_word' id='word_1_716' title='bbox 79 2465 242 2501; x_wconf 71' lang='grc' dir='ltr'>πειραθῆναι</span> <span class='ocrx_word' id='word_1_717' title='bbox 256 2465 303 2492; x_wconf 72' lang='grc' dir='ltr'>καὶ</span> <span class='ocrx_word' id='word_1_718' title='bbox 309 2465 339 2491; x_wconf 87' lang='grc' dir='ltr'>τὸ</span> <span class='ocrx_word' id='word_1_719' title='bbox 349 2466 388 2496; x_wconf 79' lang='grc' dir='ltr'><strong>εις</strong></span> <span class='ocrx_word' id='word_1_720' title='bbox 397 2464 546 2500; x_wconf 67' lang='grc' dir='ltr'>πειραςμδν</span> <span class='ocrx_word' id='word_1_721' title='bbox 557 2464 694 2499; x_wconf 77' lang='grc' dir='ltr'>ἐμπεσεῖν,</span> <span class='ocrx_word' id='word_1_722' title='bbox 711 2463 769 2498; x_wconf 68' lang='grc' dir='ltr'>ἤτοι</span> <span class='ocrx_word' id='word_1_723' title='bbox 780 2463 865 2489; x_wconf 76' lang='grc' dir='ltr'>εἰσελ-</span> 
     </span>
    </p>
   </div>
   <div class='ocr_carea' id='block_1_99' title="bbox 80 2509 864 2547">
    <p class='ocr_par' dir='ltr' id='par_1_99' title="bbox 80 2509 864 2547">
     <span class='ocr_line' id='line_1_99' title="bbox 80 2509 864 2547; baseline -0.001 -11"><span class='ocrx_word' id='word_1_724' title='bbox 80 2510 136 2538; x_wconf 86' lang='grc' dir='ltr'>θεῖν</span> <span class='ocrx_word' id='word_1_725' title='bbox 150 2519 157 2544; x_wconf 88' lang='grc'>;</span> <span class='ocrx_word' id='word_1_726' title='bbox 179 2512 209 2538; x_wconf 81' lang='grc'><strong>’0</strong></span> <span class='ocrx_word' id='word_1_727' title='bbox 224 2511 273 2546; x_wconf 81' lang='grc' dir='ltr'>μὲν</span> <span class='ocrx_word' id='word_1_728' title='bbox 290 2511 344 2547; x_wconf 80' lang='grc' dir='ltr'><strong>γὰρ</strong></span> <span class='ocrx_word' id='word_1_729' title='bbox 359 2511 485 2546; x_wconf 75' lang='grc' dir='ltr'>ἡττηθεὶς</span> <span class='ocrx_word' id='word_1_730' title='bbox 502 2510 554 2536; x_wconf 85' lang='grc' dir='ltr'><strong>ὑπὸ</strong></span> <span class='ocrx_word' id='word_1_731' title='bbox 576 2510 621 2536; x_wconf 81' lang='grc' dir='ltr'>τοῦ</span> <span class='ocrx_word' id='word_1_732' title='bbox 636 2509 763 2545; x_wconf 77' lang='grc' dir='ltr'>πονηροῦ·</span> <span class='ocrx_word' id='word_1_733' title='bbox 781 2509 864 2544; x_wconf 80' lang='grc' dir='ltr'>ἡττη-</span> 
     </span>
    </p>
   </div>
   <div class='ocr_carea' id='block_1_100' title="bbox 81 2555 863 2592">
    <p class='ocr_par' dir='ltr' id='par_1_100' title="bbox 81 2555 863 2592">
     <span class='ocr_line' id='line_1_100' title="bbox 81 2555 863 2592; baseline -0.001 -10"><span class='ocrx_word' id='word_1_734' title='bbox 81 2557 192 2592; x_wconf 83' lang='grc' dir='ltr'>θήσεται</span> <span class='ocrx_word' id='word_1_735' title='bbox 204 2558 232 2584; x_wconf 80' lang='grc' dir='ltr'><strong>δὲ</strong></span> <span class='ocrx_word' id='word_1_736' title='bbox 245 2557 324 2592; x_wconf 78' lang='grc' dir='ltr'>εἴπερ</span> <span class='ocrx_word' id='word_1_737' title='bbox 346 2557 382 2592; x_wconf 86' lang='grc' dir='ltr'>μὴ</span> <span class='ocrx_word' id='word_1_738' title='bbox 397 2556 566 2591; x_wconf 75' lang='grc' dir='ltr'>ἀγωνίζοιτο,</span> <span class='ocrx_word' id='word_1_739' title='bbox 585 2555 764 2592; x_wconf 75' lang='grc' dir='ltr'>ὑπερασπίζει</span> <span class='ocrx_word' id='word_1_740' title='bbox 776 2555 803 2581; x_wconf 79' lang='grc' dir='ltr'>δὲ</span> <span class='ocrx_word' id='word_1_741' title='bbox 816 2555 863 2582; x_wconf 79' lang='grc' dir='ltr'><strong>αὑ-</strong></span> 
     </span>
    </p>
   </div>
   <div class='ocr_carea' id='block_1_101' title="bbox 80 2602 863 2638">
    <p class='ocr_par' dir='ltr' id='par_1_101' title="bbox 80 2602 863 2638">
     <span class='ocr_line' id='line_1_101' title="bbox 80 2602 863 2638; baseline -0.004 -8"><span class='ocrx_word' id='word_1_742' title='bbox 80 2603 127 2629; x_wconf 75' lang='grc' dir='ltr'>τοῦ</span> <span class='ocrx_word' id='word_1_743' title='bbox 146 2604 192 2630; x_wconf 78' lang='grc' dir='ltr'>καὶ</span> <span class='ocrx_word' id='word_1_744' title='bbox 205 2605 219 2630; x_wconf 81' lang='grc' dir='ltr'>ὁ</span> <span class='ocrx_word' id='word_1_745' title='bbox 235 2603 310 2635; x_wconf 73' lang='grc' dir='ltr'>Θεὸς·</span> <span class='ocrx_word' id='word_1_746' title='bbox 326 2604 365 2635; x_wconf 76' lang='grc' dir='ltr'>εἰς</span> <span class='ocrx_word' id='word_1_747' title='bbox 381 2603 531 2638; x_wconf 78' lang='grc' dir='ltr'>πειρασμὸν</span> <span class='ocrx_word' id='word_1_748' title='bbox 545 2602 662 2636; x_wconf 77' lang='grc' dir='ltr'>εἰσῆλθε,</span> <span class='ocrx_word' id='word_1_749' title='bbox 680 2603 727 2628; x_wconf 70' lang='grc' dir='ltr'>καὶ</span> <span class='ocrx_word' id='word_1_750' title='bbox 746 2602 819 2628; x_wconf 76' lang='grc' dir='ltr'>ἐστιν</span> <span class='ocrx_word' id='word_1_751' title='bbox 834 2602 863 2627; x_wconf 79' lang='grc' dir='ltr'>ἐν</span> 
     </span>
    </p>
   </div>
   <div class='ocr_carea' id='block_1_102' title="bbox 80 2646 862 2683">
    <p class='ocr_par' dir='ltr' id='par_1_102' title="bbox 80 2646 862 2683">
     <span class='ocr_line' id='line_1_102' title="bbox 80 2646 862 2683; baseline -0.003 -9"><span class='ocrx_word' id='word_1_752' title='bbox 80 2648 165 2683; x_wconf 77' lang='grc' dir='ltr'>αὐτῷ,</span> <span class='ocrx_word' id='word_1_753' title='bbox 181 2649 227 2675; x_wconf 74' lang='grc' dir='ltr'>καὶ</span> <span class='ocrx_word' id='word_1_754' title='bbox 241 2649 286 2674; x_wconf 81' lang='grc' dir='ltr'><strong>ὑπ’</strong></span> <span class='ocrx_word' id='word_1_755' title='bbox 307 2648 397 2679; x_wconf 76' lang='grc' dir='ltr'>αὑτὸν,</span> <span class='ocrx_word' id='word_1_756' title='bbox 414 2647 508 2682; x_wconf 82' lang='grc' dir='ltr'>ὥσπερ</span> <span class='ocrx_word' id='word_1_757' title='bbox 525 2647 618 2682; x_wconf 79' lang='grc' dir='ltr'>ἀχθεὶς</span> <span class='ocrx_word' id='word_1_758' title='bbox 631 2647 811 2681; x_wconf 74' lang='grc' dir='ltr'>αἰχμάλωτος.</span> <span class='ocrx_word' id='word_1_759' title='bbox 832 2646 862 2672; x_wconf 81' lang='grc' dir='ltr'>ὐ</span> 
     </span>
    </p>
   </div>
   <div class='ocr_carea' id='block_1_103' title="bbox 917 2271 1698 2307">
    <p class='ocr_par' dir='ltr' id='par_1_103' title="bbox 917 2271 1698 2307">
     <span class='ocr_line' id='line_1_103' title="bbox 917 2271 1698 2307; baseline -0.005 -5"><span class='ocrx_word' id='word_1_760' title='bbox 917 2275 1036 2306; x_wconf 90' lang='lat' dir='ltr'><strong>homini,</strong></span> <span class='ocrx_word' id='word_1_761' title='bbox 1057 2281 1166 2300; x_wconf 89' lang='lat' dir='ltr'><strong>manere</strong></span> <span class='ocrx_word' id='word_1_762' title='bbox 1194 2281 1306 2307; x_wconf 88' lang='lat' dir='ltr'><strong>prorsus</strong></span> <span class='ocrx_word' id='word_1_763' title='bbox 1333 2273 1501 2306; x_wconf 87' lang='lat' dir='ltr'><strong>inexpertum</strong></span> <span class='ocrx_word' id='word_1_764' title='bbox 1520 2271 1557 2298; x_wconf 89' lang='lat' dir='ltr'><strong>rei</strong></span> <span class='ocrx_word' id='word_1_765' title='bbox 1582 2271 1698 2304; x_wconf 61' lang='lat' dir='ltr'><strong>aheuJus</strong></span> 
     </span>
    </p>
   </div>
   <div class='ocr_carea' id='block_1_104' title="bbox 917 2317 1698 2352">
    <p class='ocr_par' dir='ltr' id='par_1_104' title="bbox 917 2317 1698 2352">
     <span class='ocr_line' id='line_1_104' title="bbox 917 2317 1698 2352; baseline -0.008 -4"><span class='ocrx_word' id='word_1_766' title='bbox 917 2320 1092 2349; x_wconf 87' lang='lat' dir='ltr'><strong>molestioris.</strong></span> <span class='ocrx_word' id='word_1_767' title='bbox 1106 2319 1186 2346; x_wconf 78' lang='lat' dir='ltr'><strong>Totus</strong></span> <span class='ocrx_word' id='word_1_768' title='bbox 1200 2319 1285 2352; x_wconf 88' lang='lat' dir='ltr'><strong>enim,</strong></span> <span class='ocrx_word' id='word_1_769' title='bbox 1298 2319 1346 2351; x_wconf 79' lang='lat' dir='ltr'><strong>ait,</strong></span> <span class='ocrx_word' id='word_1_770' title='bbox 1359 2318 1471 2344; x_wconf 82' lang='lat' dir='ltr'><strong>mundus</strong></span> <span class='ocrx_word' id='word_1_771' title='bbox 1486 2318 1514 2343; x_wconf 83' lang='lat' dir='ltr'><strong>in</strong></span> <span class='ocrx_word' id='word_1_772' title='bbox 1529 2317 1644 2352; x_wconf 84' lang='lat' dir='ltr'><strong>maligno</strong></span> <span class='ocrx_word' id='word_1_773' title='bbox 1654 2325 1698 2350; x_wconf 85' lang='lat' dir='ltr'><strong>po-</strong></span> 
     </span>
    </p>
   </div>
   <div class='ocr_carea' id='block_1_105' title="bbox 917 2363 1694 2399">
    <p class='ocr_par' dir='ltr' id='par_1_105' title="bbox 917 2363 1694 2399">
     <span class='ocr_line' id='line_1_105' title="bbox 917 2363 1694 2399; baseline -0.006 -5"><span class='ocrx_word' id='word_1_774' title='bbox 917 2367 983 2394; x_wconf 69' lang='lat' dir='ltr'><strong>titus</strong></span> <span class='ocrx_word' id='word_1_775' title='bbox 998 2371 1036 2394; x_wconf 78' lang='lat' dir='ltr'><strong>est</strong></span> <span class='ocrx_word' id='word_1_776' title='bbox 1053 2366 1075 2382; x_wconf 84' lang='lat'><strong>&#39;°</strong></span> <span class='ocrx_word' id='word_1_777' title='bbox 1092 2375 1099 2399; x_wconf 91' lang='lat'><strong>;</strong></span> <span class='ocrx_word' id='word_1_778' title='bbox 1117 2370 1163 2392; x_wconf 87' lang='lat' dir='ltr'><strong>et:</strong></span> <span class='ocrx_word' id='word_1_779' title='bbox 1181 2365 1250 2392; x_wconf 72' lang='lat' dir='ltr'><strong>Pars</strong></span> <span class='ocrx_word' id='word_1_780' title='bbox 1265 2365 1383 2391; x_wconf 71' lang='lat' dir='ltr'><strong>maxima</strong></span> <span class='ocrx_word' id='word_1_781' title='bbox 1403 2363 1504 2390; x_wconf 85' lang='lat' dir='ltr'><strong>dierum</strong></span> <span class='ocrx_word' id='word_1_782' title='bbox 1519 2364 1632 2390; x_wconf 79' lang='lat' dir='ltr'><strong>hominis</strong></span> <span class='ocrx_word' id='word_1_783' title='bbox 1657 2363 1694 2390; x_wconf 83' lang='lat' dir='ltr'><strong>la-</strong></span> 
     </span>
    </p>
   </div>
   <div class='ocr_carea' id='block_1_106' title="bbox 919 2407 1699 2441">
    <p class='ocr_par' dir='ltr' id='par_1_106' title="bbox 919 2407 1699 2441">
     <span class='ocr_line' id='line_1_106' title="bbox 919 2407 1699 2441; baseline -0.006 -3"><span class='ocrx_word' id='word_1_784' title='bbox 919 2413 965 2438; x_wconf 80' lang='lat' dir='ltr'><strong>bor</strong></span> <span class='ocrx_word' id='word_1_785' title='bbox 975 2416 999 2438; x_wconf 86' lang='lat' dir='ltr'><strong>et</strong></span> <span class='ocrx_word' id='word_1_786' title='bbox 1013 2410 1131 2438; x_wconf 75' lang='lat' dir='ltr'><strong>molestia</strong></span> <span class='ocrx_word' id='word_1_787' title='bbox 1144 2410 1176 2437; x_wconf 78' lang='grc'><strong>³¹.</strong></span> <span class='ocrx_word' id='word_1_788' title='bbox 1193 2409 1228 2436; x_wconf 81' lang='lat' dir='ltr'><strong>At</strong></span> <span class='ocrx_word' id='word_1_789' title='bbox 1245 2409 1320 2436; x_wconf 85' lang='lat' dir='ltr'><strong>dices</strong></span> <span class='ocrx_word' id='word_1_790' title='bbox 1336 2409 1461 2440; x_wconf 76' lang='lat' dir='ltr'><strong>fortasse,</strong></span> <span class='ocrx_word' id='word_1_791' title='bbox 1481 2407 1551 2441; x_wconf 87' lang='lat' dir='ltr'><strong>Quid</strong></span> <span class='ocrx_word' id='word_1_792' title='bbox 1572 2408 1699 2435; x_wconf 75' lang='lat' dir='ltr'><strong>differunt</strong></span> 
     </span>
    </p>
   </div>
   <div class='ocr_carea' id='block_1_107' title="bbox 916 2454 1698 2488">
    <p class='ocr_par' dir='ltr' id='par_1_107' title="bbox 916 2454 1698 2488">
     <span class='ocr_line' id='line_1_107' title="bbox 916 2454 1698 2488; baseline -0.004 -4"><span class='ocrx_word' id='word_1_793' title='bbox 916 2457 1025 2488; x_wconf 85' lang='lat' dir='ltr'><strong>tentari,</strong></span> <span class='ocrx_word' id='word_1_794' title='bbox 1042 2462 1069 2484; x_wconf 90' lang='lat' dir='ltr'><strong>et</strong></span> <span class='ocrx_word' id='word_1_795' title='bbox 1081 2457 1108 2484; x_wconf 91' lang='lat' dir='ltr'><strong>in</strong></span> <span class='ocrx_word' id='word_1_796' title='bbox 1121 2457 1297 2483; x_wconf 86' lang='lat' dir='ltr'><strong>tentationem</strong></span> <span class='ocrx_word' id='word_1_797' title='bbox 1314 2455 1433 2482; x_wconf 86' lang='lat' dir='ltr'><strong>incidere</strong></span> <span class='ocrx_word' id='word_1_798' title='bbox 1448 2455 1490 2482; x_wconf 85' lang='lat' dir='ltr'><strong>vel</strong></span> <span class='ocrx_word' id='word_1_799' title='bbox 1505 2454 1631 2488; x_wconf 77' lang='lat' dir='ltr'><strong>ingredi?</strong></span> <span class='ocrx_word' id='word_1_800' title='bbox 1645 2454 1698 2487; x_wconf 83' lang='lat' dir='ltr'><strong>Qui</strong></span> 
     </span>
    </p>
   </div>
   <div class='ocr_carea' id='block_1_108' title="bbox 916 2500 1699 2536">
    <p class='ocr_par' dir='ltr' id='par_1_108' title="bbox 916 2500 1699 2536">
     <span class='ocr_line' id='line_1_108' title="bbox 916 2500 1699 2536; baseline -0.006 -5"><span class='ocrx_word' id='word_1_801' title='bbox 916 2504 1004 2531; x_wconf 87' lang='lat' dir='ltr'><strong>victus</strong></span> <span class='ocrx_word' id='word_1_802' title='bbox 1016 2507 1057 2530; x_wconf 83' lang='lat' dir='ltr'><strong>est</strong></span> <span class='ocrx_word' id='word_1_803' title='bbox 1070 2511 1083 2530; x_wconf 85' lang='lat' dir='ltr'><strong>a</strong></span> <span class='ocrx_word' id='word_1_804' title='bbox 1098 2503 1237 2536; x_wconf 79' lang='lat' dir='ltr'><strong>maligno;</strong></span> <span class='ocrx_word' id='word_1_805' title='bbox 1255 2502 1379 2528; x_wconf 86' lang='lat' dir='ltr'><strong>vincetur</strong></span> <span class='ocrx_word' id='word_1_806' title='bbox 1402 2505 1492 2528; x_wconf 82' lang='lat' dir='ltr'><strong>autent</strong></span> <span class='ocrx_word' id='word_1_807' title='bbox 1507 2521 1514 2533; x_wconf 90' lang='lat'><strong>,</strong></span> <span class='ocrx_word' id='word_1_808' title='bbox 1533 2500 1555 2528; x_wconf 89' lang='lat' dir='ltr'><strong>si</strong></span> <span class='ocrx_word' id='word_1_809' title='bbox 1577 2508 1630 2527; x_wconf 88' lang='lat' dir='ltr'><strong>non</strong></span> <span class='ocrx_word' id='word_1_810' title='bbox 1649 2508 1699 2534; x_wconf 93' lang='lat' dir='ltr'><strong>pu-</strong></span> 
     </span>
    </p>
   </div>
   <div class='ocr_carea' id='block_1_109' title="bbox 917 2545 1699 2586">
    <p class='ocr_par' dir='ltr' id='par_1_109' title="bbox 917 2545 1699 2586">
     <span class='ocr_line' id='line_1_109' title="bbox 917 2545 1699 2586; baseline -0.009 -8"><span class='ocrx_word' id='word_1_811' title='bbox 917 2555 988 2586; x_wconf 81' lang='lat' dir='ltr'><strong>gnet,</strong></span> <span class='ocrx_word' id='word_1_812' title='bbox 1002 2555 1029 2578; x_wconf 91' lang='lat' dir='ltr'><strong>et</strong></span> <span class='ocrx_word' id='word_1_813' title='bbox 1039 2553 1160 2584; x_wconf 80' lang='lat' dir='ltr'><strong>protegat</strong></span> <span class='ocrx_word' id='word_1_814' title='bbox 1174 2555 1236 2575; x_wconf 88' lang='lat' dir='ltr'><strong>eum</strong></span> <span class='ocrx_word' id='word_1_815' title='bbox 1253 2546 1342 2578; x_wconf 86' lang='lat' dir='ltr'><strong>Deus;</strong></span> <span class='ocrx_word' id='word_1_816' title='bbox 1361 2546 1384 2573; x_wconf 89' lang='lat' dir='ltr'><strong>is</strong></span> <span class='ocrx_word' id='word_1_817' title='bbox 1411 2547 1437 2573; x_wconf 90' lang='lat' dir='ltr'><strong>in</strong></span> <span class='ocrx_word' id='word_1_818' title='bbox 1465 2545 1640 2572; x_wconf 86' lang='lat' dir='ltr'><strong>tentationem</strong></span> <span class='ocrx_word' id='word_1_819' title='bbox 1660 2545 1699 2572; x_wconf 89' lang='lat' dir='ltr'><strong>in-</strong></span> 
     </span>
    </p>
   </div>
   <div class='ocr_carea' id='block_1_110' title="bbox 916 2590 1698 2628">
    <p class='ocr_par' dir='ltr' id='par_1_110' title="bbox 916 2590 1698 2628">
     <span class='ocr_line' id='line_1_110' title="bbox 916 2590 1698 2628; baseline -0.009 -4"><span class='ocrx_word' id='word_1_820' title='bbox 916 2596 991 2628; x_wconf 82' lang='lat' dir='ltr'><strong>cidit,</strong></span> <span class='ocrx_word' id='word_1_821' title='bbox 1003 2601 1030 2622; x_wconf 88' lang='lat' dir='ltr'><strong>et</strong></span> <span class='ocrx_word' id='word_1_822' title='bbox 1044 2595 1071 2622; x_wconf 91' lang='lat' dir='ltr'><strong>in</strong></span> <span class='ocrx_word' id='word_1_823' title='bbox 1088 2595 1263 2622; x_wconf 87' lang='lat' dir='ltr'><strong>tentationem</strong></span> <span class='ocrx_word' id='word_1_824' title='bbox 1280 2593 1402 2626; x_wconf 86' lang='lat' dir='ltr'><strong>intravit,</strong></span> <span class='ocrx_word' id='word_1_825' title='bbox 1419 2596 1447 2619; x_wconf 88' lang='lat' dir='ltr'><strong>et</strong></span> <span class='ocrx_word' id='word_1_826' title='bbox 1460 2592 1539 2619; x_wconf 78' lang='lat' dir='ltr'><strong>estin</strong></span> <span class='ocrx_word' id='word_1_827' title='bbox 1551 2599 1592 2623; x_wconf 88' lang='lat' dir='ltr'><strong>ea,</strong></span> <span class='ocrx_word' id='word_1_828' title='bbox 1609 2595 1635 2618; x_wconf 89' lang='lat' dir='ltr'><strong>et</strong></span> <span class='ocrx_word' id='word_1_829' title='bbox 1647 2590 1698 2618; x_wconf 89' lang='lat' dir='ltr'><strong>sub</strong></span> 
     </span>
    </p>
   </div>
   <div class='ocr_carea' id='block_1_111' title="bbox 916 2635 1698 2677">
    <p class='ocr_par' dir='ltr' id='par_1_111' title="bbox 916 2635 1698 2677">
     <span class='ocr_line' id='line_1_111' title="bbox 916 2635 1698 2677; baseline -0.01 -8"><span class='ocrx_word' id='word_1_830' title='bbox 916 2642 986 2677; x_wconf 85' lang='lat' dir='ltr'><strong>ipsa,</strong></span> <span class='ocrx_word' id='word_1_831' title='bbox 999 2645 1127 2676; x_wconf 86' lang='lat' dir='ltr'><strong>tanquam</strong></span> <span class='ocrx_word' id='word_1_832' title='bbox 1148 2640 1246 2667; x_wconf 85' lang='lat' dir='ltr'><strong>ductus</strong></span> <span class='ocrx_word' id='word_1_833' title='bbox 1263 2638 1394 2674; x_wconf 83' lang='lat' dir='ltr'><strong>captivus.</strong></span> <span class='ocrx_word' id='word_1_834' title='bbox 1420 2638 1454 2665; x_wconf 79' lang='lat' dir='ltr'><strong>At</strong></span> <span class='ocrx_word' id='word_1_835' title='bbox 1472 2636 1518 2672; x_wconf 86' lang='lat' dir='ltr'><strong>qui</strong></span> <span class='ocrx_word' id='word_1_836' title='bbox 1548 2635 1650 2663; x_wconf 83' lang='lat' dir='ltr'><strong>resistit</strong></span> <span class='ocrx_word' id='word_1_837' title='bbox 1670 2639 1698 2662; x_wconf 84' lang='lat' dir='ltr'><strong>et</strong></span> 
     </span>
    </p>
   </div>
   <div class='ocr_carea' id='block_1_112' title="bbox 121 2725 1042 2761">
    <p class='ocr_par' dir='ltr' id='par_1_112' title="bbox 121 2725 1042 2761">
     <span class='ocr_line' id='line_1_112' title="bbox 121 2725 1042 2761; baseline -0.002 -7"><span class='ocrx_word' id='word_1_838' title='bbox 121 2727 239 2756; x_wconf 82' lang='lat' dir='ltr'><strong>&quot;Marc.</strong></span> <span class='ocrx_word' id='word_1_839' title='bbox 259 2729 376 2761; x_wconf 82' lang='lat' dir='ltr'><strong>xtv,56.</strong></span> <span class='ocrx_word' id='word_1_840' title='bbox 411 2729 434 2745; x_wconf 81' lang='lat'><strong>&#39;°</strong></span> <span class='ocrx_word' id='word_1_841' title='bbox 451 2729 588 2760; x_wconf 76' lang='lat' dir='ltr'><strong>lloan.v,</strong></span> <span class='ocrx_word' id='word_1_842' title='bbox 606 2730 644 2755; x_wconf 82' lang='lat' dir='ltr'><strong>l9.</strong></span> <span class='ocrx_word' id='word_1_843' title='bbox 685 2729 704 2744; x_wconf 79' lang='lat'>“</span> <span class='ocrx_word' id='word_1_844' title='bbox 728 2727 828 2754; x_wconf 70' lang='lat' dir='ltr'><strong>l’salm.</strong></span> <span class='ocrx_word' id='word_1_845' title='bbox 856 2734 972 2758; x_wconf 79' lang='lat' dir='ltr'><strong>Lxxxtx,</strong></span> <span class='ocrx_word' id='word_1_846' title='bbox 998 2725 1042 2752; x_wconf 75' lang='grc'><strong>10.</strong></span> 
     </span>
    </p>
   </div>
   <div class='ocr_carea' id='block_1_113' title="bbox 118 2795 863 2832">
    <p class='ocr_par' dir='ltr' id='par_1_113' title="bbox 118 2795 863 2832">
     <span class='ocr_line' id='line_1_113' title="bbox 118 2795 863 2832; baseline 0.007 -11"><span class='ocrx_word' id='word_1_847' title='bbox 118 2795 174 2832; x_wconf 16' lang='grc'>(176)</span> <span class='ocrx_word' id='word_1_848' title='bbox 191 2795 256 2829; x_wconf 77' lang='lat' dir='ltr'><strong>Qua:</strong></span> <span class='ocrx_word' id='word_1_849' title='bbox 271 2801 279 2831; x_wconf 89' lang='lat'><strong>(</strong></span> <span class='ocrx_word' id='word_1_850' title='bbox 301 2798 309 2832; x_wconf 92' lang='lat'><strong>)</strong></span> <span class='ocrx_word' id='word_1_851' title='bbox 327 2797 497 2831; x_wconf 85' lang='lat' dir='ltr'><strong>inclusimus,</strong></span> <span class='ocrx_word' id='word_1_852' title='bbox 513 2798 593 2825; x_wconf 79' lang='lat' dir='ltr'><strong>verba</strong></span> <span class='ocrx_word' id='word_1_853' title='bbox 613 2798 748 2826; x_wconf 83' lang='lat' dir='ltr'><strong>habentur</strong></span> <span class='ocrx_word' id='word_1_854' title='bbox 769 2805 863 2827; x_wconf 83' lang='lat' dir='ltr'><strong>aucto-</strong></span> 
     </span>
    </p>
   </div>
   <div class='ocr_carea' id='block_1_114' title="bbox 83 2831 251 2859">
    <p class='ocr_par' dir='ltr' id='par_1_114' title="bbox 83 2831 251 2859">
     <span class='ocr_line' id='line_1_114' title="bbox 83 2831 251 2859; baseline 0.006 -1"><span class='ocrx_word' id='word_1_855' title='bbox 83 2831 120 2858; x_wconf 83' lang='lat' dir='ltr'><strong>ris</strong></span> <span class='ocrx_word' id='word_1_856' title='bbox 135 2831 251 2859; x_wconf 70' lang='lat' dir='ltr'><strong>Catenae.</strong></span> 
     </span>
    </p>
   </div>
   <div class='ocr_carea' id='block_1_115' title="bbox 953 2793 1230 2833">
    <p class='ocr_par' dir='ltr' id='par_1_115' title="bbox 953 2793 1230 2833">
     <span class='ocr_line' id='line_1_115' title="bbox 953 2793 1230 2833; baseline -0.014 -10"><span class='ocrx_word' id='word_1_857' title='bbox 953 2797 1008 2833; x_wconf 70' lang='grc' dir='ltr'>(Π)</span> <span class='ocrx_word' id='word_1_858' title='bbox 1022 2795 1102 2822; x_wconf 75' lang='lat' dir='ltr'><strong>Forte</strong></span> <span class='ocrx_word' id='word_1_859' title='bbox 1119 2793 1230 2825; x_wconf 83' lang='grc' dir='ltr'>δειλίας.</span> 
     </span>
    </p>
   </div>
   <div class='ocr_carea' id='block_1_116' title="bbox 953 2832 1070 2867">
    <p class='ocr_par' dir='ltr' id='par_1_116' title="bbox 953 2832 1070 2867">
     <span class='ocr_line' id='line_1_116' title="bbox 953 2832 1070 2867; baseline -0.009 -8"><span class='ocrx_word' id='word_1_860' title='bbox 953 2832 1008 2867; x_wconf 67' lang='grc' dir='ltr'><strong>με)</strong></span> <span class='ocrx_word' id='word_1_861' title='bbox 1029 2833 1070 2858; x_wconf 77' lang='lat' dir='ltr'><strong>Ei.</strong></span> 
     </span>
    </p>
   </div>
  </div>
