1865 3042
192 115 203 143 1
212 115 262 144 Ῐῖἓδ

646 117 823 152 ξΑῡΒΕΝΟΑ.
844 133 877 138 -
896 117 924 144 S.
946 117 963 144 lJ

1054 115 1094 144 Sll
1115 115 1347 143 ALEXANDﬂlNl
1759 114 1810 141 Ιῖῐεῡ

191 177 317 210 ustinel,
335 181 453 205 tentatur
468 177 512 205 ille
528 177 637 212 quidem
649 197 657 209 ,
674 185 728 205 non
742 183 832 206 tamen
847 179 874 206 in
890 182 961 206 tenta

1052 187 1055 203 :
1076 178 1210 212 ἀντισχὼν
1230 178 1276 204 καὶ
1291 175 1451 212 ὑπομείνας,
1467 175 1602 212 πειρᾶται
1622 174 1672 210 μὲν
1689 170 1773 206 οὗτος,
1789 175 1810 200 εὖ

192 222 291 250 tionem
305 222 415 250 intravit
430 223 472 250 vel
487 223 592 251 incidit.
609 223 737 252 Elevatus
757 228 799 252 est
813 225 884 252 enim
896 224 975 252 Iesus

191 275 206 294 a
220 266 333 302 spiritu,
350 276 404 296 non
420 273 449 296 ut
474 269 501 296 in
529 270 704 297 tentationcm
730 270 861 304 intraret,
882 270 930 298 sed
947 275 976 297 ut

191 318 335 340 tentaretur
349 322 365 340 α
378 314 483 342 diabolo
499 316 531 342 3’.
544 314 599 343 Nec
613 316 750 343 Abraham
763 316 790 343 in
800 317 975 344 tentationcm

191 359 313 392 intravit,
323 360 370 387 sed
382 368 470 396 neque
478 361 504 388 in
518 362 692 389 tentationem
704 363 810 390 induxit
821 370 882 390 eum
893 363 974 394 Deus,

190 403 235 430 sed
245 404 374 438 tentavit;
391 412 443 432 non
457 405 564 441 impulit
573 414 663 434 autem
677 415 739 435 eum
749 409 775 434 in
785 408 974 435 tentationem.

190 445 261 480 Quin
277 453 304 476 et
318 448 451 478 Dominus
465 450 522 485 ipse
537 451 656 479 tentabat
668 451 826 487 discipulos.
841 452 975 487 Malignus

190 498 310 526 tentans,
326 495 354 523 in
369 497 530 525 tentationes
543 499 664 532 attrahit,
678 498 777 534 quippe
785 503 902 526 teutator
915 507 974 526 ma-

189 541 287 568 lorum.
301 541 372 570 Deus
382 549 447 570 vero
464 547 583 576 tentans,
601 545 766 572 tentationes
784 544 863 572 all‘ert
884 549 913 572 ut
929 544 973 572 in—

189 587 326 616 tentabilis
340 589 484 617 malorum.
502 589 573 616 Deus
586 590 671 622 enim,
690 591 795 626 inquit,
811 590 974 617 iutentabilis

188 638 227 660 est
243 634 373 662 malorum
391 635 424 662 ³³.
437 636 567 665 Diabolus
581 637 608 664 in
625 638 764 665 interitum
789 638 899 665 trahens
918 638 973 665 vim

189 679 300 708 adhibet
314 690 321 708 :
338 686 365 708 at
381 681 452 710 Deus
470 682 496 709 in
509 683 597 711 salute
612 690 741 711 exercens
757 683 929 711 manuducit.

225 811 255 839 V.
271 812 314 839 47.
331 813 424 841 Adhuc
436 823 466 842 eo
481 814 618 850 loquente,
634 824 690 843 ecce
706 817 795 848 turba,
808 821 834 844 et
858 818 903 852 qui
932 818 975 844 di-

188 859 296 885 cebatur
307 859 483 892 ludus,ttt1ua
497 861 529 888 de
542 861 693 896 duodecim,
709 863 817 891 accessit
833 863 867 891 ad
881 872 934 897 eos,
949 869 974 891 et
991 856 1012 883 Β

187 904 404 939 appropinquavit
416 905 490 938 Iesu,
505 906 627 934 osculans
640 915 708 935 eum.

224 991 254 1020 V.
267 993 312 1022 48.
326 993 404 1021 Jews
420 1002 479 1022 vero
492 995 529 1021 ait
554 995 615 1022 illi:
640 995 713 1022 Juda
724 1016 731 1030 ,
758 997 848 1023 osculo
872 996 973 1024 Filium

187 1039 300 1067 hominis
316 1040 399 1068 tradis
412 1041 424 1067 ?

222 1084 244 1113 Ο
269 1085 440 1114 tolerantiam
462 1086 580 1120 Domini,
595 1088 641 1122 qtti
658 1093 686 1115 et
698 1088 838 1116 osculatus
853 1093 894 1116 est
908 1097 973 1124 pro-

186 1132 312 1165 tlitorem,
324 1137 349 1160 et
364 1133 458 1160 osculo
468 1133 579 1161 meliora
593 1134 703 1169 protulit
713 1134 811 1162 verba!
829 1134 887 1162 Non
900 1135 972 1163 enim

185 1177 251 1205 dixit
268 1187 275 1204 :
291 1177 312 1205 0
322 1178 445 1210 sceleste,
458 1183 485 1206 et
497 1179 698 1213 scelestissime,
711 1185 737 1208 et
751 1181 873 1215 proditor
886 1182 892 1208 !
911 1182 974 1209 has-

185 1224 246 1251 cine
266 1224 345 1253 nobis
363 1224 436 1252 vices
454 1225 579 1260 rependis
591 1226 656 1254 tanti
673 1227 794 1254 beneﬁcii
807 1228 828 1254 ?'
837 1227 889 1255 Sed
904 1235 974 1262 quo-

185 1269 268 1297 modo
281 1270 342 1298 ait?
357 1270 440 1304 Juda,
454 1272 593 1306 proprium
609 1280 706 1300 nomen
724 1281 859 1308 usurpans
872 1294 879 1306 ,
899 1274 972 1309 quod

185 1316 342 1345 miserantis
356 1323 414 1345 erat
428 1318 518 1352 potius
530 1325 557 1345 et
571 1319 736 1351 revocantis,
748 1327 829 1354 quam
856 1328 972 1348 succen-

185 1363 279 1391 senlis.
294 1363 326 1390 Et
343 1372 397 1391 non
410 1364 479 1391 dixit
494 1373 500 1391 :
519 1364 678 1400 Magistrum
693 1370 768 1392 tuutu
782 1386 789 1396 ,
805 1365 949 1393 Dominum
963 1387 970 1400 ,

185 1407 226 1437 be:
239 1409 396 1443 el'actorcm,
415 1410 474 1440 sed.
491 1410 590 1437 Filium
604 1410 724 1439 hominis
737 1431 744 1444 ,
767 1411 792 1438 id
809 1416 851 1439 est
864 1433 871 1445 ,
894 1420 972 1439 man-

184 1461 305 1489 I‘Iclllill,
320 1457 410 1484 mitem
424 1465 431 1484 :
445 1457 467 1484 si
479 1457 551 1484 enim
570 1457 700 1492 magister
715 1465 768 1485 non
784 1457 908 1491 fuissem,
922 1466 972 1486 nec

185 1500 327 1534 Dominus,
345 1511 394 1530 nec
415 1503 591 1535 benefactor;
611 1503 748 1531 hominem
771 1509 824 1532 tam
846 1505 969 1537 sincere,

183 1551 240 1574 tam
257 1553 397 1576 mansuete
411 1556 475 1584 erga
489 1553 514 1576 te
530 1549 668 1583 aﬂ'eclum,
681 1555 711 1578 ut
725 1551 752 1578 itt
769 1555 890 1586 tempore
908 1559 971 1586 pro-
985 1541 1006 1570 ϐ

185 1593 298 1621 ditionis
315 1600 340 1622 te
357 1595 415 1630 ipse
429 1595 569 1623 osculatus
583 1595 691 1630 fuerim,
721 1601 749 1624 et
774 1598 884 1633 quidem
908 1606 970 1626 cum

185 1639 310 1667 osculum
339 1641 490 1676 sytnbolum
515 1642 677 1676 proditionis
702 1648 790 1675 esset,
813 1643 903 1676 hunc,
930 1643 972 1671 in-

186 1693 280 1720 quam,
291 1685 402 1720 prodis?
413 1686 575 1715 Benedictus
588 1695 629 1720 es,
641 1688 770 1716 Domine!
786 1689 971 1723 quantaetole-

184 1731 288 1764 rantur,
304 1737 412 1766 quanta:
429 1733 590 1761 humilitatis
605 1734 760 1769 exemplum
779 1735 858 1762 nobis
873 1734 969 1763 fuisti!

185 1777 250 1811 quin
258 1781 284 1804 ct
294 1781 362 1805 utne
374 1777 533 1806 deseramus
547 1779 691 1807 consilium
705 1788 767 1815 erga
783 1779 892 1814 fratres,
903 1786 972 1809 tam-

185 1823 235 1851 etsi
261 1823 328 1850 nihil
343 1824 460 1859 amplius
487 1833 520 1852 ex
533 1826 635 1853 nostris
652 1826 744 1854 verbis
753 1827 902 1863 contingat,
919 1828 970 1856 hoc

185 1867 274 1903 ipsutu
289 1869 427 1904 exemplar
440 1869 525 1897 edidit
536 1869 680 1899 Dominus.

220 1954 455 1988 Quemadmodum
467 1957 539 1985 enirn
556 1959 669 1986 vulnera
684 1959 846 1988 ineurabilia
857 1981 866 1994 ,
883 1969 970 1997 neque

184 2002 384 2030 austerioribus
398 2003 564 2038 pharmacis,
578 2012 667 2040 neque
683 2006 853 2035 dulcioribus
877 2008 970 2035 sanari

184 2057 300 2087 possunt
314 2061 321 2079 τ
336 2052 373 2079 ita
390 2053 472 2080 etiam
487 2053 589 2088 anima,
605 2054 652 2081 ubi
665 2055 748 2082 semel
762 2055 895 2090 captivata
912 2056 970 2084 lue-

184 2098 230 2130 rit,
258 2099 431 2134 seipsamque
454 2100 596 2128 tradiderit
612 2101 767 2137 cuicunque
779 2102 881 2137 ﬂagitio
895 2123 902 2136 ,
921 2111 970 2130 nec

183 2145 247 2172 velit
258 2146 329 2180 quod
345 2145 396 2173 sibi
414 2146 500 2181 prosit
528 2148 686 2182 attendere;
712 2149 837 2183 quamvis
865 2149 970 2177 inﬁnita

182 2193 245 2227 quis
260 2193 372 2220 auribus
388 2192 446 2226 ejus
456 2193 574 2226 insonet,
589 2194 655 2220 nihil
667 2195 778 2229 profuit.
795 2195 846 2222 Sed
858 2196 969 2230 perinde

182 2243 264 2273 atque
275 2242 396 2266 mortuos
420 2239 530 2267 auditus
553 2240 677 2273 haberet,
693 2241 798 2268 nullum
821 2249 854 2268 ex
871 2242 968 2269 admo-

182 2285 286 2312 nitione
298 2285 395 2320 recipit
409 2285 640 2313 emolumentum:
656 2293 710 2313 non
726 2286 789 2321 quia
804 2294 858 2314 non
868 2291 966 2322 potest,

181 2331 228 2358 sed
244 2331 308 2366 quia
322 2339 375 2358 non
392 2331 459 2358 vult.
475 2331 533 2359 Hoc
546 2336 574 2359 et
586 2332 613 2359 in
627 2331 697 2359 Juda
710 2332 834 2368 contigit.
842 2333 968 2362 Christus

181 2377 412 2412 tamen,quamvis
435 2378 493 2405 haec
509 2378 600 2405 omnia
626 2378 784 2414 prteseiret,
801 2387 854 2406 non
876 2380 968 2408 omisit

181 2422 216 2450 ab
229 2423 306 2450 initio
317 2423 350 2450 ad
368 2423 448 2450 linem
476 2423 605 2451 exhibere
630 2431 799 2459 qutecunque
815 2432 848 2451 ex
876 2425 966 2460 seipso

180 2474 267 2498 erant.
284 2469 349 2503 Quae
361 2475 389 2497 et
403 2478 453 2498 nos
466 2470 582 2498 scientes
597 2491 604 2504 ,
632 2474 737 2505 oportet
753 2476 784 2498 ut
797 2472 965 2507 corrigamus

181 2523 288 2550 semper
302 2515 349 2551 qui
368 2516 534 2551 negligentes
548 2521 629 2550 sunt,
654 2517 780 2552 quamvis
805 2518 909 2546 nullum
931 2526 963 2546 ex

181 2563 297 2591 consilio
312 2567 406 2591 nostro
421 2563 634 2591 emolumentum
648 2569 787 2599 sequatur.

233 2621 256 2636 "
273 2620 367 2648 Matth.
378 2629 414 2655 tv,
430 2622 455 2649 l.
493 2621 515 2637 ³³
529 2620 622 2650 Jacob.
639 2630 657 2655 ι,
674 2622 716 2649 15.

232 2698 272 2735 [9)
285 2698 385 2735 Confer
398 2699 634 2735 Chrysostomum.

227 2733 272 2769 20)
286 2734 384 2769 {fatifer
397 2733 633 2769 Chrysostomum.

227 2768 273 2803 21)
287 2768 365 2797 Deest
386 2768 490 2805 ἰαθῆναι
505 2770 626 2803 δύναται,
640 2772 679 2799 γιιι
690 2771 754 2807 quid
771 2772 869 2804 simile,
887 2777 912 2799 et
927 2772 963 2799 le-

1028 223 1082 259 μὴν
1098 224 1137 255 εἰς
1152 223 1304 260 πειρασμὸν
1316 223 1450 258 εἰσῆλθεν,
1463 223 1523 258 ἦτοι
1541 221 1690 248 ὲνέπεαεν.
1710 220 1811 255 Ἀνήχθιι

1026 269 1080 304 γὰρ
1093 270 1107 296 ὁ
1126 269 1230 304 Ἰησοῦς
1240 268 1292 295 ὑπὸ
1305 268 1351 295 τοῦ
1367 267 1534 303 πνεύματος,
1548 267 1601 293 οὐκ
1619 267 1660 298 εἰς
1678 266 1812 301 πειρασμὸν

1027 315 1167 347 εἰσελθεῖν,
1182 314 1249 341 ἀλλά
1263 313 1438 349 πειραθῆναι
1453 314 1513 341 ὑπὸ
1531 313 1587 341 τοῦ
1602 312 1758 340 διαϐόλου.
1770 313 1812 338 Καὶ

1025 360 1040 385 ὁ
1063 360 1189 396 Ἀϐραὰμ
1208 360 1258 386 οὐκ
1270 360 1311 391 εἰς
1321 359 1474 395 πειρασμὸν
1488 358 1630 393 εὶτῆλθεν,
1647 357 1704 384 ἀλλ’
1715 357 1812 388 (slain,-

1027 406 1180 442 πειρασμὸν
1196 406 1278 433 αὑτὸν
1297 403 1364 441 ἦγεν
1385 406 1401 432 ὁ
1414 405 1492 437 Θεὺς,
1507 404 1578 432 ἀλλὰ
1594 403 1754 439 ἐπείραζεν·
1773 405 1812 430 or}:

1026 451 1135 478 ἐνέϐαλε
1148 451 1176 478 δὲ
1193 451 1273 478 αὑτὸν
1290 451 1331 482 εἰς
1347 449 1511 485 πειρασμόν.
1527 449 1585 476 Kal.
1598 449 1685 480 αὐτὸς
1699 448 1727 475 δὲ
1738 450 1752 475 ὁ
1766 449 1812 475 Κύ-

1027 505 1083 532 ριος
1106 496 1236 532 ὲπείραζε
1251 496 1314 528 τοὺς
1337 495 1470 532 μαθητάς.
1499 495 1529 522 Ὀ
1554 495 1606 530 μὲν
1630 494 1689 530 γὰρ
1711 495 1812 530 mut-79¢;

1026 541 1163 578 πειράζων
1178 542 1219 573 εἰς
1232 542 1294 574 τοὺς
1311 541 1481 577 πειρασμοὺς
1497 540 1645 573 καθέλκει,
1665 538 1711 567 οἷα
1730 549 1813 576 πειρα-

1026 588 1092 624 στὴς
1106 587 1211 615 κακῶν.
1237 588 1267 614 Ὀ
1284 587 1313 614 δὲ
1330 587 1396 620 Θεὸς
1416 587 1556 623 πειράζων
1569 588 1639 619 τοὺς
1658 589 1813 622 πειραςμοὶς

1027 634 1180 671 περιφέρει,
1189 634 1226 666 ὼς
1235 634 1398 670 ἀτιείραστος
1408 633 1511 661 κακῶν.
1528 634 1563 660 '0
1572 634 1632 669 γὰρ
1642 634 1727 666 Θεὸς,
1735 634 1812 668 νςηςὶν,

1025 681 1209 715 ἀπείραστός
1229 680 1296 708 ἐστι
1315 679 1424 707 κακῶν.
1445 680 1473 707 '0
1491 681 1541 715 μὲν
1563 680 1624 715 γὰρ
1646 679 1767 711 esteem;

1025 726 1136 763 ὖλεθρον
1149 726 1239 754 ἕλκων
1252 726 1386 762 βιάζεται,
1400 726 1414 752 ὁ
1427 725 1455 752 δὲ
1469 726 1536 758 Θεὸς
1551 726 1600 752 ἐπὶ
1620 725 1761 761 σωτηρίας
1775 734 1813 759 γν-

1027 772 1136 808 μνάζων
1152 773 1326 809 χειραγωγεῖ.

1062 818 1136 854 Στιχ.
1156 817 1211 853 μζ.
1232 818 1296 844 Ἔτι
1316 816 1410 844 αὐτοῦ
1429 816 1618 851 λαλοῦντος,
1647 816 1714 844 ὶδσὺ
1728 817 1812 851 ὄχλίς,

1025 866 1075 893 καὶ
1090 866 1107 892 ὁ
1121 866 1284 900 λεγόμενος
1305 863 1430 897 Ἰούδας,
1443 862 1489 897 εἷς
1510 864 1573 891 τῶν
1589 865 1724 896 δώδεκα,
1739 873 1812 899 πρίσε-

1024 911 1133 946 ἤρχετο
1154 910 1276 943 αὐτοὺς,
1293 911 1341 937 καὶ
1361 910 1466 946 fin-we
1487 911 1528 943 τῷ
1555 911 1680 944 Ἰησοῦ,
1698 912 1812 946 φιλήσας

1025 958 1127 985 αὐτόν.

1060 1004 1134 1039 Στιχ.
1155 1006 1209 1040 μη¹.
1239 1003 1270 1030 '0
1286 1002 1320 1029 δὲ
1349 1003 1468 1037 Ἰησοῦς
1491 1001 1580 1030 εἶπεν
1599 1003 1700 1037 αὐτῷ·
1724 1004 1812 1035 Ἰούδα,

1025 1050 1167 1085 φιλήματι
1182 1049 1235 1077 τὸν
1255 1049 1323 1076 Υἱὸν
1335 1049 1388 1077 τοῦ
1400 1049 1561 1084 ἀνθρώπου
1577 1050 1769 1085 παραδίδως

1061 1095 1147 1122 Βαϐαὶ
1159 1095 1209 1130 τῆς
1226 1094 1401 1127 ἀνεξικακίας
1410 1094 1456 1121 τοῦ
1473 1095 1631 1128 Δεσπότου,
1653 1095 1705 1122 τοῦ
1722 1097 1766 1123 καὶ
1780 1105 1813 1131 ςι-

1024 1142 1156 1177 λήσαντος
1170 1142 1214 1169 τὸν
1235 1142 1376 1177 προδότην,
1395 1142 1442 1169 κα)⁵
1462 1141 1510 1169 τοῦ
1535 1141 1704 1177 φιλήματος
1722 1143 1814 1170 ἁπαλό-

1023 1196 1090 1224 τερα
1108 1189 1218 1224 ῥήματα
1231 1188 1438 1224 φθεγξαμένουῑ
1456 1189 1494 1216 Οὐ
1512 1188 1570 1224 γὰρ
1587 1187 1684 1216 εἶπεν
1699 1187 1735 1215 Ὦ
1751 1190 1815 1225 μιαρὲ

1024 1234 1071 1261 καὶ
1093 1234 1236 1270 παμμίαρε
1260 1234 1307 1260 καὶ
1328 1234 1454 1270 προδότα,
1479 1235 1586 1266 ταύτας
1604 1235 1679 1269 ἡμῖν

1023 1280 1072 1312 ’τὰς
1083 1280 1200 1316 ἀμοιϐὰς
1210 1282 1259 1316 τῆς
1266 1280 1398 1316 τοσαύτης
1408 1281 1584 1316 εὐεργεπίαςς
1605 1280 1696 1307 Ἀ).λὰ
1703 1281 1759 1313 πῶς
1767 1282 1815 1312 (itit;

1030 1327 1138 1359 Ἰούδα,
1156 1327 1202 1354 τὸν
1222 1328 1316 1364 κύριον
1331 1328 1417 1363 ὄνομα
1441 1327 1536 1359 τιθεὶς,
1561 1327 1576 1354 ὂ
1595 1328 1708 1362 μᾶλλον
1728 1329 1816 1354 ulmi-

1024 1371 1115 1404 ζοντος
1128 1370 1161 1408 ἦν
1177 1373 1224 1399 καὶ
1238 1373 1445 1405 ἀνακαλοῦντος,
1462 1373 1477 1408 ἦ
1492 1372 1700 1409 ὀργιζομένου.
1716 1374 1769 1400 Καὶ
1779 1375 1816 1403 9Q:

1022 1415 1083 1444 εἷπε
1093 1426 1100 1433 ο
1115 1418 1166 1444 Τὸν
1180 1418 1339 1445 διδάσκαλόν
1356 1427 1413 1452 σου,
1426 1417 1472 1444 τὸν
1481 1418 1643 1453 Δεσπότην,
1661 1418 1711 1444 τὸν
1724 1419 1815 1454 εὐεργέ-

1022 1472 1082 1499 την,
1090 1463 1169 1496 ἀλλά,
1177 1464 1222 1492 τὸν
1230 1465 1294 1491 Υἰὸν
1302 1464 1346 1492 τοῦ
1356 1464 1499 1500 ἀνθρώπου
1504 1485 1511 1496 ,
1520 1464 1603 1491 τουτέ
1608 1473 1656 1491 πι
1665 1465 1714 1491 τὸν
1720 1465 1815 1500 ἣμερα-ι.

1022 1509 1067 1535 τὸν
1078 1509 1174 1545 πρᾶον·
1192 1510 1216 1536 εὶ
1236 1509 1290 1544 γὰρ
1308 1509 1344 1545 μὴ
1361 1509 1520 1541 διδάσκαλος
1531 1507 1579 1545 ἦν,
1596 1510 1672 1545 μηδὲ
1681 1511 1816 1544 Δεσπότης,

1024 1556 1092 1591 μηδὲ
1101 1556 1258 1592 εὐεργέτης·
1271 1556 1316 1583 τὺν
1327 1555 1397 1583 οὕτω
1407 1555 1566 1588 ἀπλάστως,
1575 1556 1627 1583 τὸν
1634 1556 1714 1583 οὕτω

1023 1602 1090 1638 πρὸς
1105 1603 1134 1629 σὲ
1147 1602 1326 1638 διακείμενον,
1334 1602 1371 1635 ὡς
1386 1603 1415 1629 ὲν
1423 1602 1461 1638 τῷ
1472 1602 1561 1638 καιρῷ
1570 1602 1627 1635 τῆς
1642 1602 1785 1638 προδοσίας
1793 1609 1816 1627 τι

1022 1648 1120 1683 φιλεῖν,
1135 1648 1182 1675 καὶ
1197 1647 1282 1675 ταῦτα
1293 1647 1340 1674 τοῦ
1360 1647 1512 1683 φιλήματος
1526 1647 1672 1682 συμϐόλου
1691 1648 1744 1683 τῆς
1758 1655 1815 1683 πρ)-

1020 1695 1112 1726 δοσίας
1121 1694 1204 1727 ὄντος,
1217 1694 1311 1721 τοῦτον
1323 1694 1490 1730 παραδίδως;
1504 1694 1666 1729 Emam-$4
1678 1692 1717 1726 εἷ,
1731 1694 1814 1729 Κύριε·

1021 1742 1108 1778 πόσης
1129 1742 1315 1774 ἀνεξικακίας,
1336 1742 1422 1776 πόσης
1437 1741 1701 1776 ταπεινοφροσύνης
1722 1740 1816 1767 ὑπόδει-

1020 1797 1079 1823 γμα
1092 1789 1157 1824 ἡμῖν
1169 1788 1300 1823 γέγοναςί
1321 1788 1358 1814 Οὐ
1372 1788 1426 1823 μὴν
1439 1788 1507 1815 ἀλλὰ
1520 1788 1569 1814 καὶ
1584 1788 1634 1814 τοὺ
1657 1789 1697 1824 μὴ
1711 1788 1816 1823 ἀφίετα-

1022 1833 1083 1861 σοαι
1098 1834 1147 1870 τῆς
1164 1834 1233 1870 πρὸς
1246 1835 1310 1866 τοὺς
1324 1834 1455 1870 ἀδελφοὺς
1470 1834 1646 1869 συμϐουλῆς,
1670 1834 1727 1861 κᾶν
1741 1834 1816 1869 μηδὲν

1022 1880 1101 1907 πλέον
1115 1880 1147 1906 ἐκ
1160 1879 1215 1906 τῶν
1224 1879 1365 1915 ἡμετέρων
1379 1879 1510 1915 ῥημάτων
1523 1879 1650 1915 γίνηται,
1665 1879 1813 1914 ὑπόδειγμα

1020 1925 1098 1952 τοῦτο
1112 1925 1261 1961 πεποίηκεν
1275 1925 1290 1952 ὁ
1305 1925 1454 1960 Δεσπότης.

1056 1970 1111 2006 (20)
1130 1971 1263 2007 Καθάπερ
1275 1971 1329 2006 γὰρ
1341 1971 1375 1998 τὰ
1386 1971 1482 1998 ἀνίατα
1494 1971 1549 1997 τῶν
1560 1971 1745 2007 τραυμάτων,
1760 1971 1812 1998 odos“

1023 2018 1080 2048 τοῖς
1096 2017 1242 2053 αὐστηροῖς
1259 2017 1313 2044 τῶν
1329 2018 1494 2052 φαρμάκων,
1509 2017 1570 2043 οὐδὲ
1584 2019 1643 2049 τοῖς
1661 2017 1811 2052 γλυκαὶνειτ

1020 2063 1090 2090 αὐτὰ
1102 2064 1260 2099 δυναμένοις
1274 2063 1339 2099 (Si)
1359 2062 1422 2090 οὔτε
1445 2064 1492 2090 καὶ
1507 2063 1592 2098 ψυχὴ,
1610 2064 1727 2090 ἐπειδὰν
1747 2063 1810 2095 Ξτεξ

1020 2108 1194 2144 αἰχμάλωτος
1216 2109 1339 2144 γένηται,
1364 2109 1412 2135 καὶ
1431 2108 1530 2144 ἑαυτὴν
1548 2109 1635 2144 ἐπιδῴ
1655 2110 1747 2137 ὁτιοῦν
1764 2109 1810 2144 (ἐξ)

1020 2154 1247 2190 πλημμελήματι,
1263 2155 1310 2181 καὶ
1327 2154 1363 2190 μὴ
1379 2153 1508 2189 βούληται
1521 2153 1552 2180 τὸ
1562 2154 1665 2189 ἑαυτῆς
1681 2154 1810 2189 συμςέρ-ῖι

1022 2200 1151 2232 συνιδεῖν,
1175 2200 1227 2227 κᾶν
1253 2200 1337 2235 μυρία
1363 2208 1404 2232 τις
1429 2200 1528 2235 ὲνηχῇ,
1561 2199 1641 2226 οὐδὲν
1670 2199 1807 2235 κερδαξνεε.

1027 2245 1107 2272 Ἀλλὰ
1123 2246 1248 2281 καθάπερ
1268 2246 1366 2281 νεκρὰς
1387 2245 1474 2277 ἀκοὰς
1493 2245 1670 2281 κεκτημένη.
1690 2246 1807 2280 οὐδεμίαν

1019 2291 1074 2318 ἀπὸ
1100 2292 1151 2327 τῆς
1175 2291 1360 2327 παραινέσεως
1380 2292 1488 2327 δέχεται
1511 2291 1562 2328 τὴν
1590 2291 1744 2327 ὠφέλειαν·
1765 2292 1807 2318 et}:

1018 2337 1113 2373 ἐπειδὴ
1136 2338 1173 2374 μὴ
1189 2338 1310 2371 δύναται,
1334 2337 1393 2364 ἀλλ’
1414 2337 1509 2373 ἐπειδὴ
1536 2338 1573 2373 μὴ
1598 2337 1737 2373 βούλεται.
1759 2338 1805 2373 (25)

1019 2383 1103 2410 Τοῦτο
1116 2383 1164 2410 καὶ
1179 2383 1225 2410 ἐπὶ
1239 2383 1284 2410 τοῦ
1305 2382 1388 2410 Ἰούδα
1401 2382 1524 2417 γέγονεν.
1546 2383 1577 2409 ‘0
1596 2382 1627 2409 ῑὲ
1635 2381 1806 2417 Χρισῐὸςααὶ

1019 2429 1105 2456 ταῦτα
1127 2430 1214 2456 πάντα
1230 2428 1372 2465 προειδὼς,
1389 2429 1419 2455 οὺ
1440 2429 1561 2456 διέλιπεν
1583 2429 1615 2462 ἐξ
1632 2429 1724 2465 ἀρχῆς
1739 2430 1807 2466 μέχρι

1017 2476 1110 2508 ’τέλους
1122 2476 1157 2503 τὰ
1171 2478 1236 2513 παρ’
1249 2476 1346 2503 ἑαυτοῦ
1359 2477 1449 2503 πάντα
1463 2476 1705 2512 ἐπιδεικνύμενος.
1722 2478 1753 2503 ’Δ
1767 2476 1805 2502 καὶ

1017 2522 1095 2557 ἡμῶν
1110 2522 1217 2549 εἰδότων
1238 2522 1379 2558 ῥυθμίζειν
1398 2523 1453 2558 χρὴ
1467 2523 1532 2553 τοὺς
1546 2524 1743 2560 ἠμελημένως
1755 2523 1804 2548 δια-

1017 2567 1126 2599 παντὸς,
1139 2565 1189 2595 κᾶν
1201 2568 1283 2604 μηδὲν
1298 2569 1330 2595 ἐκ
1342 2568 1392 2604 τῆς
1404 2568 1565 2604 συμϐουλῆς
1579 2570 1697 2606 γίνηται

1018 2701 1259 2736 ερηάίιιηννίάειυι·
1277 2700 1348 2736 οὕτω
1362 2708 1411 2734 pro
1430 2700 1504 2728 οὔτε.

1054 2736 1110 2771 (22)
1129 2735 1209 2763 Forte
1226 2735 1359 2770 ᾡτινιοῦν.

1053 2771 1110 2806 (‘23)
1122 2770 1231 2798 Confer.
1244 2771 1376 2806 Chtysost
1392 2793 1398 2804 ,
1408 2779 1489 2800 conc.
1504 2773 1531 2805 1»,
1541 2772 1574 2800 de
1584 2771 1702 2807 Lazaro.
1715 2779 1735 2806 ι,
1748 2770 1803 2801 πι.
