1865 3042
179 148 245 174 ιδμδ

213 217 354 224 ...ρ-

904 144 1075 172 ADDENDA.

1755 138 1787 164 ιθ
1795 140 1805 160 lt

688 210 1807 222 _________________________—————-

447 268 802 326 ACTORUM
850 267 1109 324 SANCT'I
1163 265 1558 324 HlPPOLY'l‘l

604 375 710 404 Grave
729 377 760 404 et
778 373 888 404 Latine
905 372 988 404 infra
1008 372 1018 413 (
1034 372 1094 403 col.
1110 371 1180 410 5'47)
1213 372 1372 403 editorum

793 456 1011 503 VERSIO
1049 455 1232 502 NOVA.

242 640 249 647 ,
472 612 639 641 ΡΙιΟΟἰίλΙΙϋ
647 613 678 640 Μ.

212 660 232 688 l.
246 660 410 695 lmpcratore
423 659 537 687 Claudio
557 668 618 687 cum
639 664 712 687 esset
733 659 851 687 vicarius
871 658 965 694 Ulpius

176 706 318 737 Romulus.
328 706 474 733 vehemens
484 706 585 733 exarsit
594 705 797 733 iuChristianos
805 707 964 740 persecutio.

175 751 242 779 Nam
249 751 415 779 Censorinus
423 751 549 786 magister
556 751 716 784 ciliciorum,
726 752 830 779 occulte
838 752 967 780 Christia—

177 805 229 825 nus
246 804 277 824 ac
290 797 388 824 timens
402 796 496 828 Deum,
506 804 520 823 a
530 797 671 831 praesentia
687 797 793 830 quidem
811 802 967 832 conspectu-

176 851 230 878 que
239 842 519 878 impcratorisClaudii
532 850 583 868 non
591 842 746 875 recedebat;
760 843 782 869 si
793 851 861 877 quos
873 848 964 871 tamen

177 889 290 917 vidisset
302 896 317 916 c
329 888 493 916 Christianis
509 888 543 915 ad
556 892 670 915 mortem
687 889 728 916 vel
741 896 877 916 carcerem
891 889 964 921 duci,

177 935 246 963 clam
263 942 309 962 eos
326 934 522 967 conﬁrmabat,
545 939 572 961 et
593 935 682 969 quoad
709 940 814 969 poterat
837 935 966 962 alimenta

178 982 220 1010 his
236 981 282 1017 qui
303 982 328 1008 in
349 981 471 1009 custodia
486 985 513 1008 ct
529 981 645 1009 vinculis
659 986 737 1009 erant
750 982 939 1017 suppeditabat
957 989 964 1008 :

176 1029 241 1063 quin
267 1028 348 1055 etiam
372 1029 574 1056 catechumenis
607 1032 706 1063 praesto
732 1031 791 1055 erat
813 1028 965 1055 ministerio

177 1074 263 1102 verbi.
281 1074 341 1107 Quo
360 1074 452 1110 agnito
466 1073 596 1100 Claudius
611 1073 702 1100 Caesar
716 1073 801 1101 iratus
815 1073 902 1108 ipsum
918 1081 965 1108 ap-

177 1119 326 1153 prehendi,
350 1124 377 1146 ct
398 1119 449 1146 sibi
475 1126 566 1146 coram
594 1119 651 1146 sisti
676 1118 753 1153 jubet
774 1127 780 1145 :
804 1123 964 1153 przrsentein

175 1172 242 1192 vero
258 1164 301 1192 his
315 1172 397 1199 prope
411 1164 501 1192 verbis
517 1165 651 1191 allocutus
665 1168 707 1191 est
725 1173 731 1190 ε
750 1163 790 1190 Tu
811 1171 841 1191 cs
861 1164 902 1191 vir
919 1163 965 1191 ille

176 1210 288 1238 deorum
307 1210 584 1246 cullor,'nostra:que
601 1209 750 1245 majestatis
765 1217 853 1245 praeco
870 1217 965 1245 perpe—

175 1257 259 1284 tuus?
278 1256 409 1292 Equidem
424 1262 517 1284 nostra
532 1257 675 1284 clementia
690 1257 826 1284 neminem
842 1264 962 1291 unquam

982 619 1002 645 Α
1019 613 1137 648 luptatcs
1161 616 1367 646 temporaneas,
1396 616 1480 646 atque
1505 611 1658 646 agnoscite
1683 609 1811 637 Dominum

1019 665 1140 688 nostrum
1163 658 1255 687 Jesum
1269 659 1420 690 Christum,
1446 663 1616 693 perpetuum
1644 665 1756 692 regem,
1776 660 1812 691 qui

1017 710 1076 734 erat
1089 710 1152 733 ante
1168 705 1276 737 saecula,
1293 705 1433 739 quietiam
1447 703 1737 738 venietjudicaturus
1752 703 1814 728 viras

1017 755 1044 779 et
1060 755 1193 783 mortuos,
1215 754 1242 777 et
1257 749 1386 777 saeculum
1401 748 1473 776 istud
1490 756 1541 784 per
1555 748 1667 782 ignem.
1690 746 1813 780 Quoniam

1017 796 1165 832 pertransit
1180 799 1302 823 nostrum
1315 802 1414 826 aevum,
1429 800 1457 821 et
1473 794 1576 822 coelum
1595 801 1630 821 ac
1649 797 1724 819 terra
1737 797 1814 818 trans-

1001 836 1097 870 Iibunt
1115 851 1121 869 :
1140 842 1274 868 Dominus
1290 845 1379 868 autem
1405 844 1500 867 noster
1523 839 1609 867 Jesus
1632 838 1764 865 Christus
1782 843 1814 864 est

1017 896 1142 923 semper,
1163 892 1245 922 atque
1266 887 1336 914 idem
1355 886 1416 913 erit.
1438 885 1577 913 Custodes
1601 892 1674 912 vero
1699 884 1813 910 dixerunt

1016 935 1095 962 beato
1116 933 1236 961 Maximo
1256 932 1413 968 presbytero
1431 942 1438 958 :
1458 931 1491 958 Et
1513 931 1582 966 quid
1608 930 1750 957 faciemus
1770 936 1811 963 pm

1017 980 1088 1012 isto,
1109 987 1190 1015 quem
1212 983 1241 1006 tu
1256 978 1439 1014 depraadicas,
1464 985 1546 1012 quem
1573 977 1712 1004 novimus
1732 983 1812 1009 pere:

1016 1035 1077 1063 qum
1096 1035 1112 1054 a
1136 1031 1162 1054 te
1183 1026 1254 1054 dicta
1270 1030 1345 1058 sunt,
1359 1033 1392 1053 ac
1406 1033 1454 1060 per
1468 1025 1545 1059 signa
1567 1024 1631 1059 ipsa
1654 1023 1683 1050 in
1698 1024 1758 1057 ejus
1770 1030 1811 1049 no-

1016 1074 1089 1100 mine
1102 1076 1219 1108 patrata,
1237 1071 1347 1107 quando
1365 1071 1451 1106 ipsius
1466 1070 1602 1105 potentia,
1623 1070 1741 1103 tuisque
1757 1075 1810 1103 pre-

1016 1119 1093 1147 cibus
1109 1119 1216 1146 vincula
1236 1117 1460 1152 disrumpuntur?
1480 1116 1581 1144 Beatus
1599 1116 1750 1151 presbyter
1766 1114 1813 1141 Ma-

1016 1165 1107 1192 ximus
1122 1156 1262 1200 respondit
1276 1173 1283 1191 :
1298 1163 1455 1198 Baptizatur
1468 1163 1671 1198 unusquisque
1687 1166 1812 1192 vestrum,

1015 1215 1043 1239 ct
1065 1211 1159 1239 credat
1184 1210 1211 1237 in
1238 1209 1376 1237 Christum
1407 1208 1505 1236 Filium
1525 1208 1574 1236 Dei
1597 1217 1604 1234 :
1628 1208 1681 1236 sed
1703 1212 1732 1235 ct
1751 1214 1812 1233 vana

1015 1257 1087 1285 idola
1102 1257 1274 1291 derelinquat
1295 1259 1322 1283 et
1339 1255 1489 1290 paeniteat;
1511 1261 1544 1281 eo
1560 1253 1639 1288 quod
1659 1253 1812 1288 ignorantis

176 1303 366 1331 administrum
385 1303 479 1338 rejecit
494 1312 500 1330 :
517 1303 571 1330 imo
590 1311 654 1330 vero
678 1303 711 1330 ad
733 1310 829 1330 eorum
849 1302 962 1331 famula-
980 1300 1000 1327 Β
1016 1303 1226 1338 blasphemastis
1247 1309 1348 1329 nomen
1373 1300 1470 1336 ipsius,
1490 1303 1688 1334 praetereaque
1709 1304 1811 1325 sanctos

178 1353 234 1376 tum
250 1356 301 1376 nos
318 1348 427 1376 omnino
446 1348 642 1383 rempublicam
663 1347 828 1384 dirigentes,
850 1347 964 1376 feliciter

176 1395 369 1430 gubernamus.
392 1394 460 1422 Tum
473 1396 638 1424 Censorinus
653 1395 792 1430 respondit
810 1404 816 1422 :
841 1394 897 1430 Ego
925 1400 964 1422 te-

177 1440 335 1469 stimonium
361 1440 448 1468 dicam
473 1439 507 1467 de
531 1440 645 1467 Domino
672 1447 732 1467 meo
752 1439 815 1467 Jesu
833 1440 962 1474 Christo;

176 1486 305 1521 quoniam
323 1486 380 1520 ipse
403 1490 443 1513 est
464 1493 546 1513 verus
569 1484 656 1518 Deus,
682 1485 728 1520 qui
748 1485 914 1519 crucilixus,
938 1491 965 1513 et

177 1531 298 1566 sepultus
314 1530 373 1562 fuit.
388 1535 415 1558 et
432 1530 580 1558 resurrexit
595 1531 672 1558 tertia
686 1530 738 1563 die,
754 1531 964 1566 advigilantibus

175 1578 222 1613 qui
234 1585 296 1605 eum
312 1577 385 1606 cruci
397 1577 562 1604 sutlixcrant.
575 1576 599 1604 Is
613 1582 789 1612 posteaquam
805 1577 963 1610 resurrexit,

176 1625 234 1652 suis
256 1625 380 1660 apparuit
403 1624 504 1652 sanctis
528 1623 679 1658 diseipulis.
706 1624 794 1658 iisque
809 1624 964 1651 videntibus

176 1669 299 1698 ascendit
314 1669 347 1696 ad
363 1669 457 1696 caelos.
475 1668 523 1696 llic
538 1669 638 1696 nostris
656 1669 822 1703 temporibus
838 1670 964 1704 dignatus

175 1721 217 1742 est
227 1714 353 1742 advenire
366 1722 380 1741 a
393 1713 472 1740 Patre
484 1721 545 1745 suo,
558 1718 585 1739 ct
597 1715 671 1739 nasci
687 1721 702 1739 c
717 1717 810 1740 ventre
825 1712 942 1748 Virginis
956 1723 963 1741 :

177 1767 209 1786 ac
223 1759 281 1794 ipse
297 1758 405 1794 quidem
421 1757 562 1785 descendit
576 1757 602 1784 in
617 1762 716 1785 ten-am
731 1758 871 1786 hominum
886 1766 963 1786 amo-

177 1813 216 1838 re,
232 1805 317 1832 cmlos
333 1812 387 1831 non
398 1804 597 1840 derelinquens.
614 1804 653 1831 Ad
668 1803 725 1831 haec
741 1804 824 1832 iratus
835 1804 965 1833 Claudius

177 1851 246 1878 dixit
263 1860 268 1877 :
285 1850 401 1881 Insanis.
414 1850 565 1878 Censorine
580 1860 586 1876 :
604 1855 630 1877 ct
644 1849 787 1878 confestim
799 1851 894 1879 abduci
905 1851 964 1887 jus-

177 1898 214 1924 sit
236 1906 283 1932 per
299 1897 398 1924 milites
420 1897 453 1923 ad
476 1897 628 1924 Ostiensem
651 1897 804 1929 civitatem,
828 1898 918 1933 ibique
937 1898 964 1925 in

177 1944 301 1972 custodia
328 1944 454 1972 detineri.
477 1943 516 1971 Eo
538 1951 599 1971 cum
622 1948 694 1971 esset
717 1944 872 1977 abductus,
891 1945 962 1972 haud

179 1992 274 2026 procul
286 1991 320 2019 ab
335 1992 401 2019 urbe
417 1991 515 2022 Roma,
532 1992 579 2018 sed
595 1990 721 2026 passibus
735 1990 820 2018 ferme
835 1999 870 2018 xv
886 1991 965 2018 milli-

179 2038 249 2067 bus.
276 2045 386 2065 carcerc
408 2041 436 2065 ct
454 2037 572 2064 vinculis
597 2036 763 2063 constrictus
785 2036 878 2064 laudes
908 2036 964 2064 Deo

178 2084 355 2112 Submittebat
368 2083 412 2111 die
427 2090 574 2118 noctuque.

215 2130 247 2157 ll.
266 2129 294 2157 ln
308 2130 402 2158 eodem
424 2130 484 2157 loco
502 2137 584 2164 prope
598 2129 685 2164 ipsam
701 2128 854 2156 Ostiensem
869 2129 965 2157 civita-

178 2181 244 2208 tem,
264 2176 388 2212 princeps
402 2177 523 2211 quaedam
545 2176 609 2203 hera
627 2176 824 2209 diversahatur,
848 2176 964 2211 impera—

179 2222 250 2249 torio
264 2230 371 2257 genere,
388 2222 497 2248 nomine
512 2221 633 2256 Chryse.
652 2229 713 2256 qua:
729 2221 820 2256 plures
838 2229 964 2256 perpessa

179 2268 400 2302 persecutiones,
424 2272 450 2294 ct
472 2267 668 2298 condemnata,
695 2275 757 2294 cum
775 2267 828 2301 piis
850 2267 915 2294 viris
939 2275 965 2294 ct

180 2313 330 2348 virginibus
352 2313 378 2340 in
405 2321 455 2340 suo
471 2313 570 2348 praedio
586 2312 636 2340 sibi
649 2312 700 2347 ipsi
715 2313 837 2340 vacabat.
860 2312 921 2341 Haec
935 2312 964 2341 S.

179 2359 328 2386 Censorino
341 2367 356 2386 c
370 2359 452 2386 domo
465 2366 513 2386 sua
529 2359 650 2393 quotidie
663 2360 763 2386 victum
777 2359 941 2394 largiebatur
957 2368 963 2386 :

180 2405 320 2441 ipsiusque
333 2405 440 2432 vincula
454 2405 571 2440 propriis
586 2405 712 2432 manibus
725 2405 850 2437 abluens,
872 2405 965 2433 oculos

180 2456 208 2478 ct
222 2451 318 2479 faciem
345 2452 474 2486 tergebat.
497 2451 580 2478 Erant
602 2451 629 2478 in
647 2451 740 2478 eodem
757 2451 817 2479 loco
830 2451 966 2479 Maximus

182 2497 323 2533 presbyter
337 2498 537 2530 sanctissimus,
558 2503 584 2525 et
598 2497 750 2525 Archelaus
763 2497 904 2530 diaconus,
919 2498 965 2532 qui

182 2543 297 2578 singulis
317 2543 413 2571 diebus
430 2543 484 2571 Deo
502 2543 634 2571 sacrificia
648 2543 796 2571 oll‘erebant
811 2551 872 2572 cum
889 2544 966 2579 hym-

183 2589 225 2616 nis
241 2595 267 2616 et
284 2589 419 2617 laudibus.
448 2591 487 2618 Ac
512 2590 684 2617 beatissimus
700 2590 808 2625 quidem
825 2590 965 2626 presbyter

183 2633 317 2662 Maximus
346 2636 373 2663 in
392 2635 499 2663 Domini
530 2637 614 2663 nostri
641 2635 704 2663 Jesu
731 2636 831 2663 Christi
859 2637 966 2663 neruiue
985 2657 1006 2674 η

182 2681 340 2715 admiranda
354 2689 474 2716 eousque
489 2682 662 2716 operabatur.
688 2686 716 2708 ut
740 2681 887 2716 aliquando
900 2689 967 2708 con-

183 2727 295 2755 veniens
309 2728 499 2760 Ccnsorinum,
521 2727 611 2755 subito
630 2727 702 2754 illius
726 2727 832 2754 vincula
851 2735 866 2753 e
882 2727 969 2753 maui-

185 2772 236 2799 bus
258 2773 422 2807 pedibusque
443 2773 666 2801 diSSolverentur.
693 2771 769 2799 Tunc
793 2771 917 2806 aperiens
937 2778 969 2799 os

185 2826 264 2845 suum
277 2818 449 2846 beatissimus
462 2819 612 2854 presbyter,
628 2826 775 2846 conversus
789 2818 822 2845 ad
838 2817 927 2852 ipsum
943 2822 970 2845 et

185 2864 328 2898 custodes,
349 2865 385 2892 ait
401 2874 408 2892 :
424 2865 543 2898 Fratres,
566 2865 711 2896 relinquite
725 2865 863 2893 daemones
878 2869 904 2893 et
919 2872 968 2892 v0-

225 2919 240 2948 \

979 1971 1001 2001 C

1015 1349 1162 1377 alllixistis.
1182 1348 1259 1376 Tunc
1275 1355 1330 1374 una
1348 1351 1439 1374 mente
1452 1353 1548 1373 omnes
1561 1365 1570 1378 ,
1598 1352 1705 1380 nempe
1727 1344 1812 1372 Fefix.

1016 1396 1161 1429 Maximus,
1176 1394 1335 1425 Faustinus.
1357 1392 1548 1425 Herculianus,
1564 1390 1734 1423 Numerius,
1758 1390 1812 1418 Sto-

1015 1443 1143 1474 racinus,
1167 1441 1277 1471 Menas,
1302 1439 1494 1470 Commodius,
1520 1437 1660 1470 Hermes,
1687 1437 1811 1467 Maurus,

1016 1488 1161 1520 Eusebius,
1180 1486 1329 1519 Rusticius,
1342 1485 1510 1518 Monacrius,
1524 1483 1717 1516 Amandinus,
1729 1482 1813 1518 Olym-

1015 1535 1077 1570 pius
1090 1554 1097 1566 ,
1115 1533 1247 1569 Cyprius,
1266 1541 1328 1560 cum
1346 1531 1492 1558 Theodoro
1515 1530 1650 1562 tribuno,
1679 1530 1716 1557 ad
1740 1529 1812 1564 pedes

1016 1580 1166 1608 beatissimi
1188 1578 1337 1614 presbyteri
1362 1577 1473 1604 Maximi
1487 1576 1571 1604 simul
1590 1583 1622 1603 se
1644 1575 1810 1610 abjecerunt,

1015 1626 1195 1661 postulantes.
1221 1625 1260 1651 uti
1274 1627 1369 1651 sancto
1383 1622 1546 1658 baptismate
1566 1621 1670 1655 dignos
1684 1626 1810 1649 censeret.

1016 1671 1062 1699 Ille
1076 1671 1109 1698 ad
1124 1671 1192 1703 haec,
1206 1677 1256 1705 pro
1273 1673 1403 1696 consueto
1415 1667 1468 1694 ritu
1482 1675 1546 1695 cum
1563 1668 1717 1694 universos
1733 1666 1812 1701 perfe-

1016 1717 1109 1748 cisset,
1122 1714 1245 1742 vestibus
1271 1721 1286 1740 a
1312 1713 1390 1740 beata
1407 1713 1512 1748 Chryse
1534 1711 1695 1745 adornatis,
1710 1712 1812 1739 eadem-

1015 1769 1068 1797 que
1094 1761 1196 1789 cibaria
1213 1760 1246 1787 ad
1262 1759 1363 1787 victum
1388 1759 1638 1791 subministrante;
1668 1758 1812 1793 baptizavit

1015 1815 1110 1836 omnes
1125 1807 1151 1834 in
1168 1807 1277 1834 nomine
1291 1805 1391 1839 Patris,
1405 1809 1432 1832 et
1444 1803 1516 1838 Filii,
1527 1809 1554 1831 ct
1570 1804 1698 1839 Spiritus
1713 1805 1811 1832 sancti:

1016 1853 1162 1880 illuminati
1176 1852 1294 1887 denique
1307 1859 1399 1879 secum
1417 1850 1570 1878 retulerunt
1586 1851 1709 1886 gratiam
1726 1850 1810 1877 omni-

1016 1899 1135 1935 potentis
1152 1897 1210 1926 Dei.
1233 1897 1388 1925 Adveniens
1408 1901 1500 1924 autem
1525 1902 1610 1924 noctu
1637 1896 1813 1924 beatissimus

1016 1946 1147 1982 Cyriacus
1160 1945 1305 1980 episcopus
1318 1964 1325 1977 ,
1355 1944 1430 1978 ipsos
1449 1951 1606 1978 pertingens
1624 1943 1734 1970 Christi
1753 1943 1815 1970 cit-1-

1017 1996 1103 2019 smate
1120 1990 1253 2027 signavit,
1269 1990 1452 2025 erudiensque
1469 1990 1495 2017 in
1509 1989 1639 2017 doctrina
1656 1989 1732 2022 ﬁdei,
1748 1993 1814 2024 post-

1017 2045 1100 2072 quam
1118 2036 1214 2070 abluit,
1229 2035 1400 2070 consignavit
1410 2036 1488 2070 signo
1505 2035 1609 2063 crucis.

1053 2083 1096 2111 ΙΙΙ.
1117 2083 1222 2111 Interea
1241 2082 1342 2110 sutoris
1357 2082 1512 2116 cujusdam.
1532 2081 1579 2117 qui
1595 2082 1698 2109 eodem
1715 2082 1743 2109 in
1762 2082 1813 2109 lcet

1017 2130 1194 2163 morabatur,
1213 2130 1285 2157 tilius
1306 2129 1449 2156 defunctus
1473 2133 1525 2160 est.
1552 2135 1585 2155 ac
1607 2129 1814 2156 transeuntibus

1018 2177 1105 2205 beatis
1120 2177 1234 2212 Cyriaco
1247 2180 1276 2203 et
1290 2174 1409 2202 Maximo
1426 2183 1488 2203 cum
1506 2176 1586 2203 beata
1602 2175 1728 2210 Chryse,
1745 2175 1814 2210 ipsis-

1018 2232 1071 2259 que
1090 2223 1172 2250 ctiam
1196 2221 1298 2250 sanctis
1316 2221 1418 2249 Christi
1442 2221 1596 2253 militibus,
1614 2221 1813 2249 lamentahatnr

1019 2274 1096 2297 sutor
1111 2273 1225 2296 mortem
1242 2269 1290 2296 ﬁlii
1305 2269 1358 2296 sui.
1383 2267 1461 2296 Tunc
1484 2268 1670 2295 beatissimus
1686 2267 1813 2294 Maximus

1018 2316 1159 2352 presbyter
1171 2315 1257 2343 sutori
1270 2315 1337 2343 dixit
1356 2324 1362 2341 :
1378 2314 1465 2342 Crede
1478 2315 1505 2341 in
1521 2313 1678 2340 Dominum
1697 2318 1811 2340 nostrum

1018 2362 1109 2390 Jcsum
1121 2362 1260 2390 Christum
1279 2363 1305 2389 in
1322 2366 1470 2396 conspectu
1488 2361 1614 2388 omnium
1634 2365 1774 2389 nostrum.
1788 2367 1813 2385 ac

1019 2414 1046 2436 tu
1071 2409 1160 2442 vives,
1185 2413 1213 2436 et
1234 2409 1318 2435 lilium
1342 2412 1417 2434 tuum
1439 2406 1566 2441 recipies.
1588 2407 1639 2433 llle
1667 2415 1736 2433 vero
1759 2413 1812 2432 Cum

1019 2455 1146 2491 lacrymis
1162 2464 1170 2481 -.
1187 2454 1214 2481 In
1234 2461 1314 2489 quem
1340 2452 1468 2480 credam?
1494 2452 1553 2478 ait:
1570 2451 1597 2478 in
1615 2459 1683 2478 eum
1709 2451 1812 2480 sciliret,

1019 2502 1062 2529 cui
1090 2501 1125 2528 ab
1149 2500 1330 2528 adolescentia
1354 2506 1415 2526 mea
1445 2505 1521 2524 nunc
1543 2505 1635 2532 usque
1667 2496 1812 2524 malulixi?

1019 2547 1153 2574 Maximus
1181 2547 1322 2581 presbyter
1350 2543 1419 2571 dixit
1443 2554 1449 2571 :
1472 2542 1674 2570 Pmuilcndum
1708 2543 1754 2570 tibi
1777 2545 1812 2567 est

1019 2601 1112 2621 eorum
1128 2600 1189 2628 qua:
1206 2591 1304 2623 fecisti,
1319 2590 1544 2626 quandoquidem
1566 2590 1765 2624 pmnitentium
1778 2592 1812 2614 est

1019 2638 1091 2667 Deus
1109 2643 1210 2671 noster,
1235 2645 1289 2665 llon
1315 2637 1429 2665 reddens
1450 2635 1605 2663 secundum
1633 2641 1749 2670 peccata
1770 2641 1812 2660 no-

1018 2689 1085 2715 stra,
1099 2684 1146 2712 sed
1164 2683 1267 2711 faciens
1281 2683 1430 2711 secundum
1447 2690 1575 2717 magnam
1599 2681 1810 2709 misericordiam

1019 2736 1107 2756 suam.
1132 2728 1169 2754 At
1193 2732 1270 2755 sutor
1293 2728 1382 2755 dixit:
1401 2726 1471 2762 Ergo
1496 2727 1639 2761 baptizata
1661 2734 1707 2754 me
1727 2727 1752 2752 in
1769 2732 1810 2751 uo-

1019 2773 1093 2800 mine
1117 2772 1219 2808 ipsius,
1244 2776 1275 2799 ut
1297 2772 1416 2799 credam.
1439 2771 1518 2798 Tunc
1545 2771 1709 2805 baptizatus
1731 2775 1769 2797 est
1787 2769 1808 2794 ir.

1020 2819 1129 2846 nomine
1155 2823 1255 2846 sancta:
1270 2817 1410 2845 Trinitatis
1423 2837 1431 2849 ,
1457 2817 1607 2852 factusque
1627 2817 1807 2845 Christianus,

1020 2869 1196 2895 posteaquam
1220 2863 1340 2892 suscepit
1360 2863 1467 2893 sianum
1496 2863 1624 2892 ChriSti.
1652 2862 1771 2893 gaudens
1786 2863 1807 2887 α
