1865 3042
50 111 122 137 1505

517 114 682 144 ACTORUM
705 115 734 144 S.
756 115 938 145 lllPPOLYTI
961 118 1085 148 VE’iSlO
1106 121 1211 150 NOVA.

1616 129 1683 157 lculi

48 173 195 201 exsultans
215 182 341 203 reversus
363 180 403 203 est
420 176 452 202 ad
478 176 561 204 ﬁlium
577 185 667 204 suum.
691 178 774 211 Quom
798 178 842 205 ubi
858 184 880 208 Α
896 179 982 213 ipsam
1010 181 1036 208 in
1059 187 1116 210 rota
1140 184 1269 218 suspendi
1294 184 1387 219 jussit.
1411 185 1479 214 Dum
1507 192 1596 215 autem
1624 189 1684 223 ejus

48 219 194 254 conspexit
220 220 354 249 Maximus
378 223 527 258 presbyter,
546 232 599 251 non
632 225 691 252 sine
716 226 842 262 lacrymis

47 265 118 293 dixit
137 275 144 294 :
165 266 282 295 Domine
301 267 365 296 Jesu
388 269 505 300 Christe.
526 271 572 305 qui
586 271 712 306 dignatus
735 281 765 300 es
787 273 842 301 for-

47 319 122 340 mam
139 313 215 340 servi
232 314 364 349 accipcre,
380 319 409 342 ut
435 324 450 343 a
476 317 605 345 servitute
625 318 724 346 diaboli
748 327 797 347 nos
813 321 843 347 li-

48 357 174 391 berarcs,‘
190 360 298 395 respice
320 361 347 390 in
370 369 437 397 opus
461 370 590 390 manuum
609 369 726 396 tuarum,
743 371 772 393 ut
795 374 841 394 co-

43 402 165 438 ‘gnoseat
180 411 207 433 te
224 406 378 435 ell‘ectorem
391 412 417 436 et
433 415 630 443 procreatorem
648 419 737 439 suum.
764 412 786 439 Τ
788 421 841 441 unc

45 451 230 480 beatissimus
247 453 376 489 Cyriacus
392 455 536 490 episcopus
554 456 623 483 dixit
641 466 648 484 :
668 457 790 490 Domine,
813 459 840 486 in

46 502 94 524 luo
120 498 239 526 nomine
266 507 353 534 genua
384 506 477 528 nostra
503 501 611 537 ﬁgimus
630 512 637 530 :
655 511 772 538 eumque
791 505 836 532 ditt

46 548 192 576 orassent,
219 544 257 571 ait
291 545 387 572 iterum
411 546 440 573 Β.
459 547 612 582 Cyriaeus:
636 548 749 577 Domine
774 549 838 578 Jcsu

44 587 167 621 Christe,
187 589 237 624 qui
261 595 370 624 propter
386 591 589 620 miserationem
614 593 774 621 immensam
796 599 838 621 at-

45 642 99 669 que
119 635 266 662 hominum
284 636 398 664 salutem
414 637 464 665 sub
478 637 574 665 Pontio
588 637 675 666 Pilato
690 640 837 668 cruciﬁxus

44 687 85 710 es.
100 680 148 715 qui
165 680 300 709 Lazarum
316 683 467 716 suscitasti,
483 688 509 711 et
527 684 636 712 unicum
653 685 740 713 viduae
753 686 835 714 ﬁlium

44 724 77 750 ad
103 725 192 752 vitam
222 728 365 760 revocasti,
389 729 500 756 ostende
511 730 591 756 etiam
607 738 680 758 nunc
703 731 837 760 mirabilia

45 774 90 797 tua
109 770 136 797 in
156 771 212 799 isto
227 771 329 801 famulo
341 777 398 806 tuo,
427 779 456 802 ut
481 781 626 811 cognoscat
649 782 674 805 te
688 777 771 806 Deum
796 780 837 807 vi-

43 823 108 842 vum
124 821 151 843 et
168 825 265 844 verum
285 818 312 845 in
329 820 505 847 renovatione
518 828 577 855 sua,
598 821 662 856 quia
678 829 835 857 procreator

897 227 970 253 nervi
985 227 1213 262 distraherentur,
1236 230 1363 259 alacriter
1378 233 1422 260 illa
1439 238 1466 260 et
1482 235 1684 268 speciosissima

895 273 970 300 vultu
998 273 1071 309 loqui
1098 275 1180 309 coepit
1201 284 1208 302 :
1230 275 1337 304 Gratias
1361 277 1408 305 tibi
1434 278 1541 312 refero,
1570 279 1684 308 Domine

895 317 958 346 Jesu
974 318 1081 347 Christe
1094 341 1101 353 ,
1123 321 1169 356 qui
1189 329 1231 349 me
1247 330 1280 349 ex
1299 322 1394 351 inferis
1409 324 1443 351 ad
1459 325 1580 353 emlestia
1597 327 1683 354 subli-

895 365 948 391 tttia
975 364 1101 400 dignatus
1115 374 1145 394 es
1162 367 1277 395 elevare.
1300 369 1340 396 Ad
1359 377 1441 404 quant
1455 370 1574 398 vicarius
1588 371 1655 399 dixit
1672 380 1680 400 :

896 409 1041 438 Videamus
1054 419 1088 438 an
1103 412 1214 440 veniens
1233 413 1360 442 Christus
1376 419 1439 442 tuus
1463 420 1488 443 te
1504 416 1608 444 liberet.
1628 416 1682 444 Re-

894 456 1003 490 spondit
1023 457 1099 484 beata
1120 457 1224 494 Chryse
1247 468 1254 486 :
1273 458 1331 486 Non
1353 467 1403 495 ego
1425 461 1534 495 quidem
1557 469 1617 489 sum
1637 462 1681 489 di-

893 509 955 536 gna,
978 502 1025 529 sed
1049 503 1092 530 ille
1107 504 1154 538 qui
1168 512 1201 531 ex
1218 504 1332 540 caligine
1346 506 1440 533 mttndi
1460 507 1541 542 hujus
1555 515 1598 534 tne
1614 508 1682 536 libe-

892 555 954 576 rare
964 548 1090 584 dignatus
1100 553 1150 582 est,
1166 554 1255 585 potest
1267 551 1348 578 etiam
1363 557 1388 578 te
1404 559 1436 579 ac
1449 557 1523 579 tuum
1535 553 1678 581 Clattdium

892 593 1014 628 perdere.
1032 594 1100 622 Dum
1124 596 1181 623 hzec
1197 596 1367 631 loqueretur,
1389 598 1479 625 subito
1497 605 1556 626 rota
1571 599 1679 627 confra-

891 643 934 666 cta
948 644 1000 671 est,
1020 640 1136 675 indeque
1150 641 1193 668 illa
1208 647 1358 676 asportata,
1371 644 1493 671 constitit
1508 652 1585 673 sana.
1601 645 1678 674 Man-

890 685 964 713 davit
977 694 1040 721 ergo
1056 687 1188 715 Romulus
1211 688 1294 723 ipsam
1312 688 1428 718 fustibus
1444 691 1520 724 catdi,
1544 692 1594 719 sub
1612 700 1678 720 voce

890 732 1023 766 prmconis
1039 732 1211 762 inclamautis
1229 745 1235 761 :
1257 735 1394 770 Sacrilege
1410 735 1523 772 Chryse,
1538 746 1598 772 quae
1611 739 1677 767 deos

889 777 1099 813 blasphemavit,
1125 785 1152 808 et
1175 780 1319 816 imperium
1342 783 1454 810 rectoris
1471 788 1571 811 nostrae
1595 785 1676 812 liber-

889 824 953 852 tatis
971 824 1079 853 Claudii
1108 827 1289 862 contempsit,
1318 829 1435 863 vapulet.
1461 829 1561 858 Sancta
1584 835 1674 859 autem
1701 844 1703 846 ·

43 869 73 890 es
91 863 229 897 omnium,
245 868 271 891 et
285 873 383 900 regnas
398 866 424 893 in
444 867 541 894 saecula
559 869 731 897 saeculorum.
749 870 835 898 Cum-
851 860 874 888 Β
889 870 966 905 virgo
990 871 1133 905 clamabat,
1155 873 1250 901 dicens
1275 883 1282 901 :
1307 874 1469 903 Benedictus
1490 884 1538 909 es,
1562 875 1675 905 Domine

43 915 97 942 que
124 909 249 937 universi
276 911 498 946 respondissent,
521 913 621 948 Amen,
642 916 739 943 revixit
765 924 836 944 mor-

44 960 107 982 tuus
120 976 128 987 ,
150 960 236 991 atque
249 957 305 984 hac
324 957 398 992 loqui
412 959 494 994 coepit
513 969 519 987 :
537 959 594 996 Ego
619 961 674 988 vidi
689 961 834 990 Dominum

42 999 136 1028 Jt‘sum
151 1002 295 1030 Christum
312 1005 484 1033 reducentem
507 1014 550 1034 me
565 1014 579 1034 a
598 1008 718 1036 tenebris
739 1009 773 1037 ad
795 1009 835 1037 lu-

42 1054 111 1074 cem.
132 1047 204 1076 Tum
221 1057 285 1077 vero
301 1058 348 1085 per
363 1052 526 1080 catechesim
539 1053 661 1087 edoctus,
680 1055 833 1090 baptizatus

41 1099 83 1121 est
106 1094 136 1121 iu
161 1095 275 1123 nomine
291 1095 390 1129 Patris,
414 1102 441 1125 et
463 1097 535 1131 Filii,
549 1104 576 1127 et
591 1101 677 1129 sancti
695 1102 831 1137 Spiritus,

41 1141 215 1175 signaculum
231 1142 347 1177 Spiritus
368 1151 530 1173 consecutus
545 1155 552 1174 :
569 1154 650 1182 quem
670 1149 751 1176 etiam
770 1157 832 1178 sus-

40 1187 112 1221 cepit
135 1187 218 1215 beata
242 1189 355 1225 Chryse,
380 1197 479 1218 nomen
504 1191 555 1226 ipsi
588 1193 750 1228 imponens,
781 1203 830 1224 vo-

41 1239 163 1267 ransque
190 1234 371 1267 Faustinum,
398 1243 460 1263 cum
485 1242 558 1265 esset
581 1246 715 1268 annorum
747 1249 830 1277 prope

41 1278 198 1308 duodecim.
227 1280 305 1308 Haud
328 1282 413 1310 multo
441 1288 502 1318 post
526 1289 615 1312 autem
644 1288 828 1316 renuntiatum

40 1329 82 1352 est
99 1326 260 1361 imperatori
283 1327 411 1360 Claudio,
436 1337 547 1364 puerutn
573 1332 735 1360 exstinctum
758 1335 829 1362 revi-

40 1371 113 1398 xisse
128 1379 144 1399 a
161 1373 290 1405 mortuis,
304 1381 351 1408 per
363 1377 511 1403 orationem
523 1376 662 1405 beatorum
677 1378 826 1407 hominum.

41 1417 73 1444 At
87 1417 221 1446 Claudius
240 1427 246 1445 :
264 1418 332 1452 Hoc,
355 1419 453 1455 inquit,
478 1422 545 1449 nihil
562 1428 603 1450 est
619 1424 691 1452 aliud
710 1424 761 1452 nisi
783 1433 827 1453 ars

41 1463 166 1498 magica;
185 1464 320 1500 jussoque
342 1467 470 1495 accersiri
495 1468 597 1496 vicario
621 1470 696 1498 urbis
716 1470 825 1504 Romae,

38 1509 151 1536 nomine
169 1509 249 1545 Ulpio
268 1510 393 1543 Romulo.
416 1513 478 1541 huic
494 1517 621 1550 prmcepit
638 1525 644 1542 ε
662 1515 824 1552 Saerilegatn

37 1553 181 1591 Chrysem.
200 1557 305 1591 dicens,
323 1566 382 1594 quae
396 1559 549 1588 obscuravit
571 1570 656 1597 genus
679 1563 825 1598 imperato-

38 1600 86 1627 riae
99 1609 157 1629 sua:
171 1604 332 1637 nobilitatis,
354 1613 471 1641 cumque
488 1608 575 1642 magis
597 1608 746 1637 artiﬁcibus
761 1617 826 1637 con-

40 1646 115 1675 tinuo
131 1649 207 1684 cupit
220 1657 281 1678 esse
292 1659 323 1678 ac
337 1651 479 1684 diversari,
494 1653 579 1682 variis
593 1659 620 1681 tu
636 1655 723 1689 puanis
737 1656 824 1691 adige,

38 1699 182 1729 quousque
197 1695 388 1731 obtemperans
404 1703 548 1726 veneretur
562 1699 627 1727 deos
640 1701 769 1736 deasque.
785 1702 825 1729 Ac

39 1738 183 1773 siquidem
213 1743 351 1776 paruerit,
370 1743 440 1771 vivet
459 1754 465 1771 :
486 1745 550 1779 quin
578 1746 658 1772 etiam
684 1747 824 1782 inscriptio

37 1790 89 1817 qua
107 1784 238 1813 damnata
260 1791 312 1818 est,
328 1788 508 1816 rescindatur.
528 1788 555 1816 Si
575 1790 621 1825 qui
641 1798 704 1818 vero
724 1791 824 1819 fuerittt

37 1837 98 1856 cum
112 1831 172 1865 ipsa
188 1832 361 1867 deprehensi,
377 1834 459 1861 variis
477 1835 627 1870 plectentur
645 1837 821 1865 cruciatibus.

283 1902 455 1931 lNClPlUNT
472 1904 573 1933 ACTA.

70 1967 89 1994 Ι.
111 1969 178 1997 Cum
203 1971 321 2000 venisset
336 1972 431 2008 Ulpius
454 1973 586 2003 Romulus
606 1975 724 2005 vicarius
738 1977 764 2004 in
783 1978 822 2006 ei-

35 2021 143 2044 Vttatem
157 2017 321 2052 Ostiensem,
340 2025 450 2048 sanctos
464 2020 498 2047 ad
511 2029 593 2049 unum
610 2023 708 2050 abduci
723 2024 749 2051 in
763 2032 820 2052 car-

34 2067 121 2088 cerem
146 2062 240 2098 jussit.
268 2064 345 2092 Manc
375 2070 466 2093 autem
488 2075 602 2103 surgens
622 2070 767 2105 praecepit,
791 2075 821 2098 ut

35 2105 176 2136 sisteretur
191 2109 267 2137 beata
281 2110 394 2146 Chryse,
408 2119 488 2146 quam
509 2112 550 2140 his
569 2121 652 2148 prope
672 2115 761 2143 verbis
775 2123 820 2143 cx-

34 2153 104 2187 cepit
121 2163 128 2181 :
148 2153 171 2182 Ο
190 2155 295 2182 insania
311 2157 422 2192 magicae
445 2158 520 2188 artis.
536 2167 595 2193 qua:
612 2160 637 2186 itt
658 2165 682 2187 te
695 2161 777 2195 viget,
791 2166 821 2189 ut

888 915 950 944 Jesu
964 917 1080 951 Christe,
1099 926 1178 952 quem
1199 926 1249 954 ego
1272 914 1465 955 propemodum
1486 922 1602 950 intueor.
1620 922 1675 950 Bo-

889 963 978 991 mulus
1000 964 1118 993 vicarius
1132 965 1200 992 dixit
1217 975 1224 993 :
1240 965 1387 995 Admovete
1401 967 1538 1003 lampades
1549 969 1674 998 ardentes

887 1009 920 1036 ad
942 1009 1025 1036 latera
1040 1009 1109 1044 ejus.
1125 1009 1161 1037 Ut
1173 1015 1264 1038 autem
1287 1011 1476 1046 admoverunt,
1493 1013 1586 1042 hilaris
1600 1014 1674 1042 clara

886 1062 952 1082 voce
975 1059 1056 1090 atque
1080 1063 1127 1083 ore
1152 1056 1334 1091 pulelterrimo
1358 1058 1402 1085 illa
1421 1068 1427 1086 :
1445 1058 1503 1086 Non
1529 1064 1554 1087 te
1579 1061 1672 1095 pudet,

885 1099 992 1134 inquit,
1021 1107 1038 1127 ο
1060 1100 1170 1134 infelix,
1194 1102 1221 1129 in
1244 1103 1364 1130 membra
1388 1105 1509 1139 corporis
1533 1104 1674 1134 intendere

885 1146 957 1174 illius
973 1154 1034 1181 quae
1060 1151 1085 1174 te
1111 1147 1224 1182 genuit,
1249 1156 1330 1183 quam
1351 1149 1398 1177 tibi
1420 1158 1512 1178 curatn
1535 1152 1674 1180 statuisti?

885 1191 980 1227 Ulpius
996 1191 1139 1227 Romulus,
1157 1194 1269 1221 adversa
1287 1200 1332 1222 tua
1347 1195 1465 1229 fortuna,
1480 1197 1556 1230 dixit,
1574 1198 1671 1233 hujus!

884 1238 956 1265 modi
971 1244 1153 1274 consequetur
1167 1249 1175 1268 :
1190 1248 1250 1275 qum
1274 1241 1441 1270 immortales
1461 1243 1527 1271 deos
1550 1249 1670 1276 uestros,

882 1291 943 1318 quae
956 1284 1156 1319 imperatoriam
1177 1286 1333 1319 dignitatem
1349 1287 1503 1321 deseruisti,
1521 1297 1581 1324 qua;
1593 1289 1666 1317 abuti

882 1337 1023 1364 magorum
1039 1330 1141 1358 artibus
1157 1332 1301 1366 exoptasti.
1319 1332 1353 1359 At
1366 1334 1409 1360 illa
1424 1333 1498 1361 ltttnti
1516 1342 1577 1362 cutn
1591 1344 1672 1371 appa-

882 1380 953 1403 reret
969 1378 1110 1409 sem'assa,
1126 1377 1151 1404 in
1173 1385 1310 1406 carcerem
1327 1380 1428 1407 rctrudi
1444 1380 1564 1414 jubetur.

916 1422 946 1448 ll.
960 1421 1027 1449 Tum
1046 1423 1139 1451 beatos
1153 1424 1224 1451 viros
1237 1424 1348 1459 produci
1364 1426 1510 1459 mandavit,
1525 1426 1670 1456 Maximum

880 1468 1076 1503 presbyterum,
1092 1472 1119 1495 et
1131 1468 1291 1497 Archelaum
1305 1470 1448 1498 diaeonunt
1463 1481 1469 1499 ε
1485 1480 1555 1507 qttos
1577 1474 1612 1501 ita
1628 1480 1670 1502 est

880 1513 1012 1540 allocutus
1027 1521 1033 1539 :
1046 1513 1148 1548 Ecquid
1162 1515 1272 1542 nontina
1286 1516 1419 1550 majornnt
1431 1517 1543 1545 deorum
1559 1526 1606 1553 per
1621 1526 1671 1548 vos

879 1560 1116 1595 blasphemantur,
1134 1565 1159 1588 ct
1173 1561 1326 1595 pervertitis
1344 1562 1467 1590 homines
1481 1571 1514 1590 ne
1537 1564 1601 1599 ipsis
1615 1573 1670 1593 erc-

878 1606 961 1633 dant?
982 1605 1012 1633 B.
1039 1607 1180 1642 presbyter
1199 1606 1333 1635 Maximus
1357 1609 1516 1643 respondit:
1538 1609 1592 1638 Nos
1612 1613 1670 1646 qui-

878 1652 939 1679 dem
959 1653 1096 1680 neminem
1119 1653 1311 1687 pervertintus,
1327 1659 1355 1681 at
1374 1655 1463 1688 potius
1487 1663 1533 1691 per
1554 1657 1666 1691 gratiam

878 1697 986 1725 Domini
1003 1698 1089 1726 nostri
1103 1697 1167 1726 Jesu
1182 1698 1285 1726 Christi
1302 1707 1397 1728 ontttcs
1415 1701 1561 1730 liberaturus
1575 1703 1610 1730 ab
1621 1711 1667 1729 er-

879 1752 940 1772 rore
964 1745 1108 1773 idolorum.
1134 1745 1220 1773 Iratus
1244 1745 1377 1775 Romulus
1398 1747 1468 1775 dixit
1493 1757 1501 1776 :
1527 1748 1571 1776 Isti
1594 1754 1667 1777 certe

877 1790 951 1826 digni
971 1795 1035 1819 sunt
1059 1795 1168 1819 morte:
1185 1792 1364 1827 praecepitque
1389 1793 1496 1821 beatutn
1521 1794 1665 1822 diaconum

876 1837 1040 1864 Archelaum
1065 1837 1128 1865 duci
1158 1838 1192 1866 ad
1211 1846 1304 1866 arcum
1329 1844 1392 1867 ante
1418 1840 1563 1872 tlteatrum,
1575 1841 1666 1876 ibique

876 1883 973 1919 capitis
988 1891 1095 1918 poenam
1111 1884 1260 1917 sustinere;
1277 1885 1320 1912 cui
1339 1886 1430 1913 cervix
1447 1885 1543 1914 eodem
1562 1887 1588 1914 itt
1606 1887 1664 1915 loco

876 1929 996 1958 abscissa
1015 1934 1066 1958 est.
1089 1930 1200 1958 Beatum
1224 1939 1289 1958 vero
1304 1931 1451 1959 Maximum
1473 1933 1506 1960 ad
1526 1941 1663 1962 carcerem

875 1975 978 2010 rcjccit.
993 1975 1080 2003 Noctu
1097 1981 1187 2003 autem
1202 1975 1234 2002 B.
1250 1977 1391 2012 presbyter
1404 1976 1539 2006 Eusebius
1557 1978 1664 2013 collegit

875 2029 973 2057 corpus
987 2021 1058 2049 beati
1072 2022 1209 2054 Archelai,
1225 2027 1251 2049 et
1266 2023 1292 2049 in
1310 2030 1374 2058 agro
1390 2023 1522 2059 sepelivit.
1541 2024 1581 2051 Ad
1595 2025 1662 2057 haec,

875 2067 975 2094 milites
997 2068 1079 2094 etiam
1098 2067 1145 2102 qui
1172 2074 1253 2102 opera
1279 2067 1309 2095 Β.
1336 2067 1446 2096 Maximi
1468 2069 1497 2096 in
1522 2070 1660 2098 Christum

875 2113 1066 2145 crediderant,
1094 2113 1151 2148 pari
1178 2113 1273 2141 mortis
1293 2121 1391 2149 genere
1414 2116 1566 2150 consumpti
1585 2122 1659 2145 sunt.

875 2159 953 2193 Quod
972 2166 1033 2187 cum
1059 2159 1160 2186 factum
1184 2159 1333 2194 accepisset
1358 2160 1509 2194 Romulus,
1534 2165 1660 2199 praecepit

36 2199 133 2232 perdas
149 2201 353 2235 imperatorium
365 2203 464 2236 “decus,
482 2204 657 2240 natalitiaquc
669 2210 713 2232 tua
730 2207 819 2240 splcn-
836 2221 858 2248 ι)
873 2206 965 2233 statim
989 2209 1018 2233 ut
1043 2206 1129 2234 sancti
1152 2211 1284 2241 martyres
1311 2205 1446 2234 Maximus
1472 2208 1610 2244 presbyter
1632 2214 1659 2238 ct

35 2245 96 2273 dida
122 2247 264 2275 obscuros.
290 2248 358 2275 Tum
386 2249 463 2277 beata
491 2250 594 2286 Chryse
621 2252 790 2286 respondens
811 2262 817 2280 :

35 2290 90 2327 Ego
103 2295 205 2329 potius,
229 2295 326 2330 inquit,
348 2295 491 2324 obscuravi
508 2297 654 2329 daemones,
678 2298 723 2333 qui
741 2299 819 2327 vobis

33 2338 169 2373 il‘udunt,
187 2348 220 2367 ac
243 2341 357 2369 desertis
379 2342 506 2370 inanibus
529 2343 609 2371 idolis
635 2344 818 2378 manulactiS,

31 2387 146 2421 cognovi
161 2395 245 2415 unum
261 2387 344 2416 Deum
367 2389 468 2422 vivum,
484 2393 511 2416 et
530 2397 633 2420 verum.
654 2395 680 2417 et
697 2391 818 2425 unigeni-

33 2436 87 2459 tum
104 2433 202 2461 Ftlium
227 2435 286 2469 ejus
303 2434 445 2462 Dominuut
470 2440 593 2463 nostrum
622 2435 714 2464 Jesum
737 2437 817 2465 Chri-

32 2482 115 2510 sium.
132 2480 179 2515 qui
201 2481 298 2513 veniet,
322 2486 351 2508 ut
370 2481 474 2516 judicet
492 2482 566 2508 vivos
587 2487 613 2508 et
636 2487 768 2514 mortuos,
785 2491 817 2510 ac

31 2529 135 2558 patrem
158 2530 235 2554 tuum
251 2526 389 2555 diabolum
413 2535 466 2554 una
483 2535 544 2554 cum
568 2527 682 2555 Claudio
699 2528 815 2564 impera-

32 2574 89 2598 tore
105 2572 131 2599 in
152 2574 277 2601 tenebras
298 2573 463 2600 amandabit.
479 2572 574 2608 Ulpius
588 2573 721 2602 Romulus
741 2575 815 2602 vica-

31 2617 87 2645 rius
104 2618 171 2646 dixit
189 2628 195 2646 :
210 2618 325 2654 Decepta
347 2624 388 2647 est
411 2619 462 2646 ista
487 2627 533 2654 per
559 2620 692 2654 magicam
717 2625 812 2655 artem,

31 2661 135 2698 ipsique
149 2665 187 2692 ait
203 2674 209 2691 :
227 2665 387 2700 Derelinque
412 2665 517 2692 tandem
543 2665 699 2700 hujusmodi
715 2674 812 2702 nugas,

30 2715 56 2737 et
71 2713 182 2740 consule
204 2715 295 2749 generi
319 2719 373 2742 tuo.
395 2715 428 2741 At
449 2715 526 2742 beata
540 2714 643 2750 Chryse
666 2714 813 2752 insulilavit

31 2755 58 2783 iu
80 2757 176 2786 faciem
196 2760 284 2793 illius,
308 2761 401 2789 dicens
421 2770 426 2788 :
445 2760 544 2794 Miser,
571 2761 593 2788 si
617 2767 712 2788 nosses
728 2761 812 2789 Deuut

29 2802 180 2832 eﬁ‘ectorem
206 2807 265 2834 coeli
288 2811 315 2835 et
327 2811 415 2838 terrae,
438 2815 491 2834 non
507 2808 600 2842 utique
614 2815 662 2835 ore
678 2813 724 2834 tuo
742 2807 814 2836 blas-

31 2848 162 2882 phemiam
189 2852 355 2887 protulisses.
382 2854 458 2880 Tunc
484 2861 547 2881 vero
576 2854 660 2882 iratus
683 2854 810 2888 vicarius,

873 2251 1004 2287 Cyri-acus
1025 2253 1169 2287 episcopus
1194 2252 1221 2279 in
1243 2260 1352 2280 carcere
1366 2254 1454 2289 capite
1466 2255 1547 2289 plexi,
1563 2263 1657 2284 eorum

873 2305 986 2333 corpora
998 2299 1025 2326 in
1040 2306 1115 2326 mare
1130 2298 1339 2334 projicerentur.
1354 2299 1419 2332 Quae
1433 2308 1495 2328 cum
1512 2302 1659 2331 invenisset

872 2344 968 2372 beatus
983 2344 1117 2373 Eusebius
1131 2344 1281 2380 presbyter,
1297 2346 1390 2373 sedulo
1402 2346 1518 2383 collegit,
1528 2352 1609 2383 atque
1623 2350 1658 2377 ad

872 2391 955 2418 ntaris
971 2391 1047 2418 littus
1064 2398 1147 2426 prope
1160 2390 1310 2419 Ostiensem
1328 2392 1422 2426 urbem
1439 2393 1465 2420 in
1482 2401 1547 2429 agro
1561 2395 1658 2430 sepeli-

871 2436 920 2468 vit,
941 2436 1053 2471 ipsaque
1068 2436 1094 2463 in
1109 2437 1202 2464 eadem
1218 2437 1315 2464 vicinia
1331 2437 1358 2464 in
1377 2443 1469 2473 crypta
1488 2439 1615 2474 deposuit
1628 2449 1654 2468 a.

869 2482 896 2509 d.
914 2490 941 2509 v1
964 2481 1001 2509 Id.
1025 2482 1140 2517 Augusti
1166 2482 1205 2509 via
1230 2481 1359 2510 Ostiensi.
1377 2482 1526 2511 Taurinum
1546 2493 1609 2512 vero
1629 2490 1656 2513 et

869 2527 1062 2556 Ilerculianum
1087 2528 1113 2554 in
1134 2527 1216 2555 Portu
1234 2528 1356 2555 Romano
1371 2529 1532 2556 recondidit.
1551 2530 1654 2563 Quarto

868 2573 1040 2608 postmodum
1059 2573 1102 2600 die
1117 2573 1220 2600 invenit
1238 2581 1352 2608 corpora
1371 2579 1529 2602 cteterorum
1546 2580 1654 2603 sancto-

868 2628 928 2648 rum
943 2620 976 2647 ad
992 2619 1075 2647 maris
1097 2619 1171 2646 littus
1187 2619 1282 2653 ejecta,
1307 2623 1334 2646 et
1351 2620 1457 2647 bealunt
1481 2620 1654 2650 Theodorum

868 2667 1007 2693 tribunum
1023 2665 1148 2700 deposuit
1172 2665 1198 2691 in
1220 2665 1378 2693 testudine:
1396 2666 1478 2694 simul
1499 2673 1588 2694 autem
1611 2677 1653 2695 te-

867 2714 956 2747 tiquos
973 2719 1067 2738 omnes
1081 2711 1197 2746 collegit,
1213 2719 1314 2746 eosque
1327 2713 1404 2748 juxta
1424 2718 1516 2742 sarcta
1538 2721 1654 2749 corpora

867 2763 1015 2794 ntartyrunt
1033 2757 1182 2788 sociorum,
1200 2756 1307 2792 Cyriaei
1320 2763 1347 2786 et
1363 2759 1483 2791 Maximi,
1497 2760 1633 2795 deposuit.

901 2805 945 2832 Ill.
966 2804 1067 2838 Quinto
1081 2807 1171 2830 autem
1184 2802 1228 2830 die
1241 2805 1367 2840 praecepit
1386 2805 1519 2834 Romulus
1536 2811 1564 2834 ιιι
1578 2807 1652 2834 exiti-

864 2853 972 2880 berctnr
990 2852 1066 2879 beata
1082 2849 1194 2885 Chryse,
1217 2858 1278 2886 quae
1300 2855 1331 2878 ut
1347 2852 1373 2878 in
1390 2857 1562 2888 conspectum
1579 2860 1648 2888 pra:—
