1865 3042
189 136 258 163 1607

190 195 256 223 sidis
269 194 352 224 venit,
374 192 470 219 alacris
490 190 559 217 dixit
574 199 580 216 :
598 189 689 221 Miser,
709 195 794 223 quare
808 186 897 221 perdis
916 184 974 211 dies
991 198 1008 220 Α
1025 189 1087 208 cum
1106 187 1160 206 non
1178 178 1284 209 habere,

189 241 273 268 tuos?
295 241 417 274 Agnosce
441 237 548 264 tandem
574 239 771 270 procreatorem
795 237 870 260 tuum
893 230 972 258 Citri-

191 292 275 316 stum,
289 286 428 313 definitum
444 285 526 311 Deum
540 291 611 314 esse,
633 289 683 309 nec
698 281 793 308 adores
813 278 915 312 lapides
931 276 973 303 vel

192 333 338 361 simulacra
354 339 386 358 ex
409 338 472 362 tere,
495 337 573 360 auro,
597 332 742 363 argentove
768 325 902 355 conﬂata;
927 321 974 350 sed

193 380 275 407 adora
292 378 434 405 Dominum
450 384 541 404 meum
555 375 646 402 Jesum
661 373 798 400 Christum
814 370 973 398 cruciﬁxum

194 425 245 452 sub
264 424 361 451 Pontio
382 423 477 453 Pilato,
491 413 542 456 qui
555 420 702 448 resurrexit
719 427 735 445 a
754 417 868 445 mortuis
886 416 975 444 triduo

194 475 336 505 postquam
359 469 446 496 fuerat
458 468 588 502 sepultus,
602 465 723 493 ascendit
738 464 771 491 ad
786 464 885 495 caelos,
905 462 976 489 unde

194 516 290 542 iterum
315 515 403 542 veniet
420 514 452 541 ad
468 512 641 548 judicamlttm
658 511 733 537 vivos
748 515 774 537 et
790 513 910 536 mortuos
923 527 930 538 ,
949 511 977 533 ct

194 561 322 588 steculum
340 560 411 587 istud
426 567 472 594 per
485 559 586 594 ignem.
598 557 648 584 Cui
666 556 798 583 Romulus
813 553 951 588 respondit
968 562 974 579 :

195 607 274 635 Modo
300 607 402 633 videbis
425 605 562 632 Christum
584 608 659 630 tuum
673 623 680 634 ,
705 602 757 629 nisi
783 599 977 628 sacriﬁcaveris

196 653 395 681 immortalibus
415 652 477 679 diis.
500 650 598 678 Sancta
614 650 717 685 Chryse
737 649 804 676 dixit
821 655 828 674 :
844 646 914 674 Bene
933 651 976 678 tu,

197 699 360 730 miserande,
389 699 494 725 locutus
513 705 553 728 es,
577 704 609 724 ac
629 695 671 722 vel
689 702 750 722 sero
768 693 906 721 veritatem
929 692 978 718 ali-

197 747 305 780 quando
318 753 350 772 ex
365 753 413 772 ore
427 750 474 771 tuo
490 742 639 778 protulisti,
659 741 763 772 dicens,
778 747 836 771 me,
857 738 909 765 u'isi
925 738 979 765 dar-

198 792 298 819 moniis
323 791 531 819 sacriﬁcavero.
561 789 681 816 visuram
712 786 849 813 Christum
876 791 976 811 meum.

199 838 276 866 Tunc
292 838 331 864 ira
345 843 494 864 succensus
510 834 640 862 Romulus
662 840 694 860 eo
710 832 783 867 quod
806 831 878 858 illius
891 829 980 857 verbis

199 885 287 911 victus
298 882 396 913 fuerat,
420 880 555 916 lapidibus
573 880 659 907 malas
673 878 732 912 ejus
745 875 873 904 contundi
886 875 979 907 jussit.

201 928 301 955 Sancta
314 931 402 954 autem
417 926 518 960 Chryse
534 932 630 960 magna
644 931 709 950 voce
723 922 857 950 clamabat
871 932 876 948 :
890 920 981 948 Gloria

202 973 261 1006 tibi,
277 972 391 999 Domine
407 972 443 998 mi
457 971 519 999 Jestt
541 970 657 1002 Christe,
683 969 745 1003 quia
762 976 804 995 llle
818 968 925 1002 dignam
942 966 982 992 fe-

201 1019 272 1051 cisti,
290 1024 319 1046 ut
344 1017 429 1046 servis
444 1022 470 1044 et
485 1016 590 1043 ancillis
609 1015 662 1042 tuis
674 1021 846 1042 annutnerer.
873 1013 907 1039 At
929 1011 982 1038 Ro-

203 1065 292 1091 mulus
306 1063 338 1090 ad
359 1063 445 1098 ipsam
471 1071 477 1089 :
502 1061 634 1096 Agedum,
648 1059 759 1087 consule
775 1057 907 1093 prosapiae
922 1062 984 1088 tuae,

201 1117 234 1136 ac
249 1113 376 1136 venerata
398 1108 465 1135 deos
489 1111 607 1137 nostros,
632 1104 697 1138 ipsis
724 1102 862 1133 sacriﬁca,
885 1100 986 1134 tibique

203 1162 282 1184 sume
301 1155 388 1181 virum
403 1161 451 1188 pro
469 1151 622 1180 conditione
641 1155 696 1177 tua.
721 1148 806 1181 Quem
822 1147 905 1174 libere
919 1146 986 1173 allo—

203 1208 301 1235 quens,
311 1198 437 1227 clamavit
445 1201 536 1225 sancta
545 1195 632 1230 virgo,
641 1194 760 1230 dixitque
767 1197 893 1221 contenta
902 1200 966 1220 voce
978 1200 984 1217 :

205 1245 261 1280 Ego
283 1245 340 1279 jatn
363 1243 451 1270 virum
467 1242 552 1268 habeo
565 1244 764 1275 procreatorem
781 1237 842 1265 (εωιί
862 1244 893 1265 ac
909 1241 988 1264 terrae

205 1290 297 1318 Jesum
320 1289 458 1316 Christum
477 1287 573 1314 Filium
604 1285 650 1312 Dei
663 1285 714 1311 vivi
728 1306 736 1318 ,
754 1292 834 1319 quem
858 1288 886 1311 tu
909 1289 988 1310 nosse

205 1336 314 1368 renuis;
338 1340 364 1362 at
380 1335 468 1368 potius
485 1333 622 1361 dmmones
635 1331 717 1366 nosti,
733 1331 780 1365 qui
797 1337 844 1356 cor
860 1335 935 1356 tuum
953 1327 988 1354 fe-

206 1382 265 1409 rina
282 1381 356 1408 rabie
371 1379 549 1414 repleverunt.
571 1377 665 1404 Subito
683 1382 772 1403 autem
795 1375 922 1401 incensus
936 1374 990 1400 ιιο-

207 1427 299 1454 mulus
323 1426 449 1461 przecopit
479 1424 679 1459 apparitoribus
702 1427 732 1449 ut
759 1421 904 1456 plumbatis
927 1427 987 1447 eam

206 1472 339 1499 caaderent
355 1480 362 1498 :
384 1478 445 1504 qua:
472 1469 586 1496 multum
612 1467 750 1494 verberata
764 1487 771 1499 ,
790 1466 876 1500 magis
892 1465 989 1492 contir-

208 1518 342 1544 ntabatur.
362 1515 460 1542 lterum
479 1522 543 1541 vero
556 1515 639 1549 jussit
653 1514 787 1548 ingentem
801 1511 915 1546 lapidem
931 1511 990 1545 ejus

544 123 936 157 ADDENDA.-—ACTURUM
959 123 987 150 S.
1009 119 1188 149 HlPPOLYTl
1207 116 1331 145 VERSIO
1350 115 1455 143 NUVA.

1000 889 1018 916 Β

1746 111 1802 139 1608

1313 175 1359 203 sed
1387 182 1475 209 neque
1496 175 1668 199 voiuutatem
1693 169 1803 197 flectendi

1025 234 1094 262 genu
1111 232 1201 253 coram
1219 223 1307 250 idolis.
1333 221 1394 248 llaec
1419 220 1518 254 hisque
1535 217 1638 245 similia
1655 224 1717 243 cum
1733 215 1804 243 dixis

1026 278 1066 300 Set
1086 272 1116 298 B.
1142 270 1315 301 Sabinianus,
1333 267 1461 294 efferatus
1475 264 1613 291 Romulus
1627 263 1751 298 praecepit
1766 270 1805 296 ap-

1027 315 1201 352 paritoribus,
1213 319 1242 341 ut
1255 313 1340 348 ipsius
1353 311 1485 339 cervicem
1499 309 1650 345 plumbatis
1666 308 1804 335 contunde-

1027 367 1095 390 rent.

1063 407 1095 433 V.
1117 406 1143 433 ld
1157 413 1218 433 cum
1233 403 1404 438 cognoviSset
1418 401 1597 429 beatissimus
1613 407 1694 427 senex
1715 398 1806 432 Hippo-

1029 454 1116 489 lytus,
1133 451 1278 479 adveniens
1303 456 1393 476 coram
1410 447 1529 474 Romulo
1553 446 1627 473 stetit
1651 450 1731 480 atque
1748 445 1807 472 elata

1030 508 1092 527 voce
1104 499 1173 526 dixit
1188 497 1226 525 :0
1238 496 1330 527 miser,
1345 495 1367 522 si
1382 501 1477 521 nosses
1490 493 1631 520 Christum
1649 492 1696 519 Dei
1709 491 1809 523 Filium,

1030 546 1101 573 haud
1117 545 1195 580 plane
1214 546 1368 570 sanctorum
1384 540 1444 575 ejus
1460 539 1581 566 cervices
1595 538 1647 565 hoc
1664 538 1744 564 modo
1761 541 1808 562 tor-

1030 599 1144 627 queres,
1166 594 1196 617 ut
1217 589 1368 616 subdantur
1395 586 1522 613 inanibus
1545 584 1643 611 vestris
1666 584 1764 615 idolis;
1787 588 1810 609 at

1031 638 1120 673 potius
1135 641 1160 664 te
1176 636 1264 670 ipsum
1282 633 1411 661 subderes
1427 630 1563 659 conditori
1580 637 1613 657 ac
1627 628 1750 657 cﬁectori
1762 629 1810 655 ιιιιι-

1031 689 1171 710 versorum
1185 701 1193 713 ,
1221 685 1247 708 et
1263 680 1349 707 servis
1372 679 1453 713 ejus;
1482 684 1571 711 neque
1595 683 1682 702 vanos
1709 675 1811 709 lapides,

1033 734 1121 756 ntutos
1134 732 1161 755 et
1174 726 1307 754 inanimes
1320 725 1433 752 coleres.
1452 722 1500 748 His
1513 722 1624 753 auditis,
1637 720 1769 747 Romulus
1779 719 1812 746 ira

1032 775 1205 802 vehementer
1220 771 1378 804 excanduit,
1394 770 1532 805 jussilque
1547 767 1665 802 pedibus
1680 766 1802 793 manibus

1033 827 1086 854 que
1108 818 1199 853 ligatis
1224 816 1388 851 praecipitem
1407 815 1433 841 in
1458 813 1540 840 altam
1560 812 1668 839 foveam
1693 810 1812 844 demergi.

1035 864 1115 892 Beato
1132 868 1222 890 autem
1243 862 1384 897 Hippolyto
1398 860 1515 894 dcjeeto,
1530 863 1559 885 ut
1573 857 1633 884 fors
1648 857 1721 887 tulit,
1746 857 1771 882 iu
1783 856 1814 882 la-

1033 919 1130 938 cunam
1148 913 1250 944 portus,
1264 908 1310 944 qui
1327 907 1435 942 proprio
1451 905 1583 933 vocabulo
1598 903 1701 930 Portus
1715 902 1812 932 dicitur,

1034 955 1176 983 confestim
1195 962 1245 981 vox
1260 954 1349 981 audita
1366 957 1418 985 est,
1434 951 1515 979 unius
1530 950 1618 978 ferme
1637 949 1714 975 horae
1729 948 1813 982 spatio,

1034 1001 1117 1028 veluti
1138 1000 1312 1035 puerulorum
1331 999 1432 1034 gratias
1451 997 1506 1024 Deo
1527 995 1710 1023 referentium
1727 1003 1734 1019 :
1750 994 1815 1020 dum-

1035 1055 1087 1081 que
1102 1047 1157 1073 luec
1179 1046 1342 1084 dicerentur,
1370 1045 1414 1071 ille
1437 1043 1564 1078 spiritum
1582 1041 1704 1068 Domino
1717 1040 1816 1067 reddidit

1036 1101 1060 1119 a.
1080 1093 1107 1119 d.
1124 1101 1148 1119 ιι
1163 1091 1222 1118 Kal.
1241 1091 1417 1126 Septetnbrts.

1073 1148 1114 1175 Vl.
1137 1147 1268 1176 Romulus
1291 1155 1355 1174 vero
1380 1147 1447 1174 dixit
1464 1157 1469 1173 :
1488 1145 1551 1174 llzec
1577 1146 1688 1173 insania
1708 1151 1766 1171 esse
1784 1142 1816 1168 di-

1036 1195 1177 1229 gnoscitur
1193 1193 1303 1228 magicae
1315 1193 1390 1219 artis.
1408 1191 1550 1226 Ccepitque
1565 1190 1699 1217 iracunde
1713 1189 1817 1215 clamare

1037 1247 1069 1267 ac
1083 1240 1172 1267 dicere
1187 1248 1193 1265 :
1210 1238 1375 1265 Sabinianus
1397 1237 1448 1264 iste
1471 1244 1519 1271 per
1543 1236 1682 1271 magicam
1700 1235 1770 1261 illius
1782 1241 1818 1260 ar-

1037 1291 1089 1312 tem
1108 1290 1202 1320 captus
1229 1290 1280 1317 est,
1300 1283 1402 1319 argenti
1425 1283 1584 1317 cupiditate,
1604 1286 1632 1308 et
1654 1280 1819 1316 pecuniarum

1038 1332 1188 1365 illecebris;
1210 1331 1282 1358 hunc
1297 1339 1311 1357 c
1325 1330 1441 1364 vestigio
1454 1330 1580 1356 divellam
1599 1329 1636 1355 ab
1647 1328 1746 1354 insano
1759 1326 1821 1360 ejus-

1039 1377 1110 1404 modi
1130 1376 1230 1410 studio,
1253 1376 1305 1403 nisi
1320 1376 1413 1402 adoret
1428 1382 1461 1402 ac
1483 1374 1620 1402 sacriﬁcet
1638 1372 1766 1399 maximis
1782 1378 1822 1396 ne-

1039 1425 1102 1452 stris
1114 1425 1176 1451 diis.
1201 1423 1266 1457 Quae
1288 1423 1394 1457 aliaque
1413 1422 1446 1449 ad
1460 1422 1532 1448 hunc
1545 1420 1660 1448 modum
1675 1428 1736 1446 cum
1751 1419 1821 1444 din-

1039 1474 1089 1501 set,
1114 1469 1201 1503 ipsttm
1225 1468 1342 1495 fustibus
1357 1467 1422 1494 eatdi
1435 1467 1528 1501 jussit,
1545 1466 1598 1492 sub
1616 1472 1686 1491 voce
1703 1463 1822 1498 patronis

1040 1514 1212 1542 inelamantis
1235 1523 1241 1540 :
1266 1513 1357 1541 Redde
1380 1514 1522 1540 thesauros
1546 1510 1762 1546 imperatoribus
1783 1517 1824 1534 ιιι-

206 1565 277 1592 collo
288 1564 426 1599 suspendi,
442 1568 522 1598 atque
537 1563 572 1590 ita
589 1563 615 1590 in
630 1571 703 1590 mare
719 1560 889 1596 praecipitari.
905 1560 989 1594 Cujus
1003 1568 1023 1595 ε
1041 1562 1106 1589 stris
1117 1582 1124 1593 ,
1152 1566 1232 1595 atque
1253 1560 1335 1587 adora
1358 1561 1558 1595 omnipotentes
1580 1559 1647 1586 deos
1662 1580 1670 1591 ,
1698 1567 1746 1593 per
1766 1564 1824 1591 quas

207 1612 316 1646 quidem
334 1618 440 1638 sacrum
462 1617 562 1644 corpus
576 1609 608 1636 ad
626 1609 700 1635 littus
716 1608 833 1639 devenit,
850 1607 992 1641 ipsumque

208 1659 382 1686 beatissimus
393 1657 496 1689 Nonus,
513 1658 558 1692 qui
575 1662 601 1684 et
616 1657 773 1691 llippolytus
786 1653 992 1689 cognominatus

207 1710 259 1732 est.
277 1708 381 1735 avent,
401 1711 433 1730 ac
448 1704 474 1730 in
490 1703 597 1737 proprio
619 1703 692 1729 illius
705 1701 799 1733 fundo,
823 1700 867 1728 ubi
889 1704 916 1727 et
937 1707 993 1726 rno-

208 1750 330 1781 rabatur,
345 1748 477 1782 sepelivit,
491 1753 567 1775 extra
580 1755 674 1775 muros
688 1745 823 1774 Ostiensis
835 1745 911 1772 urbis
923 1751 948 1771 a.
963 1744 990 1770 d.

210 1803 255 1823 xu
272 1795 331 1822 Kal.
345 1793 523 1829 Septembris.

245 1841 289 1868 ιν.
315 1840 392 1867 Tunc
427 1840 547 1867 vicarius
577 1838 781 1873 comprehendit
814 1837 991 1865 Sabinianum

210 1887 367 1923 quemdam,
385 1891 540 1914 curatorem
557 1885 632 1912 fundi
654 1885 736 1916 illius,
755 1888 782 1911 et
796 1883 938 1917 exquirere
959 1882 993 1908 ab

211 1941 243 1960 eo
260 1932 342 1966 cmpit
364 1939 421 1959 rem
447 1931 606 1958 familiarem
625 1931 708 1957 beatae
725 1930 852 1964 Chryses,
873 1928 966 1954 dicens
984 1936 991 1953 :

211 1978 345 2012 Sacrilega
362 1977 475 2012 Chryse,
498 1984 559 2011 qua:
577 1979 685 2010 propter
701 1975 832 2009 magicam
857 1981 934 2001 suam
950 1980 993 1998 ar-

211 2028 263 2051 tem
288 2023 368 2056 elegit
399 2021 487 2056 potius
512 2027 624 2048 mortem
655 2028 734 2055 quam
760 2020 864 2052 vitam,
887 2018 994 2045 divitias

212 2069 311 2096 multas
332 2068 496 2103 possidebat.
512 2066 599 2101 Ipsius
623 2074 688 2102 ergo
706 2066 849 2092 thesauros
864 2070 891 2091 et
911 2071 992 2091 mun-

210 2115 274 2142 dum
298 2114 456 2141 muliebrem
475 2113 507 2139 ad
523 2121 573 2139 nos
595 2111 676 2145 aller;
698 2111 819 2139 sacriﬁca
832 2110 913 2138 etiam
930 2110 993 2142 diis,

210 2165 238 2187 et
250 2160 319 2192 vive,
337 2159 526 2193 obtemperans
537 2158 632 2184 edictis
646 2157 849 2192 imperatorum.
870 2155 995 2182 Sabinia-

212 2213 263 2232 nus
286 2205 355 2231 dixit
373 2214 378 2231 :
394 2203 450 2239 Ego
480 2203 506 2230 in
539 2203 666 2229 omnibus
696 2202 779 2229 animi
802 2201 992 2229 demissionem

1043 1607 1143 1642 regitur
1166 1607 1298 1634 universa:
1319 1606 1474 1641 reipublicae
1496 1610 1596 1632 nostra:
1620 1603 1824 1631 administratio.

1042 1652 1140 1680 Beatus
1154 1660 1218 1680 vero
1236 1652 1400 1679 Sabinianus
1424 1656 1516 1686 aperto
1529 1659 1577 1678 ore
1592 1651 1686 1677 aiebat
1704 1659 1711 1676 ι
1728 1649 1824 1676 Gratias

1042 1698 1091 1725 tibi
1109 1707 1170 1734 ago,
1188 1698 1301 1725 Domine
1316 1698 1352 1725 mi
1367 1697 1431 1725 Jesu
1452 1697 1571 1728 Christe,
1587 1696 1637 1731 qui
1657 1696 1784 1729 dignatus
1802 1702 1826 1720 es

1042 1752 1085 1771 ne
1100 1745 1169 1771 inter
1183 1751 1277 1772 servos
1294 1749 1356 1771 tuus
1378 1750 1534 1770 numerare.
1559 1741 1595 1769 Ut
1615 1746 1709 1768 autem
1726 1742 1772 1768 diu
1786 1748 1825 1766 ra-

1044 1790 1156 1825 pulavit,
1171 1790 1249 1817 ﬁrmo
1263 1794 1322 1816 erat
1340 1794 1420 1823 atque
1433 1789 1516 1816 alacri
1529 1788 1624 1821 vultu;
1639 1788 1711 1815 adeo
1728 1786 1826 1821 quidem

1045 1841 1074 1863 ut
1091 1836 1190 1864 ardens
1207 1835 1347 1863 iracundia
1367 1834 1500 1862 Romulus
1515 1834 1691 1869 praeceperit,
1705 1834 1791 1867 ipsum
1805 1831 1827 1856 in

1043 1885 1158 1919 equuleo
1172 1884 1310 1919 suspendi.
1333 1882 1436 1910 Interea
1453 1882 1518 1909 dum
1538 1882 1665 1917 corporis
1682 1880 1759 1908 nern'
1778 1879 1827 1906 dis-

1044 1931 1202 1961 tralmntur,
1225 1929 1355 1964 praeconis
1373 1936 1440 1956 voce
1461 1928 1551 1955 adhuc
1571 1932 1756 1962 perSOnante,
1780 1926 1827 1959 ipse

1044 1976 1110 2002 nihil
1133 1975 1205 2002 aliud
1227 1974 1373 2006 ell'erebat,
1399 1974 1450 2000 nisi
1477 1983 1483 1999 :
1512 1973 1624 2000 Gratias
1645 1979 1697 2006 ago
1724 1971 1828 1997 Domino

1044 2029 1105 2048 meo
1120 2020 1183 2048 Jesu
1197 2020 1316 2048 Christo.
1336 2020 1460 2048 Vicarius
1472 2023 1563 2046 autem
1576 2018 1734 2045 astantibus
1747 2017 1809 2043 dixit
1822 2025 1828 2041 ;

1045 2067 1093 2094 llic
1109 2067 1209 2094 insanit
1230 2070 1310 2100 atque
1333 2073 1444 2092 securus
1457 2069 1498 2091 est
1513 2064 1685 2098 magicarutn
1703 2061 1824 2090 consulta-

1045 2113 1166 2144 tionum;
1188 2111 1322 2146 jussitque
1342 2110 1448 2137 facibus
1471 2111 1559 2145 ipsum
1579 2109 1673 2136 aduri.
1693 2109 1761 2135 Dum
1776 2115 1828 2134 rem

1045 2159 1118 2186 faces
1134 2157 1205 2185 beati
1222 2156 1363 2184 Sabiniani
1385 2155 1514 2183 lateribus
1541 2156 1767 2186 admoverentur,
1787 2153 1828 2179 Ru-

1045 2204 1136 2231 mulus
1150 2204 1302 2230 exclamare
1321 2202 1404 2237 coepit
1423 2209 1455 2228 ac
1471 2201 1562 2228 dicere
1580 2210 1588 2228 :
1608 2199 1718 2233 Infelix,
1731 2200 1828 2227 comula

211 2251 292 2278 didici
315 2258 331 2277 a
358 2256 450 2277 sancta
470 2248 572 2283 virgine
587 2248 698 2284 Chryse,
713 2256 774 2283 quae
797 2251 824 2274 et
848 2254 890 2274 me
905 2247 995 2274 docuit
1012 2249 1032 2276 ι)
1047 2248 1107 2280 tibi,
1128 2252 1155 2275 et
1174 2247 1255 2274 redde
1282 2248 1435 2278 thesauros,
1460 2253 1530 2280 quos
1545 2245 1677 2272 novimus
1691 2253 1752 2272 esse
1768 2243 1826 2278 apud

211 2297 334 2325 conﬁteri
355 2304 437 2323 unum
462 2295 546 2322 Deuut
576 2294 719 2321 Dominum
749 2299 871 2321 nostrum
899 2292 992 2320 Iesum

212 2342 360 2374 Christum,
386 2346 477 2368 natum
493 2341 526 2368 de
541 2340 642 2375 Spiritu
655 2346 760 2373 sancto,
785 2348 817 2367 ex
833 2338 917 2366 Maria
932 2337 993 2364 Vir-

214 2389 274 2423 gine
292 2397 299 2415 :
318 2388 431 2422 ideoque
454 2395 505 2414 non
526 2395 623 2413 aurum
647 2386 736 2418 nobis,
763 2393 817 2413 non
840 2389 992 2420 argentum,

214 2441 302 2468 neque
326 2433 478 2468 margarita:
502 2437 574 2460 sunt.
598 2432 730 2460 Romulus
746 2439 810 2459 vero
829 2431 861 2458 ad
878 2432 967 2465 ipsum
985 2439 992 2457 :

215 2478 333 2511 Festina,
353 2478 450 2512 inquit,
465 2483 491 2504 et
505 2477 677 2505 absconditos
691 2476 833 2504 thesauros
847 2475 927 2503 redde
944 2475 995 2501 ima

215 2524 405 2559 peratoribus,
427 2523 687 2559 diisque-sacritica.
716 2521 880 2549 Sabinianus
902 2521 993 2548 dixit:

215 2570 274 2597 Non
287 2569 411 2604 equidem
426 2576 485 2596 sum
501 2569 609 2603 dignus,
627 2573 656 2594 ut
669 2575 719 2602 pro
732 2567 799 2594 meis
815 2567 933 2602 peccatis
947 2567 996 2593 ali—

215 2617 282 2651 quid
306 2615 437 2651 perferam
452 2635 459 2648 ,
477 2615 529 2642 nisi
547 2620 678 2649 quantum
708 2613 839 2641 Dominus
866 2620 898 2640 ac
925 2613 996 2640 Deus

217 2671 294 2691 meus
310 2670 434 2690 annuens
452 2662 545 2697 largiri
563 2661 628 2688 mihi
643 2661 770 2696 dignatus
789 2660 886 2693 fuerit;
902 2668 996 2695 quem-

216 2707 362 2736 admodum
379 2707 484 2736 conﬂdo
501 2715 507 2734 ε
525 2707 588 2734 hinc
609 2714 689 2734 nosce
701 2727 710 2742 ,
736 2714 779 2734 me
804 2714 899 2733 aurum
913 2706 995 2733 cadu-

1045 2298 1072 2321 te
1085 2292 1266 2321 absconditos.
1279 2292 1314 2319 At
1332 2292 1427 2319 beatus
1441 2290 1620 2322 Sabinianus,
1643 2298 1749 2326 martyr
1761 2289 1828 2316 Chri-

1046 2339 1096 2372 sti,
1113 2338 1213 2374 gratias
1230 2337 1343 2365 Domino
1361 2337 1475 2372 agebat,
1497 2336 1591 2363 dicens
1610 2345 1617 2363 :
1638 2336 1753 2364 Domine
1770 2337 1828 2362 Deus

1047 2385 1102 2417 mi,
1129 2384 1236 2419 suscipe
1258 2391 1273 2410 a
1291 2391 1333 2410 me
1347 2383 1472 2417 spiritum
1493 2390 1585 2410 meum
1606 2390 1614 2409 :
1638 2382 1739 2417 bisque
1752 2382 1826 2410 dictis.

1045 2431 1136 2459 emisit
1161 2431 1187 2458 in
1215 2438 1281 2466 pace
1308 2430 1434 2465 spiritum
1452 2438 1459 2456 :
1475 2437 1577 2463 corpus
1591 2437 1659 2456 vero
1679 2429 1726 2456 ille
1747 2437 1828 2464 praene-

1047 2478 1087 2513 pit
1101 2477 1127 2504 in
1141 2481 1251 2512 puteum
1267 2481 1296 2503 ut
1311 2476 1498 2511 projiceretur.
1523 2475 1576 2502 Per
1587 2475 1662 2502 idem
1680 2481 1783 2510 tempus
1793 2482 1827 2499 τι·

1049 2525 1126 2551 niens
1143 2523 1253 2559 quidam
1275 2523 1433 2558 presbyter,
1450 2521 1570 2549 Corlius
1595 2521 1722 2552 nomine,
1744 2526 1828 2553 corpus

1051 2573 1129 2595 noctu
1153 2568 1270 2595 extraxit
1285 2576 1300 2594 e
1321 2573 1417 2602 puteo,
1442 2566 1565 2602 illudque
1588 2567 1745 2602 composuit
1764 2566 1827 2600 juxta

1051 2615 1155 2642 beatam
1164 2614 1293 2650 Chrysem
1311 2622 1336 2641 a.
1353 2614 1378 2640 d.
1395 2622 1410 2638 v
1428 2612 1488 2641 Kal.
1508 2612 1694 2648 Septembris,
1716 2617 1827 2648 regnante

1050 2659 1164 2687 Domino
1182 2665 1274 2687 nostro
1287 2659 1348 2687 JeSu
1360 2659 1479 2691 Christo,
1500 2661 1546 2687 cui
1560 2665 1604 2688 est
1616 2661 1704 2697 gloria
1719 2664 1744 2687 et
1758 2660 1826 2694 impe-

1049 2705 1122 2733 rium
1136 2705 1164 2733 in
1177 2705 1274 2733 saecula
1291 2705 1461 2732 saculorum.
1479 2705 1582 2732 Amen.
