4216 6254
1754 872 2730 1055 ELENCHUS

722 1407 1231 1493 OPERUM
1290 1408 1565 1519 QU/E
1620 1408 1743 1490 IN
1803 1404 2052 1497 HOC
2109 1406 2738 1493 VOLUMINE
2813 1406 3725 1491 CONTINENTUR.

1084 1840 2133 1883 —————-—-—————-—==:an

744 2334 837 2393 De
864 2331 1181 2393 Trinitate
1208 2331 1353 2392 libri
1384 2330 1741 2395 duodecim.

749 2436 943 2497 Liber
975 2434 1051 2495 de
1074 2434 1344 2515 Synodis
1380 2453 1495 2496 seu
1523 2435 1677 2497 Fide
1712 2433 2164 2498 Orientalium.

742 2536 1162 2615 Apologetica
1196 2536 1274 2598 ad
1306 2537 1808 2615 reprehensores
1842 2537 1987 2598 libri
2031 2538 2109 2597 de
2146 2532 2416 2613 Synodis
2454 2544 2789 2610 responsa.

741 2634 975 2697 Hilarii
1006 2636 1278 2714 epistola
1309 2634 1388 2697 ad
1419 2637 1657 2701 Abram
1692 2637 1893 2699 ﬁliam
1930 2653 2137 2698 suam.

738 2732 1032 2813 Hymnus
1064 2735 1269 2796 eidem
1303 2736 1385 2797 ab
1420 2735 1644 2797 eodem
1675 2738 1934 2799 missus.

739 2836 1033 2898 Censura
1063 2837 1330 2898 alterius
1362 2837 1587 2916 hymni
1613 2838 1865 2901 Hilario
1900 2853 2239 2917 perperam
2272 2836 2518 2897 tribuli.

738 2938 916 2999 Libri
944 2940 1072 3000 duo
1103 2937 1182 3000 ad
1217 2938 1671 3013 Constantium
1691 2941 2083 3021 Augustum.

740 3040 935 3102 Liber
965 3043 1193 3103 contra
1226 3038 1701 3102 Constantium.

738 3143 932 3203 Liber
973 3146 1201 3205 contra
1226 3142 1504 3204 Arianos
1536 3143 1638 3203 vel
1672 3144 2094 3205 Auxentium.

740 3244 1118 3320 Quindecim
1144 3245 1533 3325 Fragmenta
1561 3265 1645 3309 ex
1677 3247 1888 3326 Opere
1915 3248 2264 3309 Historico.

737 3348 1127 3425 Fragmenta
1157 3366 1240 3409 ex
1267 3348 1412 3410 aliis
1444 3348 1505 3409 S.
1543 3349 1771 3410 Hilarii
1811 3350 2139 3429 Operibus.

738 3449 802 3509 S.
834 3448 1062 3510 Hilarii
1098 3449 1390 3527 Epistola
1428 3468 1541 3512 seu
1579 3450 1861 3511 Libellus
1889 3468 2035 3512 cum
2074 3448 2443 3527 praefatione
2476 3453 2537 3512 et
2566 3446 3152 3511 dissertationibus.

742 3550 964 3611 Sermo
989 3551 1059 3609 B.
1097 3550 1328 3613 Hilarii
1352 3551 1430 3611 de
1457 3550 1859 3614 dedicatione
1894 3552 2201 3613 ecclesiae.

741 3657 933 3718 Liber
958 3655 1035 3717 de
1066 3655 1209 3716 Filii
1243 3658 1307 3717 et
1333 3657 1541 3717 Patris
1577 3656 1851 3717 Unitate.

737 3758 928 3818 Liber
957 3756 1033 3817 de
1064 3755 1363 3817 Essentia
1390 3756 1595 3818 Patris
1624 3760 1686 3819 et
1712 3756 1883 3817 Filii.

740 3856 986 3919 Nicolai
1013 3855 1205 3917 Fabri
1236 3855 1300 3916 in
1333 3856 1721 3935 Fragmenta
1750 3856 1978 3920 Hilarii
2013 3855 2321 3936 praefatio.

740 3957 937 4019 Index
965 3974 1183 4018 rerum
1210 3960 1272 4016 et
1300 3958 1791 4021 sententiarum.

739 4059 941 4122 Index
972 4060 1372 4123 Glossarum.

3312 2326 3434 2385 col.

3608 2428 3717 2488 k7!

3602 2528 3721 2587 5&6

3603 2628 3722 2688 5&7

3597 2731 3709 2791 551

3600 2830 3720 2890 553

3601 2933 3766 3000 Ibid.

3598 3033 3713 3092 571

3598 3135 3719 3195 605

3599 3239 3719 3298 619

3590 3339 3712 3400 7'25

3598 3441 3717 3501 727

3597 3544 3718 3605 877

3596 3646 3717 3706 883

3597 3748 3717 3809 887

3589 3848 3760 3909 Ibid.

3584 3948 3717 4009 ‘9]5

3558 4047 3715 4110 10M»
