4216 6254
376 366 415 371 4-
450 362 559 377 κδ’
620 370 2943 415 ιοΜ-”Ἣτὴ-ἭῊ“““
2968 413 3009 417 -ν
3034 414 3055 419 ⁵
3090 416 3325 424 "~—"*'k~
3362 424 3387 425 κέ
3410 425 3469 429 ᾃβ
3504 426 3593 435 ξυμ·

390 393 1296 413 --ΜῊῌν-*Ἧ
1640 419 1836 430 —_—__
3116 444 3553 462 MM-

835 551 1011 673 IN
1106 553 1732 687 LIBROS
1795 567 1871 740 ,1

1973 569 2066 691 E
2157 569 2568 701 TRIN
2587 581 3090 714 ITATE

1496 816 2404 938 PIUEFATIO.

1772 1020 2152 1084 omam.

373 1123 415 1178 ¹⁶
472 1122 543 1179 Hi
583 1126 703 1182 ίίδνί
744 1127 1030 1186 Αίὴαηωίο
1064 1133 1337 1208 αάεενῖριί-
1397 1139 1653 1206 Ωιιαηιαηι
1693 1143 1901 1201 Hilario
1927 1149 1976 1210 A
2007 1149 2196 1210 Trinit.
2225 1172 2346 1229 cap.
2375 1161 2462 1230 10,
2495 1166 2590 1221 sed
2615 1182 2644 1222 a
2669 1169 2824 1227 titulo
2846 1171 3134 1237 indicando
3163 1187 3450 1260 utrobique
3470 1194 3595 1252 abs-

373 1216 812 1260 ιήρηιηρηρνηὶηι
851 1224 1568 1260 -τοηηηηυιεδςοηηηλεηω
1595 1235 1869 1260 r.-.-_.-_.-
2004 1243 2039 1260 ,ς
2121 1253 2133 1260 .
2209 1249 2247 1260 ..

297 1215 506 1270 laudent
521 1221 829 1290 pepererint.
851 1253 918 1264 —
936 1224 1218 1297 Temporis
1231 1229 1570 1300 dispendium
1594 1235 1774 1294 facere
1787 1254 1898 1294 me-

296 1309 772 1381 ritojudicaretur,
790 1315 878 1386 qui
898 1315 949 1370 in
979 1316 1064 1372 his
1094 1319 1244 1375 libris
1267 1325 1473 1379 auctori
1498 1341 1596 1380 suo
1617 1328 1890 1384 vindican-

295 1398 384 1454 dis
423 1401 558 1456 illud
585 1417 948 1463 consumeret.
996 1409 1255 1476 Quamvis
1290 1414 1432 1468 enim
1473 1431 1568 1472 eos
1598 1419 1899 1476 Athanasio

301 1492 608 1567 adscriptos
655 1499 926 1569 quondam
992 1503 1223 1560 viderint
1263 1507 1546 1579 Philippus
1585 1511 1740 1567 bona:
1771 1515 1898 1584 Spei

295 1584 480 1642 Abbas
507 1600 560 1644 et
609 1589 848 1649 Joannes
883 1596 1100 1663 quidam
1125 1599 1296 1667 ipsius
1337 1605 1558 1673 aequalis
1585 1615 1640 1660 et
1667 1609 1894 1677 amicus,

295 1680 421 1736 illos
444 1693 620 1740 tamen
650 1686 722 1741 ab
752 1687 957 1745 Hilario
985 1691 1253 1761 proiectos
1283 1711 1404 1752 esse
1425 1713 1490 1753 ex
1522 1701 1894 1772 castigatiori-

295 1772 400 1827 bus
440 1777 772 1835 membranis
808 1783 1149 1851 postmodum
1182 1800 1536 1857 agnoverunt.
1583 1793 1697 1860 Qua
1733 1796 1894 1851 etiam

294 1865 349 1918 in
403 1882 460 1922 re
507 1876 658 1924 tanto
687 1884 956 1929 consensu
987 1875 1089 1930 sibi
1117 1879 1358 1936 concinit
1415 1885 1716 1952 priscorum
1753 1896 1894 1943 tem-

286 1971 485 2027 porum
530 1961 706 2016 omnis
734 1971 889 2030 aetas,
931 1975 989 2020 ut
1030 1968 1158 2023 nihil
1200 1972 1423 2038 certius,
1476 1977 1606 2030 nihil
1643 1979 1896 2048 explora-

289 2047 402 2104 tius
431 2066 460 2104 a
513 2053 804 2124 majoribus
836 2061 1229 2129 acceperimus.
1272 2063 1503 2135 Propter
1535 2067 1633 2123 hos
1660 2086 1892 2140 praeser-

287 2143 388 2198 tim
428 2143 598 2201 libros
642 2162 762 2202 eam
819 2148 1054 2207 Hilarius
1105 2155 1248 2225 apud
1294 2171 1486 2214 omnes
1511 2175 1633 2216 cum
1671 2163 1892 2220 Latinos

288 2244 404 2289 tum
431 2235 651 2292 Graecos
682 2243 978 2309 promeruit
1020 2245 1283 2315 scientias,
1335 2250 1482 2320 ﬁdei,
1531 2262 1587 2307 et
1628 2255 1893 2326 eloquen-

286 2331 378 2382 tia:
405 2330 644 2398 laudem,
677 2343 755 2401 ut,
797 2336 942 2406 quod
973 2338 1129 2394 valde
1155 2356 1360 2405 rarum,
1391 2346 1554 2400 etiam
1596 2348 1664 2402 ab
1692 2349 1892 2407 adver-

283 2421 446 2476 sariis
476 2422 593 2492 ejus
631 2424 793 2481 iidem
825 2428 944 2484 libri
978 2446 1325 2504 sunirn0pere
1357 2436 1560 2494 fuerint
1607 2456 1888 2500 commen-

285 2514 416 2568 dati.
445 2515 538 2572 Sic
582 2518 722 2574 enim
745 2535 815 2575 ex
862 2523 1010 2594 vulgi
1056 2524 1194 2580 fama
1238 2536 1492 2584 testatum
1540 2533 1759 2605 reliquit
1789 2536 1891 2593 So-
1920 2541 1968 2602 B

284 2622 548 2662 zomenus
577 2609 670 2666 lib.
703 2626 782 2678 III,
812 2628 933 2685 cap.
966 2616 1031 2671 14
1060 2634 1073 2670 :
1117 2617 1312 2676 Hilarii
1340 2635 1510 2678 autem
1542 2627 1697 2683 libros
1727 2630 1790 2685 de
1823 2633 1886 2699 ﬁ-

294 2698 381 2765 de,
414 2700 570 2754 etiam
614 2702 676 2756 ab
705 2703 770 2758 iis
816 2707 903 2774 qui
948 2712 1261 2765 contrariam
1311 2715 1583 2771 tuebantur
1621 2698 1888 2778 catholica:

281 2792 407 2859 ﬁdei
445 2794 758 2866 Opinionem,
807 2799 1087 2855 admodum
1132 2809 1513 2864 commendatos
1557 2826 1665 2866 esse
1692 2816 1885 2884 prwdi-

281 2894 418 2938 cant.

351 2977 415 3033 ll.
451 2977 577 3035 Non
599 2998 700 3035 una
726 2984 923 3038 ratione
942 2985 1004 3039 ab
1027 2988 1250 3057 antiquis
1278 2991 1725 3050 inscribuntur.—
1762 2996 1881 3054 Non

281 3072 353 3127 ita
394 3083 651 3130 constans
679 3088 763 3133 est
801 3088 1044 3136 veterum
1076 3084 1128 3137 in
1160 3085 1223 3139 iis
1253 3085 1615 3146 inscribendis
1645 3107 1880 3149 consen-

276 3166 379 3219 sio.
431 3166 792 3240 Hieronymus
835 3172 904 3230 de
944 3175 1145 3246 Script.
1173 3179 1307 3233 eccl.
1333 3178 1386 3235 iu
1415 3181 1669 3239 Marcello
1695 3196 1746 3240 et
1777 3185 1876 3240 Hi-

276 3257 435 3327 lario,
476 3272 630 3319 vetus
671 3266 852 3323 Codex
912 3283 1180 3325 canonum
1215 3273 1471 3330 Ecclesia:
1517 3277 1778 3335 Romana:
1821 3297 1873 3337 c.

273 3349 366 3418 ιι,
396 3361 451 3408 et
480 3355 597 3409 Αόο
629 3355 951 3416 Viennensis
982 3362 1034 3416 in
1075 3362 1350 3420 Chronico
1371 3382 1470 3423 eos
1511 3381 1690 3425 contra
1717 3374 1873 3428 Aria-

273 3460 364 3498 nos
415 3446 737 3504 inscribunt.
786 3451 1025 3508 Eosdem
1069 3455 1134 3509 de
1155 3457 1259 3526 ﬁde
1285 3459 1562 3528 appellant
1588 3462 1681 3518 alii
1713 3463 1874 3535 longe

273 3537 457 3606 plures
504 3557 754 3610 numero,
797 3555 852 3599 et
880 3549 1204 3605 auctoritate
1230 3567 1340 3606 non
1382 3551 1691 3610 interiores.
1725 3557 1872 3624 Quos

271 3629 411 3686 inter
439 3633 696 3705 przecipui
712 3647 839 3690 sunt
868 3637 1098 3695 Ruﬁnus
1129 3641 1223 3696 lib.
1257 3642 1563 3716 thist.cap.
1609 3647 1671 3702 5i
1699 3664 1713 3713 ;
1743 3650 1872 3704 Cas-

270 3721 454 3778 sianus
485 3725 578 3781 lib.
622 3741 692 3780 vn
723 3726 796 3783 de
825 3727 938 3784 inc.
969 3746 1018 3785 c.
1047 3730 1150 3797 24;
1183 3731 1295 3788 Leo
1342 3734 1485 3805 Papa
1516 3738 1677 3807 epist.
1731 3741 1867 3795 alias

269 3813 356 3883 97,
383 3831 432 3872 c.
485 3819 539 3885 5,
591 3817 778 3876 Patres
805 3824 1019 3878 concilii
1063 3824 1526 3885 Chalcedonensis
1570 3835 1688 3888 Act.
1719 3834 1774 3902 2,
1808 3850 1862 3905 p.

2004 1243 2156 1300 tinet.
2209 1249 2313 1306 Eos
2343 1269 2558 1327 quoque
2604 1261 2672 1316 ab
2719 1265 3006 1324 Ambrosio
3056 1275 3211 1331 tritos
3257 1243 3424 1339 fuisse
3475 1303 3600 1356 per-

2001 1338 2293 1396 suademur
2324 1351 2406 1402 vel
2439 1364 2506 1405 ex
2533 1353 2720 1420 primis
2751 1358 2918 1427 ipsius
2947 1362 3015 1418 de
3033 1363 3165 1422 Fide
3193 1368 3366 1442 libris,
3399 1376 3451 1430 in
3475 1338 3601 1447 qui-

2777 1426 2784 1427 ,
3327 1426 3366 1442 ’7
3400 1426 3451 1430 “““
3482 1426 3568 1447 Ί“”“

2003 1426 2102 1483 bus
2135 1433 2280 1500 plura
2306 1438 2372 1493 ad
2403 1439 2595 1497 horum
2619 1445 2806 1505 Hilarii
2839 1454 3096 1512 librorum
3125 1461 3474 1524 imitationem
3500 1487 3592 1527 ex.

2003 1534 2188 1587 pressa
2234 1525 2526 1588 identidem
2575 1537 2924 1599 advertimus.
2959 1548 3217 1615 Quamvis
3259 1559 3402 1614 enim
3443 1577 3505 1618 ea
3540 1567 3593 1621 in

1999 1708 2142 1763 unde
2167 1711 2400 1768 delibata
2441 1718 2568 1774 sint.
2619 1723 2831 1782 Atcum
2887 1746 2982 1798 pro
3019 1750 3172 1791 more
3211 1755 3278 1795 ne
3323 1708 3597 1818 eumqui;

1998 1796 2121 1854 dem
2155 1805 2417 1873 nominet,
2452 1824 2484 1865 e
2527 1813 2680 1884 cujus
2722 1796 3190 1884 lucubrationibus
3219 1796 3595 1906 profecit,1ni-

2003 1892 2078 1946 hil
2100 1895 2168 1949 ab
2190 1911 2256 1950 eo
2289 1897 2572 1971 habemus,
2628 1909 2770 1965 unde
2800 1913 2955 1970 nobis
2998 1892 3234 1977 constet.
3266 1929 3408 1995 quod
3448 1892 3600 2001 quae-

1997 1983 2154 2039 ritur.
2206 1986 2316 2043 Nisi
2356 1991 2498 2049 forte
2528 1996 2771 2057 dicamus
2818 2019 2943 2060 eum
3001 2016 3165 2067 etiam
3213 1983 3370 2075 suum
3399 1983 3595 2093 de'ﬁde

1998 2076 2212 2134 titulum
2268 2083 2335 2138 ab
2387 2085 2590 2145 llilario
2637 2097 3023 2167 assumpsisse.
3068 2105 3405 2182 Quamquam
3453 2076 3596 2175 hunc

1997 2169 2100 2238 ipsi
2121 2174 2356 2243 quodam
2397 2183 2559 2238 modo
2608 2190 3004 2261 praescripsisse
3033 2197 3248 2258 videtur
3298 2205 3597 2278 imperator

1995 2261 2306 2324 Gratianus.

2067 2358 2152 2414 Ill.
2187 2360 2257 2418 In
2281 2364 2377 2419 hoc
2403 2384 2504 2423 non
2532 2374 2694 2444 magis
2724 2357 3044 2438 consentiunt
3072 2402 3192 2443 ntss.
3218 2390 3492 2465 —Neque
3520 2413 3588 2454 ex

1990 2453 2223 2524 antiquis
2288 2461 2690 2531 exemplaribus
2739 2471 3029 2542 quidquam
3074 2479 3241 2549 magis
3287 2453 3422 2539 certi
3476 2453 3588 2544 sta;

1998 2547 2074 2601 tui
2133 2559 2316 2618 queat.
2381 2553 2436 2607 lu
2479 2559 2866 2617 vetustioribus
2915 2568 2959 2620 si
2989 2547 3205 2638 quidem
3249 2575 3592 2637 desideratur

1991 2637 2293 2709 inscriptio,
2339 2659 2460 2714 qua:
2504 2647 2560 2702 in
2591 2649 2710 2706 aliis
2730 2653 2794 2707 de
2816 2653 2969 2723 Fide,
3003 2637 3054 2714 in
3080 2663 3201 2718 aliis
3227 2666 3292 2720 de
3311 2666 3584 2741 Trinitate,

1988 2730 2042 2786 itt
2085 2733 2467 2793 Vindocinensi
2516 2741 2580 2795 de
2626 2744 2730 2811 ﬁde
2772 2758 2965 2804 sancta:
3021 2751 3293 2811 Trinitatis
3338 2730 3584 2820 adversus

1985 2822 2226 2892 Arianos,
2266 2829 2460 2898 quibus
2494 2832 2544 2885 in
2590 2832 2912 2907 Remigiano
2957 2841 3199 2912 additur,
3248 2850 3328 2904 vel
3369 2863 3581 2910 cretei-os

1984 2913 2272 2985 hwi-eticos,
2318 2920 2368 2974 in
2426 2921 2736 2982 Telleriano
2791 2937 2972 2986 autem
3015 2935 3078 2988 de
3111 2936 3360 2997 Trinitate
3395 2959 3578 3002 contra

1981 3021 2155 3063 omnes
2185 3012 2400 3068 hrereses
2451 3024 2800 3083 praenotatur.
2833 3021 2938 3077 Sed
2969 3025 3195 3097 insignis
3218 3047 3330 3102 prae
3362 3040 3578 3096 cameris

1985 3098 2036 3152 in
2067 3101 2385 3160 Corbeiensi
2416 3117 2576 3178 atque
2615 3112 2789 3168 altero
2813 3130 2843 3170 e
2867 3115 3182 3178 Sorbonicis
3214 3125 3329 3180 haec
3353 3126 3584 3187 habetur

1981 3194 2309 3265 epigraphe:
2357 3198 2460 3254 Hic
2502 3202 2674 3257 insunt
2721 3207 2838 3261 libri
2884 3208 3079 3265 Hilarii
3115 3216 3342 3288 episc0pi
3369 3237 3579 3277 numero

1984 3297 2082 3350 xu,
2113 3302 2238 3354 quos
2259 3288 2312 3341 in
2334 3291 2514 3346 exsilio
2533 3298 2856 3367 conscripsit,
2879 3300 3064 3355 missus
3091 3304 3301 3374 (scil.in
3315 3312 3577 3384 exsilium)

1976 3378 2039 3431 ab
2066 3379 2318 3437 ltwreticis
2347 3384 2552 3439 Arionis
2576 3399 2787 3458 propter
2817 3391 3020 3447 deitatis
3074 3399 3324 3453 unitatem
3364 3378 3579 3458 Domini

1975 3468 2106 3524 .Iesu
2153 3469 2344 3528 Christi
2388 3492 2503 3530 cum
2552 3477 2732 3535 Patre.
2767 3481 3069 3540 Beatissime
3098 3491 3358 3562 presbyter
3377 3494 3576 3552 Barba-

1973 3565 2053 3617 rio
2077 3566 2131 3618 in
2155 3567 2355 3623 Christo
2392 3568 2519 3624 Jesu
2547 3571 2768 3630 Domino
2807 3589 2980 3634 nostro
3014 3591 3152 3639 utere
3173 3587 3302 3656 felix
3331 3604 3445 3643 cum
3470 3609 3573 3646 omo

1971 3656 2118 3710 nibus
2145 3659 2262 3714 tuis.
2288 3659 2464 3729 Fides,
2483 3681 2616 3734 spes,
2647 3668 2869 3726 c/iaritas
2895 3685 3099 3729 maneat
3121 3678 3172 3730 in
3197 3680 3435 3737 cordibus
3457 3700 3573 3738 nos-

1969 3751 2079 3805 tris.
2125 3751 2404 3823 Eamdem,
2441 3761 2620 3826 paucis
2642 3765 2878 3832 mutatis,
2927 3767 3328 3840 inscriptionem
3358 3792 3467 3845 pro:
3509 3795 3568 3834 se

1967 3840 2073 3896 fert
2094 3842 2442 3902 Pratellensis
2461 3851 2654 3918 codex,
2707 3856 2758 3909 in
2789 3872 2962 3929 eoque
2984 3876 3101 3931 pro,
3133 3864 3261 3931 felix
3297 3883 3413 3922 cum
3456 3887 3567 3925 0m-

268 3906 373 3962 557
397 3926 412 3974 ;
432 3908 812 4006 Theodoretus
847 3914 981 3970 Dial.
1009 3931 1070 3982 tt,
1102 3933 1158 3988 p.
1186 3917 1320 3985 106;
1352 3919 1610 3978 Leontius
1637 3923 1861 3996 Byzant.
1893 3932 1939 3997 C
1970 3935 2116 3991 nibus
2143 3941 2263 4007 tuis,
2292 3941 2471 4013 legere
2499 3955 2601 4013 est,
2784 3906 3282 4015 cingatioiiibus'tuis.
3315 3962 3560 4021 Nonnul-

267 4001 362 4057 lib.
398 3993 631 4061 tcontra
676 4005 985 4064 Nestorium
1020 4023 1074 4067 et
1107 4012 1340 4085 Eutych.
1385 4018 1473 4072 ubi
1503 3993 1764 4075 Hilarium
1808 4032 1864 4077 ut

264 4111 330 4150 ex
355 4095 591 4155 Nicaante
619 4101 815 4171 synodi
846 4102 1096 4161 Patribus
1127 4123 1291 4162 unum
1323 4107 1461 4164 lalso
1492 4113 1856 4170 commendat.

264 4187 449 4260 Neque
479 4193 588 4248 alio
627 4209 724 4250 eos
755 4195 910 4252 titulo
940 4197 1161 4254 laudant
1205 4201 1466 4259 Alcuinus
1495 4215 1682 4261 contra
1713 4207 1862 4262 Feli-

261 4295 379 4335 cem
409 4280 504 4337 lib.
542 4299 629 4350 tv;
681 4284 1010 4344 Batramnus
1039 4289 1203 4346 Corb.
1235 4291 1422 4364 Spicil.
1451 4305 1490 4349 t.
1522 4312 1611 4362 vn,
1645 4313 1698 4366 p.
1728 4298 1855 4364 555,

256 4371 494 4429 Joannes
545 4375 812 4433 Diaconus
848 4385 1241 4438 commentario
1286 4386 1525 4440 nondum
1555 4390 1774 4457 vulgato
1801 4390 1854 4442 in

257 4467 705 4534 Pentateuchum,
724 4480 779 4526 et
809 4472 1131 4530 l-lincmarus
1159 4477 1226 4531 de
1251 4477 1576 4536 Przedestin.
1603 4496 1725 4551 cap.
1753 4482 1848 4537 25.

255 4557 462 4625 Quibus
497 4569 681 4629 aperte
708 4561 1036 4634 suifragatur
1081 4566 1270 4622 Oratio
1301 4569 1428 4624 olim
1481 4571 1625 4627 inter
1664 4588 1852 4628 sacro-

251 4661 438 4706 sancta
481 4652 658 4708 Missa:
688 4655 949 4712 sacriﬁcia
989 4658 1043 4713 in
1072 4659 1245 4715 Natali
1272 4662 1326 4718 S.
1360 4663 1548 4719 llilarii
1580 4666 1682 4736 legi
1716 4667 1848 4722 soli-

254 4753 327 4806 ta,
380 4745 431 4797 in
460 4761 563 4814 qua
613 4745 870 4804 habetur:
923 4750 1087 4818 Deus,
1139 4755 1227 4824 qui
1267 4756 1468 4826 infusus
1516 4760 1672 4814 corde
1722 4761 1852 4815 beati

251 4835 450 4891 Hilarii
497 4841 756 4907 antistitis,
784 4846 929 4913 quasi
957 4846 1019 4899 de
1062 4858 1146 4901 tuo
1194 4850 1404 4918 templo,
1435 4868 1577 4908 FIDE]
1605 4871 1852 4926 responsa

248 4927 465 4996 dedisti,
497 4932 738 4999 etc.Quo
759 4936 921 4990 etiam
955 4938 1194 4994 alludere
1225 4941 1437 4997 videtur
1467 4954 1522 4998 et
1546 4946 1849 5003 benedictio

246 5017 298 5072 in
352 5025 679 5093 perantiquo
733 5025 1035 5082 Pontiﬁcali
1084 5030 1340 5086 Ecclesiae
1391 5033 1737 5090 Ebroicensis
1780 5038 1847 5092 ad

244 5112 351 5168 kal.
415 5113 552 5168 Nov.
604 5116 658 5172 in
687 5117 858 5173 Natali
900 5121 957 5192 S.
1012 5122 1196 5179 Hilarii
1228 5134 1562 5195 praenotata:
1599 5128 1682 5184 Sit
1707 5131 1848 5202 apud

243 5217 290 5261 te
318 5224 417 5278 pro
449 5208 593 5262 nobis
614 5223 877 5280 exorator,
905 5217 993 5285 qui
1022 5226 1145 5271 tunc
1174 5227 1350 5273 contra
1379 5221 1645 5276 Iiwreticos
1673 5241 1766 5295 pro
1796 5233 1845 5279 te

1967 4028 2072 4084 lam
2123 4032 2178 4086 in
2224 4036 2582 4105 expendeudo
2625 4041 2781 4097 titulo
2820 4059 3040 4113 operam
3066 4051 3336 4121 ponimus,
3371 4055 3440 4110 de
3480 4057 3560 4112 iu-

1965 4122 2262 4192 scriptione
2291 4126 2405 4196 ipsa
2446 4145 2551 4184 non
2583 4140 2691 4187 tam
2723 4134 2964 4206 solliciti,
3003 4156 3163 4210 quam
3192 4151 3251 4198 ut
3282 4145 3408 4202 inde
3430 4164 3565 4204 con-

1963 4214 2143 4271 silium
2167 4221 2401 4276 auctoris
2427 4224 2762 4294 exploratum
2793 4228 3074 4289 habeatur.

2036 4307 2124 4364 IV.
2155 4309 2286 4367 Illos
2313 4330 2382 4369 DE
2408 4331 2531 4372 non
2557 4319 2826 4376 inscribere
2853 4324 3064 4378 licet.-—
3095 4327 3208 4383 Etsi
3239 4345 3344 4386 non
3385 4347 3554 4405 appa-

1962 4410 2044 4454 ret
2075 4401 2242 4468 prima
2274 4405 2447 4462 fronte
2463 4425 2561 4465 cur
2584 4410 2685 4467 hoc
2712 4429 2846 4484 opus
2873 4418 2936 4470 de
2956 4416 3089 4474 Fide
3112 4401 3432 4493 inscriptum
3458 4401 3551 4494 sit;

1959 4490 2004 4541 si
2034 4499 2210 4547 tamen
2243 4498 2464 4566 propius
2494 4502 2812 4570 inSpiciatur
2840 4509 3004 4563 totius
3041 4515 3224 4580 operis
3256 4519 3412 4585 ratio,
3436 4536 3545 4576 non

1959 4577 2265 4649 displicebit
2289 4588 2474 4642 titulus
2501 4592 2634 4646 satis
2681 4609 2983 4664 congruens
3005 4615 3128 4655 cum
3175 4604 3241 4658 iis
3291 4607 3464 4673 libris,
3495 4612 3548 4666 in

1957 4673 2154 4741 quibus
2183 4674 2306 4731 Filii
2333 4688 2387 4733 et
2416 4679 2592 4737 Patris
2632 4685 3188 4759 consubstantialitas,
3220 4699 3550 4769 prtecipuum

1956 4762 2081 4819 ﬁdei
2117 4777 2316 4824 nostra:
2346 4783 2505 4841 caput
2540 4789 2603 4828 ac
2633 4775 3079 4849 fundamentum,
3114 4762 3314 4858 ubique
3353 4762 3552 4863 propu-

1954 4867 2180 4926 gnatur;
2214 4862 2410 4932 quique
2459 4867 2524 4920 ad
2560 4868 2660 4922 hoc
2699 4872 2932 4928 maxime
2962 4883 3089 4930 sunt
3114 4886 3372 4952 suscepti,
3408 4862 3468 4941 ut
3487 4905 3550 4945 ea

1956 4949 2110 5015 ﬁdes,
2136 4951 2188 5005 in
2212 4969 2314 5023 qua
2338 4958 2509 5011 renati
2538 4974 2745 5027 sumus,
2771 4962 2937 5018 illaesa
2961 4976 3012 5021 et
3036 4969 3238 5040 integra
3256 4983 3547 5035 teneretur.

1951 5039 2136 5110 Neque
2165 5059 2294 5101 sane
2333 5050 2610 5117 probabile
2655 5053 2887 5120 videtur,
2936 5067 3012 5113 tot
3044 5039 3260 5133 tamque
3300 5067 3546 5130 diversos

1951 5133 2244 5204 scriptorcs
2288 5154 2495 5209 graecos
2521 5158 2582 5198 ac
2625 5145 2817 5200 latinos
2849 5150 2900 5202 in
2950 5153 3194 5209 eamdem
3244 5158 3546 5231 inscriptio-

1951 5239 2075 5280 nem
2127 5231 2438 5298 conspirare
2487 5237 2750 5304 potuisse,
2798 5240 2902 5295 nisi
2946 5243 3014 5298 ab
3056 5245 3286 5314 ipsiimet
3324 5265 3543 5314 auctore

241 5297 443 5352 adstitit
486 5312 739 5356 assertor:
780 5316 831 5358 ut
859 5315 908 5360 te
954 5309 1258 5365 retribuente
1287 5313 1511 5383 populus
1540 5326 1736 5370 crescat
1763 5318 1843 5371 in-
1869 5322 1922 5382 D
1950 5318 2197 5375 instituta
2225 5333 2387 5377 esset.
2411 5324 2747 5396 Conjectura:
2769 5331 2894 5388 huic
2925 5336 3210 5403 plurimum
3240 5343 3380 5400 favet
3401 5351 3543 5418 (μιυά

243 5408 488 5418 ....-...._.._
543 5397 672 5418 -..Α
887 5401 917 5418 ι.
1079 5417 1086 5418 ,
1357 5406 1368 5418 .
1517 5417 1520 5418 ,
1625 5409 1635 5418 .
1825 5412 1838 5418 -
2275 5415 2287 5418 -
2321 5417 2327 5418 ,
2392 5416 2430 5418 _,

242 5408 508 5457 nutrieras,
537 5397 672 5464 quod
715 5398 918 5454 sudavit
959 5416 1011 5454 lN
1041 5417 1160 5458 nos
1190 5406 1445 5472 sacerdos,
1475 5417 1579 5463 etc.
1609 5409 1678 5464 At
1699 5412 1840 5481 apud

245 5482 635 5541 Cassiodorum
689 5489 783 5545 lib.
833 5507 848 5545 ι
903 5493 1080 5548 lnstit.
1131 5512 1179 5550 c.
1241 5499 1332 5564 16,
1365 5500 1426 5553 de
1484 5499 1844 5560 Trinitatein-

238 5580 478 5648 scriptos
509 5596 606 5637 eos
630 5583 818 5640 videre
844 5597 951 5654 est,
975 5591 1346 5646 consentiente
1377 5593 1673 5650 Fortunato
1697 5597 1791 5653 lib.
1824 5616 1839 5654 ι

239 5668 376 5726 Vita:
401 5672 456 5727 S.
486 5673 699 5742 llilarii,
737 5676 890 5746 juxta
921 5695 1059 5751 quos
1086 5696 1116 5735 a
1144 5683 1392 5756 Philippo
1423 5689 1619 5746 abbate
1647 5691 1711 5746 de
1735 5693 1839 5760 ﬁde

236 5763 578 5818 sanctissima:
633 5765 903 5824 Trinitatis
948 5773 1310 5843 appellantur.
1357 5777 1550 5835 Libros
1617 5783 1834 5839 eosdem

233 5853 424 5912 laudat
451 5857 786 5928 Augusﬁnus
830 5861 992 5931 epist.
1037 5880 1232 5933 cuxx,
1259 5883 1316 5924 n.
1362 5870 1419 5940 5,
1467 5882 1521 5928 et
1552 5871 1647 5928 lib.
1683 5889 1736 5929 vi
1763 5874 1832 5930 dc

808 5956 1085 6020 PATROL.
1180 5959 1264 6023 X.

1950 5411 2045 5467 lib.
2082 5429 2119 5479 ι,
2160 5430 2222 5486 n._
2265 5415 2353 5482 16,
2389 5416 2622 5474 Hilarius
2659 5422 2774 5492 ipse
2805 5433 3034 5483 testatur
3062 5445 3121 5485 se
3156 5434 3222 5487 ad
3249 5436 3346 5492 hos
3375 5411 3543 5497 libros

1944 5506 2262 5562 scribendos
2303 5509 2542 5565 animum
2582 5517 2875 5584 appulisse,
2927 5530 2984 5575 ut
3017 5538 3112 5578 eos
3129 5540 3535 5602 compesceret,

1943 5601 2031 5668 qui
2079 5602 2384 5672 evangelij
2423 5604 2543 5672 ﬁdei
2591 5621 2927 5681 corrumpunt
2975 5630 3369 5676 sacramentum.
3428 5626 3539 5682 lmo

1942 5707 2090 5746 num.
2121 5692 2213 5758 54,
2235 5697 2399 5751 totius
2423 5700 2605 5766 operis
2632 5702 2714 5756 sui
2739 5704 2971 5762 Studium
2995 5710 3049 5763 in
3077 5711 3400 5772 insinuanda
3426 5738 3537 5776 ma-

1934 5785 2076 5838 xima
2101 5795 2147 5839 et
2172 5791 2474 5857 gravissima
2506 5795 2663 5846 totius
2694 5795 2817 5863 ﬁdei
2854 5798 3193 5871 intelligentia
3221 5811 3530 5876 ponendum

1939 5893 2062 5935 esse
2086 5879 2340 5939 declarat.
2366 5883 2521 5943 Unde
2543 5887 2634 5944 lib.
2667 5904 2724 5955 ι,
2748 5893 2965 5959 ntttn.5,
2987 5898 3142 5953 totius
3167 5900 3290 5969 ﬁdei
3303 5902 3536 5972 demons-

2937 5989 2968 6050 1
