  <div class='ocr_page' id='page_1' title='image "/cluster/home/n/w/nwhite01/storage/ocr_20150623/10/hvd.32044096580386/011.png"; bbox 0 0 4216 6254; ppageno 0'>
   <div class='ocr_carea' id='block_1_1' title="bbox 597 348 3891 439">
    <p class='ocr_par' dir='ltr' id='par_1_1' title="bbox 597 348 3891 439">
     <span class='ocr_line' id='line_1_1' title="bbox 597 348 3891 439; baseline -0.004 -1"><span class='ocrx_word' id='word_1_1' title='bbox 597 373 659 439; x_wconf 73' lang='grc' dir='ltr'><strong>ιι</strong></span> <span class='ocrx_word' id='word_1_2' title='bbox 1781 370 1850 433; x_wconf 81' lang='lat' dir='ltr'><strong>lN</strong></span> <span class='ocrx_word' id='word_1_3' title='bbox 1886 370 2132 433; x_wconf 74' lang='lat' dir='ltr'><strong>uanos</strong></span> <span class='ocrx_word' id='word_1_4' title='bbox 2171 368 2259 429; x_wconf 78' lang='lat' dir='ltr'><strong>ou</strong></span> <span class='ocrx_word' id='word_1_5' title='bbox 2296 366 2673 429; x_wconf 70' lang='lat' dir='ltr'><strong>manare</strong></span> <span class='ocrx_word' id='word_1_6' title='bbox 3830 348 3891 427; x_wconf 67' lang='lat' dir='ltr'><strong>ii</strong></span> 
     </span>
    </p>
   </div>
   <div class='ocr_carea' id='block_1_2' title="bbox 596 486 3891 569">
    <p class='ocr_par' dir='ltr' id='par_1_2' title="bbox 596 486 3891 569">
     <span class='ocr_line' id='line_1_2' title="bbox 596 486 3891 569; baseline -0.004 -16"><span class='ocrx_word' id='word_1_7' title='bbox 596 499 867 553; x_wconf 78' lang='lat' dir='ltr'><strong>(rationem</strong></span> <span class='ocrx_word' id='word_1_8' title='bbox 908 503 1084 565; x_wconf 90' lang='lat' dir='ltr'><strong>vocat,</strong></span> <span class='ocrx_word' id='word_1_9' title='bbox 1114 495 1373 569; x_wconf 82' lang='lat' dir='ltr'><strong>quidquid</strong></span> <span class='ocrx_word' id='word_1_10' title='bbox 1421 510 1488 553; x_wconf 91' lang='lat' dir='ltr'><strong>eo</strong></span> <span class='ocrx_word' id='word_1_11' title='bbox 1527 510 1703 568; x_wconf 88' lang='lat' dir='ltr'><strong>usque</strong></span> <span class='ocrx_word' id='word_1_12' title='bbox 1742 496 2021 553; x_wconf 73' lang='lat' dir='ltr'><strong>disseruit.</strong></span> <span class='ocrx_word' id='word_1_13' title='bbox 2053 493 2195 561; x_wconf 86' lang='lat' dir='ltr'><strong>Quid</strong></span> <span class='ocrx_word' id='word_1_14' title='bbox 2219 492 2274 555; x_wconf 83' lang='grc' dir='ltr'><strong>Α</strong></span> <span class='ocrx_word' id='word_1_15' title='bbox 2300 492 2391 547; x_wconf 86' lang='lat' dir='ltr'><strong>bus</strong></span> <span class='ocrx_word' id='word_1_16' title='bbox 2414 508 2592 546; x_wconf 89' lang='lat' dir='ltr'><strong>eorum</strong></span> <span class='ocrx_word' id='word_1_17' title='bbox 2615 488 2826 562; x_wconf 86' lang='lat' dir='ltr'><strong>agnitis,</strong></span> <span class='ocrx_word' id='word_1_18' title='bbox 2850 486 2978 560; x_wconf 86' lang='lat' dir='ltr'><strong>tegis</strong></span> <span class='ocrx_word' id='word_1_19' title='bbox 3004 496 3050 541; x_wconf 91' lang='lat' dir='ltr'><strong>et</strong></span> <span class='ocrx_word' id='word_1_20' title='bbox 3076 487 3446 559; x_wconf 81' lang='lat' dir='ltr'><strong>prapltetarum</strong></span> <span class='ocrx_word' id='word_1_21' title='bbox 3474 493 3627 561; x_wconf 86' lang='lat' dir='ltr'><strong>atque</strong></span> <span class='ocrx_word' id='word_1_22' title='bbox 3644 488 3891 558; x_wconf 81' lang='lat' dir='ltr'><strong>evangeli-</strong></span> 
     </span>
    </p>
   </div>
   <div class='ocr_carea' id='block_1_3' title="bbox 596 587 2246 663">
    <p class='ocr_par' dir='ltr' id='par_1_3' title="bbox 596 587 2246 663">
     <span class='ocr_line' id='line_1_3' title="bbox 596 587 2246 663; baseline -0.002 -18"><span class='ocrx_word' id='word_1_23' title='bbox 596 607 727 648; x_wconf 89' lang='lat' dir='ltr'><strong>vero</strong></span> <span class='ocrx_word' id='word_1_24' title='bbox 758 591 861 646; x_wconf 86' lang='lat' dir='ltr'><strong>sibi</strong></span> <span class='ocrx_word' id='word_1_25' title='bbox 883 591 1014 646; x_wconf 90' lang='lat' dir='ltr'><strong>velit</strong></span> <span class='ocrx_word' id='word_1_26' title='bbox 1041 589 1346 663; x_wconf 72' lang='lat' dir='ltr'><strong>evangelica:</strong></span> <span class='ocrx_word' id='word_1_27' title='bbox 1370 588 1491 661; x_wconf 83' lang='lat' dir='ltr'><strong>ﬁdei</strong></span> <span class='ocrx_word' id='word_1_28' title='bbox 1517 599 1914 653; x_wconf 71' lang='lat' dir='ltr'><strong>sacramentum,</strong></span> <span class='ocrx_word' id='word_1_29' title='bbox 1953 602 2073 659; x_wconf 83' lang='lat' dir='ltr'><strong>cap.</strong></span> <span class='ocrx_word' id='word_1_30' title='bbox 2125 587 2192 642; x_wconf 80' lang='grc'><strong>13</strong></span> <span class='ocrx_word' id='word_1_31' title='bbox 2231 642 2246 657; x_wconf 67' lang='lat'><strong>,</strong></span> 
     </span>
    </p>
   </div>
   <div class='ocr_carea' id='block_1_4' title="bbox 597 678 2193 752">
    <p class='ocr_par' dir='ltr' id='par_1_4' title="bbox 597 678 2193 752">
     <span class='ocr_line' id='line_1_4' title="bbox 597 678 2193 752; baseline -0.004 -14"><span class='ocrx_word' id='word_1_32' title='bbox 597 684 652 738; x_wconf 89' lang='lat' dir='ltr'><strong>in</strong></span> <span class='ocrx_word' id='word_1_33' title='bbox 693 682 907 750; x_wconf 86' lang='lat' dir='ltr'><strong>Mattb.,</strong></span> <span class='ocrx_word' id='word_1_34' title='bbox 939 699 994 737; x_wconf 87' lang='grc' dir='ltr'>ιι.</span> <span class='ocrx_word' id='word_1_35' title='bbox 1027 683 1081 749; x_wconf 90' lang='lat'><strong>6,</strong></span> <span class='ocrx_word' id='word_1_36' title='bbox 1120 682 1358 752; x_wconf 79' lang='lat' dir='ltr'><strong>explicat</strong></span> <span class='ocrx_word' id='word_1_37' title='bbox 1388 681 1470 736; x_wconf 88' lang='lat' dir='ltr'><strong>bis</strong></span> <span class='ocrx_word' id='word_1_38' title='bbox 1513 680 1726 737; x_wconf 83' lang='lat' dir='ltr'><strong>verbis:</strong></span> <span class='ocrx_word' id='word_1_39' title='bbox 1756 680 2082 750; x_wconf 85' lang='lat' dir='ltr'><strong>Quamquam</strong></span> <span class='ocrx_word' id='word_1_40' title='bbox 2124 678 2193 731; x_wconf 89' lang='lat' dir='ltr'><strong>ad</strong></span> 
     </span>
    </p>
   </div>
   <div class='ocr_carea' id='block_1_5' title="bbox 593 769 2193 846">
    <p class='ocr_par' dir='ltr' id='par_1_5' title="bbox 593 769 2193 846">
     <span class='ocr_line' id='line_1_5' title="bbox 593 769 2193 846; baseline -0.006 -15"><span class='ocrx_word' id='word_1_41' title='bbox 593 777 717 846; x_wconf 91' lang='lat' dir='ltr'><strong>ﬁdci</strong></span> <span class='ocrx_word' id='word_1_42' title='bbox 744 782 1144 838; x_wconf 89' lang='lat' dir='ltr'><strong>sacramentum,</strong></span> <span class='ocrx_word' id='word_1_43' title='bbox 1177 774 1233 828; x_wconf 93' lang='lat' dir='ltr'><strong>id</strong></span> <span class='ocrx_word' id='word_1_44' title='bbox 1263 784 1359 841; x_wconf 88' lang='lat' dir='ltr'><strong>est,</strong></span> <span class='ocrx_word' id='word_1_45' title='bbox 1400 773 1468 827; x_wconf 86' lang='lat' dir='ltr'><strong>ad</strong></span> <span class='ocrx_word' id='word_1_46' title='bbox 1496 772 1673 827; x_wconf 77' lang='lat' dir='ltr'><strong>Patris</strong></span> <span class='ocrx_word' id='word_1_47' title='bbox 1700 783 1748 827; x_wconf 90' lang='lat' dir='ltr'><strong>et</strong></span> <span class='ocrx_word' id='word_1_48' title='bbox 1792 771 1921 827; x_wconf 87' lang='lat' dir='ltr'><strong>Filii</strong></span> <span class='ocrx_word' id='word_1_49' title='bbox 1950 780 1996 825; x_wconf 86' lang='lat' dir='ltr'><strong>et</strong></span> <span class='ocrx_word' id='word_1_50' title='bbox 2020 769 2193 841; x_wconf 87' lang='lat' dir='ltr'><strong>Spiri-</strong></span> 
     </span>
    </p>
   </div>
   <div class='ocr_carea' id='block_1_6' title="bbox 602 857 2191 935">
    <p class='ocr_par' dir='ltr' id='par_1_6' title="bbox 602 857 2191 935">
     <span class='ocr_line' id='line_1_6' title="bbox 602 857 2191 935; baseline -0.006 -12"><span class='ocrx_word' id='word_1_51' title='bbox 602 879 684 924; x_wconf 91' lang='lat' dir='ltr'><strong>tus</strong></span> <span class='ocrx_word' id='word_1_52' title='bbox 721 869 885 923; x_wconf 82' lang='lat' dir='ltr'><strong>sancti</strong></span> <span class='ocrx_word' id='word_1_53' title='bbox 924 869 1195 934; x_wconf 88' lang='lat' dir='ltr'><strong>unitatem,</strong></span> <span class='ocrx_word' id='word_1_54' title='bbox 1225 874 1330 922; x_wconf 90' lang='lat' dir='ltr'><strong>etc.</strong></span> <span class='ocrx_word' id='word_1_55' title='bbox 1364 865 1455 920; x_wconf 90' lang='lat' dir='ltr'><strong>ubi</strong></span> <span class='ocrx_word' id='word_1_56' title='bbox 1486 865 1608 935; x_wconf 90' lang='lat' dir='ltr'><strong>ﬁdei</strong></span> <span class='ocrx_word' id='word_1_57' title='bbox 1635 866 2011 920; x_wconf 78' lang='lat' dir='ltr'><strong>sacramentum</strong></span> <span class='ocrx_word' id='word_1_58' title='bbox 2050 857 2191 915; x_wconf 80' lang='lat' dir='ltr'><strong>idem</strong></span> 
     </span>
    </p>
   </div>
   <div class='ocr_carea' id='block_1_7' title="bbox 593 953 2193 1029">
    <p class='ocr_par' dir='ltr' id='par_1_7' title="bbox 593 953 2193 1029">
     <span class='ocr_line' id='line_1_7' title="bbox 593 953 2193 1029; baseline -0.005 -13"><span class='ocrx_word' id='word_1_59' title='bbox 593 962 699 1017; x_wconf 86' lang='lat' dir='ltr'><strong>sibi</strong></span> <span class='ocrx_word' id='word_1_60' title='bbox 723 975 843 1016; x_wconf 89' lang='lat' dir='ltr'><strong>esse</strong></span> <span class='ocrx_word' id='word_1_61' title='bbox 868 959 1153 1029; x_wconf 88' lang='lat' dir='ltr'><strong>significat,</strong></span> <span class='ocrx_word' id='word_1_62' title='bbox 1200 958 1344 1029; x_wconf 87' lang='lat' dir='ltr'><strong>quod</strong></span> <span class='ocrx_word' id='word_1_63' title='bbox 1370 957 1635 1012; x_wconf 75' lang='lat' dir='ltr'><strong>Trinitatis</strong></span> <span class='ocrx_word' id='word_1_64' title='bbox 1673 956 1989 1027; x_wconf 79' lang='lat' dir='ltr'><strong>mysterium.</strong></span> <span class='ocrx_word' id='word_1_65' title='bbox 2029 953 2193 1009; x_wconf 64' lang='lat' dir='ltr'><strong>Mitti«</strong></span> 
     </span>
    </p>
   </div>
   <div class='ocr_carea' id='block_1_8' title="bbox 604 1045 2191 1121">
    <p class='ocr_par' dir='ltr' id='par_1_8' title="bbox 604 1045 2191 1121">
     <span class='ocr_line' id='line_1_8' title="bbox 604 1045 2191 1121; baseline -0.006 -14"><span class='ocrx_word' id='word_1_66' title='bbox 604 1068 726 1108; x_wconf 90' lang='lat' dir='ltr'><strong>mus</strong></span> <span class='ocrx_word' id='word_1_67' title='bbox 752 1053 970 1107; x_wconf 77' lang='lat' dir='ltr'><strong>interim</strong></span> <span class='ocrx_word' id='word_1_68' title='bbox 1020 1051 1295 1121; x_wconf 80' lang='lat' dir='ltr'><strong>singulare</strong></span> <span class='ocrx_word' id='word_1_69' title='bbox 1347 1050 1401 1103; x_wconf 90' lang='lat' dir='ltr'><strong>in</strong></span> <span class='ocrx_word' id='word_1_70' title='bbox 1430 1049 1497 1104; x_wconf 89' lang='lat' dir='ltr'><strong>iis</strong></span> <span class='ocrx_word' id='word_1_71' title='bbox 1536 1048 1686 1103; x_wconf 88' lang='lat' dir='ltr'><strong>libris</strong></span> <span class='ocrx_word' id='word_1_72' title='bbox 1719 1048 1900 1103; x_wconf 86' lang='lat' dir='ltr'><strong>haberi</strong></span> <span class='ocrx_word' id='word_1_73' title='bbox 1934 1045 2191 1117; x_wconf 86' lang='lat' dir='ltr'><strong>pralroci-</strong></span> 
     </span>
    </p>
   </div>
   <div class='ocr_carea' id='block_1_9' title="bbox 597 1137 2191 1212">
    <p class='ocr_par' dir='ltr' id='par_1_9' title="bbox 597 1137 2191 1212">
     <span class='ocr_line' id='line_1_9' title="bbox 597 1137 2191 1212; baseline -0.005 -13"><span class='ocrx_word' id='word_1_74' title='bbox 597 1146 743 1200; x_wconf 77' lang='lat' dir='ltr'><strong>nium</strong></span> <span class='ocrx_word' id='word_1_75' title='bbox 774 1143 921 1200; x_wconf 81' lang='lat' dir='ltr'><strong>fidei.</strong></span> <span class='ocrx_word' id='word_1_76' title='bbox 954 1143 1031 1199; x_wconf 84' lang='lat' dir='ltr'><strong>Eo</strong></span> <span class='ocrx_word' id='word_1_77' title='bbox 1063 1150 1298 1212; x_wconf 79' lang='lat' dir='ltr'><strong>namque</strong></span> <span class='ocrx_word' id='word_1_78' title='bbox 1336 1142 1517 1196; x_wconf 84' lang='lat' dir='ltr'><strong>statim</strong></span> <span class='ocrx_word' id='word_1_79' title='bbox 1564 1139 1881 1211; x_wconf 83' lang='lat' dir='ltr'><strong>perducitur</strong></span> <span class='ocrx_word' id='word_1_80' title='bbox 1920 1138 2056 1193; x_wconf 83' lang='lat' dir='ltr'><strong>liber</strong></span> <span class='ocrx_word' id='word_1_81' title='bbox 2080 1137 2191 1206; x_wconf 86' lang='lat' dir='ltr'><strong>pri-</strong></span> 
     </span>
    </p>
   </div>
   <div class='ocr_carea' id='block_1_10' title="bbox 593 1228 2193 1306">
    <p class='ocr_par' dir='ltr' id='par_1_10' title="bbox 593 1228 2193 1306">
     <span class='ocr_line' id='line_1_10' title="bbox 593 1228 2193 1306; baseline -0.008 -11"><span class='ocrx_word' id='word_1_82' title='bbox 593 1254 737 1306; x_wconf 83' lang='lat' dir='ltr'><strong>mus,</strong></span> <span class='ocrx_word' id='word_1_83' title='bbox 770 1238 904 1293; x_wconf 89' lang='lat' dir='ltr'><strong>utin</strong></span> <span class='ocrx_word' id='word_1_84' title='bbox 931 1237 1021 1291; x_wconf 89' lang='lat' dir='ltr'><strong>Dei</strong></span> <span class='ocrx_word' id='word_1_85' title='bbox 1048 1237 1212 1291; x_wconf 85' lang='lat' dir='ltr'><strong>rebus</strong></span> <span class='ocrx_word' id='word_1_86' title='bbox 1233 1250 1338 1291; x_wconf 90' lang='lat' dir='ltr'><strong>non</strong></span> <span class='ocrx_word' id='word_1_87' title='bbox 1370 1232 1609 1289; x_wconf 89' lang='lat' dir='ltr'><strong>humano</strong></span> <span class='ocrx_word' id='word_1_88' title='bbox 1633 1234 1837 1299; x_wconf 90' lang='lat' dir='ltr'><strong>sensui,</strong></span> <span class='ocrx_word' id='word_1_89' title='bbox 1861 1230 1956 1287; x_wconf 91' lang='lat' dir='ltr'><strong>sed</strong></span> <span class='ocrx_word' id='word_1_90' title='bbox 1988 1228 2083 1286; x_wconf 85' lang='lat' dir='ltr'><strong>Dei</strong></span> <span class='ocrx_word' id='word_1_91' title='bbox 2111 1231 2193 1301; x_wconf 85' lang='lat' dir='ltr'><strong>lp-</strong></span> 
     </span>
    </p>
   </div>
   <div class='ocr_carea' id='block_1_11' title="bbox 593 1327 2193 1398">
    <p class='ocr_par' dir='ltr' id='par_1_11' title="bbox 593 1327 2193 1398">
     <span class='ocr_line' id='line_1_11' title="bbox 593 1327 2193 1398; baseline -0.008 -8"><span class='ocrx_word' id='word_1_92' title='bbox 593 1334 708 1390; x_wconf 86' lang='lat' dir='ltr'><strong>sius</strong></span> <span class='ocrx_word' id='word_1_93' title='bbox 738 1333 805 1388; x_wconf 82' lang='lat' dir='ltr'><strong>de</strong></span> <span class='ocrx_word' id='word_1_94' title='bbox 834 1346 896 1389; x_wconf 86' lang='lat' dir='ltr'><strong>se</strong></span> <span class='ocrx_word' id='word_1_95' title='bbox 919 1330 1243 1387; x_wconf 84' lang='lat' dir='ltr'><strong>testimoniis</strong></span> <span class='ocrx_word' id='word_1_96' title='bbox 1286 1329 1617 1386; x_wconf 86' lang='lat' dir='ltr'><strong>credendum</strong></span> <span class='ocrx_word' id='word_1_97' title='bbox 1643 1343 1766 1384; x_wconf 87' lang='lat' dir='ltr'><strong>esse</strong></span> <span class='ocrx_word' id='word_1_98' title='bbox 1795 1327 2024 1398; x_wconf 85' lang='lat' dir='ltr'><strong>quisque</strong></span> <span class='ocrx_word' id='word_1_99' title='bbox 2072 1340 2193 1395; x_wconf 72' lang='lat' dir='ltr'><strong>per.</strong></span> 
     </span>
    </p>
   </div>
   <div class='ocr_carea' id='block_1_12' title="bbox 596 1419 2188 1485">
    <p class='ocr_par' dir='ltr' id='par_1_12' title="bbox 596 1419 2188 1485">
     <span class='ocr_line' id='line_1_12' title="bbox 596 1419 2188 1485; baseline -0.008 0"><span class='ocrx_word' id='word_1_100' title='bbox 596 1427 907 1485; x_wconf 75' lang='lat' dir='ltr'><strong>suadentur.</strong></span> <span class='ocrx_word' id='word_1_101' title='bbox 958 1425 1093 1481; x_wconf 86' lang='lat' dir='ltr'><strong>Tum</strong></span> <span class='ocrx_word' id='word_1_102' title='bbox 1117 1426 1254 1481; x_wconf 90' lang='lat' dir='ltr'><strong>liber</strong></span> <span class='ocrx_word' id='word_1_103' title='bbox 1278 1426 1471 1480; x_wconf 86' lang='lat' dir='ltr'><strong>tertius</strong></span> <span class='ocrx_word' id='word_1_104' title='bbox 1500 1423 1627 1478; x_wconf 90' lang='lat' dir='ltr'><strong>inid</strong></span> <span class='ocrx_word' id='word_1_105' title='bbox 1647 1436 1813 1477; x_wconf 90' lang='lat' dir='ltr'><strong>unum</strong></span> <span class='ocrx_word' id='word_1_106' title='bbox 1836 1421 1935 1476; x_wconf 89' lang='lat' dir='ltr'><strong>niti</strong></span> <span class='ocrx_word' id='word_1_107' title='bbox 1958 1419 2188 1485; x_wconf 87' lang='lat' dir='ltr'><strong>videtur,</strong></span> 
     </span>
    </p>
   </div>
   <div class='ocr_carea' id='block_1_13' title="bbox 590 1512 2192 1592">
    <p class='ocr_par' dir='ltr' id='par_1_13' title="bbox 590 1512 2192 1592">
     <span class='ocr_line' id='line_1_13' title="bbox 590 1512 2192 1592; baseline -0.008 -13"><span class='ocrx_word' id='word_1_108' title='bbox 590 1532 653 1580; x_wconf 89' lang='lat' dir='ltr'><strong>ut</strong></span> <span class='ocrx_word' id='word_1_109' title='bbox 688 1522 756 1578; x_wconf 85' lang='lat' dir='ltr'><strong>ad</strong></span> <span class='ocrx_word' id='word_1_110' title='bbox 803 1521 1094 1592; x_wconf 86' lang='lat' dir='ltr'><strong>capiendas</strong></span> <span class='ocrx_word' id='word_1_111' title='bbox 1136 1534 1227 1575; x_wconf 85' lang='lat' dir='ltr'><strong>res</strong></span> <span class='ocrx_word' id='word_1_112' title='bbox 1276 1518 1485 1573; x_wconf 82' lang='lat' dir='ltr'><strong>divinas</strong></span> <span class='ocrx_word' id='word_1_113' title='bbox 1540 1517 1817 1572; x_wconf 86' lang='lat' dir='ltr'><strong>hominem</strong></span> <span class='ocrx_word' id='word_1_114' title='bbox 1864 1512 2192 1569; x_wconf 88' lang='lat' dir='ltr'><strong>infirmitatis</strong></span> 
     </span>
    </p>
   </div>
   <div class='ocr_carea' id='block_1_14' title="bbox 590 1602 2196 1681">
    <p class='ocr_par' dir='ltr' id='par_1_14' title="bbox 590 1602 2196 1681">
     <span class='ocr_line' id='line_1_14' title="bbox 590 1602 2196 1681; baseline -0.007 -9"><span class='ocrx_word' id='word_1_115' title='bbox 590 1630 704 1672; x_wconf 73' lang='lat' dir='ltr'><strong>sum</strong></span> <span class='ocrx_word' id='word_1_116' title='bbox 743 1615 1048 1674; x_wconf 81' lang='lat' dir='ltr'><strong>convincat,</strong></span> <span class='ocrx_word' id='word_1_117' title='bbox 1076 1612 1377 1681; x_wconf 83' lang='lat' dir='ltr'><strong>doceatque</strong></span> <span class='ocrx_word' id='word_1_118' title='bbox 1407 1610 1617 1665; x_wconf 88' lang='lat' dir='ltr'><strong>nullum</strong></span> <span class='ocrx_word' id='word_1_119' title='bbox 1642 1609 1690 1663; x_wconf 91' lang='lat' dir='ltr'><strong>ei</strong></span> <span class='ocrx_word' id='word_1_120' title='bbox 1716 1622 1837 1663; x_wconf 89' lang='lat' dir='ltr'><strong>esse</strong></span> <span class='ocrx_word' id='word_1_121' title='bbox 1865 1606 1968 1659; x_wconf 88' lang='lat' dir='ltr'><strong>nisi</strong></span> <span class='ocrx_word' id='word_1_122' title='bbox 2001 1604 2055 1659; x_wconf 91' lang='lat' dir='ltr'><strong>in</strong></span> <span class='ocrx_word' id='word_1_123' title='bbox 2087 1602 2196 1660; x_wconf 83' lang='lat' dir='ltr'><strong>fide</strong></span> 
     </span>
    </p>
   </div>
   <div class='ocr_carea' id='block_1_15' title="bbox 589 1697 2193 1782">
    <p class='ocr_par' dir='ltr' id='par_1_15' title="bbox 589 1697 2193 1782">
     <span class='ocr_line' id='line_1_15' title="bbox 589 1697 2193 1782; baseline -0.009 -16"><span class='ocrx_word' id='word_1_124' title='bbox 589 1709 921 1782; x_wconf 73' lang='lat' dir='ltr'><strong>prtesidlum.</strong></span> <span class='ocrx_word' id='word_1_125' title='bbox 938 1706 1091 1773; x_wconf 84' lang='lat' dir='ltr'><strong>Quod</strong></span> <span class='ocrx_word' id='word_1_126' title='bbox 1112 1705 1329 1773; x_wconf 82' lang='lat' dir='ltr'><strong>quidem</strong></span> <span class='ocrx_word' id='word_1_127' title='bbox 1358 1718 1569 1758; x_wconf 80' lang='lat' dir='ltr'><strong>rursum</strong></span> <span class='ocrx_word' id='word_1_128' title='bbox 1593 1712 1810 1773; x_wconf 84' lang='lat' dir='ltr'><strong>quarto,</strong></span> <span class='ocrx_word' id='word_1_129' title='bbox 1830 1698 2039 1770; x_wconf 86' lang='lat' dir='ltr'><strong>quinto,</strong></span> <span class='ocrx_word' id='word_1_130' title='bbox 2056 1697 2193 1752; x_wconf 88' lang='lat' dir='ltr'><strong>aliis-</strong></span> 
     </span>
    </p>
   </div>
   <div class='ocr_carea' id='block_1_16' title="bbox 587 1795 1603 1872">
    <p class='ocr_par' dir='ltr' id='par_1_16' title="bbox 587 1795 1603 1872">
     <span class='ocr_line' id='line_1_16' title="bbox 587 1795 1603 1872; baseline -0.007 -17"><span class='ocrx_word' id='word_1_131' title='bbox 587 1814 691 1872; x_wconf 77' lang='lat' dir='ltr'><strong>que</strong></span> <span class='ocrx_word' id='word_1_132' title='bbox 710 1801 858 1855; x_wconf 81' lang='lat' dir='ltr'><strong>libris</strong></span> <span class='ocrx_word' id='word_1_133' title='bbox 883 1808 1251 1868; x_wconf 66' lang='lat' dir='ltr'><strong>mepenumero</strong></span> <span class='ocrx_word' id='word_1_134' title='bbox 1278 1795 1603 1851; x_wconf 69' lang='lat' dir='ltr'><strong>inculcetur.</strong></span> 
     </span>
    </p>
   </div>
   <div class='ocr_carea' id='block_1_17' title="bbox 2295 580 3891 650">
    <p class='ocr_par' dir='ltr' id='par_1_17' title="bbox 2295 580 3891 650">
     <span class='ocr_line' id='line_1_17' title="bbox 2295 580 3891 650; baseline -0.005 -12"><span class='ocrx_word' id='word_1_135' title='bbox 2295 598 2471 638; x_wconf 87' lang='lat' dir='ltr'><strong>corum</strong></span> <span class='ocrx_word' id='word_1_136' title='bbox 2534 582 2938 639; x_wconf 65' lang='lat' dir='ltr'><strong>testimoniorum</strong></span> <span class='ocrx_word' id='word_1_137' title='bbox 2986 580 3402 650; x_wconf 83' lang='lat' dir='ltr'><strong>responsionibIts</strong></span> <span class='ocrx_word' id='word_1_138' title='bbox 3448 596 3627 635; x_wconf 87' lang='lat' dir='ltr'><strong>eorum</strong></span> <span class='ocrx_word' id='word_1_139' title='bbox 3660 594 3891 634; x_wconf 81' lang='lat' dir='ltr'><strong>vesanam</strong></span> 
     </span>
    </p>
   </div>
   <div class='ocr_carea' id='block_1_18' title="bbox 2295 671 3892 743">
    <p class='ocr_par' dir='ltr' id='par_1_18' title="bbox 2295 671 3892 743">
     <span class='ocr_line' id='line_1_18' title="bbox 2295 671 3892 743; baseline -0.002 -14"><span class='ocrx_word' id='word_1_140' title='bbox 2295 676 2587 731; x_wconf 77' lang='lat' dir='ltr'><strong>doctrinam</strong></span> <span class='ocrx_word' id='word_1_141' title='bbox 2620 675 2928 741; x_wconf 83' lang='lat' dir='ltr'><strong>destrueret,</strong></span> <span class='ocrx_word' id='word_1_142' title='bbox 2953 682 3001 727; x_wconf 89' lang='lat' dir='ltr'><strong>et</strong></span> <span class='ocrx_word' id='word_1_143' title='bbox 3048 673 3203 743; x_wconf 83' lang='lat' dir='ltr'><strong>ﬁdem</strong></span> <span class='ocrx_word' id='word_1_144' title='bbox 3249 672 3497 729; x_wconf 72' lang='lat' dir='ltr'><strong>Ecclesia:</strong></span> <span class='ocrx_word' id='word_1_145' title='bbox 3521 673 3724 743; x_wconf 86' lang='lat' dir='ltr'><strong>ﬁrmius</strong></span> <span class='ocrx_word' id='word_1_146' title='bbox 3750 671 3892 727; x_wconf 87' lang='lat' dir='ltr'><strong>robo-</strong></span> 
     </span>
    </p>
   </div>
   <div class='ocr_carea' id='block_1_19' title="bbox 2292 780 2454 824">
    <p class='ocr_par' dir='ltr' id='par_1_19' title="bbox 2292 780 2454 824">
     <span class='ocr_line' id='line_1_19' title="bbox 2292 780 2454 824; baseline -0.019 1"><span class='ocrx_word' id='word_1_147' title='bbox 2292 780 2454 824; x_wconf 72' lang='lat' dir='ltr'><strong>roret.</strong></span> 
     </span>
    </p>
   </div>
   <div class='ocr_carea' id='block_1_20' title="bbox 2367 844 3891 930">
    <p class='ocr_par' dir='ltr' id='par_1_20' title="bbox 2367 844 3891 930">
     <span class='ocr_line' id='line_1_20' title="bbox 2367 844 3891 930; baseline -0.003 -17"><span class='ocrx_word' id='word_1_148' title='bbox 2367 854 2478 915; x_wconf 78' lang='lat' dir='ltr'><strong>Vil.</strong></span> <span class='ocrx_word' id='word_1_149' title='bbox 2520 844 2595 914; x_wconf 68' lang='lat' dir='ltr'><strong>Ut</strong></span> <span class='ocrx_word' id='word_1_150' title='bbox 2622 852 2872 930; x_wconf 64' lang='lat' dir='ltr'><strong>eﬁcacius</strong></span> <span class='ocrx_word' id='word_1_151' title='bbox 2902 858 3261 928; x_wconf 76' lang='lat' dir='ltr'><strong>confutentur,</strong></span> <span class='ocrx_word' id='word_1_152' title='bbox 3310 856 3467 912; x_wconf 85' lang='lat' dir='ltr'><strong>simul</strong></span> <span class='ocrx_word' id='word_1_153' title='bbox 3509 856 3765 928; x_wconf 79' lang='lat' dir='ltr'><strong>refellitur</strong></span> <span class='ocrx_word' id='word_1_154' title='bbox 3797 854 3891 911; x_wconf 88' lang='lat' dir='ltr'><strong>Sa-</strong></span> 
     </span>
    </p>
   </div>
   <div class='ocr_carea' id='block_1_21' title="bbox 2295 948 3894 1024">
    <p class='ocr_par' dir='ltr' id='par_1_21' title="bbox 2295 948 3894 1024">
     <span class='ocr_line' id='line_1_21' title="bbox 2295 948 3894 1024; baseline -0.003 -16"><span class='ocrx_word' id='word_1_155' title='bbox 2295 953 2500 1008; x_wconf 85' lang='lat' dir='ltr'><strong>bellius.</strong></span> <span class='ocrx_word' id='word_1_156' title='bbox 2532 982 2604 993; x_wconf 91' lang='lat'><strong><em>—</em></strong></span> <span class='ocrx_word' id='word_1_157' title='bbox 2632 953 2745 1008; x_wconf 81' lang='lat' dir='ltr'><strong>Non</strong></span> <span class='ocrx_word' id='word_1_158' title='bbox 2779 952 2979 1008; x_wconf 90' lang='lat' dir='ltr'><strong>minori</strong></span> <span class='ocrx_word' id='word_1_159' title='bbox 3022 952 3240 1024; x_wconf 88' lang='lat' dir='ltr'><strong>quidem</strong></span> <span class='ocrx_word' id='word_1_160' title='bbox 3287 959 3483 1006; x_wconf 87' lang='lat' dir='ltr'><strong>conatu</strong></span> <span class='ocrx_word' id='word_1_161' title='bbox 3512 949 3773 1005; x_wconf 87' lang='lat' dir='ltr'><strong>adversus</strong></span> <span class='ocrx_word' id='word_1_162' title='bbox 3801 948 3894 1005; x_wconf 84' lang='lat' dir='ltr'><strong>Sa-</strong></span> 
     </span>
    </p>
   </div>
   <div class='ocr_carea' id='block_1_22' title="bbox 2293 1042 3894 1116">
    <p class='ocr_par' dir='ltr' id='par_1_22' title="bbox 2293 1042 3894 1116">
     <span class='ocr_line' id='line_1_22' title="bbox 2293 1042 3894 1116; baseline -0.003 -16"><span class='ocrx_word' id='word_1_163' title='bbox 2293 1043 2458 1108; x_wconf 89' lang='lat' dir='ltr'><strong>bellii,</strong></span> <span class='ocrx_word' id='word_1_164' title='bbox 2494 1060 2655 1116; x_wconf 88' lang='lat' dir='ltr'><strong>quam</strong></span> <span class='ocrx_word' id='word_1_165' title='bbox 2699 1045 2959 1101; x_wconf 90' lang='lat' dir='ltr'><strong>adversus</strong></span> <span class='ocrx_word' id='word_1_166' title='bbox 3006 1043 3121 1099; x_wconf 85' lang='lat' dir='ltr'><strong>Arii</strong></span> <span class='ocrx_word' id='word_1_167' title='bbox 3162 1050 3470 1099; x_wconf 87' lang='lat' dir='ltr'><strong>commenta</strong></span> <span class='ocrx_word' id='word_1_168' title='bbox 3515 1042 3729 1097; x_wconf 90' lang='lat' dir='ltr'><strong>videtur</strong></span> <span class='ocrx_word' id='word_1_169' title='bbox 3768 1056 3894 1097; x_wconf 91' lang='lat' dir='ltr'><strong>cou-</strong></span> 
     </span>
    </p>
   </div>
   <div class='ocr_carea' id='block_1_23' title="bbox 2298 1126 3894 1208">
    <p class='ocr_par' dir='ltr' id='par_1_23' title="bbox 2298 1126 3894 1208">
     <span class='ocr_line' id='line_1_23' title="bbox 2298 1126 3894 1208; baseline -0.002 -16"><span class='ocrx_word' id='word_1_170' title='bbox 2298 1137 2523 1194; x_wconf 85' lang='lat' dir='ltr'><strong>tendere</strong></span> <span class='ocrx_word' id='word_1_171' title='bbox 2551 1155 2564 1190; x_wconf 85' lang='lat'><strong>:</strong></span> <span class='ocrx_word' id='word_1_172' title='bbox 2595 1134 2692 1194; x_wconf 87' lang='lat' dir='ltr'><strong>sed</strong></span> <span class='ocrx_word' id='word_1_173' title='bbox 2718 1136 2824 1193; x_wconf 83' lang='lat' dir='ltr'><strong>hoe</strong></span> <span class='ocrx_word' id='word_1_174' title='bbox 2852 1146 3056 1193; x_wconf 85' lang='lat' dir='ltr'><strong>tantum</strong></span> <span class='ocrx_word' id='word_1_175' title='bbox 3086 1138 3216 1208; x_wconf 82' lang='lat' dir='ltr'><strong>agit,</strong></span> <span class='ocrx_word' id='word_1_176' title='bbox 3264 1142 3326 1192; x_wconf 87' lang='lat' dir='ltr'><strong>ut</strong></span> <span class='ocrx_word' id='word_1_177' title='bbox 3353 1135 3582 1191; x_wconf 74' lang='lat' dir='ltr'><strong>Ariands</strong></span> <span class='ocrx_word' id='word_1_178' title='bbox 3626 1126 3894 1189; x_wconf 82' lang='lat' dir='ltr'><strong>efficacius</strong></span> 
     </span>
    </p>
   </div>
   <div class='ocr_carea' id='block_1_24' title="bbox 2294 1226 3895 1304">
    <p class='ocr_par' dir='ltr' id='par_1_24' title="bbox 2294 1226 3895 1304">
     <span class='ocr_line' id='line_1_24' title="bbox 2294 1226 3895 1304; baseline -0.001 -17"><span class='ocrx_word' id='word_1_179' title='bbox 2294 1232 2548 1304; x_wconf 77' lang='lat' dir='ltr'><strong>conligat,</strong></span> <span class='ocrx_word' id='word_1_180' title='bbox 2577 1246 2732 1303; x_wconf 87' lang='lat' dir='ltr'><strong>quos,</strong></span> <span class='ocrx_word' id='word_1_181' title='bbox 2766 1240 2824 1287; x_wconf 90' lang='lat' dir='ltr'><strong>ut</strong></span> <span class='ocrx_word' id='word_1_182' title='bbox 2851 1233 2967 1302; x_wconf 88' lang='lat' dir='ltr'><strong>ipse</strong></span> <span class='ocrx_word' id='word_1_183' title='bbox 2993 1239 3146 1286; x_wconf 88' lang='lat' dir='ltr'><strong>notat</strong></span> <span class='ocrx_word' id='word_1_184' title='bbox 3180 1230 3274 1287; x_wconf 90' lang='lat' dir='ltr'><strong>lib.</strong></span> <span class='ocrx_word' id='word_1_185' title='bbox 3306 1247 3360 1298; x_wconf 86' lang='lat' dir='ltr'><strong>x,</strong></span> <span class='ocrx_word' id='word_1_186' title='bbox 3392 1240 3543 1285; x_wconf 86' lang='lat' dir='ltr'><strong>num.</strong></span> <span class='ocrx_word' id='word_1_187' title='bbox 3586 1226 3639 1297; x_wconf 74' lang='grc'><strong>5,</strong></span> <span class='ocrx_word' id='word_1_188' title='bbox 3671 1226 3895 1285; x_wconf 80' lang='lat' dir='ltr'><strong>validis-</strong></span> 
     </span>
    </p>
   </div>
   <div class='ocr_carea' id='block_1_25' title="bbox 2294 1321 3894 1380">
    <p class='ocr_par' dir='ltr' id='par_1_25' title="bbox 2294 1321 3894 1380">
     <span class='ocr_line' id='line_1_25' title="bbox 2294 1321 3894 1380; baseline -0.002 -1"><span class='ocrx_word' id='word_1_189' title='bbox 2294 1327 2447 1380; x_wconf 90' lang='lat' dir='ltr'><strong>simis</strong></span> <span class='ocrx_word' id='word_1_190' title='bbox 2475 1327 2600 1380; x_wconf 90' lang='lat' dir='ltr'><strong>licet</strong></span> <span class='ocrx_word' id='word_1_191' title='bbox 2645 1325 2914 1379; x_wconf 87' lang='lat' dir='ltr'><strong>rationum</strong></span> <span class='ocrx_word' id='word_1_192' title='bbox 2946 1325 3235 1379; x_wconf 89' lang='lat' dir='ltr'><strong>momentis</strong></span> <span class='ocrx_word' id='word_1_193' title='bbox 3263 1334 3550 1379; x_wconf 81' lang='lat' dir='ltr'><strong>conterere</strong></span> <span class='ocrx_word' id='word_1_194' title='bbox 3579 1321 3778 1377; x_wconf 89' lang='lat' dir='ltr'><strong>frustra</strong></span> <span class='ocrx_word' id='word_1_195' title='bbox 3806 1338 3894 1378; x_wconf 85' lang='lat' dir='ltr'><strong>co-</strong></span> 
     </span>
    </p>
   </div>
   <div class='ocr_carea' id='block_1_26' title="bbox 2296 1416 3894 1490">
    <p class='ocr_par' dir='ltr' id='par_1_26' title="bbox 2296 1416 3894 1490">
     <span class='ocr_line' id='line_1_26' title="bbox 2296 1416 3894 1490; baseline 0 -17"><span class='ocrx_word' id='word_1_196' title='bbox 2296 1428 2536 1485; x_wconf 88' lang='lat' dir='ltr'><strong>naretur,</strong></span> <span class='ocrx_word' id='word_1_197' title='bbox 2590 1433 2749 1490; x_wconf 87' lang='lat' dir='ltr'><strong>quam</strong></span> <span class='ocrx_word' id='word_1_198' title='bbox 2775 1418 2866 1473; x_wconf 89' lang='lat' dir='ltr'><strong>diu</strong></span> <span class='ocrx_word' id='word_1_199' title='bbox 2896 1418 2950 1472; x_wconf 91' lang='lat' dir='ltr'><strong>in</strong></span> <span class='ocrx_word' id='word_1_200' title='bbox 2998 1430 3058 1474; x_wconf 90' lang='lat' dir='ltr'><strong>se</strong></span> <span class='ocrx_word' id='word_1_201' title='bbox 3083 1416 3165 1473; x_wconf 85' lang='lat' dir='ltr'><strong>vel</strong></span> <span class='ocrx_word' id='word_1_202' title='bbox 3206 1417 3536 1473; x_wconf 84' lang='lat' dir='ltr'><strong>levissimam</strong></span> <span class='ocrx_word' id='word_1_203' title='bbox 3564 1418 3894 1489; x_wconf 84' lang='lat' dir='ltr'><strong>relinqueret</strong></span> 
     </span>
    </p>
   </div>
   <div class='ocr_carea' id='block_1_27' title="bbox 2294 1508 3898 1583">
    <p class='ocr_par' dir='ltr' id='par_1_27' title="bbox 2294 1508 3898 1583">
     <span class='ocr_line' id='line_1_27' title="bbox 2294 1508 3898 1583; baseline 0 -15"><span class='ocrx_word' id='word_1_204' title='bbox 2294 1511 2619 1568; x_wconf 73' lang='lat' dir='ltr'><strong>Sabellianm</strong></span> <span class='ocrx_word' id='word_1_205' title='bbox 2662 1512 2800 1568; x_wconf 89' lang='lat' dir='ltr'><strong>labis</strong></span> <span class='ocrx_word' id='word_1_206' title='bbox 2823 1512 3210 1582; x_wconf 78' lang='lat' dir='ltr'><strong>suspicionem.</strong></span> <span class='ocrx_word' id='word_1_207' title='bbox 3264 1511 3372 1567; x_wconf 87' lang='lat' dir='ltr'><strong>Sub</strong></span> <span class='ocrx_word' id='word_1_208' title='bbox 3399 1512 3608 1583; x_wconf 87' lang='lat' dir='ltr'><strong>specula</strong></span> <span class='ocrx_word' id='word_1_209' title='bbox 3633 1508 3790 1578; x_wconf 83' lang='lat' dir='ltr'><strong>enim,</strong></span> <span class='ocrx_word' id='word_1_210' title='bbox 3820 1513 3898 1568; x_wconf 89' lang='lat' dir='ltr'><strong>in-</strong></span> 
     </span>
    </p>
   </div>
   <div class='ocr_carea' id='block_1_28' title="bbox 2295 1604 3896 1678">
    <p class='ocr_par' dir='ltr' id='par_1_28' title="bbox 2295 1604 3896 1678">
     <span class='ocr_line' id='line_1_28' title="bbox 2295 1604 3896 1678; baseline 0.002 -21"><span class='ocrx_word' id='word_1_211' title='bbox 2295 1605 2430 1676; x_wconf 90' lang='lat' dir='ltr'><strong>quit,</strong></span> <span class='ocrx_word' id='word_1_212' title='bbox 2461 1606 2689 1659; x_wconf 91' lang='lat' dir='ltr'><strong>omnium</strong></span> <span class='ocrx_word' id='word_1_213' title='bbox 2732 1604 3087 1661; x_wconf 65' lang='lat' dir='ltr'><strong>haereticorum</strong></span> <span class='ocrx_word' id='word_1_214' title='bbox 3139 1605 3207 1659; x_wconf 86' lang='lat' dir='ltr'><strong>ad</strong></span> <span class='ocrx_word' id='word_1_215' title='bbox 3250 1606 3544 1660; x_wconf 84' lang='lat' dir='ltr'><strong>occasiones</strong></span> <span class='ocrx_word' id='word_1_216' title='bbox 3572 1606 3896 1678; x_wconf 87' lang='lat' dir='ltr'><strong>singulorum</strong></span> 
     </span>
    </p>
   </div>
   <div class='ocr_carea' id='block_1_29' title="bbox 2294 1681 3898 1771">
    <p class='ocr_par' dir='ltr' id='par_1_29' title="bbox 2294 1681 3898 1771">
     <span class='ocr_line' id='line_1_29' title="bbox 2294 1681 3898 1771; baseline 0.002 -20"><span class='ocrx_word' id='word_1_217' title='bbox 2294 1695 2558 1752; x_wconf 83' lang='lat' dir='ltr'><strong>verbon</strong></span> <span class='ocrx_word' id='word_1_218' title='bbox 2582 1681 2637 1752; x_wconf 84' lang='lat' dir='ltr'><strong>in</strong></span> <span class='ocrx_word' id='word_1_219' title='bbox 2665 1715 2721 1753; x_wconf 92' lang='lat' dir='ltr'><strong>os</strong></span> <span class='ocrx_word' id='word_1_220' title='bbox 2746 1714 2915 1753; x_wconf 89' lang='lat' dir='ltr'><strong>meum</strong></span> <span class='ocrx_word' id='word_1_221' title='bbox 2940 1699 3271 1771; x_wconf 85' lang='lat' dir='ltr'><strong>pendentium</strong></span> <span class='ocrx_word' id='word_1_222' title='bbox 3296 1700 3493 1770; x_wconf 88' lang='lat' dir='ltr'><strong>loquor.</strong></span> <span class='ocrx_word' id='word_1_223' title='bbox 3525 1699 3630 1756; x_wconf 86' lang='lat' dir='ltr'><strong>Sed</strong></span> <span class='ocrx_word' id='word_1_224' title='bbox 3661 1696 3898 1770; x_wconf 88' lang='lat' dir='ltr'><strong>penden-</strong></span> 
     </span>
    </p>
   </div>
   <div class='ocr_carea' id='block_1_30' title="bbox 2299 1792 3898 1850">
    <p class='ocr_par' dir='ltr' id='par_1_30' title="bbox 2299 1792 3898 1850">
     <span class='ocr_line' id='line_1_30' title="bbox 2299 1792 3898 1850; baseline 0.002 -3"><span class='ocrx_word' id='word_1_225' title='bbox 2299 1792 2445 1849; x_wconf 90' lang='lat' dir='ltr'><strong>tibus</strong></span> <span class='ocrx_word' id='word_1_226' title='bbox 2473 1794 2603 1849; x_wconf 91' lang='lat' dir='ltr'><strong>licet</strong></span> <span class='ocrx_word' id='word_1_227' title='bbox 2629 1794 2701 1848; x_wconf 88' lang='lat' dir='ltr'><strong>ita</strong></span> <span class='ocrx_word' id='word_1_228' title='bbox 2746 1808 2960 1850; x_wconf 91' lang='lat' dir='ltr'><strong>omnem</strong></span> <span class='ocrx_word' id='word_1_229' title='bbox 2991 1793 3058 1849; x_wconf 90' lang='lat' dir='ltr'><strong>de</strong></span> <span class='ocrx_word' id='word_1_230' title='bbox 3107 1808 3166 1850; x_wconf 91' lang='lat' dir='ltr'><strong>se</strong></span> <span class='ocrx_word' id='word_1_231' title='bbox 3215 1793 3534 1850; x_wconf 90' lang='lat' dir='ltr'><strong>detrahendi</strong></span> <span class='ocrx_word' id='word_1_232' title='bbox 3561 1794 3898 1850; x_wconf 86' lang='lat' dir='ltr'><strong>occasionem</strong></span> 
     </span>
    </p>
   </div>
   <div class='ocr_carea' id='block_1_31' title="bbox 664 1876 3898 1958">
    <p class='ocr_par' dir='ltr' id='par_1_31' title="bbox 664 1876 3898 1958">
     <span class='ocr_line' id='line_1_31' title="bbox 664 1876 3898 1958; baseline -0.001 -13"><span class='ocrx_word' id='word_1_233' title='bbox 664 1891 729 1946; x_wconf 87' lang='lat' dir='ltr'><strong>V.</strong></span> <span class='ocrx_word' id='word_1_234' title='bbox 758 1890 1025 1957; x_wconf 78' lang='lat' dir='ltr'><strong>Quomodo</strong></span> <span class='ocrx_word' id='word_1_235' title='bbox 1047 1889 1149 1942; x_wconf 76' lang='lat' dir='ltr'><strong>sint</strong></span> <span class='ocrx_word' id='word_1_236' title='bbox 1175 1899 1357 1942; x_wconf 84' lang='lat' dir='ltr'><strong>contra</strong></span> <span class='ocrx_word' id='word_1_237' title='bbox 1381 1900 1554 1941; x_wconf 87' lang='lat' dir='ltr'><strong>omnes</strong></span> <span class='ocrx_word' id='word_1_238' title='bbox 1582 1889 1816 1941; x_wconf 70' lang='lat' dir='ltr'><strong>hwreses.</strong></span> <span class='ocrx_word' id='word_1_239' title='bbox 1836 1898 1908 1927; x_wconf 59' lang='lat'><em>—</em></span> <span class='ocrx_word' id='word_1_240' title='bbox 1926 1882 2061 1940; x_wconf 84' lang='lat' dir='ltr'><strong>Hinc</strong></span> <span class='ocrx_word' id='word_1_241' title='bbox 2086 1898 2195 1939; x_wconf 88' lang='lat' dir='ltr'><strong>non</strong></span> <span class='ocrx_word' id='word_1_242' title='bbox 2223 1876 2272 1938; x_wconf 85' lang='lat' dir='ltr'><strong>B</strong></span> <span class='ocrx_word' id='word_1_243' title='bbox 2301 1902 2359 1944; x_wconf 91' lang='lat' dir='ltr'><strong>se</strong></span> <span class='ocrx_word' id='word_1_244' title='bbox 2386 1886 2670 1944; x_wconf 86' lang='lat' dir='ltr'><strong>sustulisse</strong></span> <span class='ocrx_word' id='word_1_245' title='bbox 2698 1888 2942 1955; x_wconf 82' lang='lat' dir='ltr'><strong>conlidit,</strong></span> <span class='ocrx_word' id='word_1_246' title='bbox 2996 1898 3052 1943; x_wconf 93' lang='lat' dir='ltr'><strong>ut</strong></span> <span class='ocrx_word' id='word_1_247' title='bbox 3078 1888 3174 1943; x_wconf 87' lang='lat' dir='ltr'><strong>lib.</strong></span> <span class='ocrx_word' id='word_1_248' title='bbox 3207 1905 3262 1954; x_wconf 80' lang='grc' dir='ltr'>ιι,</span> <span class='ocrx_word' id='word_1_249' title='bbox 3314 1906 3370 1943; x_wconf 86' lang='grc' dir='ltr'>ιι.</span> <span class='ocrx_word' id='word_1_250' title='bbox 3400 1886 3456 1958; x_wconf 85' lang='grc'><strong>5,</strong></span> <span class='ocrx_word' id='word_1_251' title='bbox 3488 1884 3668 1945; x_wconf 90' lang='lat' dir='ltr'><strong>dicere</strong></span> <span class='ocrx_word' id='word_1_252' title='bbox 3695 1904 3801 1944; x_wconf 94' lang='lat' dir='ltr'><strong>non</strong></span> <span class='ocrx_word' id='word_1_253' title='bbox 3831 1889 3898 1943; x_wconf 88' lang='lat' dir='ltr'><strong>ti-</strong></span> 
     </span>
    </p>
   </div>
   <div class='ocr_carea' id='block_1_32' title="bbox 590 1977 2191 2048">
    <p class='ocr_par' dir='ltr' id='par_1_32' title="bbox 590 1977 2191 2048">
     <span class='ocr_line' id='line_1_32' title="bbox 590 1977 2191 2048; baseline -0.006 -8"><span class='ocrx_word' id='word_1_254' title='bbox 590 1984 863 2040; x_wconf 80' lang='lat' dir='ltr'><strong>immerito</strong></span> <span class='ocrx_word' id='word_1_255' title='bbox 899 1990 1079 2036; x_wconf 78' lang='lat' dir='ltr'><strong>contra</strong></span> <span class='ocrx_word' id='word_1_256' title='bbox 1109 1996 1284 2035; x_wconf 87' lang='lat' dir='ltr'><strong>omnes</strong></span> <span class='ocrx_word' id='word_1_257' title='bbox 1318 1981 1537 2034; x_wconf 65' lang='lat' dir='ltr'><strong>ha’reses</strong></span> <span class='ocrx_word' id='word_1_258' title='bbox 1574 1978 1700 2033; x_wconf 89' lang='lat' dir='ltr'><strong>dicti</strong></span> <span class='ocrx_word' id='word_1_259' title='bbox 1739 1977 1960 2043; x_wconf 86' lang='lat' dir='ltr'><strong>fuerint,</strong></span> <span class='ocrx_word' id='word_1_260' title='bbox 1993 1979 2051 2033; x_wconf 89' lang='lat' dir='ltr'><strong>in</strong></span> <span class='ocrx_word' id='word_1_261' title='bbox 2072 1978 2191 2048; x_wconf 84' lang='lat' dir='ltr'><strong>qui-</strong></span> 
     </span>
    </p>
   </div>
   <div class='ocr_carea' id='block_1_33' title="bbox 588 2069 2191 2141">
    <p class='ocr_par' dir='ltr' id='par_1_33' title="bbox 588 2069 2191 2141">
     <span class='ocr_line' id='line_1_33' title="bbox 588 2069 2191 2141; baseline -0.006 -9"><span class='ocrx_word' id='word_1_262' title='bbox 588 2076 693 2132; x_wconf 80' lang='lat' dir='ltr'><strong>bus</strong></span> <span class='ocrx_word' id='word_1_263' title='bbox 736 2071 847 2129; x_wconf 82' lang='lat' dir='ltr'><strong>non</strong></span> <span class='ocrx_word' id='word_1_264' title='bbox 878 2072 1040 2128; x_wconf 89' lang='lat' dir='ltr'><strong>modo</strong></span> <span class='ocrx_word' id='word_1_265' title='bbox 1085 2073 1322 2127; x_wconf 87' lang='lat' dir='ltr'><strong>omnium</strong></span> <span class='ocrx_word' id='word_1_266' title='bbox 1368 2072 1665 2141; x_wconf 78' lang='lat' dir='ltr'><strong>generatim</strong></span> <span class='ocrx_word' id='word_1_267' title='bbox 1714 2069 1998 2125; x_wconf 62' lang='lat' dir='ltr'><strong>haeres-con</strong></span> <span class='ocrx_word' id='word_1_268' title='bbox 2029 2079 2191 2139; x_wconf 87' lang='lat' dir='ltr'><strong>caput</strong></span> 
     </span>
    </p>
   </div>
   <div class='ocr_carea' id='block_1_34' title="bbox 590 2160 2191 2240">
    <p class='ocr_par' dir='ltr' id='par_1_34' title="bbox 590 2160 2191 2240">
     <span class='ocr_line' id='line_1_34' title="bbox 590 2160 2191 2240; baseline -0.007 -15"><span class='ocrx_word' id='word_1_269' title='bbox 590 2184 655 2225; x_wconf 91' lang='lat' dir='ltr'><strong>ac</strong></span> <span class='ocrx_word' id='word_1_270' title='bbox 700 2167 1022 2240; x_wconf 82' lang='lat' dir='ltr'><strong>principium</strong></span> <span class='ocrx_word' id='word_1_271' title='bbox 1051 2207 1064 2233; x_wconf 92' lang='lat'><strong>,</strong></span> <span class='ocrx_word' id='word_1_272' title='bbox 1120 2179 1231 2237; x_wconf 84' lang='lat' dir='ltr'><strong>quo</strong></span> <span class='ocrx_word' id='word_1_273' title='bbox 1258 2165 1454 2236; x_wconf 83' lang='lat' dir='ltr'><strong>cuique</strong></span> <span class='ocrx_word' id='word_1_274' title='bbox 1498 2164 1661 2219; x_wconf 81' lang='lat' dir='ltr'><strong>fidem</strong></span> <span class='ocrx_word' id='word_1_275' title='bbox 1708 2164 1847 2218; x_wconf 84' lang='lat' dir='ltr'><strong>intra</strong></span> <span class='ocrx_word' id='word_1_276' title='bbox 1884 2177 2075 2217; x_wconf 82' lang='lat' dir='ltr'><strong>sensus</strong></span> <span class='ocrx_word' id='word_1_277' title='bbox 2102 2160 2191 2215; x_wconf 89' lang='lat' dir='ltr'><strong>sui</strong></span> 
     </span>
    </p>
   </div>
   <div class='ocr_carea' id='block_1_35' title="bbox 588 2252 2192 2329">
    <p class='ocr_par' dir='ltr' id='par_1_35' title="bbox 588 2252 2192 2329">
     <span class='ocr_line' id='line_1_35' title="bbox 588 2252 2192 2329; baseline -0.005 -11"><span class='ocrx_word' id='word_1_278' title='bbox 588 2264 724 2318; x_wconf 86' lang='lat' dir='ltr'><strong>fines</strong></span> <span class='ocrx_word' id='word_1_279' title='bbox 748 2260 1095 2326; x_wconf 88' lang='lat' dir='ltr'><strong>concludere,</strong></span> <span class='ocrx_word' id='word_1_280' title='bbox 1127 2267 1183 2315; x_wconf 88' lang='lat' dir='ltr'><strong>et</strong></span> <span class='ocrx_word' id='word_1_281' title='bbox 1207 2259 1275 2314; x_wconf 88' lang='lat' dir='ltr'><strong>ad</strong></span> <span class='ocrx_word' id='word_1_282' title='bbox 1300 2259 1495 2329; x_wconf 85' lang='lat' dir='ltr'><strong>placita</strong></span> <span class='ocrx_word' id='word_1_283' title='bbox 1512 2258 1727 2329; x_wconf 85' lang='lat' dir='ltr'><strong>propria</strong></span> <span class='ocrx_word' id='word_1_284' title='bbox 1755 2256 2065 2327; x_wconf 89' lang='lat' dir='ltr'><strong>Scripturas</strong></span> <span class='ocrx_word' id='word_1_285' title='bbox 2096 2252 2192 2310; x_wconf 89' lang='lat' dir='ltr'><strong>de-</strong></span> 
     </span>
    </p>
   </div>
   <div class='ocr_carea' id='block_1_36' title="bbox 593 2349 2193 2424">
    <p class='ocr_par' dir='ltr' id='par_1_36' title="bbox 593 2349 2193 2424">
     <span class='ocr_line' id='line_1_36' title="bbox 593 2349 2193 2424; baseline -0.005 -15"><span class='ocrx_word' id='word_1_286' title='bbox 593 2364 846 2424; x_wconf 87' lang='lat' dir='ltr'><strong>torquere</strong></span> <span class='ocrx_word' id='word_1_287' title='bbox 876 2353 1215 2422; x_wconf 84' lang='lat' dir='ltr'><strong>permittunt,</strong></span> <span class='ocrx_word' id='word_1_288' title='bbox 1261 2351 1458 2421; x_wconf 84' lang='lat' dir='ltr'><strong>passim</strong></span> <span class='ocrx_word' id='word_1_289' title='bbox 1488 2349 1800 2419; x_wconf 84' lang='lat' dir='ltr'><strong>profligatur</strong></span> <span class='ocrx_word' id='word_1_290' title='bbox 1829 2358 1987 2419; x_wconf 85' lang='lat' dir='ltr'><strong>atque</strong></span> <span class='ocrx_word' id='word_1_291' title='bbox 2010 2350 2193 2403; x_wconf 80' lang='lat' dir='ltr'><strong>retun-</strong></span> 
     </span>
    </p>
   </div>
   <div class='ocr_carea' id='block_1_37' title="bbox 588 2441 2191 2514">
    <p class='ocr_par' dir='ltr' id='par_1_37' title="bbox 588 2441 2191 2514">
     <span class='ocr_line' id='line_1_37' title="bbox 588 2441 2191 2514; baseline -0.005 -12"><span class='ocrx_word' id='word_1_292' title='bbox 588 2449 768 2512; x_wconf 87' lang='lat' dir='ltr'><strong>ditur;</strong></span> <span class='ocrx_word' id='word_1_293' title='bbox 795 2444 890 2501; x_wconf 89' lang='lat' dir='ltr'><strong>sed</strong></span> <span class='ocrx_word' id='word_1_294' title='bbox 911 2453 965 2500; x_wconf 89' lang='lat' dir='ltr'><strong>et</strong></span> <span class='ocrx_word' id='word_1_295' title='bbox 994 2443 1132 2511; x_wconf 76' lang='lat' dir='ltr'><strong>Arii,</strong></span> <span class='ocrx_word' id='word_1_296' title='bbox 1164 2443 1400 2508; x_wconf 86' lang='lat' dir='ltr'><strong>Photini,</strong></span> <span class='ocrx_word' id='word_1_297' title='bbox 1432 2452 1786 2514; x_wconf 78' lang='lat' dir='ltr'><strong>veterumque</strong></span> <span class='ocrx_word' id='word_1_298' title='bbox 1808 2441 2191 2497; x_wconf 71' lang='lat' dir='ltr'><strong>htereticorum</strong></span> 
     </span>
    </p>
   </div>
   <div class='ocr_carea' id='block_1_38' title="bbox 591 2534 2192 2606">
    <p class='ocr_par' dir='ltr' id='par_1_38' title="bbox 591 2534 2192 2606">
     <span class='ocr_line' id='line_1_38' title="bbox 591 2534 2192 2606; baseline -0.006 -9"><span class='ocrx_word' id='word_1_299' title='bbox 591 2541 870 2606; x_wconf 79' lang='lat' dir='ltr'><strong>Hebionis,</strong></span> <span class='ocrx_word' id='word_1_300' title='bbox 909 2537 1196 2606; x_wconf 84' lang='lat' dir='ltr'><strong>Valentini,</strong></span> <span class='ocrx_word' id='word_1_301' title='bbox 1223 2537 1520 2605; x_wconf 69' lang='lat' dir='ltr'><strong>Maniehrei,</strong></span> <span class='ocrx_word' id='word_1_302' title='bbox 1545 2534 1811 2603; x_wconf 67' lang='lat' dir='ltr'><strong>Hieracm,</strong></span> <span class='ocrx_word' id='word_1_303' title='bbox 1839 2535 2056 2591; x_wconf 84' lang='lat' dir='ltr'><strong>Sabellii</strong></span> <span class='ocrx_word' id='word_1_304' title='bbox 2080 2534 2192 2605; x_wconf 87' lang='lat' dir='ltr'><strong>jam</strong></span> 
     </span>
    </p>
   </div>
   <div class='ocr_carea' id='block_1_39' title="bbox 596 2627 2193 2703">
    <p class='ocr_par' dir='ltr' id='par_1_39' title="bbox 596 2627 2193 2703">
     <span class='ocr_line' id='line_1_39' title="bbox 596 2627 2193 2703; baseline -0.006 -14"><span class='ocrx_word' id='word_1_305' title='bbox 596 2646 708 2689; x_wconf 89' lang='lat' dir='ltr'><strong>tum</strong></span> <span class='ocrx_word' id='word_1_306' title='bbox 748 2638 1056 2703; x_wconf 71' lang='lat' dir='ltr'><strong>propagatae</strong></span> <span class='ocrx_word' id='word_1_307' title='bbox 1084 2630 1432 2686; x_wconf 77' lang='lat' dir='ltr'><strong>confutantur</strong></span> <span class='ocrx_word' id='word_1_308' title='bbox 1470 2630 1851 2701; x_wconf 63' lang='lat' dir='ltr'><strong>blasphemiae;</strong></span> <span class='ocrx_word' id='word_1_309' title='bbox 1896 2629 2003 2683; x_wconf 90' lang='lat' dir='ltr'><strong>imo</strong></span> <span class='ocrx_word' id='word_1_310' title='bbox 2031 2627 2193 2682; x_wconf 84' lang='lat' dir='ltr'><strong>etiam</strong></span> 
     </span>
    </p>
   </div>
   <div class='ocr_carea' id='block_1_40' title="bbox 592 2720 2192 2799">
    <p class='ocr_par' dir='ltr' id='par_1_40' title="bbox 592 2720 2192 2799">
     <span class='ocr_line' id='line_1_40' title="bbox 592 2720 2192 2799; baseline -0.005 -15"><span class='ocrx_word' id='word_1_311' title='bbox 592 2735 997 2799; x_wconf 79' lang='lat' dir='ltr'><strong>prtevertuntur</strong></span> <span class='ocrx_word' id='word_1_312' title='bbox 1008 2725 1244 2781; x_wconf 85' lang='lat' dir='ltr'><strong>nondum</strong></span> <span class='ocrx_word' id='word_1_313' title='bbox 1260 2725 1507 2782; x_wconf 63' lang='lat' dir='ltr'><strong>excitata:</strong></span> <span class='ocrx_word' id='word_1_314' title='bbox 1521 2722 1858 2796; x_wconf 83' lang='lat' dir='ltr'><strong>Apollinarii,</strong></span> <span class='ocrx_word' id='word_1_315' title='bbox 1872 2720 2192 2789; x_wconf 84' lang='lat' dir='ltr'><strong>Macedonii,</strong></span> 
     </span>
    </p>
   </div>
   <div class='ocr_carea' id='block_1_41' title="bbox 588 2814 2196 2890">
    <p class='ocr_par' dir='ltr' id='par_1_41' title="bbox 588 2814 2196 2890">
     <span class='ocr_line' id='line_1_41' title="bbox 588 2814 2196 2890; baseline -0.004 -14"><span class='ocrx_word' id='word_1_316' title='bbox 588 2820 841 2885; x_wconf 75' lang='lat' dir='ltr'><strong>Nestor-ii,</strong></span> <span class='ocrx_word' id='word_1_317' title='bbox 875 2817 1213 2890; x_wconf 82' lang='lat' dir='ltr'><strong>Eutychetis,</strong></span> <span class='ocrx_word' id='word_1_318' title='bbox 1245 2817 1824 2883; x_wconf 78' lang='lat' dir='ltr'><strong>Sacramentariorum,</strong></span> <span class='ocrx_word' id='word_1_319' title='bbox 1886 2826 1990 2871; x_wconf 82' lang='lat' dir='ltr'><strong>etc.</strong></span> <span class='ocrx_word' id='word_1_320' title='bbox 2034 2814 2196 2869; x_wconf 85' lang='lat' dir='ltr'><strong>Dein-</strong></span> 
     </span>
    </p>
   </div>
   <div class='ocr_carea' id='block_1_42' title="bbox 592 2906 2198 2983">
    <p class='ocr_par' dir='ltr' id='par_1_42' title="bbox 592 2906 2198 2983">
     <span class='ocr_line' id='line_1_42' title="bbox 592 2906 2198 2983; baseline -0.006 -12"><span class='ocrx_word' id='word_1_321' title='bbox 592 2915 660 2971; x_wconf 90' lang='lat' dir='ltr'><strong>de</strong></span> <span class='ocrx_word' id='word_1_322' title='bbox 685 2928 806 2970; x_wconf 88' lang='lat' dir='ltr'><strong>cum</strong></span> <span class='ocrx_word' id='word_1_323' title='bbox 835 2913 1163 2968; x_wconf 73' lang='lat' dir='ltr'><strong>Athanasius</strong></span> <span class='ocrx_word' id='word_1_324' title='bbox 1190 2913 1348 2981; x_wconf 86' lang='lat' dir='ltr'><strong>epist.</strong></span> <span class='ocrx_word' id='word_1_325' title='bbox 1368 2913 1434 2965; x_wconf 87' lang='lat' dir='ltr'><strong>ad</strong></span> <span class='ocrx_word' id='word_1_326' title='bbox 1462 2911 1767 2980; x_wconf 81' lang='lat' dir='ltr'><strong>Epictetum</strong></span> <span class='ocrx_word' id='word_1_327' title='bbox 1800 2906 2079 2983; x_wconf 84' lang='lat' dir='ltr'><strong>Synodnm</strong></span> <span class='ocrx_word' id='word_1_328' title='bbox 2102 2907 2198 2964; x_wconf 87' lang='lat' dir='ltr'><strong>Ni-</strong></span> 
     </span>
    </p>
   </div>
   <div class='ocr_carea' id='block_1_43' title="bbox 587 2998 2196 3082">
    <p class='ocr_par' dir='ltr' id='par_1_43' title="bbox 587 2998 2196 3082">
     <span class='ocr_line' id='line_1_43' title="bbox 587 2998 2196 3082; baseline -0.003 -20"><span class='ocrx_word' id='word_1_329' title='bbox 587 3021 791 3062; x_wconf 68' lang='lat' dir='ltr'><strong>cmnam</strong></span> <span class='ocrx_word' id='word_1_330' title='bbox 821 3014 981 3060; x_wconf 84' lang='lat' dir='ltr'><strong>vocet</strong></span> <span class='ocrx_word' id='word_1_331' title='bbox 1001 3012 1247 3082; x_wconf 79' lang='grc' dir='ltr'><strong>τροπαῖον</strong></span> <span class='ocrx_word' id='word_1_332' title='bbox 1279 2998 1443 3060; x_wconf 73' lang='grc' dir='ltr'>οὖσαν</span> <span class='ocrx_word' id='word_1_333' title='bbox 1463 3007 1639 3066; x_wconf 84' lang='grc' dir='ltr'><strong>πάσης</strong></span> <span class='ocrx_word' id='word_1_334' title='bbox 1664 3006 1930 3081; x_wconf 79' lang='grc' dir='ltr'><strong>αἱρέσεως,</strong></span> <span class='ocrx_word' id='word_1_335' title='bbox 1963 3015 2196 3074; x_wconf 90' lang='lat' dir='ltr'><strong>cumque</strong></span> 
     </span>
    </p>
   </div>
   <div class='ocr_carea' id='block_1_44' title="bbox 601 3092 2197 3171">
    <p class='ocr_par' dir='ltr' id='par_1_44' title="bbox 601 3092 2197 3171">
     <span class='ocr_line' id='line_1_44' title="bbox 601 3092 2197 3171; baseline -0.003 -17"><span class='ocrx_word' id='word_1_336' title='bbox 601 3099 761 3170; x_wconf 86' lang='lat' dir='ltr'><strong>hujus</strong></span> <span class='ocrx_word' id='word_1_337' title='bbox 802 3097 1004 3171; x_wconf 87' lang='lat' dir='ltr'><strong>Synodi</strong></span> <span class='ocrx_word' id='word_1_338' title='bbox 1050 3097 1368 3170; x_wconf 85' lang='lat' dir='ltr'><strong>Symbolum</strong></span> <span class='ocrx_word' id='word_1_339' title='bbox 1417 3092 1598 3152; x_wconf 82' lang='lat' dir='ltr'><strong>contra</strong></span> <span class='ocrx_word' id='word_1_340' title='bbox 1636 3114 1811 3152; x_wconf 87' lang='lat' dir='ltr'><strong>omnes</strong></span> <span class='ocrx_word' id='word_1_341' title='bbox 1846 3098 2063 3152; x_wconf 62' lang='lat' dir='ltr'><strong>haereses</strong></span> <span class='ocrx_word' id='word_1_342' title='bbox 2112 3095 2197 3150; x_wconf 89' lang='lat' dir='ltr'><strong>in-</strong></span> 
     </span>
    </p>
   </div>
   <div class='ocr_carea' id='block_1_45' title="bbox 596 3190 2195 3264">
    <p class='ocr_par' dir='ltr' id='par_1_45' title="bbox 596 3190 2195 3264">
     <span class='ocr_line' id='line_1_45' title="bbox 596 3190 2195 3264; baseline -0.004 -14"><span class='ocrx_word' id='word_1_343' title='bbox 596 3195 857 3264; x_wconf 87' lang='lat' dir='ltr'><strong>scriptum</strong></span> <span class='ocrx_word' id='word_1_344' title='bbox 888 3193 943 3248; x_wconf 92' lang='lat' dir='ltr'><strong>in</strong></span> <span class='ocrx_word' id='word_1_345' title='bbox 993 3191 1269 3248; x_wconf 86' lang='lat' dir='ltr'><strong>veteribus</strong></span> <span class='ocrx_word' id='word_1_346' title='bbox 1313 3191 1714 3261; x_wconf 86' lang='lat' dir='ltr'><strong>exemplaribus</strong></span> <span class='ocrx_word' id='word_1_347' title='bbox 1748 3191 1931 3262; x_wconf 82' lang='lat' dir='ltr'><strong>legere</strong></span> <span class='ocrx_word' id='word_1_348' title='bbox 1974 3190 2076 3255; x_wconf 86' lang='lat' dir='ltr'><strong>sit;</strong></span> <span class='ocrx_word' id='word_1_349' title='bbox 2102 3204 2195 3244; x_wconf 62' lang='lat' dir='ltr'><strong>eoo</strong></span> 
     </span>
    </p>
   </div>
   <div class='ocr_carea' id='block_1_46' title="bbox 2295 1978 3900 2055">
    <p class='ocr_par' dir='ltr' id='par_1_46' title="bbox 2295 1978 3900 2055">
     <span class='ocr_line' id='line_1_46' title="bbox 2295 1978 3900 2055; baseline -0.001 -18"><span class='ocrx_word' id='word_1_350' title='bbox 2295 1992 2479 2037; x_wconf 88' lang='lat' dir='ltr'><strong>meat:</strong></span> <span class='ocrx_word' id='word_1_351' title='bbox 2530 1978 2669 2035; x_wconf 88' lang='lat' dir='ltr'><strong>Nam</strong></span> <span class='ocrx_word' id='word_1_352' title='bbox 2715 1998 2914 2051; x_wconf 86' lang='lat' dir='ltr'><strong>quoque</strong></span> <span class='ocrx_word' id='word_1_353' title='bbox 2960 1998 3096 2036; x_wconf 89' lang='lat' dir='ltr'><strong>nunc</strong></span> <span class='ocrx_word' id='word_1_354' title='bbox 3141 1982 3420 2037; x_wconf 88' lang='lat' dir='ltr'><strong>secundum</strong></span> <span class='ocrx_word' id='word_1_355' title='bbox 3469 1980 3634 2037; x_wconf 84' lang='lat' dir='ltr'><strong>sancti</strong></span> <span class='ocrx_word' id='word_1_356' title='bbox 3674 1981 3900 2055; x_wconf 81' lang='lat' dir='ltr'><strong>Spiritus</strong></span> 
     </span>
    </p>
   </div>
   <div class='ocr_carea' id='block_1_47' title="bbox 2294 2074 3900 2144">
    <p class='ocr_par' dir='ltr' id='par_1_47' title="bbox 2294 2074 3900 2144">
     <span class='ocr_line' id='line_1_47' title="bbox 2294 2074 3900 2144; baseline -0.001 -14"><span class='ocrx_word' id='word_1_357' title='bbox 2294 2074 2486 2130; x_wconf 87' lang='lat' dir='ltr'><strong>donum</strong></span> <span class='ocrx_word' id='word_1_358' title='bbox 2512 2075 2900 2144; x_wconf 85' lang='lat' dir='ltr'><strong>temperavimus</strong></span> <span class='ocrx_word' id='word_1_359' title='bbox 2927 2075 3081 2129; x_wconf 82' lang='lat' dir='ltr'><strong>to’tius</strong></span> <span class='ocrx_word' id='word_1_360' title='bbox 3126 2075 3247 2143; x_wconf 86' lang='lat' dir='ltr'><strong>ﬁdei</strong></span> <span class='ocrx_word' id='word_1_361' title='bbox 3271 2075 3757 2130; x_wconf 84' lang='lat' dir='ltr'><strong>demonstrationem</strong></span> <span class='ocrx_word' id='word_1_362' title='bbox 3778 2115 3795 2142; x_wconf 92' lang='lat'><strong>,</strong></span> <span class='ocrx_word' id='word_1_363' title='bbox 3846 2082 3900 2129; x_wconf 88' lang='lat' dir='ltr'><strong>ut</strong></span> 
     </span>
    </p>
   </div>
   <div class='ocr_carea' id='block_1_48' title="bbox 2296 2166 3900 2239">
    <p class='ocr_par' dir='ltr' id='par_1_48' title="bbox 2296 2166 3900 2239">
     <span class='ocr_line' id='line_1_48' title="bbox 2296 2166 3900 2239; baseline 0.001 -17"><span class='ocrx_word' id='word_1_364' title='bbox 2296 2183 2358 2222; x_wconf 86' lang='lat' dir='ltr'><strong>ne</strong></span> <span class='ocrx_word' id='word_1_365' title='bbox 2408 2167 2533 2239; x_wconf 82' lang='lat' dir='ltr'><strong>quid</strong></span> <span class='ocrx_word' id='word_1_366' title='bbox 2558 2166 2791 2222; x_wconf 86' lang='lat' dir='ltr'><strong>ementiri</strong></span> <span class='ocrx_word' id='word_1_367' title='bbox 2817 2167 2998 2222; x_wconf 87' lang='lat' dir='ltr'><strong>saltent</strong></span> <span class='ocrx_word' id='word_1_368' title='bbox 3043 2168 3315 2222; x_wconf 85' lang='lat' dir='ltr'><strong>adversum</strong></span> <span class='ocrx_word' id='word_1_369' title='bbox 3364 2184 3458 2222; x_wconf 91' lang='lat' dir='ltr'><strong>nos</strong></span> <span class='ocrx_word' id='word_1_370' title='bbox 3492 2168 3725 2223; x_wconf 87' lang='lat' dir='ltr'><strong>criminis</strong></span> <span class='ocrx_word' id='word_1_371' title='bbox 3779 2184 3900 2239; x_wconf 88' lang='lat' dir='ltr'><strong>pos-</strong></span> 
     </span>
    </p>
   </div>
   <div class='ocr_carea' id='block_1_49' title="bbox 2295 2267 2425 2313">
    <p class='ocr_par' dir='ltr' id='par_1_49' title="bbox 2295 2267 2425 2313">
     <span class='ocr_line' id='line_1_49' title="bbox 2295 2267 2425 2313; baseline -0.008 0"><span class='ocrx_word' id='word_1_372' title='bbox 2295 2267 2425 2313; x_wconf 83' lang='lat' dir='ltr'><strong>sent.</strong></span> 
     </span>
    </p>
   </div>
   <div class='ocr_carea' id='block_1_50' title="bbox 2370 2338 3901 2425">
    <p class='ocr_par' dir='ltr' id='par_1_50' title="bbox 2370 2338 3901 2425">
     <span class='ocr_line' id='line_1_50' title="bbox 2370 2338 3901 2425; baseline 0.002 -17"><span class='ocrx_word' id='word_1_373' title='bbox 2370 2338 2506 2408; x_wconf 80' lang='lat' dir='ltr'><strong>Vill.</strong></span> <span class='ocrx_word' id='word_1_374' title='bbox 2549 2349 2693 2407; x_wconf 88' lang='lat' dir='ltr'><strong>Libri</strong></span> <span class='ocrx_word' id='word_1_375' title='bbox 2717 2353 2896 2425; x_wconf 84' lang='lat' dir='ltr'><strong>scripti</strong></span> <span class='ocrx_word' id='word_1_376' title='bbox 2943 2362 3121 2408; x_wconf 89' lang='lat' dir='ltr'><strong>contra</strong></span> <span class='ocrx_word' id='word_1_377' title='bbox 3148 2351 3400 2421; x_wconf 80' lang='lat' dir='ltr'><strong>Arianos,</strong></span> <span class='ocrx_word' id='word_1_378' title='bbox 3434 2358 3642 2410; x_wconf 63' lang='lat' dir='ltr'><strong>conatus</strong></span> <span class='ocrx_word' id='word_1_379' title='bbox 3671 2354 3901 2412; x_wconf 73' lang='lat' dir='ltr'><strong>ARIANOS</strong></span> 
     </span>
    </p>
   </div>
   <div class='ocr_carea' id='block_1_51' title="bbox 2297 2445 3903 2517">
    <p class='ocr_par' dir='ltr' id='par_1_51' title="bbox 2297 2445 3903 2517">
     <span class='ocr_line' id='line_1_51' title="bbox 2297 2445 3903 2517; baseline 0.002 -18"><span class='ocrx_word' id='word_1_380' title='bbox 2297 2460 2400 2500; x_wconf 88' lang='lat' dir='ltr'><strong>non</strong></span> <span class='ocrx_word' id='word_1_381' title='bbox 2426 2455 2543 2500; x_wconf 88' lang='lat' dir='ltr'><strong>sunt</strong></span> <span class='ocrx_word' id='word_1_382' title='bbox 2565 2445 2818 2517; x_wconf 88' lang='lat' dir='ltr'><strong>inscripti.</strong></span> <span class='ocrx_word' id='word_1_383' title='bbox 2848 2476 2920 2487; x_wconf 90' lang='lat'><strong><em>—</em></strong></span> <span class='ocrx_word' id='word_1_384' title='bbox 2945 2445 3205 2514; x_wconf 85' lang='lat' dir='ltr'><strong>Quamvis</strong></span> <span class='ocrx_word' id='word_1_385' title='bbox 3233 2455 3409 2503; x_wconf 89' lang='lat' dir='ltr'><strong>autem</strong></span> <span class='ocrx_word' id='word_1_386' title='bbox 3437 2456 3606 2501; x_wconf 87' lang='lat' dir='ltr'><strong>totum</strong></span> <span class='ocrx_word' id='word_1_387' title='bbox 3635 2447 3737 2502; x_wconf 90' lang='lat' dir='ltr'><strong>hoc</strong></span> <span class='ocrx_word' id='word_1_388' title='bbox 3770 2462 3903 2517; x_wconf 89' lang='lat' dir='ltr'><strong>opus</strong></span> 
     </span>
    </p>
   </div>
   <div class='ocr_carea' id='block_1_52' title="bbox 2298 2536 3904 2612">
    <p class='ocr_par' dir='ltr' id='par_1_52' title="bbox 2298 2536 3904 2612">
     <span class='ocr_line' id='line_1_52' title="bbox 2298 2536 3904 2612; baseline 0.002 -21"><span class='ocrx_word' id='word_1_389' title='bbox 2298 2547 2487 2593; x_wconf 87' lang='lat' dir='ltr'><strong>contra</strong></span> <span class='ocrx_word' id='word_1_390' title='bbox 2514 2536 2744 2594; x_wconf 79' lang='lat' dir='ltr'><strong>Arianos</strong></span> <span class='ocrx_word' id='word_1_391' title='bbox 2771 2536 3034 2608; x_wconf 83' lang='lat' dir='ltr'><strong>scriptum</strong></span> <span class='ocrx_word' id='word_1_392' title='bbox 3066 2539 3210 2594; x_wconf 90' lang='lat' dir='ltr'><strong>ultro</strong></span> <span class='ocrx_word' id='word_1_393' title='bbox 3240 2539 3626 2605; x_wconf 89' lang='lat' dir='ltr'><strong>concedamus,</strong></span> <span class='ocrx_word' id='word_1_394' title='bbox 3655 2554 3801 2612; x_wconf 82' lang='lat' dir='ltr'><strong>aegre</strong></span> <span class='ocrx_word' id='word_1_395' title='bbox 3826 2549 3904 2594; x_wconf 87' lang='lat' dir='ltr'><strong>ta-</strong></span> 
     </span>
    </p>
   </div>
   <div class='ocr_carea' id='block_1_53' title="bbox 2299 2631 3901 2703">
    <p class='ocr_par' dir='ltr' id='par_1_53' title="bbox 2299 2631 3901 2703">
     <span class='ocr_line' id='line_1_53' title="bbox 2299 2631 3901 2703; baseline 0.002 -17"><span class='ocrx_word' id='word_1_396' title='bbox 2299 2646 2423 2686; x_wconf 89' lang='lat' dir='ltr'><strong>men</strong></span> <span class='ocrx_word' id='word_1_397' title='bbox 2451 2631 2701 2688; x_wconf 85' lang='lat' dir='ltr'><strong>dabimus</strong></span> <span class='ocrx_word' id='word_1_398' title='bbox 2750 2631 3070 2703; x_wconf 87' lang='lat' dir='ltr'><strong>inscriptum</strong></span> <span class='ocrx_word' id='word_1_399' title='bbox 3098 2641 3278 2688; x_wconf 88' lang='lat' dir='ltr'><strong>contra</strong></span> <span class='ocrx_word' id='word_1_400' title='bbox 3305 2633 3545 2688; x_wconf 83' lang='lat' dir='ltr'><strong>Arianos.</strong></span> <span class='ocrx_word' id='word_1_401' title='bbox 3575 2633 3708 2701; x_wconf 84' lang='lat' dir='ltr'><strong>Quis</strong></span> <span class='ocrx_word' id='word_1_402' title='bbox 3755 2635 3901 2689; x_wconf 89' lang='lat' dir='ltr'><strong>enim</strong></span> 
     </span>
    </p>
   </div>
   <div class='ocr_carea' id='block_1_54' title="bbox 2300 2712 3904 2796">
    <p class='ocr_par' dir='ltr' id='par_1_54' title="bbox 2300 2712 3904 2796">
     <span class='ocr_line' id='line_1_54' title="bbox 2300 2712 3904 2796; baseline 0.001 -18"><span class='ocrx_word' id='word_1_403' title='bbox 2300 2714 2487 2778; x_wconf 81' lang='lat' dir='ltr'><strong>credat</strong></span> <span class='ocrx_word' id='word_1_404' title='bbox 2514 2720 2795 2787; x_wconf 86' lang='lat' dir='ltr'><strong>llilarium,</strong></span> <span class='ocrx_word' id='word_1_405' title='bbox 2828 2726 2914 2794; x_wconf 92' lang='lat' dir='ltr'><strong>qui</strong></span> <span class='ocrx_word' id='word_1_406' title='bbox 2943 2724 3011 2779; x_wconf 93' lang='lat' dir='ltr'><strong>ab</strong></span> <span class='ocrx_word' id='word_1_407' title='bbox 3036 2723 3253 2780; x_wconf 83' lang='lat' dir='ltr'><strong>Arianis</strong></span> <span class='ocrx_word' id='word_1_408' title='bbox 3277 2742 3343 2780; x_wconf 80' lang='lat' dir='ltr'><strong>ex</strong></span> <span class='ocrx_word' id='word_1_409' title='bbox 3372 2712 3587 2780; x_wconf 87' lang='lat' dir='ltr'><strong>nomine</strong></span> <span class='ocrx_word' id='word_1_410' title='bbox 3612 2725 3904 2796; x_wconf 84' lang='lat' dir='ltr'><strong>designan-</strong></span> 
     </span>
    </p>
   </div>
   <div class='ocr_carea' id='block_1_55' title="bbox 2300 2812 3904 2887">
    <p class='ocr_par' dir='ltr' id='par_1_55' title="bbox 2300 2812 3904 2887">
     <span class='ocr_line' id='line_1_55' title="bbox 2300 2812 3904 2887; baseline 0.001 -15"><span class='ocrx_word' id='word_1_411' title='bbox 2300 2814 2382 2872; x_wconf 89' lang='lat' dir='ltr'><strong>dis</strong></span> <span class='ocrx_word' id='word_1_412' title='bbox 2399 2816 2465 2873; x_wconf 91' lang='lat' dir='ltr'><strong>de</strong></span> <span class='ocrx_word' id='word_1_413' title='bbox 2490 2812 2753 2871; x_wconf 56' lang='lat' dir='ltr'><strong>industria</strong></span> <span class='ocrx_word' id='word_1_414' title='bbox 2782 2815 3034 2881; x_wconf 85' lang='lat' dir='ltr'><strong>abstinet,</strong></span> <span class='ocrx_word' id='word_1_415' title='bbox 3063 2816 3193 2872; x_wconf 91' lang='lat' dir='ltr'><strong>illud</strong></span> <span class='ocrx_word' id='word_1_416' title='bbox 3220 2819 3270 2872; x_wconf 90' lang='lat' dir='ltr'><strong>in</strong></span> <span class='ocrx_word' id='word_1_417' title='bbox 3303 2818 3416 2887; x_wconf 89' lang='lat' dir='ltr'><strong>ipsa</strong></span> <span class='ocrx_word' id='word_1_418' title='bbox 3440 2814 3701 2872; x_wconf 87' lang='lat' dir='ltr'><strong>librorum</strong></span> <span class='ocrx_word' id='word_1_419' title='bbox 3729 2817 3904 2875; x_wconf 89' lang='lat' dir='ltr'><strong>fronte</strong></span> 
     </span>
    </p>
   </div>
   <div class='ocr_carea' id='block_1_56' title="bbox 2300 2909 3905 2981">
    <p class='ocr_par' dir='ltr' id='par_1_56' title="bbox 2300 2909 3905 2981">
     <span class='ocr_line' id='line_1_56' title="bbox 2300 2909 3905 2981; baseline 0.002 -18"><span class='ocrx_word' id='word_1_420' title='bbox 2300 2909 2676 2981; x_wconf 88' lang='lat' dir='ltr'><strong>inscripsisse?</strong></span> <span class='ocrx_word' id='word_1_421' title='bbox 2706 2909 2807 2965; x_wconf 87' lang='lat' dir='ltr'><strong>Vix</strong></span> <span class='ocrx_word' id='word_1_422' title='bbox 2827 2911 2970 2965; x_wconf 90' lang='lat' dir='ltr'><strong>enim</strong></span> <span class='ocrx_word' id='word_1_423' title='bbox 2994 2909 3076 2966; x_wconf 89' lang='lat' dir='ltr'><strong>bis</strong></span> <span class='ocrx_word' id='word_1_424' title='bbox 3097 2911 3234 2978; x_wconf 84' lang='lat' dir='ltr'><strong>Arii,</strong></span> <span class='ocrx_word' id='word_1_425' title='bbox 3255 2912 3422 2966; x_wconf 78' lang='lat' dir='ltr'><strong>seruet</strong></span> <span class='ocrx_word' id='word_1_426' title='bbox 3452 2910 3905 2966; x_wconf 83' lang='lat' dir='ltr'><strong>Ariomanitarum</strong></span> 
     </span>
    </p>
   </div>
   <div class='ocr_carea' id='block_1_57' title="bbox 2301 3002 3906 3072">
    <p class='ocr_par' dir='ltr' id='par_1_57' title="bbox 2301 3002 3906 3072">
     <span class='ocr_line' id='line_1_57' title="bbox 2301 3002 3906 3072; baseline 0 -13"><span class='ocrx_word' id='word_1_427' title='bbox 2301 3004 2622 3059; x_wconf 83' lang='lat' dir='ltr'><strong>vocabulum</strong></span> <span class='ocrx_word' id='word_1_428' title='bbox 2674 3003 2768 3058; x_wconf 91' lang='lat' dir='ltr'><strong>lib.</strong></span> <span class='ocrx_word' id='word_1_429' title='bbox 2803 3019 2874 3067; x_wconf 82' lang='lat' dir='ltr'><strong>vt,</strong></span> <span class='ocrx_word' id='word_1_430' title='bbox 2906 3019 2973 3058; x_wconf 83' lang='lat' dir='ltr'><strong>ex</strong></span> <span class='ocrx_word' id='word_1_431' title='bbox 3023 3002 3193 3072; x_wconf 86' lang='lat' dir='ltr'><strong>ipsius</strong></span> <span class='ocrx_word' id='word_1_432' title='bbox 3243 3002 3454 3058; x_wconf 85' lang='lat' dir='ltr'><strong>calamo</strong></span> <span class='ocrx_word' id='word_1_433' title='bbox 3500 3002 3702 3059; x_wconf 84' lang='lat' dir='ltr'><strong>excidit</strong></span> <span class='ocrx_word' id='word_1_434' title='bbox 3734 3021 3747 3057; x_wconf 90' lang='lat'><strong>:</strong></span> <span class='ocrx_word' id='word_1_435' title='bbox 3774 3002 3906 3059; x_wconf 89' lang='lat' dir='ltr'><strong>alias</strong></span> 
     </span>
    </p>
   </div>
   <div class='ocr_carea' id='block_1_58' title="bbox 2304 3094 3903 3171">
    <p class='ocr_par' dir='ltr' id='par_1_58' title="bbox 2304 3094 3903 3171">
     <span class='ocr_line' id='line_1_58' title="bbox 2304 3094 3903 3171; baseline -0.001 -18"><span class='ocrx_word' id='word_1_436' title='bbox 2304 3114 2436 3154; x_wconf 88' lang='lat' dir='ltr'><strong>vero</strong></span> <span class='ocrx_word' id='word_1_437' title='bbox 2486 3114 2708 3170; x_wconf 82' lang='lat' dir='ltr'><strong>prorsus</strong></span> <span class='ocrx_word' id='word_1_438' title='bbox 2734 3099 2908 3169; x_wconf 85' lang='lat' dir='ltr'><strong>parcit</strong></span> <span class='ocrx_word' id='word_1_439' title='bbox 2931 3107 3092 3154; x_wconf 61' lang='lat' dir='ltr'><strong>sectae</strong></span> <span class='ocrx_word' id='word_1_440' title='bbox 3143 3099 3366 3154; x_wconf 89' lang='lat' dir='ltr'><strong>nomini.</strong></span> <span class='ocrx_word' id='word_1_441' title='bbox 3400 3098 3524 3153; x_wconf 64' lang='lat' dir='ltr'><strong>llaec</strong></span> <span class='ocrx_word' id='word_1_442' title='bbox 3573 3094 3734 3152; x_wconf 89' lang='lat' dir='ltr'><strong>modo</strong></span> <span class='ocrx_word' id='word_1_443' title='bbox 3762 3095 3903 3171; x_wconf 87' lang='lat' dir='ltr'><strong>(Lib.</strong></span> 
     </span>
    </p>
   </div>
   <div class='ocr_carea' id='block_1_59' title="bbox 2302 3188 3908 3263">
    <p class='ocr_par' dir='ltr' id='par_1_59' title="bbox 2302 3188 3908 3263">
     <span class='ocr_line' id='line_1_59' title="bbox 2302 3188 3908 3263; baseline -0.001 -18"><span class='ocrx_word' id='word_1_444' title='bbox 2302 3206 2398 3259; x_wconf 83' lang='lat' dir='ltr'><strong>vn,</strong></span> <span class='ocrx_word' id='word_1_445' title='bbox 2432 3209 2485 3247; x_wconf 90' lang='lat' dir='ltr'><strong>n.</strong></span> <span class='ocrx_word' id='word_1_446' title='bbox 2535 3192 2594 3263; x_wconf 79' lang='lat'><strong>&#39;5)</strong></span> <span class='ocrx_word' id='word_1_447' title='bbox 2641 3207 2772 3246; x_wconf 87' lang='lat' dir='ltr'><strong>nova</strong></span> <span class='ocrx_word' id='word_1_448' title='bbox 2818 3191 3048 3259; x_wconf 70' lang='lat' dir='ltr'><strong>haeresis,</strong></span> <span class='ocrx_word' id='word_1_449' title='bbox 3100 3188 3262 3246; x_wconf 89' lang='lat' dir='ltr'><strong>modo</strong></span> <span class='ocrx_word' id='word_1_450' title='bbox 3307 3189 3469 3263; x_wconf 77' lang='lat' dir='ltr'><strong>(Ibid.</strong></span> <span class='ocrx_word' id='word_1_451' title='bbox 3502 3207 3558 3244; x_wconf 83' lang='grc' dir='ltr'><strong>η.</strong></span> <span class='ocrx_word' id='word_1_452' title='bbox 3597 3190 3655 3261; x_wconf 83' lang='grc'><strong>6)</strong></span> <span class='ocrx_word' id='word_1_453' title='bbox 3708 3190 3908 3245; x_wconf 87' lang='lat' dir='ltr'><strong>novella</strong></span> 
     </span>
    </p>
   </div>
   <div class='ocr_carea' id='block_1_60' title="bbox 594 3271 3907 3358">
    <p class='ocr_par' dir='ltr' id='par_1_60' title="bbox 594 3271 3907 3358">
     <span class='ocr_line' id='line_1_60' title="bbox 594 3271 3907 3358; baseline -0.001 -16"><span class='ocrx_word' id='word_1_454' title='bbox 594 3285 719 3342; x_wconf 89' lang='lat' dir='ltr'><strong>dem</strong></span> <span class='ocrx_word' id='word_1_455' title='bbox 747 3300 915 3356; x_wconf 87' lang='lat' dir='ltr'><strong>prope</strong></span> <span class='ocrx_word' id='word_1_456' title='bbox 945 3284 1066 3355; x_wconf 88' lang='lat' dir='ltr'><strong>jure</strong></span> <span class='ocrx_word' id='word_1_457' title='bbox 1098 3283 1153 3339; x_wconf 89' lang='lat' dir='ltr'><strong>hi</strong></span> <span class='ocrx_word' id='word_1_458' title='bbox 1194 3282 1316 3339; x_wconf 85' lang='lat' dir='ltr'><strong>fidei</strong></span> <span class='ocrx_word' id='word_1_459' title='bbox 1348 3282 1592 3353; x_wconf 86' lang='lat' dir='ltr'><strong>ejusdem</strong></span> <span class='ocrx_word' id='word_1_460' title='bbox 1643 3283 1888 3339; x_wconf 77' lang='lat' dir='ltr'><strong>vindices</strong></span> <span class='ocrx_word' id='word_1_461' title='bbox 1915 3281 2037 3338; x_wconf 89' lang='lat' dir='ltr'><strong>libri</strong></span> <span class='ocrx_word' id='word_1_462' title='bbox 2070 3281 2200 3337; x_wconf 80' lang='lat' dir='ltr'><strong>titu-</strong></span> <span class='ocrx_word' id='word_1_463' title='bbox 2233 3271 2281 3337; x_wconf 86' lang='lat' dir='ltr'>C</span> <span class='ocrx_word' id='word_1_464' title='bbox 2312 3300 2446 3338; x_wconf 86' lang='lat' dir='ltr'><strong>nunc</strong></span> <span class='ocrx_word' id='word_1_465' title='bbox 2468 3282 2704 3352; x_wconf 77' lang='lat' dir='ltr'><strong>&#39;hwres&#39;is,</strong></span> <span class='ocrx_word' id='word_1_466' title='bbox 2753 3301 2897 3341; x_wconf 89' lang='lat' dir='ltr'><strong>nunc</strong></span> <span class='ocrx_word' id='word_1_467' title='bbox 2929 3282 3066 3358; x_wconf 91' lang='lat' dir='ltr'><strong>(Lib.</strong></span> <span class='ocrx_word' id='word_1_468' title='bbox 3120 3301 3217 3351; x_wconf 87' lang='lat' dir='ltr'><strong>xu,</strong></span> <span class='ocrx_word' id='word_1_469' title='bbox 3257 3302 3309 3339; x_wconf 82' lang='grc' dir='ltr'><strong>η.</strong></span> <span class='ocrx_word' id='word_1_470' title='bbox 3342 3282 3431 3358; x_wconf 79' lang='lat' dir='ltr'><strong>l7)</strong></span> <span class='ocrx_word' id='word_1_471' title='bbox 3478 3284 3641 3339; x_wconf 85' lang='lat' dir='ltr'><strong>nostri</strong></span> <span class='ocrx_word' id='word_1_472' title='bbox 3665 3284 3907 3355; x_wconf 87' lang='lat' dir='ltr'><strong>temporis</strong></span> 
     </span>
    </p>
   </div>
   <div class='ocr_carea' id='block_1_61' title="bbox 590 3375 1512 3447">
    <p class='ocr_par' dir='ltr' id='par_1_61' title="bbox 590 3375 1512 3447">
     <span class='ocr_line' id='line_1_61' title="bbox 590 3375 1512 3447; baseline -0.003 -12"><span class='ocrx_word' id='word_1_473' title='bbox 590 3380 645 3435; x_wconf 88' lang='lat' dir='ltr'><strong>lo</strong></span> <span class='ocrx_word' id='word_1_474' title='bbox 671 3377 863 3434; x_wconf 88' lang='lat' dir='ltr'><strong>eodem</strong></span> <span class='ocrx_word' id='word_1_475' title='bbox 892 3375 1143 3447; x_wconf 84' lang='lat' dir='ltr'><strong>insigniri</strong></span> <span class='ocrx_word' id='word_1_476' title='bbox 1169 3385 1512 3432; x_wconf 85' lang='lat' dir='ltr'><strong>meruerunt.</strong></span> 
     </span>
    </p>
   </div>
   <div class='ocr_carea' id='block_1_62' title="bbox 662 3464 2197 3541">
    <p class='ocr_par' dir='ltr' id='par_1_62' title="bbox 662 3464 2197 3541">
     <span class='ocr_line' id='line_1_62' title="bbox 662 3464 2197 3541; baseline -0.005 -13"><span class='ocrx_word' id='word_1_477' title='bbox 662 3470 755 3528; x_wconf 75' lang='lat' dir='ltr'><strong>VI.</strong></span> <span class='ocrx_word' id='word_1_478' title='bbox 798 3468 866 3525; x_wconf 80' lang='lat' dir='ltr'><strong>In</strong></span> <span class='ocrx_word' id='word_1_479' title='bbox 892 3469 1115 3524; x_wconf 83' lang='lat' dir='ltr'><strong>Arianos</strong></span> <span class='ocrx_word' id='word_1_480' title='bbox 1156 3465 1481 3541; x_wconf 83' lang='lat' dir='ltr'><strong>potissimum</strong></span> <span class='ocrx_word' id='word_1_481' title='bbox 1528 3470 1710 3525; x_wconf 79' lang='lat' dir='ltr'><strong>intenti</strong></span> <span class='ocrx_word' id='word_1_482' title='bbox 1742 3476 1882 3525; x_wconf 86' lang='lat' dir='ltr'><strong>sunt.</strong></span> <span class='ocrx_word' id='word_1_483' title='bbox 1904 3495 1975 3509; x_wconf 59' lang='grc' dir='ltr'><strong>-ν</strong></span> <span class='ocrx_word' id='word_1_484' title='bbox 2000 3464 2197 3521; x_wconf 83' lang='lat' dir='ltr'><strong>Faten-</strong></span> 
     </span>
    </p>
   </div>
   <div class='ocr_carea' id='block_1_63' title="bbox 593 3563 2194 3633">
    <p class='ocr_par' dir='ltr' id='par_1_63' title="bbox 593 3563 2194 3633">
     <span class='ocr_line' id='line_1_63' title="bbox 593 3563 2194 3633; baseline -0.004 -13"><span class='ocrx_word' id='word_1_485' title='bbox 593 3566 721 3621; x_wconf 91' lang='lat' dir='ltr'><strong>dum</strong></span> <span class='ocrx_word' id='word_1_486' title='bbox 773 3572 953 3618; x_wconf 87' lang='lat' dir='ltr'><strong>tamen</strong></span> <span class='ocrx_word' id='word_1_487' title='bbox 998 3571 1081 3617; x_wconf 92' lang='lat' dir='ltr'><strong>est</strong></span> <span class='ocrx_word' id='word_1_488' title='bbox 1127 3576 1223 3619; x_wconf 91' lang='lat' dir='ltr'><strong>eos</strong></span> <span class='ocrx_word' id='word_1_489' title='bbox 1275 3564 1621 3633; x_wconf 87' lang='lat' dir='ltr'><strong>potissimum</strong></span> <span class='ocrx_word' id='word_1_490' title='bbox 1686 3573 1875 3619; x_wconf 90' lang='lat' dir='ltr'><strong>contra</strong></span> <span class='ocrx_word' id='word_1_491' title='bbox 1934 3563 2194 3619; x_wconf 81' lang='lat' dir='ltr'><strong>Arianam</strong></span> 
     </span>
    </p>
   </div>
   <div class='ocr_carea' id='block_1_64' title="bbox 592 3653 2198 3726">
    <p class='ocr_par' dir='ltr' id='par_1_64' title="bbox 592 3653 2198 3726">
     <span class='ocr_line' id='line_1_64' title="bbox 592 3653 2198 3726; baseline -0.002 -13"><span class='ocrx_word' id='word_1_492' title='bbox 592 3663 796 3713; x_wconf 85' lang='lat' dir='ltr'><strong>sectam</strong></span> <span class='ocrx_word' id='word_1_493' title='bbox 846 3654 1012 3711; x_wconf 84' lang='lat' dir='ltr'><strong>fuisse</strong></span> <span class='ocrx_word' id='word_1_494' title='bbox 1038 3655 1400 3726; x_wconf 84' lang='lat' dir='ltr'><strong>conscriptos.</strong></span> <span class='ocrx_word' id='word_1_495' title='bbox 1422 3654 1725 3711; x_wconf 85' lang='lat' dir='ltr'><strong>Consilium</strong></span> <span class='ocrx_word' id='word_1_496' title='bbox 1757 3671 1913 3711; x_wconf 91' lang='lat' dir='ltr'><strong>suum</strong></span> <span class='ocrx_word' id='word_1_497' title='bbox 1960 3653 2198 3711; x_wconf 77' lang='lat' dir='ltr'><strong>declarat</strong></span> 
     </span>
    </p>
   </div>
   <div class='ocr_carea' id='block_1_65' title="bbox 595 3746 2196 3819">
    <p class='ocr_par' dir='ltr' id='par_1_65' title="bbox 595 3746 2196 3819">
     <span class='ocr_line' id='line_1_65' title="bbox 595 3746 2196 3819; baseline -0.001 -15"><span class='ocrx_word' id='word_1_498' title='bbox 595 3746 830 3804; x_wconf 88' lang='lat' dir='ltr'><strong>Hilarius</strong></span> <span class='ocrx_word' id='word_1_499' title='bbox 862 3749 981 3819; x_wconf 86' lang='lat' dir='ltr'><strong>ipse</strong></span> <span class='ocrx_word' id='word_1_500' title='bbox 1018 3748 1111 3804; x_wconf 89' lang='lat' dir='ltr'><strong>lib.</strong></span> <span class='ocrx_word' id='word_1_501' title='bbox 1143 3765 1184 3813; x_wconf 85' lang='grc' dir='ltr'>ι,</span> <span class='ocrx_word' id='word_1_502' title='bbox 1228 3762 1381 3804; x_wconf 89' lang='lat' dir='ltr'><strong>num.</strong></span> <span class='ocrx_word' id='word_1_503' title='bbox 1418 3749 1508 3819; x_wconf 70' lang='lat'><strong>1&#39;7,</strong></span> <span class='ocrx_word' id='word_1_504' title='bbox 1540 3748 1633 3805; x_wconf 91' lang='lat' dir='ltr'><strong>ubi</strong></span> <span class='ocrx_word' id='word_1_505' title='bbox 1662 3749 1730 3806; x_wconf 90' lang='lat' dir='ltr'><strong>de</strong></span> <span class='ocrx_word' id='word_1_506' title='bbox 1778 3748 2016 3816; x_wconf 76' lang='lat' dir='ltr'><strong>Arianis,</strong></span> <span class='ocrx_word' id='word_1_507' title='bbox 2061 3763 2196 3819; x_wconf 80' lang='lat' dir='ltr'><strong>quo-</strong></span> 
     </span>
    </p>
   </div>
   <div class='ocr_carea' id='block_1_66' title="bbox 595 3842 2194 3913">
    <p class='ocr_par' dir='ltr' id='par_1_66' title="bbox 595 3842 2194 3913">
     <span class='ocr_line' id='line_1_66' title="bbox 595 3842 2194 3913; baseline 0 -16"><span class='ocrx_word' id='word_1_508' title='bbox 595 3857 712 3897; x_wconf 91' lang='lat' dir='ltr'><strong>rum</strong></span> <span class='ocrx_word' id='word_1_509' title='bbox 752 3842 957 3898; x_wconf 83' lang='lat' dir='ltr'><strong>nomini</strong></span> <span class='ocrx_word' id='word_1_510' title='bbox 997 3856 1222 3913; x_wconf 82' lang='lat' dir='ltr'><strong>parcere</strong></span> <span class='ocrx_word' id='word_1_511' title='bbox 1263 3842 1439 3909; x_wconf 89' lang='lat' dir='ltr'><strong>solet,</strong></span> <span class='ocrx_word' id='word_1_512' title='bbox 1478 3857 1733 3899; x_wconf 89' lang='lat' dir='ltr'><strong>sermone</strong></span> <span class='ocrx_word' id='word_1_513' title='bbox 1790 3842 1973 3898; x_wconf 89' lang='lat' dir='ltr'><strong>habito</strong></span> <span class='ocrx_word' id='word_1_514' title='bbox 2013 3842 2194 3897; x_wconf 78' lang='lat' dir='ltr'><strong>statim</strong></span> 
     </span>
    </p>
   </div>
   <div class='ocr_carea' id='block_1_67' title="bbox 594 3933 2195 4005">
    <p class='ocr_par' dir='ltr' id='par_1_67' title="bbox 594 3933 2195 4005">
     <span class='ocr_line' id='line_1_67' title="bbox 594 3933 2195 4005; baseline -0.002 -15"><span class='ocrx_word' id='word_1_515' title='bbox 594 3934 844 4005; x_wconf 75' lang='lat' dir='ltr'><strong>subiicit:</strong></span> <span class='ocrx_word' id='word_1_516' title='bbox 870 3933 1077 3988; x_wconf 86' lang='lat' dir='ltr'><strong>Horam</strong></span> <span class='ocrx_word' id='word_1_517' title='bbox 1098 3934 1256 4005; x_wconf 86' lang='lat' dir='ltr'><strong>igitur</strong></span> <span class='ocrx_word' id='word_1_518' title='bbox 1278 3934 1446 4005; x_wconf 79' lang='lat' dir='ltr'><strong>furori</strong></span> <span class='ocrx_word' id='word_1_519' title='bbox 1471 3935 1781 4005; x_wconf 87' lang='lat' dir='ltr'><strong>respondere</strong></span> <span class='ocrx_word' id='word_1_520' title='bbox 1820 3935 2020 3989; x_wconf 86' lang='lat' dir='ltr'><strong>animus</strong></span> <span class='ocrx_word' id='word_1_521' title='bbox 2047 3950 2195 3988; x_wconf 76' lang='lat' dir='ltr'><strong>ea&#39;ar-</strong></span> 
     </span>
    </p>
   </div>
   <div class='ocr_carea' id='block_1_68' title="bbox 597 4026 2194 4099">
    <p class='ocr_par' dir='ltr' id='par_1_68' title="bbox 597 4026 2194 4099">
     <span class='ocr_line' id='line_1_68' title="bbox 597 4026 2194 4099; baseline 0.001 -19"><span class='ocrx_word' id='word_1_522' title='bbox 597 4029 684 4082; x_wconf 90' lang='lat' dir='ltr'><strong>sit.</strong></span> <span class='ocrx_word' id='word_1_523' title='bbox 718 4027 901 4097; x_wconf 85' lang='lat' dir='ltr'><strong>Neque</strong></span> <span class='ocrx_word' id='word_1_524' title='bbox 928 4027 1060 4082; x_wconf 91' lang='lat' dir='ltr'><strong>illud</strong></span> <span class='ocrx_word' id='word_1_525' title='bbox 1089 4027 1211 4083; x_wconf 84' lang='lat' dir='ltr'><strong>libri</strong></span> <span class='ocrx_word' id='word_1_526' title='bbox 1234 4029 1450 4098; x_wconf 88' lang='lat' dir='ltr'><strong>septimi</strong></span> <span class='ocrx_word' id='word_1_527' title='bbox 1477 4028 1778 4095; x_wconf 91' lang='lat' dir='ltr'><strong>exordium,</strong></span> <span class='ocrx_word' id='word_1_528' title='bbox 1815 4028 2080 4099; x_wconf 85' lang='lat' dir='ltr'><strong>Septimus</strong></span> <span class='ocrx_word' id='word_1_529' title='bbox 2108 4026 2194 4081; x_wconf 85' lang='lat' dir='ltr'><strong>hic</strong></span> 
     </span>
    </p>
   </div>
   <div class='ocr_carea' id='block_1_69' title="bbox 602 4117 2195 4176">
    <p class='ocr_par' dir='ltr' id='par_1_69' title="bbox 602 4117 2195 4176">
     <span class='ocr_line' id='line_1_69' title="bbox 602 4117 2195 4176; baseline 0.001 -5"><span class='ocrx_word' id='word_1_530' title='bbox 602 4117 748 4173; x_wconf 86' lang='lat' dir='ltr'><strong>nobis</strong></span> <span class='ocrx_word' id='word_1_531' title='bbox 775 4118 1047 4172; x_wconf 85' lang='lat' dir='ltr'><strong>adversum</strong></span> <span class='ocrx_word' id='word_1_532' title='bbox 1094 4135 1238 4173; x_wconf 66' lang='lat' dir='ltr'><strong>nova</strong></span> <span class='ocrx_word' id='word_1_533' title='bbox 1267 4118 1515 4175; x_wconf 75' lang='lat' dir='ltr'><strong>luereseos</strong></span> <span class='ocrx_word' id='word_1_534' title='bbox 1564 4135 1802 4176; x_wconf 84' lang='lat' dir='ltr'><strong>vesanam</strong></span> <span class='ocrx_word' id='word_1_535' title='bbox 1857 4119 2195 4174; x_wconf 87' lang='lat' dir='ltr'><strong>temeritatem</strong></span> 
     </span>
    </p>
   </div>
   <div class='ocr_carea' id='block_1_70' title="bbox 594 4211 2192 4280">
    <p class='ocr_par' dir='ltr' id='par_1_70' title="bbox 594 4211 2192 4280">
     <span class='ocr_line' id='line_1_70' title="bbox 594 4211 2192 4280; baseline -0.001 -12"><span class='ocrx_word' id='word_1_536' title='bbox 594 4214 719 4268; x_wconf 84' lang='lat' dir='ltr'><strong>liber</strong></span> <span class='ocrx_word' id='word_1_537' title='bbox 749 4213 1009 4277; x_wconf 82' lang='lat' dir='ltr'><strong>scribitur,</strong></span> <span class='ocrx_word' id='word_1_538' title='bbox 1041 4212 1182 4266; x_wconf 85' lang='lat' dir='ltr'><strong>aliud</strong></span> <span class='ocrx_word' id='word_1_539' title='bbox 1209 4211 1311 4267; x_wconf 89' lang='lat' dir='ltr'><strong>sibi</strong></span> <span class='ocrx_word' id='word_1_540' title='bbox 1339 4213 1472 4280; x_wconf 85' lang='lat' dir='ltr'><strong>vult,</strong></span> <span class='ocrx_word' id='word_1_541' title='bbox 1507 4215 1606 4269; x_wconf 89' lang='lat' dir='ltr'><strong>nisi</strong></span> <span class='ocrx_word' id='word_1_542' title='bbox 1637 4223 1693 4267; x_wconf 90' lang='lat' dir='ltr'><strong>ut</strong></span> <span class='ocrx_word' id='word_1_543' title='bbox 1720 4214 1919 4268; x_wconf 89' lang='lat' dir='ltr'><strong>indicet</strong></span> <span class='ocrx_word' id='word_1_544' title='bbox 1949 4214 2001 4267; x_wconf 91' lang='lat' dir='ltr'><strong>in</strong></span> <span class='ocrx_word' id='word_1_545' title='bbox 2028 4228 2192 4267; x_wconf 90' lang='lat' dir='ltr'><strong>unam</strong></span> 
     </span>
    </p>
   </div>
   <div class='ocr_carea' id='block_1_71' title="bbox 597 4303 2195 4375">
    <p class='ocr_par' dir='ltr' id='par_1_71' title="bbox 597 4303 2195 4375">
     <span class='ocr_line' id='line_1_71' title="bbox 597 4303 2195 4375; baseline 0 -16"><span class='ocrx_word' id='word_1_546' title='bbox 597 4304 853 4360; x_wconf 81' lang='lat' dir='ltr'><strong>Arianam</strong></span> <span class='ocrx_word' id='word_1_547' title='bbox 896 4303 1149 4359; x_wconf 66' lang='lat' dir='ltr'><strong>haeresim</strong></span> <span class='ocrx_word' id='word_1_548' title='bbox 1180 4303 1441 4360; x_wconf 83' lang='lat' dir='ltr'><strong>hactenus</strong></span> <span class='ocrx_word' id='word_1_549' title='bbox 1482 4303 1811 4375; x_wconf 86' lang='lat' dir='ltr'><strong>disputatum</strong></span> <span class='ocrx_word' id='word_1_550' title='bbox 1848 4316 1989 4361; x_wconf 90' lang='lat' dir='ltr'><strong>esse.</strong></span> <span class='ocrx_word' id='word_1_551' title='bbox 2019 4305 2096 4359; x_wconf 83' lang='lat' dir='ltr'><strong>Ac</strong></span> <span class='ocrx_word' id='word_1_552' title='bbox 2121 4314 2195 4360; x_wconf 89' lang='lat' dir='ltr'><strong>ne</strong></span> 
     </span>
    </p>
   </div>
   <div class='ocr_carea' id='block_1_72' title="bbox 588 4395 2196 4466">
    <p class='ocr_par' dir='ltr' id='par_1_72' title="bbox 588 4395 2196 4466">
     <span class='ocr_line' id='line_1_72' title="bbox 588 4395 2196 4466; baseline -0.001 -13"><span class='ocrx_word' id='word_1_553' title='bbox 588 4395 875 4466; x_wconf 84' lang='lat' dir='ltr'><strong>superfluis</strong></span> <span class='ocrx_word' id='word_1_554' title='bbox 926 4395 1337 4466; x_wconf 82' lang='lat' dir='ltr'><strong>probationibus</strong></span> <span class='ocrx_word' id='word_1_555' title='bbox 1381 4396 1581 4451; x_wconf 88' lang='lat' dir='ltr'><strong>diutius</strong></span> <span class='ocrx_word' id='word_1_556' title='bbox 1621 4398 1993 4464; x_wconf 82' lang='lat' dir='ltr'><strong>immoremur,</strong></span> <span class='ocrx_word' id='word_1_557' title='bbox 2041 4397 2196 4452; x_wconf 83' lang='lat' dir='ltr'><strong>suffi-</strong></span> 
     </span>
    </p>
   </div>
   <div class='ocr_carea' id='block_1_73' title="bbox 594 4488 2270 4574">
    <p class='ocr_par' dir='ltr' id='par_1_73' title="bbox 594 4488 2270 4574">
     <span class='ocr_line' id='line_1_73' title="bbox 594 4488 2270 4574; baseline -0.002 -29"><span class='ocrx_word' id='word_1_558' title='bbox 594 4492 703 4546; x_wconf 88' lang='lat' dir='ltr'><strong>eiat</strong></span> <span class='ocrx_word' id='word_1_559' title='bbox 722 4489 854 4545; x_wconf 89' lang='lat' dir='ltr'><strong>illud</strong></span> <span class='ocrx_word' id='word_1_560' title='bbox 876 4489 970 4544; x_wconf 87' lang='lat' dir='ltr'><strong>lib.</strong></span> <span class='ocrx_word' id='word_1_561' title='bbox 994 4504 1052 4557; x_wconf 82' lang='lat' dir='ltr'><strong>x,</strong></span> <span class='ocrx_word' id='word_1_562' title='bbox 1082 4504 1231 4544; x_wconf 90' lang='lat' dir='ltr'><strong>num.</strong></span> <span class='ocrx_word' id='word_1_563' title='bbox 1265 4488 1320 4558; x_wconf 87' lang='lat'><strong>8,</strong></span> <span class='ocrx_word' id='word_1_564' title='bbox 1363 4488 1453 4545; x_wconf 90' lang='lat' dir='ltr'><strong>ubi</strong></span> <span class='ocrx_word' id='word_1_565' title='bbox 1479 4490 1710 4545; x_wconf 83' lang='lat' dir='ltr'><strong>Hilarius</strong></span> <span class='ocrx_word' id='word_1_566' title='bbox 1736 4492 1803 4547; x_wconf 90' lang='lat' dir='ltr'><strong>ad</strong></span> <span class='ocrx_word' id='word_1_567' title='bbox 1828 4490 1992 4545; x_wconf 71' lang='lat' dir='ltr'><strong>filiam</strong></span> <span class='ocrx_word' id='word_1_568' title='bbox 2025 4489 2191 4557; x_wconf 73' lang='lat' dir='ltr'><strong>hujus</strong></span> <span class='ocrx_word' id='word_1_569' title='bbox 2249 4562 2270 4574; x_wconf 35' lang='grc' dir='ltr'>υ</span> 
     </span>
    </p>
   </div>
   <div class='ocr_carea' id='block_1_74' title="bbox 592 4582 2193 4655">
    <p class='ocr_par' dir='ltr' id='par_1_74' title="bbox 592 4582 2193 4655">
     <span class='ocr_line' id='line_1_74' title="bbox 592 4582 2193 4655; baseline -0.001 -15"><span class='ocrx_word' id='word_1_570' title='bbox 592 4585 774 4655; x_wconf 84' lang='lat' dir='ltr'><strong>operis</strong></span> <span class='ocrx_word' id='word_1_571' title='bbox 800 4582 919 4641; x_wconf 90' lang='lat' dir='ltr'><strong>licet</strong></span> <span class='ocrx_word' id='word_1_572' title='bbox 942 4596 1195 4655; x_wconf 80' lang='lat' dir='ltr'><strong>vergens,</strong></span> <span class='ocrx_word' id='word_1_573' title='bbox 1228 4599 1349 4639; x_wconf 90' lang='lat' dir='ltr'><strong>cum</strong></span> <span class='ocrx_word' id='word_1_574' title='bbox 1377 4585 1499 4638; x_wconf 88' lang='lat' dir='ltr'><strong>unis</strong></span> <span class='ocrx_word' id='word_1_575' title='bbox 1534 4597 1709 4637; x_wconf 87' lang='lat' dir='ltr'><strong>tamen</strong></span> <span class='ocrx_word' id='word_1_576' title='bbox 1743 4583 2041 4651; x_wconf 79' lang='lat' dir='ltr'><strong>iisdemque</strong></span> <span class='ocrx_word' id='word_1_577' title='bbox 2070 4583 2193 4639; x_wconf 63' lang='lat' dir='ltr'><strong>hae-v</strong></span> 
     </span>
    </p>
   </div>
   <div class='ocr_carea' id='block_1_75' title="bbox 2303 3375 3907 3449">
    <p class='ocr_par' dir='ltr' id='par_1_75' title="bbox 2303 3375 3907 3449">
     <span class='ocr_line' id='line_1_75' title="bbox 2303 3375 3907 3449; baseline 0.001 -19"><span class='ocrx_word' id='word_1_578' title='bbox 2303 3377 2581 3447; x_wconf 86' lang='lat' dir='ltr'><strong>inﬁdelitas</strong></span> <span class='ocrx_word' id='word_1_579' title='bbox 2607 3378 2933 3449; x_wconf 86' lang='lat' dir='ltr'><strong>appellatur.</strong></span> <span class='ocrx_word' id='word_1_580' title='bbox 2985 3375 3157 3449; x_wconf 87' lang='lat' dir='ltr'><strong>Hujus</strong></span> <span class='ocrx_word' id='word_1_581' title='bbox 3188 3392 3319 3432; x_wconf 88' lang='lat' dir='ltr'><strong>vero</strong></span> <span class='ocrx_word' id='word_1_582' title='bbox 3367 3385 3617 3433; x_wconf 88' lang='lat' dir='ltr'><strong>auctores</strong></span> <span class='ocrx_word' id='word_1_583' title='bbox 3656 3377 3907 3432; x_wconf 88' lang='lat' dir='ltr'><strong>similiter</strong></span> 
     </span>
    </p>
   </div>
   <div class='ocr_carea' id='block_1_76' title="bbox 2306 3468 3910 3540">
    <p class='ocr_par' dir='ltr' id='par_1_76' title="bbox 2306 3468 3910 3540">
     <span class='ocr_line' id='line_1_76' title="bbox 2306 3468 3910 3540; baseline 0 -16"><span class='ocrx_word' id='word_1_584' title='bbox 2306 3470 2465 3525; x_wconf 87' lang='lat' dir='ltr'><strong>tectis</strong></span> <span class='ocrx_word' id='word_1_585' title='bbox 2491 3468 2672 3526; x_wconf 86' lang='lat' dir='ltr'><strong>verbis</strong></span> <span class='ocrx_word' id='word_1_586' title='bbox 2701 3469 2923 3525; x_wconf 89' lang='lat' dir='ltr'><strong>vocitari</strong></span> <span class='ocrx_word' id='word_1_587' title='bbox 2950 3469 3159 3536; x_wconf 84' lang='lat' dir='ltr'><strong>audias,</strong></span> <span class='ocrx_word' id='word_1_588' title='bbox 3190 3480 3283 3524; x_wconf 87' lang='lat' dir='ltr'><strong>aut</strong></span> <span class='ocrx_word' id='word_1_589' title='bbox 3309 3486 3412 3524; x_wconf 88' lang='lat' dir='ltr'><strong>non</strong></span> <span class='ocrx_word' id='word_1_590' title='bbox 3438 3470 3542 3524; x_wconf 80' lang='lat' dir='ltr'><strong>veri</strong></span> <span class='ocrx_word' id='word_1_591' title='bbox 3594 3468 3695 3523; x_wconf 88' lang='lat' dir='ltr'><strong>Dei</strong></span> <span class='ocrx_word' id='word_1_592' title='bbox 3718 3468 3910 3540; x_wconf 73' lang='lat' dir='ltr'><strong>praedi-</strong></span> 
     </span>
    </p>
   </div>
   <div class='ocr_carea' id='block_1_77' title="bbox 2307 3565 3911 3641">
    <p class='ocr_par' dir='ltr' id='par_1_77' title="bbox 2307 3565 3911 3641">
     <span class='ocr_line' id='line_1_77' title="bbox 2307 3565 3911 3641; baseline 0.001 -21"><span class='ocrx_word' id='word_1_593' title='bbox 2307 3577 2526 3632; x_wconf 87' lang='lat' dir='ltr'><strong>catores,</strong></span> <span class='ocrx_word' id='word_1_594' title='bbox 2549 3576 2642 3621; x_wconf 88' lang='lat' dir='ltr'><strong>aut</strong></span> <span class='ocrx_word' id='word_1_595' title='bbox 2671 3565 2807 3641; x_wconf 87' lang='lat' dir='ltr'><strong>(Lib.</strong></span> <span class='ocrx_word' id='word_1_596' title='bbox 2836 3582 2895 3635; x_wconf 86' lang='lat' dir='ltr'><strong>lt,</strong></span> <span class='ocrx_word' id='word_1_597' title='bbox 2924 3584 2977 3621; x_wconf 82' lang='grc' dir='ltr'><strong>η.</strong></span> <span class='ocrx_word' id='word_1_598' title='bbox 3004 3565 3061 3636; x_wconf 69' lang='grc'><strong>4)</strong></span> <span class='ocrx_word' id='word_1_599' title='bbox 3088 3566 3286 3636; x_wconf 80' lang='lat' dir='ltr'><strong>aliquos</strong></span> <span class='ocrx_word' id='word_1_600' title='bbox 3311 3582 3446 3621; x_wconf 87' lang='lat' dir='ltr'><strong>nunc</strong></span> <span class='ocrx_word' id='word_1_601' title='bbox 3468 3565 3621 3640; x_wconf 82' lang='lat' dir='ltr'><strong>hujus</strong></span> <span class='ocrx_word' id='word_1_602' title='bbox 3669 3566 3911 3632; x_wconf 84' lang='lat' dir='ltr'><strong>temporis</strong></span> 
     </span>
    </p>
   </div>
   <div class='ocr_carea' id='block_1_78' title="bbox 2306 3656 3907 3728">
    <p class='ocr_par' dir='ltr' id='par_1_78' title="bbox 2306 3656 3907 3728">
     <span class='ocr_line' id='line_1_78' title="bbox 2306 3656 3907 3728; baseline 0.001 -16"><span class='ocrx_word' id='word_1_603' title='bbox 2306 3658 2689 3727; x_wconf 75' lang='lat' dir='ltr'><strong>prtedicatores,</strong></span> <span class='ocrx_word' id='word_1_604' title='bbox 2722 3669 2814 3713; x_wconf 88' lang='lat' dir='ltr'><strong>aut</strong></span> <span class='ocrx_word' id='word_1_605' title='bbox 2843 3657 2981 3727; x_wconf 86' lang='lat' dir='ltr'><strong>(Lib.</strong></span> <span class='ocrx_word' id='word_1_606' title='bbox 3015 3674 3109 3725; x_wconf 85' lang='lat' dir='ltr'><strong>vn,</strong></span> <span class='ocrx_word' id='word_1_607' title='bbox 3136 3675 3189 3712; x_wconf 89' lang='lat' dir='ltr'><strong>n.</strong></span> <span class='ocrx_word' id='word_1_608' title='bbox 3219 3656 3278 3728; x_wconf 91' lang='lat'><strong>6)</strong></span> <span class='ocrx_word' id='word_1_609' title='bbox 3321 3667 3593 3727; x_wconf 77' lang='lat' dir='ltr'><strong>prwsentcs</strong></span> <span class='ocrx_word' id='word_1_610' title='bbox 3615 3656 3907 3725; x_wconf 79' lang='lat' dir='ltr'><strong>Itwreticos,</strong></span> 
     </span>
    </p>
   </div>
   <div class='ocr_carea' id='block_1_79' title="bbox 2303 3749 3913 3827">
    <p class='ocr_par' dir='ltr' id='par_1_79' title="bbox 2303 3749 3913 3827">
     <span class='ocr_line' id='line_1_79' title="bbox 2303 3749 3913 3827; baseline -0.002 -18"><span class='ocrx_word' id='word_1_611' title='bbox 2303 3764 2400 3809; x_wconf 80' lang='lat' dir='ltr'><strong>aut</strong></span> <span class='ocrx_word' id='word_1_612' title='bbox 2423 3753 2470 3827; x_wconf 91' lang='lat' dir='ltr'><strong>(l</strong></span> <span class='ocrx_word' id='word_1_613' title='bbox 2482 3751 2673 3825; x_wconf 88' lang='lat' dir='ltr'><strong>bidem)</strong></span> <span class='ocrx_word' id='word_1_614' title='bbox 2691 3753 2991 3808; x_wconf 85' lang='lat' dir='ltr'><strong>dissimilem</strong></span> <span class='ocrx_word' id='word_1_615' title='bbox 3015 3750 3163 3806; x_wconf 87' lang='lat' dir='ltr'><strong>Patri</strong></span> <span class='ocrx_word' id='word_1_616' title='bbox 3188 3749 3385 3805; x_wconf 85' lang='lat' dir='ltr'><strong>Filium</strong></span> <span class='ocrx_word' id='word_1_617' title='bbox 3424 3750 3782 3822; x_wconf 79' lang='lat' dir='ltr'><strong>prtedicantes,</strong></span> <span class='ocrx_word' id='word_1_618' title='bbox 3817 3758 3913 3806; x_wconf 79' lang='lat' dir='ltr'><strong>aut</strong></span> 
     </span>
    </p>
   </div>
   <div class='ocr_carea' id='block_1_80' title="bbox 2306 3842 3909 3919">
    <p class='ocr_par' dir='ltr' id='par_1_80' title="bbox 2306 3842 3909 3919">
     <span class='ocr_line' id='line_1_80' title="bbox 2306 3842 3909 3919; baseline -0.001 -21"><span class='ocrx_word' id='word_1_619' title='bbox 2306 3845 2443 3918; x_wconf 90' lang='lat' dir='ltr'><strong>(Lib.</strong></span> <span class='ocrx_word' id='word_1_620' title='bbox 2477 3863 2553 3914; x_wconf 78' lang='grc' dir='ltr'>ιιι,</span> <span class='ocrx_word' id='word_1_621' title='bbox 2582 3862 2634 3900; x_wconf 88' lang='lat' dir='ltr'><strong>n.</strong></span> <span class='ocrx_word' id='word_1_622' title='bbox 2665 3845 2721 3919; x_wconf 73' lang='grc' dir='ltr'>ι)</span> <span class='ocrx_word' id='word_1_623' title='bbox 2767 3845 2883 3899; x_wconf 87' lang='lat' dir='ltr'><strong>novi</strong></span> <span class='ocrx_word' id='word_1_624' title='bbox 2931 3843 3125 3899; x_wconf 83' lang='lat' dir='ltr'><strong>Christi</strong></span> <span class='ocrx_word' id='word_1_625' title='bbox 3167 3843 3570 3916; x_wconf 77' lang='lat' dir='ltr'><strong>prtcdicatores,</strong></span> <span class='ocrx_word' id='word_1_626' title='bbox 3608 3843 3690 3899; x_wconf 90' lang='lat' dir='ltr'><strong>vel</strong></span> <span class='ocrx_word' id='word_1_627' title='bbox 3740 3842 3909 3898; x_wconf 77' lang='lat' dir='ltr'><strong>etiam</strong></span> 
     </span>
    </p>
   </div>
   <div class='ocr_carea' id='block_1_81' title="bbox 2308 3936 3909 4011">
    <p class='ocr_par' dir='ltr' id='par_1_81' title="bbox 2308 3936 3909 4011">
     <span class='ocr_line' id='line_1_81' title="bbox 2308 3936 3909 4011; baseline -0.002 -19"><span class='ocrx_word' id='word_1_628' title='bbox 2308 3937 2449 4011; x_wconf 88' lang='lat' dir='ltr'><strong>(Lib.</strong></span> <span class='ocrx_word' id='word_1_629' title='bbox 2507 3955 2563 4005; x_wconf 86' lang='grc' dir='ltr'>ι,</span> <span class='ocrx_word' id='word_1_630' title='bbox 2620 3956 2675 3993; x_wconf 88' lang='lat' dir='ltr'><strong>n.</strong></span> <span class='ocrx_word' id='word_1_631' title='bbox 2727 3936 2823 4009; x_wconf 76' lang='lat'><strong>9.6)</strong></span> <span class='ocrx_word' id='word_1_632' title='bbox 2875 3947 3123 3993; x_wconf 79' lang='lat' dir='ltr'><strong>creatura:</strong></span> <span class='ocrx_word' id='word_1_633' title='bbox 3185 3936 3583 4008; x_wconf 64' lang='lat' dir='ltr'><strong>praedicatores;</strong></span> <span class='ocrx_word' id='word_1_634' title='bbox 3645 3949 3909 4007; x_wconf 84' lang='lat' dir='ltr'><strong>nusquam</strong></span> 
     </span>
    </p>
   </div>
   <div class='ocr_carea' id='block_1_82' title="bbox 2305 4033 2546 4088">
    <p class='ocr_par' dir='ltr' id='par_1_82' title="bbox 2305 4033 2546 4088">
     <span class='ocr_line' id='line_1_82' title="bbox 2305 4033 2546 4088; baseline 0 -2"><span class='ocrx_word' id='word_1_635' title='bbox 2305 4033 2546 4088; x_wconf 83' lang='lat' dir='ltr'><strong>Arianos.</strong></span> 
     </span>
    </p>
   </div>
   <div class='ocr_carea' id='block_1_83' title="bbox 2379 4122 3913 4197">
    <p class='ocr_par' dir='ltr' id='par_1_83' title="bbox 2379 4122 3913 4197">
     <span class='ocr_line' id='line_1_83' title="bbox 2379 4122 3913 4197; baseline -0.002 -15"><span class='ocrx_word' id='word_1_636' title='bbox 2379 4126 2470 4183; x_wconf 81' lang='lat' dir='ltr'><strong>IX.</strong></span> <span class='ocrx_word' id='word_1_637' title='bbox 2518 4126 2754 4182; x_wconf 83' lang='lat' dir='ltr'><strong>Hilarius</strong></span> <span class='ocrx_word' id='word_1_638' title='bbox 2779 4128 3177 4182; x_wconf 83' lang='lat' dir='ltr'><strong>moderationem</strong></span> <span class='ocrx_word' id='word_1_639' title='bbox 3201 4142 3348 4181; x_wconf 91' lang='lat' dir='ltr'><strong>suam</strong></span> <span class='ocrx_word' id='word_1_640' title='bbox 3374 4124 3455 4179; x_wconf 87' lang='lat' dir='ltr'><strong>Itis</strong></span> <span class='ocrx_word' id='word_1_641' title='bbox 3481 4124 3623 4179; x_wconf 83' lang='lat' dir='ltr'><strong>libris</strong></span> <span class='ocrx_word' id='word_1_642' title='bbox 3648 4122 3913 4197; x_wconf 74' lang='lat' dir='ltr'><strong>patefecit.</strong></span> 
     </span>
    </p>
   </div>
   <div class='ocr_carea' id='block_1_84' title="bbox 2306 4216 3911 4287">
    <p class='ocr_par' dir='ltr' id='par_1_84' title="bbox 2306 4216 3911 4287">
     <span class='ocr_line' id='line_1_84' title="bbox 2306 4216 3911 4287; baseline -0.006 -9"><span class='ocrx_word' id='word_1_643' title='bbox 2306 4253 2379 4265; x_wconf 83' lang='lat'><strong>-—</strong></span> <span class='ocrx_word' id='word_1_644' title='bbox 2404 4220 2558 4277; x_wconf 88' lang='lat' dir='ltr'><strong>Sicut</strong></span> <span class='ocrx_word' id='word_1_645' title='bbox 2601 4237 2723 4277; x_wconf 89' lang='lat' dir='ltr'><strong>cum</strong></span> <span class='ocrx_word' id='word_1_646' title='bbox 2775 4221 3006 4278; x_wconf 91' lang='lat' dir='ltr'><strong>solerter</strong></span> <span class='ocrx_word' id='word_1_647' title='bbox 3032 4221 3195 4287; x_wconf 90' lang='lat' dir='ltr'><strong>cavit,</strong></span> <span class='ocrx_word' id='word_1_648' title='bbox 3248 4235 3315 4275; x_wconf 89' lang='lat' dir='ltr'><strong>ne</strong></span> <span class='ocrx_word' id='word_1_649' title='bbox 3342 4218 3523 4275; x_wconf 87' lang='lat' dir='ltr'><strong>favere</strong></span> <span class='ocrx_word' id='word_1_650' title='bbox 3550 4216 3793 4271; x_wconf 89' lang='lat' dir='ltr'><strong>Sabellio</strong></span> <span class='ocrx_word' id='word_1_651' title='bbox 3823 4216 3911 4270; x_wconf 86' lang='lat' dir='ltr'><strong>vi-</strong></span> 
     </span>
    </p>
   </div>
   <div class='ocr_carea' id='block_1_85' title="bbox 2302 4307 3917 4386">
    <p class='ocr_par' dir='ltr' id='par_1_85' title="bbox 2302 4307 3917 4386">
     <span class='ocr_line' id='line_1_85' title="bbox 2302 4307 3917 4386; baseline -0.004 -16"><span class='ocrx_word' id='word_1_652' title='bbox 2302 4314 2549 4382; x_wconf 82' lang='lat' dir='ltr'><strong>deretur,</strong></span> <span class='ocrx_word' id='word_1_653' title='bbox 2569 4316 2841 4386; x_wconf 83' lang='lat' dir='ltr'><strong>egregium</strong></span> <span class='ocrx_word' id='word_1_654' title='bbox 2870 4315 3017 4369; x_wconf 88' lang='lat' dir='ltr'><strong>dedit</strong></span> <span class='ocrx_word' id='word_1_655' title='bbox 3043 4311 3342 4381; x_wconf 73' lang='lat' dir='ltr'><strong>prudentite</strong></span> <span class='ocrx_word' id='word_1_656' title='bbox 3364 4308 3674 4378; x_wconf 90' lang='lat' dir='ltr'><strong>specimen;</strong></span> <span class='ocrx_word' id='word_1_657' title='bbox 3710 4308 3780 4362; x_wconf 90' lang='lat' dir='ltr'><strong>ita</strong></span> <span class='ocrx_word' id='word_1_658' title='bbox 3811 4307 3917 4363; x_wconf 89' lang='lat' dir='ltr'><strong>hac</strong></span> 
     </span>
    </p>
   </div>
   <div class='ocr_carea' id='block_1_86' title="bbox 2306 4397 3913 4480">
    <p class='ocr_par' dir='ltr' id='par_1_86' title="bbox 2306 4397 3913 4480">
     <span class='ocr_line' id='line_1_86' title="bbox 2306 4397 3913 4480; baseline -0.006 -16"><span class='ocrx_word' id='word_1_659' title='bbox 2306 4410 2497 4480; x_wconf 85' lang='lat' dir='ltr'><strong>agendi</strong></span> <span class='ocrx_word' id='word_1_660' title='bbox 2529 4408 2736 4460; x_wconf 88' lang='lat' dir='ltr'><strong>ratione</strong></span> <span class='ocrx_word' id='word_1_661' title='bbox 2786 4404 3112 4473; x_wconf 84' lang='lat' dir='ltr'><strong>singularem</strong></span> <span class='ocrx_word' id='word_1_662' title='bbox 3162 4397 3415 4470; x_wconf 85' lang='lat' dir='ltr'><strong>patefecit</strong></span> <span class='ocrx_word' id='word_1_663' title='bbox 3439 4400 3605 4455; x_wconf 90' lang='lat' dir='ltr'><strong>animi</strong></span> <span class='ocrx_word' id='word_1_664' title='bbox 3654 4400 3913 4456; x_wconf 87' lang='lat' dir='ltr'><strong>modera-</strong></span> 
     </span>
    </p>
   </div>
   <div class='ocr_carea' id='block_1_87' title="bbox 2308 4492 3912 4566">
    <p class='ocr_par' dir='ltr' id='par_1_87' title="bbox 2308 4492 3912 4566">
     <span class='ocr_line' id='line_1_87' title="bbox 2308 4492 3912 4566; baseline -0.004 -13"><span class='ocrx_word' id='word_1_665' title='bbox 2308 4502 2529 4553; x_wconf 90' lang='lat' dir='ltr'><strong>tionem.</strong></span> <span class='ocrx_word' id='word_1_666' title='bbox 2559 4497 2730 4566; x_wconf 85' lang='lat' dir='ltr'><strong>Qnam</strong></span> <span class='ocrx_word' id='word_1_667' title='bbox 2780 4495 2994 4566; x_wconf 89' lang='lat' dir='ltr'><strong>quidem</strong></span> <span class='ocrx_word' id='word_1_668' title='bbox 3035 4494 3194 4565; x_wconf 87' lang='lat' dir='ltr'><strong>longe</strong></span> <span class='ocrx_word' id='word_1_669' title='bbox 3237 4493 3437 4549; x_wconf 85' lang='lat' dir='ltr'><strong>clarius</strong></span> <span class='ocrx_word' id='word_1_670' title='bbox 3486 4501 3733 4549; x_wconf 87' lang='lat' dir='ltr'><strong>testatam</strong></span> <span class='ocrx_word' id='word_1_671' title='bbox 3761 4492 3912 4561; x_wconf 79' lang='lat' dir='ltr'><strong>facit,</strong></span> 
     </span>
    </p>
   </div>
   <div class='ocr_carea' id='block_1_88' title="bbox 2298 4584 3913 4667">
    <p class='ocr_par' dir='ltr' id='par_1_88' title="bbox 2298 4584 3913 4667">
     <span class='ocr_line' id='line_1_88' title="bbox 2298 4584 3913 4667; baseline -0.004 -22"><span class='ocrx_word' id='word_1_672' title='bbox 2298 4605 2429 4645; x_wconf 80' lang='lat' dir='ltr'><strong>cum</strong></span> <span class='ocrx_word' id='word_1_673' title='bbox 2464 4589 2588 4644; x_wconf 86' lang='lat' dir='ltr'><strong>totis</strong></span> <span class='ocrx_word' id='word_1_674' title='bbox 2638 4586 2742 4643; x_wconf 87' lang='lat' dir='ltr'><strong>illis</strong></span> <span class='ocrx_word' id='word_1_675' title='bbox 2772 4586 2924 4667; x_wconf 81' lang='lat' dir='ltr'><strong>libris</strong></span> <span class='ocrx_word' id='word_1_676' title='bbox 2960 4602 3179 4658; x_wconf 86' lang='lat' dir='ltr'><strong>pravam</strong></span> <span class='ocrx_word' id='word_1_677' title='bbox 3229 4584 3553 4641; x_wconf 81' lang='lat' dir='ltr'><strong>Arianorum</strong></span> <span class='ocrx_word' id='word_1_678' title='bbox 3605 4585 3913 4640; x_wconf 85' lang='lat' dir='ltr'><strong>doctrinam</strong></span> 
     </span>
    </p>
   </div>
   <div class='ocr_carea' id='block_1_89' title="bbox 592 4657 2190 4747">
    <p class='ocr_par' dir='ltr' id='par_1_89' title="bbox 592 4673 2189 4745">
     <span class='ocr_line' id='line_1_89' title="bbox 592 4673 2189 4745; baseline 0 -13"><span class='ocrx_word' id='word_1_679' title='bbox 592 4676 793 4740; x_wconf 85' lang='lat' dir='ltr'><strong>reticis,</strong></span> <span class='ocrx_word' id='word_1_680' title='bbox 821 4691 1047 4743; x_wconf 85' lang='lat' dir='ltr'><strong>quorum</strong></span> <span class='ocrx_word' id='word_1_681' title='bbox 1075 4674 1393 4726; x_wconf 84' lang='lat' dir='ltr'><strong>stultissimis</strong></span> <span class='ocrx_word' id='word_1_682' title='bbox 1448 4674 1846 4743; x_wconf 76' lang='lat' dir='ltr'><strong>professionibus</strong></span> <span class='ocrx_word' id='word_1_683' title='bbox 1878 4673 1981 4728; x_wconf 91' lang='lat' dir='ltr'><strong>huc</strong></span> <span class='ocrx_word' id='word_1_684' title='bbox 2012 4691 2189 4745; x_wconf 82' lang='lat' dir='ltr'><strong>usque</strong></span> 
     </span>
    </p>
   </div>
   <div class='ocr_carea' id='block_1_90' title="bbox 2302 4657 3911 4747">
    <p class='ocr_par' dir='ltr' id='par_1_90' title="bbox 2302 4662 3911 4747">
     <span class='ocr_line' id='line_1_90' title="bbox 2302 4662 3911 4747; baseline -0.004 -7"><span class='ocrx_word' id='word_1_685' title='bbox 2302 4684 2619 4740; x_wconf 59' lang='lat' dir='ltr'><strong>rcum&#39;cliere</strong></span> <span class='ocrx_word' id='word_1_686' title='bbox 2643 4662 2950 4747; x_wconf 85' lang='lat' dir='ltr'><strong>contentus,</strong></span> <span class='ocrx_word' id='word_1_687' title='bbox 2973 4682 3024 4735; x_wconf 91' lang='lat' dir='ltr'><strong>in</strong></span> <span class='ocrx_word' id='word_1_688' title='bbox 3051 4681 3252 4735; x_wconf 85' lang='lat' dir='ltr'><strong>nullum</strong></span> <span class='ocrx_word' id='word_1_689' title='bbox 3280 4680 3595 4735; x_wconf 86' lang='lat' dir='ltr'><strong>nominatim</strong></span> <span class='ocrx_word' id='word_1_690' title='bbox 3615 4678 3911 4733; x_wconf 89' lang='lat' dir='ltr'><strong>invehitur.</strong></span> 
     </span>
    </p>
   </div>
   <div class='ocr_carea' id='block_1_91' title="bbox 587 4762 2187 4836">
    <p class='ocr_par' dir='ltr' id='par_1_91' title="bbox 587 4762 2187 4836">
     <span class='ocr_line' id='line_1_91' title="bbox 587 4762 2187 4836; baseline 0.001 -14"><span class='ocrx_word' id='word_1_691' title='bbox 587 4767 949 4836; x_wconf 76' lang='lat' dir='ltr'><strong>responderit,</strong></span> <span class='ocrx_word' id='word_1_692' title='bbox 975 4780 1095 4819; x_wconf 87' lang='lat' dir='ltr'><strong>sese</strong></span> <span class='ocrx_word' id='word_1_693' title='bbox 1119 4777 1233 4818; x_wconf 88' lang='lat' dir='ltr'><strong>rem</strong></span> <span class='ocrx_word' id='word_1_694' title='bbox 1258 4762 1507 4819; x_wconf 88' lang='lat' dir='ltr'><strong>habuisse</strong></span> <span class='ocrx_word' id='word_1_695' title='bbox 1534 4766 1867 4820; x_wconf 86' lang='lat' dir='ltr'><strong>testificatur.</strong></span> <span class='ocrx_word' id='word_1_696' title='bbox 1897 4766 2013 4820; x_wconf 81' lang='lat' dir='ltr'><strong>Non</strong></span> <span class='ocrx_word' id='word_1_697' title='bbox 2038 4768 2187 4823; x_wconf 87' lang='lat' dir='ltr'><strong>enim</strong></span> 
     </span>
    </p>
   </div>
   <div class='ocr_carea' id='block_1_92' title="bbox 592 4858 2180 4929">
    <p class='ocr_par' dir='ltr' id='par_1_92' title="bbox 592 4858 2180 4929">
     <span class='ocr_line' id='line_1_92' title="bbox 592 4858 2180 4929; baseline 0.001 -15"><span class='ocrx_word' id='word_1_698' title='bbox 592 4863 879 4915; x_wconf 82' lang='lat' dir='ltr'><strong>obscurum</strong></span> <span class='ocrx_word' id='word_1_699' title='bbox 912 4867 994 4913; x_wconf 84' lang='lat' dir='ltr'><strong>est</strong></span> <span class='ocrx_word' id='word_1_700' title='bbox 1052 4868 1185 4927; x_wconf 81' lang='lat' dir='ltr'><strong>quas</strong></span> <span class='ocrx_word' id='word_1_701' title='bbox 1214 4867 1369 4911; x_wconf 82' lang='lat' dir='ltr'><strong>vocet</strong></span> <span class='ocrx_word' id='word_1_702' title='bbox 1414 4858 1762 4914; x_wconf 79' lang='lat' dir='ltr'><strong>stultissimus</strong></span> <span class='ocrx_word' id='word_1_703' title='bbox 1792 4859 2180 4929; x_wconf 63' lang='lat' dir='ltr'><strong>professiones,</strong></span> 
     </span>
    </p>
   </div>
   <div class='ocr_carea' id='block_1_93' title="bbox 589 4947 2175 5019">
    <p class='ocr_par' dir='ltr' id='par_1_93' title="bbox 589 4947 2175 5019">
     <span class='ocr_line' id='line_1_93' title="bbox 589 4947 2175 5019; baseline 0.001 -12"><span class='ocrx_word' id='word_1_704' title='bbox 589 4967 708 5008; x_wconf 87' lang='lat' dir='ltr'><strong>cum</strong></span> <span class='ocrx_word' id='word_1_705' title='bbox 731 4951 843 5006; x_wconf 83' lang='lat' dir='ltr'><strong>Arii</strong></span> <span class='ocrx_word' id='word_1_706' title='bbox 871 4964 934 5004; x_wconf 85' lang='lat' dir='ltr'><strong>ac</strong></span> <span class='ocrx_word' id='word_1_707' title='bbox 961 4949 1234 5002; x_wconf 81' lang='lat' dir='ltr'><strong>sociorum</strong></span> <span class='ocrx_word' id='word_1_708' title='bbox 1255 4947 1372 5017; x_wconf 88' lang='lat' dir='ltr'><strong>ejus</strong></span> <span class='ocrx_word' id='word_1_709' title='bbox 1394 4949 1680 5019; x_wconf 88' lang='lat' dir='ltr'><strong>epistolam</strong></span> <span class='ocrx_word' id='word_1_710' title='bbox 1709 4950 1775 5004; x_wconf 91' lang='lat' dir='ltr'><strong>ad</strong></span> <span class='ocrx_word' id='word_1_711' title='bbox 1805 4950 2175 5008; x_wconf 70' lang='lat' dir='ltr'><strong>Alexandrum</strong></span> 
     </span>
    </p>
   </div>
   <div class='ocr_carea' id='block_1_94' title="bbox 587 5042 2183 5115">
    <p class='ocr_par' dir='ltr' id='par_1_94' title="bbox 587 5042 2183 5115">
     <span class='ocr_line' id='line_1_94' title="bbox 587 5042 2183 5115; baseline 0.001 -15"><span class='ocrx_word' id='word_1_712' title='bbox 587 5047 830 5109; x_wconf 86' lang='lat' dir='ltr'><strong>missam,</strong></span> <span class='ocrx_word' id='word_1_713' title='bbox 860 5045 911 5097; x_wconf 91' lang='lat' dir='ltr'><strong>in</strong></span> <span class='ocrx_word' id='word_1_714' title='bbox 941 5058 1041 5114; x_wconf 88' lang='lat' dir='ltr'><strong>qua</strong></span> <span class='ocrx_word' id='word_1_715' title='bbox 1070 5042 1352 5114; x_wconf 84' lang='lat' dir='ltr'><strong>perfidiam</strong></span> <span class='ocrx_word' id='word_1_716' title='bbox 1384 5058 1535 5097; x_wconf 90' lang='lat' dir='ltr'><strong>suam</strong></span> <span class='ocrx_word' id='word_1_717' title='bbox 1576 5044 1978 5115; x_wconf 84' lang='lat' dir='ltr'><strong>consignarant,</strong></span> <span class='ocrx_word' id='word_1_718' title='bbox 2028 5046 2183 5103; x_wconf 85' lang='lat' dir='ltr'><strong>libris</strong></span> 
     </span>
    </p>
   </div>
   <div class='ocr_carea' id='block_1_95' title="bbox 584 5134 2174 5207">
    <p class='ocr_par' dir='ltr' id='par_1_95' title="bbox 584 5134 2174 5207">
     <span class='ocr_line' id='line_1_95' title="bbox 584 5134 2174 5207; baseline 0.003 -14"><span class='ocrx_word' id='word_1_719' title='bbox 584 5147 773 5207; x_wconf 89' lang='lat' dir='ltr'><strong>quarto</strong></span> <span class='ocrx_word' id='word_1_720' title='bbox 799 5147 850 5192; x_wconf 90' lang='lat' dir='ltr'><strong>et</strong></span> <span class='ocrx_word' id='word_1_721' title='bbox 882 5145 1034 5191; x_wconf 83' lang='lat' dir='ltr'><strong>sexto</strong></span> <span class='ocrx_word' id='word_1_722' title='bbox 1062 5144 1227 5189; x_wconf 88' lang='lat' dir='ltr'><strong>tutam</strong></span> <span class='ocrx_word' id='word_1_723' title='bbox 1263 5134 1554 5203; x_wconf 90' lang='lat' dir='ltr'><strong>describat,</strong></span> <span class='ocrx_word' id='word_1_724' title='bbox 1601 5146 1655 5192; x_wconf 89' lang='lat' dir='ltr'><strong>et</strong></span> <span class='ocrx_word' id='word_1_725' title='bbox 1694 5137 1745 5192; x_wconf 91' lang='lat' dir='ltr'><strong>in</strong></span> <span class='ocrx_word' id='word_1_726' title='bbox 1775 5154 1837 5195; x_wconf 91' lang='lat' dir='ltr'><strong>ea</strong></span> <span class='ocrx_word' id='word_1_727' title='bbox 1878 5139 2174 5196; x_wconf 87' lang='lat' dir='ltr'><strong>refellenda</strong></span> 
     </span>
    </p>
   </div>
   <div class='ocr_carea' id='block_1_96' title="bbox 584 5227 2173 5301">
    <p class='ocr_par' dir='ltr' id='par_1_96' title="bbox 584 5227 2173 5301">
     <span class='ocr_line' id='line_1_96' title="bbox 584 5227 2173 5301; baseline 0.003 -17"><span class='ocrx_word' id='word_1_728' title='bbox 584 5239 694 5284; x_wconf 88' lang='lat' dir='ltr'><strong>tum</strong></span> <span class='ocrx_word' id='word_1_729' title='bbox 726 5231 779 5284; x_wconf 90' lang='lat' dir='ltr'><strong>in</strong></span> <span class='ocrx_word' id='word_1_730' title='bbox 807 5228 996 5283; x_wconf 89' lang='lat' dir='ltr'><strong>iisdem</strong></span> <span class='ocrx_word' id='word_1_731' title='bbox 1026 5227 1176 5282; x_wconf 89' lang='lat' dir='ltr'><strong>libris</strong></span> <span class='ocrx_word' id='word_1_732' title='bbox 1222 5234 1339 5281; x_wconf 82' lang='lat' dir='ltr'><strong>tum</strong></span> <span class='ocrx_word' id='word_1_733' title='bbox 1367 5227 1421 5282; x_wconf 91' lang='lat' dir='ltr'><strong>in</strong></span> <span class='ocrx_word' id='word_1_734' title='bbox 1454 5231 1804 5301; x_wconf 83' lang='lat' dir='ltr'><strong>sequentibus</strong></span> <span class='ocrx_word' id='word_1_735' title='bbox 1828 5241 1972 5289; x_wconf 85' lang='lat' dir='ltr'><strong>totus</strong></span> <span class='ocrx_word' id='word_1_736' title='bbox 2010 5249 2173 5289; x_wconf 90' lang='lat' dir='ltr'><strong>oecu-</strong></span> 
     </span>
    </p>
   </div>
   <div class='ocr_carea' id='block_1_97' title="bbox 582 5319 2182 5397">
    <p class='ocr_par' dir='ltr' id='par_1_97' title="bbox 582 5319 2182 5397">
     <span class='ocr_line' id='line_1_97' title="bbox 582 5319 2182 5397; baseline 0.005 -22"><span class='ocrx_word' id='word_1_737' title='bbox 582 5331 757 5391; x_wconf 87' lang='lat' dir='ltr'><strong>petur.</strong></span> <span class='ocrx_word' id='word_1_738' title='bbox 799 5322 917 5386; x_wconf 86' lang='lat' dir='ltr'><strong>Quo</strong></span> <span class='ocrx_word' id='word_1_739' title='bbox 957 5328 1163 5391; x_wconf 88' lang='lat' dir='ltr'><strong>spectat</strong></span> <span class='ocrx_word' id='word_1_740' title='bbox 1194 5320 1282 5375; x_wconf 88' lang='lat' dir='ltr'><strong>illa</strong></span> <span class='ocrx_word' id='word_1_741' title='bbox 1305 5319 1445 5376; x_wconf 87' lang='lat' dir='ltr'><strong>tituli</strong></span> <span class='ocrx_word' id='word_1_742' title='bbox 1474 5337 1618 5392; x_wconf 89' lang='lat' dir='ltr'><strong>pars,</strong></span> <span class='ocrx_word' id='word_1_743' title='bbox 1649 5340 1808 5394; x_wconf 89' lang='lat' dir='ltr'><strong>quam</strong></span> <span class='ocrx_word' id='word_1_744' title='bbox 1840 5342 1950 5397; x_wconf 73' lang='lat' dir='ltr'><strong>pra:</strong></span> <span class='ocrx_word' id='word_1_745' title='bbox 1982 5342 2041 5382; x_wconf 92' lang='lat' dir='ltr'><strong>se</strong></span> <span class='ocrx_word' id='word_1_746' title='bbox 2068 5326 2182 5383; x_wconf 80' lang='lat' dir='ltr'><strong>fert</strong></span> 
     </span>
    </p>
   </div>
   <div class='ocr_carea' id='block_1_98' title="bbox 573 5413 2166 5483">
    <p class='ocr_par' dir='ltr' id='par_1_98' title="bbox 573 5413 2166 5483">
     <span class='ocr_line' id='line_1_98' title="bbox 573 5413 2166 5483; baseline 0.004 -13"><span class='ocrx_word' id='word_1_747' title='bbox 573 5416 848 5483; x_wconf 72' lang='lat' dir='ltr'><strong>exeutplar</strong></span> <span class='ocrx_word' id='word_1_748' title='bbox 890 5413 1319 5468; x_wconf 86' lang='lat' dir='ltr'><strong>Vindocincnse:</strong></span> <span class='ocrx_word' id='word_1_749' title='bbox 1369 5413 1437 5469; x_wconf 85' lang='lat' dir='ltr'><strong>In</strong></span> <span class='ocrx_word' id='word_1_750' title='bbox 1482 5416 1576 5470; x_wconf 79' lang='lat' dir='ltr'><strong>hoc</strong></span> <span class='ocrx_word' id='word_1_751' title='bbox 1629 5420 1803 5474; x_wconf 78' lang='lat' dir='ltr'><strong>codice</strong></span> <span class='ocrx_word' id='word_1_752' title='bbox 1850 5417 1916 5475; x_wconf 87' lang='grc' dir='ltr'><strong>Β.</strong></span> <span class='ocrx_word' id='word_1_753' title='bbox 1966 5416 2166 5476; x_wconf 82' lang='lat' dir='ltr'><strong>Hilarii</strong></span> 
     </span>
    </p>
   </div>
   <div class='ocr_carea' id='block_1_99' title="bbox 571 5503 2166 5584">
    <p class='ocr_par' dir='ltr' id='par_1_99' title="bbox 571 5503 2166 5584">
     <span class='ocr_line' id='line_1_99' title="bbox 571 5503 2166 5584; baseline 0.006 -26"><span class='ocrx_word' id='word_1_754' title='bbox 571 5515 778 5576; x_wconf 85' lang='lat' dir='ltr'><strong>quartus</strong></span> <span class='ocrx_word' id='word_1_755' title='bbox 802 5506 855 5558; x_wconf 87' lang='lat' dir='ltr'><strong>in</strong></span> <span class='ocrx_word' id='word_1_756' title='bbox 881 5503 1059 5558; x_wconf 83' lang='lat' dir='ltr'><strong>ordine</strong></span> <span class='ocrx_word' id='word_1_757' title='bbox 1076 5504 1202 5559; x_wconf 85' lang='lat' dir='ltr'><strong>liber</strong></span> <span class='ocrx_word' id='word_1_758' title='bbox 1226 5506 1639 5577; x_wconf 81' lang='lat' dir='ltr'><strong>manifestissime</strong></span> <span class='ocrx_word' id='word_1_759' title='bbox 1654 5509 2011 5566; x_wconf 80' lang='lat' dir='ltr'><strong>lttereticorum</strong></span> <span class='ocrx_word' id='word_1_760' title='bbox 2033 5531 2166 5584; x_wconf 84' lang='lat' dir='ltr'><strong>pan-</strong></span> 
     </span>
    </p>
   </div>
   <div class='ocr_carea' id='block_1_100' title="bbox 568 5594 2159 5673">
    <p class='ocr_par' dir='ltr' id='par_1_100' title="bbox 568 5594 2159 5673">
     <span class='ocr_line' id='line_1_100' title="bbox 568 5594 2159 5673; baseline 0.008 -26"><span class='ocrx_word' id='word_1_761' title='bbox 568 5597 641 5647; x_wconf 79' lang='lat' dir='ltr'><strong>dit</strong></span> <span class='ocrx_word' id='word_1_762' title='bbox 664 5596 902 5664; x_wconf 75' lang='lat' dir='ltr'><strong>fallacem</strong></span> <span class='ocrx_word' id='word_1_763' title='bbox 928 5595 1240 5649; x_wconf 76' lang='lat' dir='ltr'><strong>doctrinam.</strong></span> <span class='ocrx_word' id='word_1_764' title='bbox 1274 5594 1424 5651; x_wconf 68' lang='lat' dir='ltr'><strong>Idem</strong></span> <span class='ocrx_word' id='word_1_765' title='bbox 1448 5599 1617 5667; x_wconf 84' lang='lat' dir='ltr'><strong>ipsum</strong></span> <span class='ocrx_word' id='word_1_766' title='bbox 1646 5600 1789 5655; x_wconf 86' lang='lat' dir='ltr'><strong>illam</strong></span> <span class='ocrx_word' id='word_1_767' title='bbox 1817 5603 2049 5673; x_wconf 74' lang='lat' dir='ltr'><strong>perﬁdia:</strong></span> <span class='ocrx_word' id='word_1_768' title='bbox 2074 5621 2159 5659; x_wconf 90' lang='lat' dir='ltr'><strong>eo-</strong></span> 
     </span>
    </p>
   </div>
   <div class='ocr_carea' id='block_1_101' title="bbox 565 5686 2165 5757">
    <p class='ocr_par' dir='ltr' id='par_1_101' title="bbox 565 5686 2165 5757">
     <span class='ocr_line' id='line_1_101' title="bbox 565 5686 2165 5757; baseline 0.007 -17"><span class='ocrx_word' id='word_1_769' title='bbox 565 5704 681 5740; x_wconf 71' lang='lat' dir='ltr'><strong>rum</strong></span> <span class='ocrx_word' id='word_1_770' title='bbox 740 5686 1125 5757; x_wconf 70' lang='lat' dir='ltr'><strong>expositionem,</strong></span> <span class='ocrx_word' id='word_1_771' title='bbox 1164 5686 1345 5756; x_wconf 78' lang='lat' dir='ltr'><strong>quibus</strong></span> <span class='ocrx_word' id='word_1_772' title='bbox 1394 5687 1640 5746; x_wconf 75' lang='lat' dir='ltr'><strong>Eaclesicc</strong></span> <span class='ocrx_word' id='word_1_773' title='bbox 1672 5694 1823 5752; x_wconf 78' lang='lat' dir='ltr'><strong>fidem</strong></span> <span class='ocrx_word' id='word_1_774' title='bbox 1873 5696 2165 5751; x_wconf 84' lang='lat' dir='ltr'><strong>nitebantur</strong></span> 
     </span>
    </p>
   </div>
   <div class='ocr_carea' id='block_1_102' title="bbox 560 5778 2159 5855">
    <p class='ocr_par' dir='ltr' id='par_1_102' title="bbox 560 5778 2159 5855">
     <span class='ocr_line' id='line_1_102' title="bbox 560 5778 2159 5855; baseline 0.008 -23"><span class='ocrx_word' id='word_1_775' title='bbox 560 5779 834 5848; x_wconf 79' lang='lat' dir='ltr'><strong>inﬁrmari,</strong></span> <span class='ocrx_word' id='word_1_776' title='bbox 862 5792 923 5832; x_wconf 70' lang='lat' dir='ltr'><strong>ea:</strong></span> <span class='ocrx_word' id='word_1_777' title='bbox 944 5793 1121 5833; x_wconf 88' lang='lat' dir='ltr'><strong>eorum</strong></span> <span class='ocrx_word' id='word_1_778' title='bbox 1153 5778 1297 5833; x_wconf 85' lang='lat' dir='ltr'><strong>libris</strong></span> <span class='ocrx_word' id='word_1_779' title='bbox 1324 5780 1546 5836; x_wconf 89' lang='lat' dir='ltr'><strong>delatam</strong></span> <span class='ocrx_word' id='word_1_780' title='bbox 1592 5785 1836 5855; x_wconf 74' lang='lat' dir='ltr'><strong>prtefatus</strong></span> <span class='ocrx_word' id='word_1_781' title='bbox 1879 5785 2074 5842; x_wconf 86' lang='lat' dir='ltr'><strong>Doctor</strong></span> <span class='ocrx_word' id='word_1_782' title='bbox 2105 5792 2159 5844; x_wconf 88' lang='lat' dir='ltr'><strong>in</strong></span> 
     </span>
    </p>
   </div>
   <div class='ocr_carea' id='block_1_103' title="bbox 558 5871 2172 5953">
    <p class='ocr_par' dir='ltr' id='par_1_103' title="bbox 558 5871 2172 5953">
     <span class='ocr_line' id='line_1_103' title="bbox 558 5871 2172 5953; baseline 0.009 -28"><span class='ocrx_word' id='word_1_783' title='bbox 558 5888 652 5926; x_wconf 82' lang='lat' dir='ltr'><strong>suo</strong></span> <span class='ocrx_word' id='word_1_784' title='bbox 678 5872 891 5928; x_wconf 83' lang='lat' dir='ltr'><strong>inseruit</strong></span> <span class='ocrx_word' id='word_1_785' title='bbox 910 5871 1195 5929; x_wconf 75' lang='lat' dir='ltr'><strong>volumine:</strong></span> <span class='ocrx_word' id='word_1_786' title='bbox 1248 5872 1441 5931; x_wconf 83' lang='lat' dir='ltr'><strong>scilicet</strong></span> <span class='ocrx_word' id='word_1_787' title='bbox 1471 5885 1523 5931; x_wconf 89' lang='lat' dir='ltr'><strong>ut</strong></span> <span class='ocrx_word' id='word_1_788' title='bbox 1568 5877 1767 5935; x_wconf 85' lang='lat' dir='ltr'><strong>callidis</strong></span> <span class='ocrx_word' id='word_1_789' title='bbox 1801 5883 2172 5953; x_wconf 47' lang='lat' dir='ltr'><strong>propositioni:</strong></span> 
     </span>
    </p>
   </div>
   <div class='ocr_carea' id='block_1_104' title="bbox 2204 6074 2270 6087">
    <p class='ocr_par' dir='ltr' id='par_1_104' title="bbox 2204 6074 2270 6087">
     <span class='ocr_line' id='line_1_104' title="bbox 2204 6074 2270 6087; baseline 0 -4"><span class='ocrx_word' id='word_1_790' title='bbox 2204 6074 2270 6087; x_wconf 45' lang='lat'><strong>4...</strong></span> 
     </span>
    </p>
   </div>
   <div class='ocr_carea' id='block_1_105' title="bbox 2314 4769 3919 4842">
    <p class='ocr_par' dir='ltr' id='par_1_105' title="bbox 2314 4769 3919 4842">
     <span class='ocr_line' id='line_1_105' title="bbox 2314 4769 3919 4842; baseline -0.006 -10"><span class='ocrx_word' id='word_1_791' title='bbox 2314 4774 2526 4832; x_wconf 81' lang='lat' dir='ltr'><strong>Alieubi</strong></span> <span class='ocrx_word' id='word_1_792' title='bbox 2555 4776 2700 4829; x_wconf 90' lang='lat' dir='ltr'><strong>enim</strong></span> <span class='ocrx_word' id='word_1_793' title='bbox 2732 4773 2919 4828; x_wconf 89' lang='lat' dir='ltr'><strong>audies</strong></span> <span class='ocrx_word' id='word_1_794' title='bbox 2947 4772 3087 4827; x_wconf 85' lang='lat' dir='ltr'><strong>mala</strong></span> <span class='ocrx_word' id='word_1_795' title='bbox 3116 4772 3429 4837; x_wconf 85' lang='lat' dir='ltr'><strong>deflentem,</strong></span> <span class='ocrx_word' id='word_1_796' title='bbox 3455 4772 3650 4842; x_wconf 84' lang='lat' dir='ltr'><strong>quibus</strong></span> <span class='ocrx_word' id='word_1_797' title='bbox 3675 4782 3783 4825; x_wconf 86' lang='lat' dir='ltr'><strong>tum</strong></span> <span class='ocrx_word' id='word_1_798' title='bbox 3810 4769 3919 4823; x_wconf 85' lang='lat' dir='ltr'><strong>tui-</strong></span> 
     </span>
    </p>
   </div>
   <div class='ocr_carea' id='block_1_106' title="bbox 2313 4863 3919 4939">
    <p class='ocr_par' dir='ltr' id='par_1_106' title="bbox 2313 4863 3919 4939">
     <span class='ocr_line' id='line_1_106' title="bbox 2313 4863 3919 4939; baseline -0.005 -15"><span class='ocrx_word' id='word_1_799' title='bbox 2313 4885 2436 4925; x_wconf 89' lang='lat' dir='ltr'><strong>sere</strong></span> <span class='ocrx_word' id='word_1_800' title='bbox 2466 4884 2560 4939; x_wconf 87' lang='lat' dir='ltr'><strong>per</strong></span> <span class='ocrx_word' id='word_1_801' title='bbox 2586 4883 2680 4923; x_wconf 91' lang='lat' dir='ltr'><strong>eos</strong></span> <span class='ocrx_word' id='word_1_802' title='bbox 2730 4866 3088 4923; x_wconf 81' lang='lat' dir='ltr'><strong>afﬂictabatur</strong></span> <span class='ocrx_word' id='word_1_803' title='bbox 3122 4865 3360 4920; x_wconf 82' lang='lat' dir='ltr'><strong>Ecclesia</strong></span> <span class='ocrx_word' id='word_1_804' title='bbox 3394 4884 3407 4919; x_wconf 90' lang='lat'><strong>:</strong></span> <span class='ocrx_word' id='word_1_805' title='bbox 3437 4875 3492 4919; x_wconf 89' lang='lat' dir='ltr'><strong>at</strong></span> <span class='ocrx_word' id='word_1_806' title='bbox 3520 4864 3602 4919; x_wconf 87' lang='lat' dir='ltr'><strong>vel</strong></span> <span class='ocrx_word' id='word_1_807' title='bbox 3633 4863 3788 4918; x_wconf 91' lang='lat' dir='ltr'><strong>unius</strong></span> <span class='ocrx_word' id='word_1_808' title='bbox 3812 4877 3919 4918; x_wconf 85' lang='lat' dir='ltr'><strong>eo-</strong></span> 
     </span>
    </p>
   </div>
   <div class='ocr_carea' id='block_1_107' title="bbox 2308 4959 3917 5034">
    <p class='ocr_par' dir='ltr' id='par_1_107' title="bbox 2308 4959 3917 5034">
     <span class='ocr_line' id='line_1_107' title="bbox 2308 4959 3917 5034; baseline -0.007 -13"><span class='ocrx_word' id='word_1_809' title='bbox 2308 4980 2453 5029; x_wconf 81' lang='lat' dir='ltr'><strong>rum,</strong></span> <span class='ocrx_word' id='word_1_810' title='bbox 2486 4978 2579 5034; x_wconf 82' lang='lat' dir='ltr'><strong>per</strong></span> <span class='ocrx_word' id='word_1_811' title='bbox 2627 4977 2764 5033; x_wconf 89' lang='lat' dir='ltr'><strong>quos</strong></span> <span class='ocrx_word' id='word_1_812' title='bbox 2812 4962 2899 5015; x_wconf 88' lang='lat' dir='ltr'><strong>illa</strong></span> <span class='ocrx_word' id='word_1_813' title='bbox 2953 4970 3060 5015; x_wconf 87' lang='lat' dir='ltr'><strong>tam</strong></span> <span class='ocrx_word' id='word_1_814' title='bbox 3110 4959 3310 5029; x_wconf 87' lang='lat' dir='ltr'><strong>injuste</strong></span> <span class='ocrx_word' id='word_1_815' title='bbox 3334 4959 3658 5030; x_wconf 87' lang='lat' dir='ltr'><strong>patiebatur,</strong></span> <span class='ocrx_word' id='word_1_816' title='bbox 3712 4971 3917 5012; x_wconf 90' lang='lat' dir='ltr'><strong>nomen</strong></span> 
     </span>
    </p>
   </div>
   <div class='ocr_carea' id='block_1_108' title="bbox 2314 5048 3919 5126">
    <p class='ocr_par' dir='ltr' id='par_1_108' title="bbox 2314 5048 3919 5126">
     <span class='ocr_line' id='line_1_108' title="bbox 2314 5048 3919 5126; baseline -0.004 -16"><span class='ocrx_word' id='word_1_817' title='bbox 2314 5056 2629 5126; x_wconf 88' lang='lat' dir='ltr'><strong>prodentem</strong></span> <span class='ocrx_word' id='word_1_818' title='bbox 2673 5053 2869 5108; x_wconf 85' lang='lat' dir='ltr'><strong>frustra</strong></span> <span class='ocrx_word' id='word_1_819' title='bbox 2910 5052 3261 5121; x_wconf 67' lang='lat' dir='ltr'><strong>exsriectaris.</strong></span> <span class='ocrx_word' id='word_1_820' title='bbox 3298 5051 3481 5109; x_wconf 90' lang='lat' dir='ltr'><strong>Semel</strong></span> <span class='ocrx_word' id='word_1_821' title='bbox 3505 5051 3600 5107; x_wconf 88' lang='lat' dir='ltr'><strong>lib.</strong></span> <span class='ocrx_word' id='word_1_822' title='bbox 3630 5067 3683 5114; x_wconf 86' lang='lat' dir='ltr'><strong>x,</strong></span> <span class='ocrx_word' id='word_1_823' title='bbox 3720 5048 3919 5104; x_wconf 85' lang='lat' dir='ltr'><strong>incidit</strong></span> 
     </span>
    </p>
   </div>
   <div class='ocr_carea' id='block_1_109' title="bbox 2314 5140 3919 5213">
    <p class='ocr_par' dir='ltr' id='par_1_109' title="bbox 2314 5140 3919 5213">
     <span class='ocr_line' id='line_1_109' title="bbox 2314 5140 3919 5213; baseline -0.006 -10"><span class='ocrx_word' id='word_1_824' title='bbox 2314 5149 2518 5203; x_wconf 88' lang='lat' dir='ltr'><strong>mentio</strong></span> <span class='ocrx_word' id='word_1_825' title='bbox 2543 5146 2716 5202; x_wconf 74' lang='lat' dir='ltr'><strong>exsilii</strong></span> <span class='ocrx_word' id='word_1_826' title='bbox 2768 5146 2848 5200; x_wconf 90' lang='lat' dir='ltr'><strong>sui</strong></span> <span class='ocrx_word' id='word_1_827' title='bbox 2885 5162 2899 5211; x_wconf 93' lang='lat'><strong>;</strong></span> <span class='ocrx_word' id='word_1_828' title='bbox 2929 5144 3023 5199; x_wconf 91' lang='lat' dir='ltr'><strong>sed</strong></span> <span class='ocrx_word' id='word_1_829' title='bbox 3057 5143 3266 5213; x_wconf 63' lang='lat' dir='ltr'><strong>injurias</strong></span> <span class='ocrx_word' id='word_1_830' title='bbox 3295 5143 3395 5199; x_wconf 88' lang='lat' dir='ltr'><strong>sibi</strong></span> <span class='ocrx_word' id='word_1_831' title='bbox 3426 5142 3585 5197; x_wconf 77' lang='lat' dir='ltr'><strong>illata:</strong></span> <span class='ocrx_word' id='word_1_832' title='bbox 3634 5140 3783 5195; x_wconf 87' lang='lat' dir='ltr'><strong>velut</strong></span> <span class='ocrx_word' id='word_1_833' title='bbox 3810 5140 3919 5194; x_wconf 81' lang='lat' dir='ltr'><strong>im—</strong></span> 
     </span>
    </p>
   </div>
   <div class='ocr_carea' id='block_1_110' title="bbox 2300 5235 3918 5310">
    <p class='ocr_par' dir='ltr' id='par_1_110' title="bbox 2300 5235 3918 5310">
     <span class='ocr_line' id='line_1_110' title="bbox 2300 5235 3918 5310; baseline -0.004 -15"><span class='ocrx_word' id='word_1_834' title='bbox 2300 5257 2537 5308; x_wconf 82' lang='lat' dir='ltr'><strong>memor,</strong></span> <span class='ocrx_word' id='word_1_835' title='bbox 2570 5239 2760 5310; x_wconf 74' lang='lat' dir='ltr'><strong>quzcrit</strong></span> <span class='ocrx_word' id='word_1_836' title='bbox 2789 5240 2964 5310; x_wconf 85' lang='lat' dir='ltr'><strong>petius</strong></span> <span class='ocrx_word' id='word_1_837' title='bbox 3000 5237 3143 5293; x_wconf 91' lang='lat' dir='ltr'><strong>unde</strong></span> <span class='ocrx_word' id='word_1_838' title='bbox 3186 5238 3253 5292; x_wconf 92' lang='lat' dir='ltr'><strong>de</strong></span> <span class='ocrx_word' id='word_1_839' title='bbox 3294 5251 3359 5293; x_wconf 90' lang='lat' dir='ltr'><strong>eo</strong></span> <span class='ocrx_word' id='word_1_840' title='bbox 3382 5235 3703 5307; x_wconf 86' lang='lat' dir='ltr'><strong>gratuletur,</strong></span> <span class='ocrx_word' id='word_1_841' title='bbox 3748 5249 3918 5303; x_wconf 90' lang='lat' dir='ltr'><strong>quam</strong></span> 
     </span>
    </p>
   </div>
   <div class='ocr_carea' id='block_1_111' title="bbox 2312 5328 3925 5403">
    <p class='ocr_par' dir='ltr' id='par_1_111' title="bbox 2312 5328 3925 5403">
     <span class='ocr_line' id='line_1_111' title="bbox 2312 5328 3925 5403; baseline -0.004 -16"><span class='ocrx_word' id='word_1_842' title='bbox 2312 5333 2455 5387; x_wconf 90' lang='lat' dir='ltr'><strong>unde</strong></span> <span class='ocrx_word' id='word_1_843' title='bbox 2479 5341 2751 5403; x_wconf 83' lang='lat' dir='ltr'><strong>queratur.</strong></span> <span class='ocrx_word' id='word_1_844' title='bbox 2784 5331 2967 5402; x_wconf 87' lang='lat' dir='ltr'><strong>Neque</strong></span> <span class='ocrx_word' id='word_1_845' title='bbox 2990 5331 3236 5402; x_wconf 88' lang='lat' dir='ltr'><strong>cuiquam</strong></span> <span class='ocrx_word' id='word_1_846' title='bbox 3262 5329 3433 5385; x_wconf 88' lang='lat' dir='ltr'><strong>videri</strong></span> <span class='ocrx_word' id='word_1_847' title='bbox 3459 5328 3621 5384; x_wconf 89' lang='lat' dir='ltr'><strong>debet</strong></span> <span class='ocrx_word' id='word_1_848' title='bbox 3648 5328 3769 5381; x_wconf 90' lang='lat' dir='ltr'><strong>huic</strong></span> <span class='ocrx_word' id='word_1_849' title='bbox 3798 5342 3925 5381; x_wconf 80' lang='lat' dir='ltr'><strong>uio-</strong></span> 
     </span>
    </p>
   </div>
   <div class='ocr_carea' id='block_1_112' title="bbox 2313 5420 3923 5494">
    <p class='ocr_par' dir='ltr' id='par_1_112' title="bbox 2313 5420 3923 5494">
     <span class='ocr_line' id='line_1_112' title="bbox 2313 5420 3923 5494; baseline -0.004 -13"><span class='ocrx_word' id='word_1_850' title='bbox 2313 5425 2609 5481; x_wconf 89' lang='lat' dir='ltr'><strong>derationis</strong></span> <span class='ocrx_word' id='word_1_851' title='bbox 2652 5427 2928 5494; x_wconf 73' lang='lat' dir='ltr'><strong>proposito</strong></span> <span class='ocrx_word' id='word_1_852' title='bbox 2955 5422 3252 5488; x_wconf 83' lang='lat' dir='ltr'><strong>adversari,</strong></span> <span class='ocrx_word' id='word_1_853' title='bbox 3281 5422 3423 5493; x_wconf 89' lang='lat' dir='ltr'><strong>quod</strong></span> <span class='ocrx_word' id='word_1_854' title='bbox 3453 5422 3707 5476; x_wconf 87' lang='lat' dir='ltr'><strong>Arianam</strong></span> <span class='ocrx_word' id='word_1_855' title='bbox 3738 5420 3923 5475; x_wconf 65' lang='lat' dir='ltr'><strong>luere-</strong></span> 
     </span>
    </p>
   </div>
   <div class='ocr_carea' id='block_1_113' title="bbox 2305 5513 3921 5586">
    <p class='ocr_par' dir='ltr' id='par_1_113' title="bbox 2305 5513 3921 5586">
     <span class='ocr_line' id='line_1_113' title="bbox 2305 5513 3921 5586; baseline -0.002 -15"><span class='ocrx_word' id='word_1_856' title='bbox 2305 5518 2408 5571; x_wconf 86' lang='lat' dir='ltr'><strong>sim</strong></span> <span class='ocrx_word' id='word_1_857' title='bbox 2440 5534 2543 5571; x_wconf 89' lang='lat' dir='ltr'><strong>non</strong></span> <span class='ocrx_word' id='word_1_858' title='bbox 2590 5517 2843 5571; x_wconf 85' lang='lat' dir='ltr'><strong>novellam</strong></span> <span class='ocrx_word' id='word_1_859' title='bbox 2884 5516 3063 5582; x_wconf 90' lang='lat' dir='ltr'><strong>modo,</strong></span> <span class='ocrx_word' id='word_1_860' title='bbox 3113 5514 3209 5571; x_wconf 87' lang='lat' dir='ltr'><strong>sed</strong></span> <span class='ocrx_word' id='word_1_861' title='bbox 3237 5528 3285 5571; x_wconf 87' lang='lat' dir='ltr'><strong>et</strong></span> <span class='ocrx_word' id='word_1_862' title='bbox 3317 5519 3570 5586; x_wconf 77' lang='lat' dir='ltr'><strong>{urentem</strong></span> <span class='ocrx_word' id='word_1_863' title='bbox 3597 5522 3652 5568; x_wconf 90' lang='lat' dir='ltr'><strong>et</strong></span> <span class='ocrx_word' id='word_1_864' title='bbox 3696 5513 3921 5586; x_wconf 81' lang='lat' dir='ltr'><strong>impiam</strong></span> 
     </span>
    </p>
   </div>
   <div class='ocr_carea' id='block_1_114' title="bbox 2308 5605 3922 5681">
    <p class='ocr_par' dir='ltr' id='par_1_114' title="bbox 2308 5605 3922 5681">
     <span class='ocr_line' id='line_1_114' title="bbox 2308 5605 3922 5681; baseline 0.001 -19"><span class='ocrx_word' id='word_1_865' title='bbox 2308 5611 2557 5681; x_wconf 84' lang='lat' dir='ltr'><strong>frequens</strong></span> <span class='ocrx_word' id='word_1_866' title='bbox 2605 5611 2975 5681; x_wconf 87' lang='lat' dir='ltr'><strong>cognominet.</strong></span> <span class='ocrx_word' id='word_1_867' title='bbox 3028 5607 3206 5664; x_wconf 87' lang='lat' dir='ltr'><strong>Certis</strong></span> <span class='ocrx_word' id='word_1_868' title='bbox 3232 5609 3374 5663; x_wconf 89' lang='lat' dir='ltr'><strong>enim</strong></span> <span class='ocrx_word' id='word_1_869' title='bbox 3420 5607 3569 5663; x_wconf 83' lang='lat' dir='ltr'><strong>notis</strong></span> <span class='ocrx_word' id='word_1_870' title='bbox 3619 5605 3922 5663; x_wconf 79' lang='lat' dir='ltr'><strong>indicanda</strong></span> 
     </span>
    </p>
   </div>
   <div class='ocr_carea' id='block_1_115' title="bbox 2316 5698 3919 5775">
    <p class='ocr_par' dir='ltr' id='par_1_115' title="bbox 2316 5698 3919 5775">
     <span class='ocr_line' id='line_1_115' title="bbox 2316 5698 3919 5775; baseline -0.001 -17"><span class='ocrx_word' id='word_1_871' title='bbox 2316 5712 2452 5769; x_wconf 87' lang='lat' dir='ltr'><strong>erat,</strong></span> <span class='ocrx_word' id='word_1_872' title='bbox 2482 5702 2632 5775; x_wconf 85' lang='lat' dir='ltr'><strong>cujus</strong></span> <span class='ocrx_word' id='word_1_873' title='bbox 2660 5719 2854 5759; x_wconf 88' lang='lat' dir='ltr'><strong>nomen</strong></span> <span class='ocrx_word' id='word_1_874' title='bbox 2883 5703 3155 5774; x_wconf 89' lang='lat' dir='ltr'><strong>proprium</strong></span> <span class='ocrx_word' id='word_1_875' title='bbox 3203 5701 3497 5756; x_wconf 83' lang='lat' dir='ltr'><strong>tacebatur.</strong></span> <span class='ocrx_word' id='word_1_876' title='bbox 3527 5698 3697 5771; x_wconf 81' lang='lat' dir='ltr'><strong>Vulgo</strong></span> <span class='ocrx_word' id='word_1_877' title='bbox 3726 5708 3919 5757; x_wconf 86' lang='lat' dir='ltr'><strong>autem</strong></span> 
     </span>
    </p>
   </div>
   <div class='ocr_carea' id='block_1_116' title="bbox 2304 5789 3916 5866">
    <p class='ocr_par' dir='ltr' id='par_1_116' title="bbox 2304 5789 3916 5866">
     <span class='ocr_line' id='line_1_116' title="bbox 2304 5789 3916 5866; baseline -0.001 -19"><span class='ocrx_word' id='word_1_878' title='bbox 2304 5794 2556 5864; x_wconf 73' lang='lat' dir='ltr'><strong>furentem</strong></span> <span class='ocrx_word' id='word_1_879' title='bbox 2587 5795 2731 5848; x_wconf 83' lang='lat' dir='ltr'><strong>illam</strong></span> <span class='ocrx_word' id='word_1_880' title='bbox 2760 5794 3232 5866; x_wconf 79' lang='lat' dir='ltr'><strong>cognominabant.</strong></span> <span class='ocrx_word' id='word_1_881' title='bbox 3260 5807 3385 5848; x_wconf 90' lang='lat' dir='ltr'><strong>cum</strong></span> <span class='ocrx_word' id='word_1_882' title='bbox 3414 5790 3616 5847; x_wconf 81' lang='lat' dir='ltr'><strong>nefaria</strong></span> <span class='ocrx_word' id='word_1_883' title='bbox 3649 5789 3793 5847; x_wconf 91' lang='lat' dir='ltr'><strong>illius</strong></span> <span class='ocrx_word' id='word_1_884' title='bbox 3817 5791 3916 5846; x_wconf 91' lang='lat' dir='ltr'><strong>in-</strong></span> 
     </span>
    </p>
   </div>
   <div class='ocr_carea' id='block_1_117' title="bbox 2300 5881 3919 5944">
    <p class='ocr_par' dir='ltr' id='par_1_117' title="bbox 2300 5881 3919 5944">
     <span class='ocr_line' id='line_1_117' title="bbox 2300 5881 3919 5944; baseline -0.002 -2"><span class='ocrx_word' id='word_1_885' title='bbox 2300 5887 2427 5943; x_wconf 89' lang='lat' dir='ltr'><strong>dole</strong></span> <span class='ocrx_word' id='word_1_886' title='bbox 2457 5887 2811 5944; x_wconf 87' lang='lat' dir='ltr'><strong>conveniente</strong></span> <span class='ocrx_word' id='word_1_887' title='bbox 2842 5885 3073 5943; x_wconf 78' lang='lat' dir='ltr'><strong>nominis</strong></span> <span class='ocrx_word' id='word_1_888' title='bbox 3124 5883 3358 5941; x_wconf 85' lang='lat' dir='ltr'><strong>ratione.</strong></span> <span class='ocrx_word' id='word_1_889' title='bbox 3388 5882 3457 5941; x_wconf 87' lang='lat' dir='ltr'><strong>Ut</strong></span> <span class='ocrx_word' id='word_1_890' title='bbox 3495 5883 3641 5941; x_wconf 89' lang='lat' dir='ltr'><strong>enim</strong></span> <span class='ocrx_word' id='word_1_891' title='bbox 3669 5883 3743 5939; x_wconf 89' lang='lat' dir='ltr'><strong>ait</strong></span> <span class='ocrx_word' id='word_1_892' title='bbox 3768 5881 3919 5939; x_wconf 84' lang='lat' dir='ltr'><strong>Gre-</strong></span> 
     </span>
    </p>
   </div>
  </div>
