4216 6254
336 379 406 439 ιῖἳ
1126 440 1129 443 γ
1780 376 1956 437 ΡΒᾹΞΙ

2062 381 2171 439 [10.
3573 402 3594 455 1
3619 403 3641 455 ι

296 530 301 537 -
328 496 512 567 gat-ius
538 493 795 550 Nazianz.
816 491 907 551 0r.
938 509 1050 563 χιι,
1083 509 1139 550 n.
1187 494 1243 561 ὅ,
1272 494 1461 573 ’Λρεῐος
1490 504 1581 558 τῆς
1603 500 1787 570 μανίας
1815 500 1943 554 ἑπώ-

2062 500 2181 556 ritus
2227 502 2396 558 sancti
2450 502 2751 562 divinitate.
2800 506 2899 563 ﬂic
2946 524 3049 564 non
3096 509 3345 568 videntur
3394 516 3636 577 tacenda.

326 611 489 663 νυμος
516 610 528 645 :
560 604 623 642 ac
650 604 864 643 rursum
893 586 987 642 Or.
1019 603 1166 649 xxux.
1202 605 1255 641 η.
1287 588 1350 655 4,
1384 588 1521 645 hanc
1548 599 1748 644 sectam
1783 599 1937 646 vocat

329 692 421 744 τήν
453 683 647 760 ’Δρείου
674 683 838 742 καλῶς
873 682 1239 753 ὀνομασθεῖσαν
1290 684 1496 755 μανίαν,
1532 681 1634 737 huc
1657 692 1763 749 est,
1792 700 1824 736 α
1851 684 1939 751 fu-

329 792 448 829 rore
473 785 606 828 recte
632 773 1066 844 cognominatam.
1108 771 1302 840 Quidni
1347 774 1509 829 etiam
1540 770 1700 843 impia
1726 790 1755 829 a
1797 786 1934 830 tem-

332 876 555 939 perante
571 868 711 923 dicta
736 868 830 934 sit,
857 884 976 937 qua:
995 884 1024 922 a
1052 867 1252 924 dilecto
1281 868 1418 923 Filio
1439 870 1649 925 Patrem
1679 870 1939 940 optimum

329 960 654 1030 separabat?
690 960 928 1028 Denique
962 959 1196 1016 llilarius
1225 962 1339 1029 ipse
1365 962 1466 1017 sibi
1495 964 1746 1017 conscius
1772 977 1932 1033 quam

334 1053 611 1108 moderate
642 1051 708 1107 iis
732 1051 885 1105 libris
906 1066 969 1106 ac
998 1060 1110 1105 tetu
1138 1053 1319 1108 exsilii
1341 1055 1421 1109 sui
1455 1063 1701 1124 tempore
1732 1069 1789 1109 se
1814 1068 1939 1124 ges-

339 1146 523 1209 sisset,
554 1143 645 1197 ubi
691 1143 952 1198 adversus
997 1140 1369 1198 Constantium
1416 1145 1687 1200 scribendi
1713 1144 1942 1215 quadam

337 1237 666 1292 necessitate
693 1251 752 1291 se
785 1235 1144 1291 constrictum
1190 1235 1341 1299 vidit,
1396 1236 1565 1291 libere
1604 1242 1944 1290 contestatns

340 1338 425 1385 est
453 1329 587 1383 nihil
618 1343 647 1381 a
670 1343 732 1384 se
778 1328 1042 1384 hactenus
1094 1329 1147 1381 in
1176 1336 1401 1400 tempora
1427 1328 1772 1391 maledictum,
1818 1325 1949 1381 nihil

342 1424 400 1477 in
423 1439 560 1489 eam,
589 1437 704 1492 qua:
729 1430 836 1475 tum
884 1438 935 1475 se
984 1419 1174 1476 Christi
1227 1420 1511 1474 Ecclesium
1548 1420 1947 1474 mentiebatur...

346 1517 606 1586 famosum
648 1531 710 1568 ac
741 1515 954 1586 dignum
980 1513 1241 1583 impietate
1285 1514 1516 1585 ipsorum
1564 1512 1831 1581 scripsisse
1857 1519 1948 1564 aut

349 1610 578 1664 locutum
624 1624 733 1661 esse
759 1605 896 1678 (Lib.
925 1609 979 1659 in
1000 1604 1181 1660 Const.
1215 1622 1358 1660 num.
1388 1602 1469 1675 9).
1504 1603 1618 1659 Non
1647 1604 1806 1674 igitur
1833 1601 1951 1657 sine

336 1716 499 1757 causa
526 1699 920 1754 crediderimus
946 1713 1091 1762 eum,
1125 1697 1215 1768 qui
1257 1698 1327 1753 ita
1358 1695 1583 1751 aﬁ'ectns
1624 1705 1762 1761 erat,
1797 1693 1949 1751 lucu-

336 1794 617 1850 brationes
646 1806 779 1847 snas
800 1801 980 1845 contra
1010 1790 1228 1845 Aricinos
1248 1789 1467 1844 minime
1488 1787 1853 1857 inscripsisse.

2045 610 2163 665 quae
2190 599 2255 651 ad
2283 597 2410 652 dicti
2438 598 2557 653 libri
2586 615 2658 653 xu
2705 611 3080 670 argumentum
3122 604 3174 659 in
3204 606 3380 677 primo
3429 608 3637 671 scribit.

2045 703 2106 744 se
2128 689 2379 745 nimirum
2414 692 2633 767 vitiosas
2679 702 2733 748 et
2759 692 3091 766 irreligiosus
3119 696 3187 753 de
3231 698 3433 769 Spiritu
3458 712 3643 757 sancto

2044 778 2459 848 prardicationes
2503 783 2569 837 ad
2600 783 2701 839 hoc
2726 787 3016 855 amovisse,
3049 799 3103 841 ut
3130 789 3350 845 illaesum
3379 803 3529 863 atque
3556 794 3640 849 in-

2046 875 2446 929 contaminatum
2470 880 2821 951 regenerantis
2845 896 3152 938 TBINITATIS
3171 899 3542 943 sacramentum
3565 891 3643 943 in—

2047 976 2128 1021 tra
2152 967 2503 1038 deﬁnitionem
2552 971 2828 1027 salutarem
2858 976 3140 1045 apostolica
3179 988 3328 1050 atque
3356 981 3645 1050 evangelica

2049 1061 2324 1115 auctoritas
2369 1064 2675 1125 contineret:
2720 1082 2881 1133 neque
2914 1068 3028 1138 jam
3081 1086 3170 1138 per
3217 1087 3396 1127 sensus
3437 1072 3650 1127 humani

2049 1154 2349 1207 sententiam
2397 1154 2655 1235 Spiritum
2686 1155 2779 1211 Dei
2806 1159 2939 1213 inter
2985 1172 3243 1216 creaturas
3266 1162 3533 1235 quisquam
3557 1182 3650 1219 au-

2052 1245 2190 1300 deret
2215 1250 2428 1318 referre,
2467 1233 2615 1319 quoin
2641 1250 2710 1304 ad
2752 1251 3153 1308 immortalitatis
3182 1256 3366 1327 pignus
3392 1233 3438 1311 et
3478 1259 3546 1312 ad
3572 1260 3651 1312 di-

2052 1336 2184 1390 vina:
2209 1348 2407 1393 natura:
2432 1341 2741 1395 consortium
2777 1359 3093 1399 sumeremus
3116 1345 3253 1417 (Lib.
3284 1362 3319 1411 ι,
3353 1363 3405 1402 η.
3430 1347 3541 1419 56).
3577 1351 3652 1403 ΕΚ

2056 1426 2139 1481 his
2164 1428 2309 1483 enim
2339 1431 2511 1499 palam
2542 1432 2621 1501 ﬁt,
2652 1448 2774 1488 eum
2800 1433 2946 1491 hisce
2972 1436 3126 1491 libris
3156 1440 3503 1508 regenerantis
3528 1440 3651 1495 Tri-

2054 1519 2229 1574 uitatis
2259 1533 2634 1578 sacramentum
2677 1525 2972 1582 defendere
3011 1527 3269 1593 voluisse,
3320 1541 3374 1585 ut
3420 1530 3549 1586 nihil
3591 1533 3655 1587 de

2058 1612 2210 1666 totius
2235 1613 2359 1683 fidei
2389 1615 2463 1685 (in
2490 1616 2754 1686 baptismo
2780 1618 3067 1690 susceptae)
3090 1620 3411 1678 absolutione
3440 1625 3650 1680 deesset.

2131 1702 2245 1758 XII.
2289 1703 2545 1775 Spiritum
2573 1718 2810 1763 sanctum
2854 1709 3024 1764 Deum
3070 1729 3171 1766 non
3198 1715 3456 1768 nominari
3477 1733 3659 1789 perpeo

2058 1814 2169 1852 ram
2197 1807 2337 1852 notat
2354 1798 2617 1856 Erasmus.
2646 1832 2716 1842 —
2739 1802 2965 1858 Erasmo
2986 1802 3074 1859 hic
3095 1821 3201 1859 non
3228 1821 3547 1863 succensere
3567 1810 3658 1864 vix

412 1886 480 1941 Χ.
525 1884 801 1954 Inscriptio
820 1884 1211 1938 as’famrrns
1240 1881 1603 1937 retinenda.-—
1622 1883 1793 1936 Minus
1818 1894 1949 1935 con-
1987 1898 2034 1958 Β
2062 1889 2412 1956 sustinemus,
2459 1895 2527 1947 de
2570 1894 2731 1949 docto
2778 1894 3008 1963 prtcsule
3065 1906 3275 1963 nostro,
3324 1906 3378 1954 et
3424 1898 3658 1970 antiquis

338 1987 448 2035 stat
470 1994 536 2033 an
566 1995 673 2033 non
703 1977 767 2030 de
807 1976 911 2047 ﬁde
953 1992 1045 2032 eas
1094 1975 1441 2044 nuncuparit.
1495 1975 1565 2030 At
1616 1971 1953 2042 inscriptioni

339 2071 465 2126 huic
492 2068 761 2142 quamvis,
793 2075 853 2124 ut
893 2069 1155 2138 superius
1185 2075 1462 2124 ostensum
1498 2075 1612 2131 est,
1666 2066 1835 2120 multa
1871 2064 1953 2119 fa-

342 2173 528 2230 veant,
558 2164 728 2235 iisque
760 2161 984 2219 accedat
1010 2161 1314 2230 exetttplum
1345 2158 1642 2223 Ambrosii,
1669 2161 1759 2229 qui
1787 2157 1953 2212 libros

338 2272 371 2311 a
396 2271 458 2311 se
480 2264 667 2310 contra
704 2254 960 2310 Arianam
1006 2262 1211 2309 sectam
1237 2253 1472 2322 scriptos
1499 2251 1562 2305 de
1587 2250 1691 2320 [ide
1712 2247 1955 2320 compel-

340 2350 504 2415 lavit;
536 2364 658 2403 cum
709 2359 889 2402 tamen
939 2363 1042 2400 non
1073 2361 1200 2401 vera
1245 2346 1336 2411 sit,
1388 2346 1488 2399 nisi
1537 2353 1802 2414 quatenus
1830 2341 1951 2395 ﬁdei

342 2442 564 2497 nomine
639 2439 923 2495 Trinitatis
983 2438 1297 2509 mySterium
1363 2435 1730 2505 signiﬁcatur,
1804 2433 1953 2488 nulla

342 2533 613 2589 succurrit
640 2534 776 2587 ratio
823 2533 950 2586 satis
977 2532 1177 2601 gravis,
1233 2539 1289 2583 nt
1317 2530 1594 2599 antiquum
1622 2537 1677 2583 et
1704 2541 1734 2580 a
1769 2526 1952 2580 multis

339 2630 453 2701 jam
469 2628 968 2698 saeculisreeeptum
992 2625 1055 2679 de
1078 2623 1328 2679 Trinitate
1349 2624 1558 2678 titulum
1582 2624 1951 2678 immolemus:

346 2721 473 2775 huic
501 2720 803 2788 prmsertittt
854 2718 1183 2789 sull't'agante
1212 2717 1533 2783 Fortunato,
1562 2717 1715 2784 cujus
1764 2723 1954 2771 aueto«

343 2814 480 2870 ritas
505 2830 569 2867 eo
598 2812 766 2883 pluris
814 2811 1066 2867 omnibus
1091 2808 1333 2865 facienda
1361 2852 1373 2874 ,
1408 2824 1515 2879 quo
1548 2809 1836 2879 ipsummet
1862 2806 1954 2861 Hi-

344 2905 465 2961 larii
492 2904 883 2975 autographum
911 2903 1112 2958 vidisse
1145 2903 1338 2973 potuit.
1366 2901 1423 2957 Si
1452 2900 1593 2956 enim
1623 2900 1768 2956 illius
1794 2907 1955 2954 aetate

348 2999 424 3069 pii
453 2997 700 3069 przesulis
726 2997 791 3051 ad
817 2997 1015 3052 Abram
1044 2997 1270 3066 epistula
1299 2993 1525 3048 Pirtavis
1548 2996 1808 3048 tenebatur
1851 3008 1946 3064 pro

346 3106 560 3144 munere
601 3098 921 3153 conservata,
968 3098 1171 3159 quanto
1203 3088 1372 3156 magis
1402 3085 1641 3157 iuxignes
1687 3085 1759 3139 illi
1791 3084 1953 3140 libri?

346 3182 586 3238 Tantum
616 3182 865 3237 eunsdem
904 3181 1231 3235 conﬁrmant
1259 3181 1519 3249 illllrgiCtB
1546 3193 1739 3250 preces
1765 3177 1819 3232 in
1850 3195 1950 3232 an-

2060 1983 2308 2040 Patribus
2335 1985 2384 2039 in
2416 1985 2730 2055 prcefatione
2757 2003 2851 2042 sua
2905 1988 3131 2060 perinde
3159 1993 3499 2061 scriptitanti,
3532 2010 3592 2048 ac
3618 1994 3664 2048 si

2059 2076 2292 2149 Spiritus
2341 2081 2511 2136 sancti
2575 2079 2911 2138 divinitatem
2962 2097 3207 2140 asserere
3254 2083 3655 2142 formidassent.

2058 2169 2169 2227 llos
2221 2172 2434 2242 quidem
2482 2172 2715 2243 Spiritus
2740 2175 2910 2231 saneti
2938 2175 3173 2232 cultores
3201 2175 3349 2242 facit,
3378 2178 3471 2233 sed
3503 2179 3571 2233 ita
3607 2189 3664 2233 ut

2058 2263 2218 2318 simul
2251 2265 2303 2319 in
2332 2265 2571 2320 animum
2604 2265 2818 2321 inducat
2850 2275 2942 2322 aut
2964 2282 3060 2323 eos
3102 2268 3330 2326 coluisse
3356 2287 3515 2343 quem
3547 2287 3657 2327 non

2058 2366 2209 2412 certo
2229 2369 2621 2428 cognoscerent
2650 2361 2836 2429 Deum,
2870 2371 2961 2416 aut
2991 2378 3097 2418 non
3127 2379 3289 2418 ausos
3310 2380 3430 2419 esse
3452 2381 3548 2427 ore
3572 2367 3653 2422 vel

2057 2448 2271 2519 scriptis
2319 2448 2566 2506 conﬁteri
2596 2452 2737 2523 quod
2775 2455 2957 2509 animo
2987 2455 3291 2512 crederent.
3324 2456 3512 2531 Neque
3562 2476 3659 2512 no-

2061 2555 2143 2595 vre
2175 2549 2300 2595 sunt
2327 2541 2537 2598 Erasmi
2584 2544 2826 2614 argutizn.
2860 2544 3043 2618 Longe
3070 2556 3195 2603 ante
3222 2547 3372 2603 illum
3403 2550 3663 2621 Gregorio

2057 2630 2395 2688 Nazianzeuo
2441 2643 2574 2689 teste
2620 2637 2713 2690 0r.
2761 2652 2965 2703 xxxv",
3007 2654 3156 2691 num.
3201 2637 3294 2703 52,
3346 2640 3662 2710 obiecerant

2054 2722 2558 2791 Pueumatomachi,
2593 2740 2852 2796 nusquam
2892 2742 2951 2781 se
2997 2728 3047 2780 in
3093 2728 3386 2799 Scripturis
3418 2732 3658 2799 reperire

2058 2812 2152 2868 Dei
2182 2829 2374 2869 nomen
2421 2814 2645 2885 Spiritui
2693 2826 2881 2872 sancto
2912 2817 3268 2888 adscriptum.
3303 2819 3367 2874 Et
3399 2820 3654 2878 Basiliam

2057 2906 2272 2977 quidem
2298 2906 2481 2961 laudat
2507 2907 2648 2964 idem
2682 2911 2875 2979 praesul
2902 2908 2997 2965 0r.
3029 2926 3126 2976 xx,
3158 2930 3211 2965 ιι.
3243 2911 3365 2975 100,
3396 2917 3539 2983 quod
3568 2931 3661 2969 eo-

2059 3013 2177 3051 rum
2204 2998 2556 3068 disputatioui
2580 3016 2682 3056 non
2713 3002 2845 3056 nihil
2894 3001 3113 3066 cedens.
3145 3017 3283 3074 quos
3330 3004 3557 3076 benigne
3583 3006 3652 3062 ad

2058 3092 2340 3148 veritatem
2369 3092 2634 3150 redurere
2685 3093 3031 3164 peroptabat,
3065 3094 3118 3150 in
3152 3094 3302 3151 libris
3331 3095 3401 3151 de
3450 3096 3654 3167 Spiritu

2058 3194 2244 3239 sancto
2271 3185 2338 3239 ab
2368 3200 2427 3239 ea
2460 3200 2591 3241 voce
2610 3226 2626 3252 ,
2682 3205 2710 3238 ιι
2738 3202 2842 3257 qua
2871 3187 3255 3255 abhorrebant,
3286 3203 3384 3259 pro
3413 3198 3659 3261 tempore

347 3291 457 3331 nua
482 3276 542 3330 Β.
568 3275 757 3331 llilarii
800 3275 1141 3331 solemnitate
1170 3273 1593 3357 logiconsuetm,
1620 3287 1741 3344 quae
1762 3273 1954 3327 etiam-
1982 3282 2027 3345 (ι
2060 3276 2555 3332 consideratissime
2602 3278 2944 3344 abstinuerit,
2998 3277 3125 3333 dum
3185 3280 3398 3335 interim
3448 3282 3503 3334 in
3544 3282 3662 3337 aliis

349 3385 480 3424 num
512 3369 564 3423 in
595 3368 807 3423 duobus
830 3367 1094 3423 Ecclesiae
1121 3368 1178 3424 S.
1210 3360 1423 3423 Galiaiti
1450 3368 1782 3424 TurOnensis
1804 3369 1953 3422 codi-

348 3462 506 3519 cibus
543 3462 611 3515 ab
646 3463 816 3517 .annis
846 3460 1034 3516 saltent
1062 3462 1168 3518 800
1193 3462 1424 3517 exaratis
1475 3470 1821 3517 asservantur
1850 3479 1864 3515 :
1900 3463 1951 3517 in

351 3570 464 3609 uno
488 3554 709 3626 quidem
736 3555 804 3609 ad
836 3554 1063 3626 primam
1114 3555 1421 3609 novembris
1467 3554 1632 3621 diem,
1685 3554 1737 3608 in
1780 3554 1952 3609 altero
1990 3548 2006 3562 ⁸

350 3654 534 3702 autem
560 3647 626 3701 ad
655 3646 916 3702 decimam
968 3646 1181 3701 tertiam
1220 3646 1473 3716 januarii.
1522 3645 1617 3701 Sic
1668 3662 1828 3717 porro
1855 3651 1954 3701 ha-

351 3742 485 3798 bent
514 3757 528 3795 :
560 3739 717 3806 Deus,
745 3740 835 3809 qui
862 3740 1198 3794 venerabilem
1230 3738 1295 3793 Β.
1330 3738 1524 3793 Hilarii
1552 3739 1860 3810 confessoris
1883 3741 1957 3793 tui

349 3845 506 3903 atque
528 3834 789 3905 pontiﬁcis
813 3836 1134 3904 festivitatem
1182 3835 1473 3889 solentniter
1496 3844 1838 3888 recurrentem
1864 3852 1958 3905 po-

353 3927 486 3996 pulo
517 3938 607 3980 tuo
638 3925 905 3987 dedicanti,
939 3927 1087 3997 cujus
1117 3925 1291 3997 lingua
1317 3927 1370 3980 in
1398 3926 1584 3981 swculo
1618 3943 1710 3995 pro
1736 3942 1954 3982 suam:

352 4033 665 4074 τιιιιιιτιιτιε
689 4019 980 4088 aequalitate
1008 4020 1079 4073 sic
1124 4021 1310 4085 tonuit,
1339 4028 1392 4072 ut
1423 4020 1598 4073 mundi
1626 4018 1782 4088 hujus
1810 4021 1957 4090 prin-

351 4115 521 4182 cipem
546 4112 690 4165 miles
719 4120 837 4164 tuus
864 4119 1217 4181 prosterneret,
1255 4120 1357 4166 etc.
1394 4111 1585 4165 Exstat
1610 4112 1799 4166 eadem
1828 4128 1953 4167 ora—

354 4205 437 4259 tio
482 4202 591 4257 kal.
618 4205 870 4259 not-emit.
924 4206 1194 4274 assignata
1224 4206 1274 4258 in
1303 4203 1738 4259 Sacramentario
1786 4205 1948 4274 regia:

354 4296 706 4353 bibliothecae
733 4306 847 4350 unt.
878 4295 1043 4361 5865,
1078 4313 1247 4350 annos
1277 4295 1495 4349 circiter
1521 4296 1627 4349 900
1656 4311 1763 4364 pra:
1803 4312 1861 4350 se
1883 4296 1961 4351 fo—

352 4399 534 4456 rente,
556 4389 610 4444 in
631 4405 740 4461 qua
761 4389 1076 4461 Symbolum
1109 4388 1383 4444 Nicmuunt
1412 4389 1636 4444 ltabczur
1664 4390 1780 4443 sine
1807 4390 1962 4443 addi-

352 4482 506 4537 tiune
534 4479 788 4552 Filioque.

428 4573 524 4630 XI.
564 4572 740 4627 Titulo
766 4574 884 4627 huic
907 4574 993 4643 qui
1017 4574 1145 4628 satis
1172 4575 1283 4643 ﬁat.
1311 4603 1380 4613 —-
1404 4572 1565 4629 Certe
1589 4574 1826 4628 Hilarius
1849 4574 1963 4644 ipse

2057 3367 2257 3422 vocibus
2279 3384 2306 3423 e
2330 3368 2605 3439 Scriptura
2627 3370 2815 3439 petitis,
2842 3371 3241 3443 testimoniisque
3266 3373 3474 3427 minime
3492 3374 3662 3429 dubiis

2055 3459 2284 3514 eamdem
2308 3459 2408 3513 vim
2434 3459 2757 3529 habentibus,
2792 3462 3187 3533 necessariisque
3228 3465 3542 3535 argumentis
3568 3466 3663 3521 ad-

2055 3550 2305 3605 versarios
2332 3549 2405 3604 ita
2432 3550 2820 3620 comprimebat,
2850 3559 2904 3605 ut
2932 3551 3075 3605 nullo
3102 3552 3255 3606 modo
3280 3570 3567 3627 repugnare
3591 3572 3653 3609 ac

2059 3650 2237 3696 contra
2287 3642 2381 3696 niti
2437 3652 2660 3713 possent.
2743 3642 2891 3697 Alias
2940 3658 3069 3697 vero
3098 3653 3208 3697 tum
3238 3645 3482 3714 privatis,
3537 3662 3657 3701 cum

2062 3735 2291 3805 publicis
2346 3735 2689 3789 sermonibus
2716 3735 2972 3804 Spiritum
3003 3744 3247 3790 sanctum
3277 3736 3444 3792 Deum
3481 3736 3664 3794 dicere

2061 3842 2354 3899 numquam
2382 3845 2504 3882 eum
2537 3827 2813 3884 dubitasse
2841 3828 3183 3883 testiﬁcatur.

2135 3924 2272 3980 Xlll.
2305 3923 2447 3980 Deus
2475 3926 2537 3978 ab
2562 3924 2785 3991 antiquis
2807 3934 2853 3977 et
2881 3924 2935 3977 in
2963 3923 3248 3993 Scripturis
3277 3923 3666 3995 appellatur.—

2063 4018 2301 4088 Longius
2330 4035 2359 4072 a
2390 4035 2557 4087 scopo
2584 4019 2863 4073 aberraret
2892 4018 3089 4083 oratio,
3113 4018 3157 4073 si
3186 4026 3448 4090 quotquot
3475 4034 3542 4076 ex
3572 4039 3672 4076 att--

2066 4112 2227 4181 tiquis
2256 4111 2307 4165 id
2331 4110 2504 4178 ipsum
2528 4119 2896 4176 asseruerunt,
2922 4109 3009 4164 hic
3037 4124 3322 4166 recensere
3344 4111 3662 4182 aggredere-

2066 4220 2208 4258 mur.
2240 4201 2417 4259 Unum
2450 4202 2629 4273 itaque
2674 4204 2744 4257 sit
2786 4201 3027 4257 omnium
3072 4204 3243 4258 instar
3286 4203 3417 4258 illud
3446 4204 3665 4260 Tertul-

2066 4297 2193 4349 liani
2242 4297 2604 4352 testimonium
2649 4296 2743 4351 lib.
2787 4294 3045 4350 adversus
3074 4295 3333 4351 Praxcam
3374 4314 3521 4352 num.
3553 4299 3659 4370 1.5;:

2069 4387 2213 4441 Duos
2243 4387 2447 4454 quidem
2467 4388 2741 4455 deﬁnimus
2776 4385 2983 4442 Patrem
3010 4395 3059 4441 et
3092 4386 3322 4455 Filium,
3358 4399 3403 4442 et
3422 4392 3538 4462 jam
3565 4400 3665 4445 tres

2068 4495 2184 4531 cum
2215 4478 2417 4545 Spiritu
2438 4488 2635 4544 sancto,
2660 4480 2937 4532 secundum
2964 4482 3218 4534 rationem
3241 4484 3536 4537 mconomia:
3553 4499 3665 4553 qua:

2071 4570 2195 4641 facit
2224 4584 2528 4633 numerum;
2559 4586 2641 4633 ne,
2673 4579 2727 4622 ut
2755 4583 2921 4623 vestra
2949 4573 3253 4642 perversitas
3282 4574 3469 4639 infert,
3506 4573 3664 4628 Pater

352 4668 592 4739 quodzm
621 4668 782 4723 modo
804 4667 1018 4723 videtur
1047 4667 1385 4723 feStiuare-ut
1427 4669 1638 4723 titulum
1683 4668 1823 4721 buuc
1850 4668 1957 4721 im—
1984 4664 2175 4735 Dipse
2203 4662 2439 4716 credatur
2481 4671 2630 4716 natus
2682 4669 2731 4715 et
2771 4677 2975 4733 passus,
3006 4662 3144 4732 quod
3184 4678 3285 4717 mm
3337 4665 3455 4719 licet
3501 4668 3663 4735 credi,

354 4760 528 4831 plent,
561 4775 682 4815 cum
718 4760 768 4814 in
801 4760 1090 4816 asserenda
1119 4775 1243 4815 vera
1273 4758 1547 4814 Trinitatis
1572 4760 1677 4815 ﬁde
1699 4770 1752 4815 et
1774 4761 1824 4813 in
1856 4760 1968 4814 dis—

354 4857 594 4911 serendo
620 4857 927 4927 singillatim
973 4857 1041 4913 de
1084 4857 1263 4922 Patre,
1294 4856 1436 4912 Filio
1466 4867 1520 4913 et
1549 4856 1750 4927 Spiritu
1779 4869 1965 4912 sancto

358 4947 564 5004 librum
606 4949 903 5002 secundum
954 4957 1123 5003 totum
1149 4947 1444 5012 ennsutnit,
1493 4964 1651 5017 quem
1683 4956 1967 5018 proriterea

356 5039 459 5095 lib.
492 5055 530 5103 ι,
566 5058 620 5093 ιι.
646 5040 738 5105 22,
768 5040 966 5095 brevem
993 5040 1354 5094 demonstrata:
1379 5037 1652 5092 Trinitatis
1686 5056 1970 5094 sermonem

358 5132 736 5207 cognominat:
784 5142 841 5186 ut
894 5148 997 5185 nou
1045 5133 1315 5186 immerito
1341 5130 1465 5186 libri
1534 5146 1589 5185 tv
1627 5131 1780 5185 initio
1811 5133 1969 5201 proli-

358 5236 567 5290 teatur,
612 5240 734 5281 sese
764 5224 918 5294 ﬁdem
942 5235 989 5278 et
1014 5224 1388 5295 confessionem
1449 5223 1620 5277 Patris
1668 5233 1716 5276 et
1759 5222 1885 5277 Filii
1924 5232 1970 5278 et

360 5317 603 5385 Spiritus
629 5318 791 5370 sancti
834 5315 1205 5386 superioribus
1257 5315 1408 5369 libris
1435 5315 1771 5371 sufﬁcienter
1799 5316 1969 5370 tradi-

360 5409 540 5467 disse.
574 5410 642 5463 lit
668 5408 925 5479 deinceps
951 5407 1169 5479 quidem
1201 5406 1267 5462 ad
1296 5407 1688 5463 defendendam
1717 5407 1893 5462 Patris
1918 5418 1976 5464 et.

356 5506 495 5562 Filii
542 5505 1179 5572 consubstantialitatem,
1235 5504 1302 5558 de
1328 5520 1428 5572 qua
1458 5518 1596 5574 pene
1649 5505 1828 5557 omnis
1857 5512 1976 5557 erat

356 5599 767 5664 controversia,
817 5597 1127 5667 diligentius
1156 5595 1419 5651 incumbit
1450 5612 1462 5649 :
1499 5596 1757 5666 pr0positi
1789 5606 1973 5651 tamen

366 5692 457 5745 sui
480 5704 588 5744 non
608 5689 915 5753 immemor,
937 5689 1009 5743 ad
1025 5704 1247 5758 scopqu
1274 5688 1430 5742 titulo
1453 5688 1826 5759 praescriptum
1851 5700 1978 5743 ante

367 5782 554 5853 operis
601 5783 759 5836 linem
808 5787 1049 5848 revertit,
1102 5791 1156 5835 et
1203 5781 1395 5835 librum
1428 5795 1504 5834 xu
1538 5796 1641 5834 non
1675 5779 1974 5843 concludit,

356 5876 479 5932 nisi
507 5885 842 5944 propugnata
866 5871 1033 5928 totius
1060 5871 1363 5937 Trinitatis,
1408 5886 1471 5925 ac
1513 5871 1830 5927 nominatim
1860 5871 1977 5942 Spi-

2071 4759 2314 4831 quoniam
2353 4773 2453 4810 non
2483 4757 2554 4810 ita
2602 4757 2846 4810 traditum
2898 4764 2990 4810 est.
3015 4753 3161 4811 Duos
3215 4767 3383 4812 tamen
3437 4758 3573 4814 Deos
3623 4771 3672 4815 et

2075 4853 2203 4906 duos
2234 4848 2482 4904 Dominos
2511 4864 2785 4915 numquam
2807 4865 2870 4903 ex
2890 4865 2977 4902 ore
2996 4860 3167 4903 nostro
3188 4850 3497 4921 proferimus
3527 4869 3547 4907 :
3567 4870 3671 4909 non

2076 4947 2220 5012 quasi
2249 4961 2349 4997 non
2379 4952 2425 4996 et
2456 4941 2611 4996 Pater
2636 4940 2778 4996 Deus
2803 4982 2817 5006 ,
2848 4950 2895 4995 et
2932 4938 3101 4994 Filius
3138 4940 3278 4995 Deus
3303 4984 3318 5010 ,
3349 4954 3394 4997 et
3421 4945 3667 5003 SPlRl'l‘US

2078 5050 2313 5090 sxscrus
2337 5036 2499 5100 Deus,
2531 5042 2578 5087 et
2600 5031 2739 5087 Deus
2770 5031 3133 5101 unusquisque,
3166 5044 3268 5087 etc.
3295 5033 3479 5103 Neque
3508 5036 3669 5092 etiam

2079 5128 2483 5183 concedendum
2506 5124 2765 5196 Spititutn
2793 5135 3038 5179 sanctum
3066 5124 3117 5177 in
3143 5125 3434 5195 Scripturis
3451 5129 3671 5184 minime

2082 5222 2248 5274 Deum
2312 5221 2628 5289 nuncupari.
2691 5218 3009 5273 Ambrosius
3072 5217 3163 5272 lib.
3234 5234 3293 5273 ιιι
3369 5220 3432 5274 de
3474 5221 3673 5292 Spiritu

2080 5323 2275 5382 sancto,
2291 5330 2337 5367 c.
2357 5319 2410 5378 ξ’,
2429 5312 2574 5365 aliud
2600 5312 2775 5382 probat
2796 5312 3075 5378 praesertim
3097 5327 3161 5365 ea:
3181 5312 3341 5366 verbis
3365 5310 3529 5383 Petri,
3550 5317 3667 5371 Act.

2082 5423 2164 5473 ιιι,
2189 5407 2242 5473 3,
2273 5416 2405 5471 etc.,
2429 5405 2620 5475 quibus
2647 5403 2721 5457 ait
2749 5404 2944 5474 primo,
2971 5404 3194 5470 Anania,
3227 5421 3319 5458 cur
3338 5406 3565 5476 implevit
3585 5426 3671 5463 sa-

2086 5511 2233 5556 tanas
2273 5516 2361 5555 cor
2405 5492 2547 5553 tuum
2597 5498 2665 5551 ad
2693 5497 3037 5551 mentiendum
3091 5498 3314 5566 Spiritui
3364 5511 3574 5568 sanctos;
3613 5518 3676 5559 ac

2087 5594 2284 5650 deinde
2314 5591 2554 5662 su‘bjicit,
2592 5590 2715 5645 Non
2743 5607 2794 5644 es
2824 5589 3063 5643 mentitus
3090 5591 3398 5662 hominibus,
3433 5596 3523 5649 sed
3547 5594 3677 5651 Deo.

2158 5685 2301 5741 XIV.
2328 5683 2566 5755 Nugatur
2586 5683 2670 5752 qui
2678 5726 2690 5747 ,
2706 5698 2819 5735 cum
2845 5697 2950 5736 rem
2963 5681 3164 5749 habent,
3178 5687 3361 5755 quwrit
3381 5687 3455 5740 rei
3474 5704 3676 5742 nomen.

2091 5780 2195 5835 Cur
2225 5779 2444 5851 Spiritui
2468 5787 2643 5831 sancto
2670 5776 2761 5831 Dei
2791 5793 2971 5831 nomen
3000 5776 3237 5833 Hilarius
3278 5797 3378 5834 non
3417 5784 3680 5835 attribuat.

2092 5903 2163 5914 ——
2210 5871 2315 5929 Sed
2368 5869 2625 5941 quidquid
2684 5870 2753 5924 sit
2804 5869 2873 5924 de
2932 5868 3033 5926 hac
3084 5870 3447 5941 disputatione
3477 5915 3489 5938 ,
3551 5876 3694 5944 quod
