4216 6254
552 382 621 439 15
1735 361 1802 419 ιΝ
1838 350 2208 419 ΙιΙΒΒΟΞὋΕ
2234 347 2605 433 TRINITA'I‘E
3776 331 3848 390 16

553 492 829 567 praedictis
852 487 1121 545 barreticis
1144 484 1400 547 litteram,
1422 494 1531 536 non
1556 478 1799 551 spiritum
1817 474 2151 551 sapientibus
2177 471 2231 532 Α
2256 478 2313 523 ιιι
2333 467 2656 533 incorrupta:
2708 475 2771 516 ac
2816 458 3011 514 divinre
3066 461 3272 510 natura:
3300 467 3406 509 non
3464 459 3642 519 esset,
3683 466 3845 523 quem

557 565 838 657 respondit
866 578 1158 652 Gregorius
1207 575 1299 632 Or.
1343 589 1561 635 xxxvn,
1595 586 1744 626 num.
1780 568 1881 632 56,
1915 582 2057 621 nunc
2099 565 2151 619 in

558 692 816 758 promptu
858 690 943 736 est
982 680 1035 733 in
1077 676 1363 733 Erasmum
1396 679 1710 738 retorquere
1730 709 1746 735 ,
1779 681 1938 737 quem
1971 675 2150 719 tamen

556 773 1065 837 Pncumatomachis
1088 771 1160 825 ita
1188 769 1241 823 in
1262 767 1364 823 hac
1388 761 1669 836 argutandi
1702 760 1910 815 ratione
1936 768 2156 824 compa-

557 887 762 939 ramus,
796 877 854 925 ut
883 867 1029 923 nullo
1059 872 1218 935 pacto
1264 867 1635 929 comparatum
1682 855 1910 911 velimus
1947 850 2000 905 in
2024 847 2150 904 ﬁde.

555 966 686 1022 Illos
717 973 877 1035 porro
899 958 1192 1029 Gregorius
1225 952 1412 1025 nugari
1442 948 1734 1020 docetqui,
1763 946 1968 1003 relictis
1995 941 2156 997 rebus

557 1057 794 1131 syllabas
821 1058 1228 1115 consectantur,
1258 1045 1460 1116 quique
1488 1042 1768 1119 audientes
1796 1055 1860 1096 ea
1888 1038 1941 1092 in
1973 1035 2156 1105 Scrip-

556 1149 695 1206 turis
723 1144 947 1217 Spiritui
985 1151 1175 1198 sancto
1201 1139 1456 1203 attribui,
1487 1150 1608 1207 qua:
1654 1148 1760 1213 non
1788 1138 2156 1189 consentanea

557 1242 667 1298 sint
686 1214 791 1295 nisi
821 1238 930 1292 Deo
954 1278 968 1302 ,
1002 1233 1177 1288 adhuc
1207 1237 1455 1302 quierant
1482 1228 1572 1284 ubi
1601 1225 1731 1281 illud
1763 1224 1860 1279 Dei
1881 1214 2077 1279 pomeri
2106 1219 2157 1276 ei

557 1332 918 1390 adscribatur.
952 1325 1092 1394 Quid
1115 1326 1260 1380 enim
1284 1323 1534 1387 interest,
1563 1328 1745 1377 utrum
1768 1317 1965 1381 decem,
1988 1330 2055 1368 an
2085 1312 2160 1366 bis

557 1427 802 1496 quinque,
832 1432 1015 1476 utrum
1042 1418 1216 1482 homo,
1248 1431 1314 1470 an
1345 1415 1543 1470 ratione
1569 1410 1844 1483 praeditum
1872 1417 1919 1461 et
1945 1404 2160 1459 mortale

559 1495 757 1572 animal
786 1511 1031 1569 dicatur?
1058 1508 1205 1566 Sane
1248 1507 1445 1578 quibus
1490 1502 1725 1576 placebit
1771 1500 1885 1555 hinc
1913 1495 2159 1568 Gregorii

554 1609 716 1675 ratio,
752 1607 788 1663 ii
818 1621 926 1660 non
976 1601 1119 1658 inani
1171 1598 1429 1667 scrupulo
1487 1592 1833 1650 tribuendum
1883 1589 2160 1645 existima-

559 1701 714 1767 bunt,
747 1697 891 1768 quod
923 1692 1155 1749 llilarius
1181 1687 1414 1759 Spiritus
1441 1686 1611 1741 sancti
1642 1681 1905 1738 vocabulo
1937 1678 2031 1734 Dei
2057 1693 2158 1733 no-

559 1805 687 1847 men
716 1804 821 1844 non
852 1785 1088 1857 adjiciat.
1120 1781 1234 1836 Hoc
1261 1779 1442 1850 potius
1471 1777 1541 1832 ita
1572 1775 1775 1831 factum
1804 1768 2153 1836 crediderint,

2256 562 2324 614 ad
2360 557 2759 614 inmortalitatis
2786 553 2972 627 pignus
3010 561 3058 605 et
3094 551 3162 605 ad
3202 549 3387 605 divina:
3414 556 3613 602 naturte
3640 563 3849 601 consor-

2257 634 2397 709 tium‘
2413 665 2741 708 sumeremus.
2779 647 2878 713 Qui
2913 645 3063 715 plura
3108 643 3286 709 volet,
3316 641 3473 696 adeat
3520 640 3714 693 librum
3742 652 3846 701 xu.

2258 764 2316 803 ιι.
2351 746 2422 803 54
2443 787 2457 812 ,
2487 754 2593 801 etc.
2615 785 2652 810 ,_
2672 741 2761 797 ubi
2808 739 3043 809 Spiritus
3079 748 3296 792 sanctus
3340 734 3580 805 ejusdem
3606 748 3726 789 cum
3752 733 3853 787 Pa-

2264 846 2347 895 tre
2399 845 2605 892 naturae
2630 877 2645 901 ,
2673 832 2890 890 virtutis
2928 846 2992 888 ac
3034 829 3349 887 substantia:
3388 842 3510 886 esse
3555 826 3854 882 luculenter

2258 930 2574 986 adstruitur.

2330 1021 2471 1076 XVI.
2492 1011 2841 1075 Luculentum
2879 1017 2943 1072 de
2973 1018 3201 1088 Spiritus
3224 1015 3388 1071 sancti
3417 1015 3677 1069 divinitate
3699 1029 3858 1085 argu-

2260 1123 2501 1169 mentum.
2544 1144 2616 1153 —
2651 1111 2827 1169 Unum
2856 1111 3137 1167 dumtaxat
3172 1125 3236 1164 ex
3267 1123 3333 1164 eo
3364 1108 3482 1163 loco
3533 1104 3858 1175 proferimus

2259 1218 2634 1281 argumentum
2662 1247 2678 1273 ,
2725 1206 2947 1276 petitum
2990 1220 3054 1260 ex
3107 1203 3285 1258 verbis
3328 1200 3597 1271 apostoli,
3632 1199 3858 1271 Spiritus
3897 1223 3901 1227 ν

2259 1303 2394 1354 enim
2412 1303 2583 1355 omnia
2617 1309 2899 1364 scrutatur,
2932 1297 3082 1352 etiam
3115 1295 3376 1367 profunda
3399 1292 3520 1348 Dei.
3555 1293 3632 1348 Ex
3664 1294 3860 1364 quibus

2262 1391 2328 1446 ad
2355 1392 2569 1447 Patrem
2599 1405 2927 1456 conversus,
2954 1390 3035 1445 sic
3059 1403 3181 1444 eum
3230 1403 3352 1443 cum
3393 1401 3587 1458 magna
3628 1385 3860 1455 Spiritus

2261 1484 2434 1541 sancti
2461 1485 2761 1541 reverentia
2788 1482 3079 1553 alloquitur
3105 1498 3119 1537 :
3151 1480 3320 1535 Nulla
3336 1488 3384 1534 te
3404 1480 3501 1534 nisi
3522 1494 3620 1534 nes
3637 1494 3745 1534 run
3772 1494 3863 1549 pe-

2262 1586 2427 1632 netrat
2453 1593 2472 1631 :
2502 1594 2593 1632 nec
2619 1576 2937 1649 profundum
2965 1576 3225 1629 immensa!
3256 1573 3535 1645 majestatis
3556 1583 3686 1639 tute,
3718 1587 3865 1642 pere-

2261 1673 2425 1742 grina:
2453 1681 2604 1743 atque
2636 1672 2823 1727 aliena:
2859 1687 2890 1724 α
2921 1680 2970 1724 te
3001 1670 3203 1724 uirtutis
3232 1652 3388 1724 causa
3414 1683 3674 1725 ιιετιτυιι.
3705 1666 3863 1724 Tum!

2264 1778 2383 1829 cs'r,
2413 1763 2664 1834 quidquid
2692 1774 2739 1817 te
2766 1764 2863 1817 init
2892 1782 2912 1818 :
2936 1779 3098 1833 neque
3121 1762 3347 1816 alienum
3366 1769 3464 1827 est,
3488 1761 3736 1832 quidquid
3763 1761 3865 1815 vir-

560 1884 684 1955 quia
710 1855 999 1952 ipsamniet
1028 1876 1122 1932 Dei
1152 1881 1399 1929 naturam
1425 1873 1509 1927 vel
1536 1870 1655 1925 solo
1681 1867 1913 1938 Spiritus
1943 1865 2162 1920 nomine
2190 1863 2239 1923 B
2266 1864 2370 1911 tute
2432 1857 2707 1911 scrutantis
2777 1858 2935 1922 inest,
2985 1856 3140 1927 quasi
3187 1856 3397 1913 diceret
3441 1873 3455 1911 :
3513 1855 3615 1924 Qui
3680 1855 3862 1911 omnia

558 1954 863 2043 intelligere
890 1968 1085 2023 soleat.
1116 1965 1300 2034 Neque
1342 1977 1474 2017 vero
1518 1961 1739 2016 dubium
1771 1968 1855 2015 est
1896 1954 2018 2013 eum
2062 1971 2160 2012 ex-

558 2076 714 2124 terno
750 2065 844 2120 illo
874 2062 1173 2117 litterarum
1203 2072 1337 2112 sono
1375 2054 1688 2125 expressius
1715 2050 1915 2122 aliquid
1946 2047 2161 2118 scriptis

560 2159 677 2215 suis
721 2154 1096 2225 consignasse,
1147 2162 1254 2219 quo
1308 2147 1543 2218 Spiritus
1597 2143 1767 2199 sancti
1826 2141 2159 2198 divinitatem

559 2249 990 2308 commendaret.
1964 2235 1970 2240 '

637 2341 754 2399 XV.
790 2338 887 2393 Dei
916 2339 970 2392 in
998 2353 1057 2392 eo
1085 2344 1325 2391 naturam
1367 2322 1658 2388 constanter
1686 2327 1955 2402 prccdicat.
1980 2355 2053 2368 -—
2082 2326 2161 2381 Ac

556 2437 733 2510 primo
764 2434 982 2506 quidem
1027 2430 1241 2503 quaties
1271 2427 1541 2491 inculcat,
1573 2424 1716 2496 quod
1764 2421 2159 2496 stepiusfacit,

557 2530 738 2586 verbis
786 2525 1038 2598 baptismi
1069 2523 1264 2578 Filium
1302 2519 1532 2575 indicari
1559 2526 1611 2573 et
1656 2515 1803 2571 credi
1848 2512 1992 2569 Patri
2027 2528 2159 2567 con-

557 2619 994 2684 substantialem,
1024 2617 1186 2672 toties
1221 2614 1482 2683 Spiritum
1505 2618 1748 2665 sanctum
1783 2605 1995 2675 utrique
2017 2601 2162 2674 pari-

561 2728 644 2773 ter
671 2711 1184 2771 consubstantialem
1228 2722 1348 2763 esse
1371 2704 1677 2778 profitetur.
1717 2701 1832 2756 Non
1861 2698 2006 2755 enim
2034 2699 2164 2767 bap-

557 2810 705 2866 tismi
730 2808 893 2863 verba
935 2806 1126 2861 Filium
1177 2802 1346 2872 magis
1393 2814 1554 2870 quam
1598 2795 1859 2868 Spiritum
1910 2800 2161 2849 sanctum

559 2904 719 2956 unius
744 2914 867 2955 cum
906 2897 1067 2953 Patre
1107 2900 1312 2948 naturae
1341 2905 1406 2945 ac
1450 2888 1767 2945 substantia:
1808 2899 1930 2941 esse
1959 2882 2165 2954 signiti-

558 3000 710 3051 cant.
762 2990 867 3047 Sed
896 2998 953 3045 et
980 3003 1102 3058 cap.
1132 2988 1200 3042 l3
1236 2985 1289 3040 in
1319 2982 1506 3038 Matth.
1536 2996 1686 3038 num.
1720 2980 1753 3034 6
1775 3021 1788 3043 ,
1831 2977 2037 3034 diserte
2070 2975 2166 3031 de-

558 3086 754 3148 clarat,
776 3080 918 3153 quod
940 3081 994 3134 in
1026 3077 1184 3132 Patre
1212 3085 1258 3131 et
1287 3074 1430 3128 Filio
1459 3083 1503 3128 et
1531 3071 1936 3148 Spiritusancto
1961 3066 2164 3136 absque
2248 3093 2253 3096 ο

561 3179 673 3234 ullo
700 3190 879 3232 causa:
903 3184 1141 3230 externa:
1170 3167 1435 3235 subsidio,
1462 3182 1581 3238 qum
1611 3162 1861 3220 fermenti
1881 3163 1932 3216 in
1955 3174 2161 3216 morem

2261 1948 2422 2003 etiam
2457 1949 2718 2018 profunda
2742 1949 2835 2005 Dei
2862 1956 3153 2016 scrutatur,
3180 1949 3498 2006 immensam
3527 1951 3863 2021 maiestatem

2264 2040 2482 2096 metitur
2515 2058 2529 2095 :
2555 2058 2659 2097 non
2683 2043 2907 2097 metitur
2926 2050 3105 2097 autem
3139 2041 3241 2097 nisi
3271 2041 3570 2098 immensus
3597 2052 3651 2098 et
3677 2057 3863 2113 acqua-

2263 2132 2328 2187 lis
2371 2133 2546 2190 eidem
2595 2134 2884 2205 maiestati.
2917 2135 3044 2191 ltcm
3091 2133 3238 2203 :Qui
3280 2142 3553 2190 scrutatur
3595 2133 3863 2205 profunda

2265 2226 2383 2295 Dei,
2418 2229 2665 2284 internus
2692 2230 2764 2285 sit
2794 2245 3018 2285 necesse
3046 2238 3130 2285 est
3155 2230 3253 2299 ipsi
3288 2229 3398 2285 Deo
3424 2247 3437 2283 :
3471 2228 3740 2284 internum
3767 2245 3864 2284 au-

2264 2328 2369 2376 tem
2398 2322 2447 2378 ei
2478 2338 2584 2377 non
2616 2330 2720 2390 est,
2742 2322 2998 2393 quidquid
3031 2322 3267 2378 alienum
3297 2322 3367 2377 ab
3391 2337 3459 2378 eo
3496 2330 3597 2388 est,
3630 2334 3721 2376 aut
3754 2338 3861 2377 non

2262 2412 2505 2481 ejusdem
2536 2429 2657 2469 cum
2698 2431 2762 2468 co
2809 2414 3147 2470 substantiae.
3179 2414 3530 2470 Conﬁtendus
3573 2423 3657 2470 est
3702 2415 3862 2485 igitur

2263 2503 2495 2576 Spiritus
2522 2517 2740 2563 sanctus
2764 2507 3083 2574 immensus,
3108 2517 3162 2563 et
3186 2507 3408 2577 aequalis
3435 2508 3564 2570 Deo.
3593 2507 3863 2577 ejusdem—

2263 2614 2368 2668 que
2395 2614 2516 2653 cum
2541 2614 2606 2654 eo
2634 2599 2849 2654 virtutis
2882 2614 2946 2654 ac
2971 2599 3308 2655 substantiae.
3341 2599 3594 2661 Brevius.
3624 2599 3719 2655 sed
3751 2616 3861 2656 non

2264 2691 2442 2749 minus
2487 2693 2633 2749 clare
2662 2692 2893 2764 idipsum
2922 2692 3083 2749 docet
3117 2693 3209 2749 lib.
3242 2710 3299 2758 ιι,
3328 2709 3382 2748 ιι.
3413 2695 3502 2759 51,
3526 2708 3647 2749 cum
3672 2694 3863 2751 scribit

2266 2785 2434 2840 Deum
2472 2786 2524 2840 in
2570 2786 2774 2856 Spiritu
2801 2794 2988 2841 sancto
3018 2784 3267 2853 adorari,
3299 2785 3387 2841 ubi
3416 2785 3469 2840 in
3502 2786 3702 2856 Spiritu
3732 2784 3862 2841 ado—

2263 2886 2444 2944 ratur;
2474 2888 2529 2934 et
2551 2878 2638 2933 ubi
2664 2878 2715 2933 in
2744 2877 2948 2949 Spiritu
2985 2877 3262 2947 adoratur,
3288 2879 3400 2951 jam
3431 2894 3537 2934 non
3575 2880 3675 2935 nisi
3699 2881 3752 2935 in
3778 2898 3860 2937 se-

2266 2972 2480 3039 metipso
2502 2970 2736 3026 adorari.

2339 3060 2499 3118 XVII.
2534 3062 2617 3118 Ea:
2645 3062 2791 3117 dictis
2826 3063 2889 3116 de
2931 3062 3130 3134 Spiritu
3158 3074 3335 3120 sancto
3367 3081 3469 3120 non
3500 3066 3730 3136 sequitur
3767 3066 3861 3122 Iros

2266 3153 2422 3209 libros
2446 3164 2561 3226 post
2588 3164 2816 3210 exortam
2850 3153 3143 3211 Macedonii
3172 3157 3409 3211 lucresim
3449 3161 3704 3228 confectos
3728 3174 3857 3215 esse.

571 3287 668 3329 eos
697 3269 917 3340 copulet
945 3276 1107 3338 atque
1147 3263 1474 3333 coniungat,
1507 3258 1681 3314 omnia
1722 3271 1883 3311 unum
1922 3255 2044 3310 sint.
2078 3253 2168 3309 Sic
2193 3241 2239 3305 C
2270 3247 2578 3318 -—Propter
2602 3246 2716 3302 ιιωο
2744 3248 2957 3318 aliaque
2984 3255 3092 3303 tam
3117 3248 3260 3304 clara
3288 3248 3353 3303 ad
3386 3249 3714 3319 probandam
3743 3250 3865 3318 Spi-

562 3366 661 3422 lib.
692 3379 731 3419 ιι
757 3362 826 3419 de
847 3360 1041 3417 Trinit.
1092 3371 1243 3413 num.
1272 3354 1345 3410 28
1368 3396 1382 3419 ,
1413 3353 1627 3408 Patrem
1658 3358 1713 3405 ct
1739 3348 1934 3405 Filium
1962 3353 2018 3402 et
2045 3344 2167 3415 Spi-

563 3459 728 3514 ritum
784 3462 1030 3511 sanctum
1082 3457 1291 3521 spectat
1329 3447 1475 3502 velut
1516 3440 1732 3513 aliquod
1785 3450 1987 3506 tutum,
2020 3436 2165 3508 quod

567 3550 881 3607 nullatenus
909 3541 1153 3615 separari
1176 3549 1357 3612 queat.
1389 3537 1489 3604 Qui
1515 3536 1693 3599 enim,
1725 3531 1893 3601 inquit
1923 3532 2168 3585 nomina-

573 3643 669 3700 tim
697 3643 765 3698 de
792 3640 995 3712 Spiritu
1027 3644 1216 3693 sancto
1234 3674 1249 3701 ,
1276 3629 1587 3702 confessioni
1618 3626 1793 3681 Putris
1818 3635 1864 3680 et
1889 3621 2018 3676 Filii
2041 3637 2167 3675 cono

577 3752 738 3793 nexu
776 3744 886 3801 est,
916 3748 1019 3787 non
1049 3736 1211 3802 potest
1247 3742 1280 3780 a
1309 3722 1624 3796 confessione
1650 3718 1828 3773 Patris
1853 3725 1903 3773 et
1930 3715 2058 3770 Filii
2083 3730 2166 3770 se-

569 3829 765 3904 parari.
792 3824 1163 3898 Imperfectum
1193 3819 1328 3874 enim
1375 3825 1449 3873 est
1494 3814 1636 3869 nobis
1677 3821 1836 3867 totum
1859 3851 1875 3877 ,
1899 3810 1944 3864 si
1973 3807 2172 3879 aliquid

573 3901 703 3977 desit
732 3937 766 3974 a
792 3926 919 3973 toto.
949 3914 1088 3971 Hinc
1118 3913 1173 3968 in
1201 3909 1394 3967 eodem
1421 3907 1516 3962 lib.
1549 3921 1589 3960 ιι
1615 3946 1630 3970 ,
1661 3922 1715 3959 ιι.
1748 3902 1782 3958 tl
1803 3943 1821 3971 ,
1846 3901 2171 3956 Arianorum

572 4013 849 4071 doctrinas
876 4020 936 4066 ut
963 4021 1132 4064 novas
1157 4014 1213 4060 et
1238 4004 1475 4059 humano
1511 3997 1727 4071 ingenio
1772 3995 2033 4051 confictas
2075 4008 2174 4047 no-

571 4118 672 4172 tat,
705 4103 851 4177 quod
880 4102 1162 4157 dissoluant
1194 4095 1406 4169 perfecti
1445 4094 1599 4165 hujus
1638 4087 1944 4146 sacramenti
1981 4086 2174 4140 verita-

572 4210 694 4267 tem,
722 4199 849 4253 dum
868 4192 1178 4250 substantias
1198 4189 1547 4243 diversitatum
1570 4200 1622 4240 IN
1644 4198 1811 4240 assus
1837 4195 1945 4237 ml
1967 4192 2179 4236 comm-

573 4308 727 4352 NIBUS
777 4289 1081 4346 moliuntur.
1114 4282 1229 4338 Hoc
1264 4279 1425 4351 igitur
1462 4294 1492 4331 a
1537 4278 1650 4332 Deo
1708 4274 1998 4338 traditum,
2028 4280 2084 4326 et
2123 4270 2178 4325 in

574 4382 822 4444 Ecclesia
851 4393 1066 4449 semper
1095 4372 1363 4430 creditum
1391 4366 1741 4431 existimavit,
1767 4366 1978 4420 Patrem
2006 4373 2061 4417 et
2086 4361 2180 4417 Fi-

578 4481 710 4535 lium
743 4485 797 4533 et
823 4471 1087 4545 Spiritum
1119 4476 1370 4523 sanctum
1413 4477 1505 4518 res
1540 4474 1858 4516 communes
1896 4471 2051 4522 esse,
2085 4469 2184 4511 ne-

580 4585 687 4642 que
707 4568 763 4625 in
795 4567 875 4623 eis
897 4562 1085 4619 haberi
1105 4556 1530 4616 substantiarum
1557 4552 1921 4609 diversitates.
1951 4547 2027 4601 Ita
2053 4558 2183 4600 vero

2258 3339 2404 3411 ritus
2420 3340 2587 3394 sancti
2603 3339 2937 3395 divinitatem
2964 3351 3299 3411 argumenta,
3322 3340 3421 3396 hos
3440 3341 3603 3397 libros
3622 3342 3864 3397 nonnulli

2269 3432 2611 3503 conscriptos
2641 3432 2829 3487 volunt
2849 3442 2971 3503 post
2991 3441 3232 3489 exortam
3261 3433 3553 3489 Macedonii
3581 3433 3828 3490 Incresim
3845 3477 3863 3503 ,

2271 3526 2602 3596 proiudcque
2645 3533 2766 3595 post
2804 3541 3005 3582 annuat
3036 3527 3171 3593 560,
3201 3543 3307 3597 quo
3336 3527 3699 3594 Macedonius,
3720 3525 3865 3583 Con—

2271 3616 2743 3688 stantinopolitana
2773 3617 2992 3690 Synodo
3013 3618 3323 3690 episcopatu
3338 3619 3600 3690 deiectus,
3622 3635 3865 3676 errorem

2272 3725 2429 3766 suum
2457 3709 2814 3766 disseminarc
2847 3711 3028 3782 erepit.
3055 3710 3193 3766 Nihil
3236 3721 3414 3767 tamen
3447 3711 3573 3767 inde
3615 3726 3866 3768 necessa-

2274 3802 2354 3857 rio
2391 3802 2692 3859 coniicitur.
2724 3803 2856 3872 Quis
2902 3805 3044 3860 enim
3091 3806 3314 3874 nesciat,
3370 3815 3426 3861 ut
3484 3805 3638 3872 Filii,
3693 3807 3763 3862 ita
3814 3815 3871 3863 et

2276 3896 2512 3967 Spiritus
2536 3897 2708 3954 sancti
2732 3897 3066 3955 divinitatem
3088 3900 3155 3954 ab
3176 3898 3305 3955 Aria
3324 3898 3732 3956 labefactatam?
3750 3898 3871 3969 Ipse

2278 3988 2333 4045 in
2364 3989 2553 4045 Thalia
2593 4008 2691 4047 sua
2732 3992 2873 4063 apud
2911 3993 3263 4049 Athanasium
3288 3991 3381 4049 Or.
3435 3993 3471 4047 2
3499 4001 3687 4049 contra
3719 3992 3874 4047 Aria-

2281 4097 2401 4150 nos,
2426 4098 2480 4153 p.
2515 4083 2638 4145 5i2.
2669 4083 2881 4144 divisas.
2901 4094 2950 4141 et
2977 4085 3243 4152 abunitas,
3264 4094 3313 4140 et
3335 4085 3640 4157 disjunctas,
3666 4093 3714 4140 et
3741 4084 3873 4139 alie-

2280 4192 2393 4247 nas,
2423 4184 2471 4231 et
2495 4176 2997 4232 incommunicabiles
3016 4194 3125 4231 esse
3152 4176 3323 4231 Patris
3343 4185 3392 4230 et
3415 4175 3543 4231 Filii
3571 4183 3618 4230 et
3647 4175 3873 4247 Spiritus

2278 4269 2441 4323 sancti
2477 4266 2788 4323 substantias
2832 4267 3107 4338 praedicat.
3151 4269 3322 4335 Quem
3373 4266 3570 4322 deinde
3614 4266 3876 4333 perstrin-

2282 4375 2416 4431 gens
2468 4360 2799 4415 Athanasius
2847 4375 2965 4429 pag.
3016 4360 3124 4415 515
3173 4376 3186 4410 :
3232 4358 3529 4423 Quomodo,
3579 4357 3771 4427 inquit,
3812 4359 3877 4418 de

2287 4452 2490 4523 Spiritu
2531 4458 2709 4504 sancto
2741 4457 2876 4502 recte
2902 4448 3197 4519 opinaretur
3216 4488 3231 4511 ,
3254 4448 3341 4516 qui
3371 4446 3695 4517 blasphemas
3720 4457 3793 4504 est
3821 4449 3876 4505 in

2299 4542 2519 4597 Verbum
2546 4540 2683 4612 quod
2705 4540 2957 4611 Spiritum
2978 4541 3305 4613 suppeditat?
3328 4541 3501 4598 Simili
3532 4541 3755 4597 omnino
3793 4559 3881 4599 ra-

577 4625 896 4736 persuasum
926 4655 977 4711 ei
1003 4661 1121 4711 erat
1140 4648 1289 4706 Patri
1314 4641 1828 4703 consubstantialem
1854 4653 1975 4693 esse
2001 4634 2178 4705 Spiri-
2206 4625 2262 4686 D
2288 4636 2434 4691 tione
2463 4633 2925 4699 llilarius'noster,
2952 4635 3046 4691 lib.
3075 4651 3134 4701 ιι,
3169 4652 3225 4691 ιι.
3255 4635 3325 4692 4:
3354 4635 3496 4705 Quid
3515 4639 3702 4692 mirum
3737 4648 3792 4693 ut
3816 4639 3881 4696 de

590 4726 701 4812 tum
731 4759 1002 4812 sanctum,
1031 4752 1090 4798 ut
1121 4754 1280 4794 unam
1306 4735 1483 4790 Patris
1520 4743 1573 4787 et
1604 4730 1726 4786 Filii
1766 4743 1887 4784 esse
1928 4726 2182 4783 substanv

582 4849 710 4902 tiam
742 4843 835 4898 lib.
867 4855 946 4903 ιιι,
978 4850 1127 4891 ιιιιιη.
1160 4831 1254 4896 72,
1288 4828 1415 4882 hinc
1443 4825 1812 4888 demonstret,
1839 4818 1980 4889 quod
2007 4817 2180 4888 Spiri-

586 4950 672 4994 tus
705 4941 922 4991 sanctus
943 4971 957 4996 ,
987 4938 1047 4983 ut
1075 4940 1142 4981 ex
1174 4923 1240 4977 iis
1265 4934 1386 4991 quae
1424 4916 1601 4971 Patris
1641 4920 1769 4968 sunt
1790 4953 1805 4977 ,
1834 4913 1907 4967 ita
1942 4918 1997 4965 et
2019 4925 2083 4964 ex
2118 4908 2184 4963 iis

584 5045 706 5103 qua:
726 5035 850 5082 sunt
880 5020 1041 5086 Filii,
1067 5030 1216 5072 suam
1240 5010 1489 5080 accipiat.
1527 5005 1653 5061 Non
1682 5005 1843 5070 enim,
1877 5002 2049 5072 inquit
2075 4999 2185 5066 ibi,

589 5093 653 5179 de
674 5117 919 5176 creaturis
948 5109 1177 5167 sumebat
1210 5104 1438 5178 Spiritus
1469 5111 1700 5155 sanctus.
1730 5096 1988 5153 Sumebat
2022 5093 2187 5165 igitur

588 5216 661 5272 de
681 5215 959 5269 Creatore.
974 5204 1047 5262 Ut
1062 5203 1206 5259 enim
1231 5198 1393 5252 habet
1414 5191 1721 5250 Ferrandus
1746 5190 2010 5244 Diaconus
2023 5187 2183 5258 epist.

591 5309 658 5366 ad
700 5302 1029 5364 Anatolium,
1064 5295 1247 5352 Omnis
1274 5308 1354 5346 res
1380 5300 1469 5344 aut
1497 5287 1638 5342 Deus
1667 5297 1759 5353 est,
1793 5293 1881 5338 aut
1909 5293 2140 5339 creatura
2169 5299 2188 5337 :

588 5404 634 5458 si
663 5399 807 5455 Deus
834 5405 931 5457 est,
954 5401 1191 5449 creatura
1219 5401 1323 5441 non
1346 5391 1420 5439 est
1440 5399 1459 5449 ;
1480 5382 1524 5437 si
1545 5390 1779 5435 creatura
1804 5387 1899 5444 est,
1929 5376 2068 5431 Deus
2087 5392 2189 5430 non

589 5502 683 5550 est.
714 5491 848 5561 Quia
879 5500 1043 5559 porro
1071 5490 1256 5537 noster
1287 5476 1521 5531 Hilarius
1550 5472 1809 5541 Spiritum
1845 5476 2092 5525 sanctum
2122 5467 2190 5524 de

596 5592 708 5646 Deo
737 5586 995 5643 Creatore
1032 5573 1389 5634 substantiam
1416 5584 1567 5626 suam
1608 5580 1823 5623 sumere
1864 5573 2015 5620 certo
2051 5562 2190 5619 scie-

594 5680 726 5745 bat;
775 5687 971 5745 magno
1015 5669 1178 5725 etiam
1230 5663 1409 5721 studio
1450 5657 1853 5725 laboravit,uti
1880 5672 1945 5712 ex
1978 5655 2118 5711 libro
2146 5672 2185 5721 ι⁹

595 5786 746 5830 num.
767 5767 869 5832 '56,
901 5759 1204 5818 audivimus
1222 5796 1238 5823 ,
1266 5770 1336 5811 ne
1361 5756 1641 5825 quisquam
1673 5765 1796 5806 eum
1825 5750 1954 5804 inter
1981 5759 2187 5803 creatu-

594 5879 680 5924 ras
707 5857 932 5918 auderet
967 5848 1195 5910 referre.
1222 5845 1286 5903 Ei
1329 5844 1530 5917 quippe
1556 5840 1842 5900 videbatur
1868 5837 2183 5908 absurdum,

2287 4728 2487 4798 Spiritu
2533 4736 2709 4782 sancto
2751 4729 2951 4784 diversa
2988 4731 3244 4799 sentiant,
3277 4732 3364 4804 qui
3405 4732 3458 4786 in
3500 4733 3740 4806 largitore
3766 4736 3879 4807 ejus

2288 4821 2490 4894 (Verbo
2519 4820 2758 4895 scilicet)
2787 4822 3007 4877 creando
3032 4864 3046 4889 ,
3074 4833 3125 4879 et
3168 4823 3480 4879 demutando
3499 4868 3514 4891 ,
3543 4836 3594 4881 et
3629 4825 3879 4883 abolendo

2288 4923 2392 4968 tam
2439 4915 2697 4969 temerarii
2750 4915 2852 4969 sint
2897 4915 3405 4984 auctores?Quibus
3445 4931 3569 4981 mox
3606 4918 3878 4990 adiungit,

2288 5006 2548 5077 Spiritum
2576 5018 2817 5063 sanctum
2836 5009 2903 5063 ab
2929 5007 3037 5063 illis
3059 5009 3277 5075 nesciri,
3303 5011 3426 5081 quia
3450 5010 3668 5079 Filium,
3699 5023 3881 5069 aucto-

2288 5118 2394 5156 rem
2422 5104 2558 5170 ejus,
2585 5102 2852 5173 ignorant.
2875 5101 2958 5157 An
2981 5101 3115 5158 haec.
3132 5117 3339 5174 quaso,
3367 5103 3885 5162 adversusMacedo-

2288 5191 2362 5248 nii
2395 5193 2632 5248 fautores
2659 5193 2897 5260 dixerit,
2927 5194 3017 5264 qui
3040 5194 3108 5250 de
3137 5192 3314 5250 Verbo
3339 5211 3499 5265 prava
3544 5196 3748 5253 sentire
3773 5213 3881 5254 non

2288 5285 2770 5357 audiebant,,quos
2800 5286 2917 5357 ipse
2939 5285 3077 5341 libro
3102 5284 3171 5342 de
3192 5285 3424 5358 Synodis
3453 5287 3691 5344 laudavit
3713 5300 3769 5345 ut
3789 5289 3884 5361 qui

2292 5392 2439 5432 verm
2471 5376 2592 5432 fidei
2624 5377 2945 5433 revocanda:
2974 5392 3125 5449 apem
3149 5379 3479 5444 attulissent,
3509 5381 3704 5451 quibus
3731 5380 3887 5438 deni-

2290 5483 2396 5539 que
2421 5467 2883 5537 Constantinoroli
2909 5479 3029 5539 post
3050 5470 3336 5526 concilium
3361 5469 3707 5527 Seleuciense
3730 5487 3887 5528 com-

2296 5560 2606 5615 munionem
2633 5575 2739 5615 non
2767 5563 2983 5631 negavit
3002 5576 3177 5627 suam,
3207 5562 3316 5616 imo
3351 5561 3514 5617 etiam
3564 5572 3885 5619 umerorum

2295 5663 2361 5706 ex
2389 5649 2577 5706 Galliis
2606 5650 2982 5721 episcoporum
3010 5660 3197 5707 coacto
3220 5650 3440 5708 Parisiis
3467 5652 3701 5709 concilio
3737 5652 3887 5710 litte-

2292 5759 2383 5800 ras
2409 5743 2677 5799 obtinuit?

2366 5834 2554 5891 XVIII.
2583 5834 2908 5893 Probabilius
2941 5843 3015 5891 est
3046 5844 3226 5892 contra
3263 5834 3501 5905 Arianos,
3531 5853 3687 5908 quam
3710 5846 3889 5895 contra
