4216 6254
374 309 443 365 17
1820 321 1959 379 ΡΒΑ

2064 321 2211 380 .TIO.
3603 341 3627 395 1
3640 340 3671 396 8

374 425 811 496 Macedonianos,
844 438 1091 483 assertum
1129 446 1238 485 esse
1266 429 1496 503 Spiritus
1528 435 1695 491 sancti
1730 436 1971 494 diuinita-
1994 437 2051 500 Α
2074 437 2334 510 illumque
2371 438 2439 497 de
2470 440 2574 499 hoc
2619 442 2878 502 haeretica
2927 461 2995 505 ne
3041 448 3256 518 quidem
3285 450 3569 524 cogitasse.
3605 454 3675 510 Et

372 531 490 575 tem.
518 551 593 562 ——
621 521 804 593 Longe
835 522 993 594 igitur
1014 524 1345 593 probabilius
1371 534 1475 593 est,
1505 526 1767 586 Hilarium
1800 532 1850 586 in
1879 532 1967 600 iis,

367 631 491 684 quae
536 614 606 671 de
649 615 853 687 Spiritu
911 626 1099 671 sancto
1150 617 1405 685 disserit,
1438 634 1574 676 unos
1608 622 1839 679 Arianos
1884 639 1970 681 re-

367 711 642 779 spexisse;
680 725 815 780 quos
873 726 979 766 non
1023 711 1181 781 plane
1230 711 1496 768 devicisse
1536 714 1830 784 videretur,
1864 719 1968 775 nisi

367 802 534 857 etiam
579 801 810 871 Spiritus
852 802 1027 858 sancti
1079 796 1415 859 divinitatem
1470 807 1812 864 asseruisset.
1859 808 1966 866 Sed

367 894 493 965 quia
521 894 639 950 Filii
664 894 944 951 divinitate
968 937 984 962 ,
1011 910 1075 950 ex
1100 910 1168 953 eo
1193 896 1335 967 quod
1366 912 1394 950 a
1423 895 1582 953 Patre
1609 898 1964 956 subsmntiam

364 1001 518 1042 suam
547 988 762 1057 accipit,
794 987 1192 1054 demonstrata,
1218 990 1612 1045 consectarium
1652 1001 1770 1047 erat
1792 992 1965 1063 Spiri-

368 1088 482 1135 tum
510 1087 775 1147 sanctum,
794 1080 885 1151 qui
911 1095 1063 1135 suam
1086 1080 1155 1135 ab
1176 1090 1402 1152 utroque
1424 1083 1609 1143 sumit,
1642 1085 1817 1139 neutri
1845 1099 1966 1141 esse

369 1173 714 1235 inferiorem:
747 1174 1095 1244 paucioribus
1134 1174 1238 1231 hoc
1277 1178 1638 1245 prmstandunt
1677 1177 1808 1246 fuit,
1841 1194 1963 1236 cum

366 1263 498 1319 illud
524 1264 764 1332 pluribus
788 1265 1092 1321 confectum
1116 1268 1227 1338 jam
1258 1270 1465 1325 fuisset.
1493 1269 1677 1342 Itaque
1705 1272 1965 1342 quemad-

364 1356 584 1412 modum
635 1356 929 1428 Gregorius
978 1359 1229 1417 Nazianz.
1278 1361 1371 1417 Or.
1404 1363 1507 1429 27,
1541 1380 1595 1419 ιι.
1630 1365 1692 1432 1,
1723 1365 1962 1421 Alexan-

363 1448 520 1505 drum
559 1450 1021 1520 Alexandrinnm,
1056 1455 1141 1509 cui
1174 1454 1379 1510 nullum
1411 1466 1598 1512 contra
1627 1457 1965 1515 Macedonia-

363 1553 465 1595 nos
493 1534 767 1598 certamen
808 1542 1019 1612 fuerat,
1062 1548 1236 1619 magni
1268 1546 1534 1603 Trinitatis
1569 1552 1964 1622 prapugnatoris

362 1636 425 1683 et
443 1634 693 1699 priet-onis
713 1634 892 1706 elogio
918 1635 1111 1702 donat,
1143 1647 1198 1692 et
1222 1648 1381 1694 antea
1408 1638 1503 1695 Or.
1536 1655 1658 1705 χχι,
1687 1657 1835 1696 ιιιιιιι.
1867 1641 1958 1711 56,

362 1724 640 1782 Athanasii
689 1729 759 1782 ab
800 1728 1041 1793 Arianis,
1074 1746 1180 1786 non
1226 1747 1255 1786 a
1301 1732 1700 1789 Macedonianis
1751 1735 1961 1805 expulsi

2072 544 2206 587 vero
2231 545 2354 587 cum
2383 532 2666 591 Sirmiensi
2697 538 2927 595 concilio
2953 538 3078 595 anni
3110 541 3209 598 551
3232 582 3248 609 ,
3284 545 3569 601 damnatos
3594 546 3674 602 le-

2070 637 2260 693 gamus
2287 638 2409 680 can.
2444 625 2498 693 8,
2533 628 2622 695 qui
2648 630 2965 698 prolativum
2990 632 3213 689 verbum
3242 633 3436 691 Filium
3465 635 3561 692 Dei
3590 636 3673 693 di-

2071 724 2217 782 cant;
2260 727 2311 773 et
2343 733 2464 775 can.
2500 721 2559 776 11
2586 729 2640 776 et
2668 722 2755 790 12,
2785 725 2875 794 qui
2897 724 3136 781 Verbum
3156 726 3210 781 in
3239 742 3460 785 carnem
3492 740 3669 787 trans-

2070 805 2262 875 latum,
2294 820 2387 864 aut
2430 810 2875 880 demutationem,
2915 817 3339 887 corruptionem,
3371 829 3429 876 et
3461 821 3671 891 passio-

2071 914 2215 966 nem,
2251 918 2370 956 cum
2404 903 2691 960 crucifixus
2720 916 2802 961 est
2833 908 2925 963 Dei
2952 906 3142 976 Filius,
3173 911 3226 965 in
3257 926 3354 966 sua
3382 912 3668 972 divinitate

2069 994 2392 1051 sustinuisse
2429 996 2744 1066 praedicent;
2787 1014 2909 1055 cum
2941 1000 3101 1055 etiam
3126 1002 3175 1057 in
3206 1005 3441 1074 generali
3473 1007 3666 1076 prtefa-

2073 1085 2218 1141 tione
2242 1084 2269 1157 §
2299 1086 2352 1154 5,
2383 1101 2447 1142 ex
2476 1086 2842 1158 Theodoreto,
2870 1089 3169 1162 Augustino
3194 1136 3209 1160 ,
3257 1093 3523 1167 Gregorio
3556 1096 3666 1153 Na-

2068 1177 2329 1233 zianzcno
2385 1188 2438 1235 et
2487 1178 2785 1237 Athanasio
2825 1182 3383 1243 demonstraverimus
3437 1188 3669 1245 Arianos

2067 1270 2302 1325 animam
2345 1271 2565 1327 Christo
2595 1288 2853 1344 negasse,
2898 1291 3006 1346 quo
3035 1277 3086 1331 in
3118 1278 3407 1347 ipsummet
3431 1279 3667 1337 Verbum

2068 1362 2329 1417 caderent
2351 1365 2591 1431 tristitia,
2624 1365 2799 1430 dolor,
2828 1367 3075 1438 aliteque,
3106 1385 3227 1440 quae
3254 1372 3352 1442 ipsi
3376 1380 3434 1426 ut
3463 1372 3668 1429 homini

2067 1454 2471 1523 adscribuntur,
2496 1458 2837 1517 inﬁrmitates
2864 1478 2878 1515 :
2908 1476 3030 1517 cum
3062 1462 3198 1527 hzec,
3233 1465 3472 1535 inquam,
3499 1471 3573 1522 ita
3602 1481 3663 1525 se

2066 1546 2339 1616 habeant,
2384 1551 2728 1621 perspicuum
2781 1563 2867 1610 est
2904 1555 3318 1626 Apollinaristas
3347 1561 3667 1616 commentis

2066 1642 2208 1709 illis,
2248 1659 2368 1714 qum
2404 1645 2471 1698 ab
2495 1644 2702 1702 Hilario
2727 1646 2821 1703 lib.
2855 1664 2888 1703 x
2918 1651 3285 1717 confutantur,
3315 1668 3438 1710 esse
3473 1669 3666 1711 recen-

2064 1735 2232 1791 tiores
2264 1753 2278 1790 :
2311 1750 2375 1791 ac
2402 1738 2542 1792 sicut
2574 1739 2844 1810 Eutyches
2870 1781 2886 1806 ,
2918 1739 3101 1797 Leone
3150 1752 3287 1799 teste
3336 1747 3493 1814 epist.
3525 1762 3668 1802 nunc

362 1819 539 1889 [ngam
575 1837 669 1891 pro
705 1820 961 1877 Trinitnte
1008 1834 1058 1878 et
1096 1841 1210 1879 eum
1250 1825 1506 1881 Trinitate
1544 1838 1835 1898 susceptam
1866 1844 1962 1884 vo-
1989 1828 2037 1888 Β
2064 1845 2203 1884 xcvu
2223 1871 2237 1896 ,
2269 1829 2335 1884 ad
2367 1830 2657 1887 Monachos
2686 1832 3004 1900 Palmstinte,
3033 1851 3082 1891 c.
3112 1834 3169 1901 2,
3200 1845 3254 1891 et
3278 1836 3429 1904 alibi,
3464 1839 3672 1908 Apolli-

358 1919 450 1965 cat
477 1928 491 1964 :
526 1912 596 1965 ita
625 1914 884 1969 credibile
907 1925 991 1970 est
1016 1915 1192 1971 Patris
1221 1928 1275 1971 et
1298 1917 1418 1973 Filii
1447 1928 1503 1973 et
1525 1917 1759 1988 Spiritus
1785 1924 1955 1977 sancti

358 2005 723 2075 aequalitatem
751 2007 819 2064 ab
844 2008 1048 2064 Hilario
1072 2011 1335 2067 adversus
1355 2010 1604 2077 Arianos,
1632 2029 1739 2071 non
1765 2014 1955 2073 adver-

354 2111 453 2152 sus
481 2098 896 2159 Macedonianos
925 2101 1091 2158 fuisse
1115 2117 1524 2175 pr0pugnatam.

432 2189 574 2247 XIX.
600 2192 752 2249 Liber
794 2193 1024 2252 decimus
1049 2208 1124 2253 est
1159 2208 1337 2254 contra
1382 2217 1581 2257 errores
1622 2201 1954 2275 Apollinarii.

356 2314 431 2324 —
452 2284 877 2355 Expendendum
910 2289 1000 2346 hic
1028 2292 1213 2358 venit,
1245 2308 1311 2348 an
1354 2310 1460 2350 non
1504 2296 1640 2352 libro
1668 2313 1734 2366 x,
1766 2307 1954 2355 contra

355 2378 778 2448 Apollinaristas
802 2382 1110 2455 disputetur
1136 2405 1149 2440 :
1184 2402 1291 2443 non
1310 2389 1455 2445 enim
1492 2402 1755 2463 repugnat
1786 2395 1958 2466 magis

356 2472 500 2529 libro
538 2475 859 2533 duodecimo
907 2482 1097 2538 aliisve
1145 2484 1278 2540 locis
1321 2495 1508 2542 contra
1541 2488 1959 2557 Macedonianos

358 2565 671 2638 disceptari,
700 2587 861 2638 quam
894 2585 1079 2630 contra
1110 2576 1531 2646 Apollinaristas
1557 2580 1801 2648 decimo;
1832 2597 1954 2638 cum

358 2659 573 2715 illorum
617 2663 868 2736 princeps
906 2681 1050 2723 anno
1070 2668 1195 2735 360,
1224 2669 1416 2726 horum
1463 2684 1641 2729 autem
1672 2688 1780 2730 non
1830 2683 1956 2731 ante

355 2767 561 2810 annum
587 2758 684 2813 5M
713 2773 876 2828 prava
905 2763 1112 2819 sentire
1136 2764 1510 2835 deprehensus
1531 2769 1621 2824 sit.
1640 2768 1952 2838 Negandum

355 2861 492 2903 sane
506 2865 616 2904 non
638 2861 742 2918 est,
759 2861 929 2908 totum
953 2854 1146 2911 librum
1169 2856 1435 2914 decimum
1453 2860 1713 2928 scriptum
1730 2875 1851 2918 esse
1862 2860 1957 2917 ad-

354 2958 550 3000 versus
595 2960 842 3013 errores,
891 2964 1119 3019 quorum
1161 2960 1351 3008 auctor
1393 2952 1758 3023 Apollinarius
1796 2955 1955 3026 vulgo

356 3038 718 3095 existimatur.
744 3040 991 3114 Namque
1017 3059 1046 3097 a
1076 3060 1225 3101 num.
1249 3046 1316 3104 15
1341 3063 1513 3120 usque
1539 3049 1606 3104 ad
1634 3050 1728 3117 25,
1760 3066 1957 3123 magno

354 3133 539 3188 studio
562 3133 889 3202 defenditur,
919 3136 1188 3195 Christum
1234 3157 1422 3198 verum
1468 3157 1530 3197 ac
1574 3152 1744 3199 totum
1781 3145 1957 3201 homi-

2062 1924 2202 1980 narii
2240 1924 2518 1980 suscitavit
2553 1940 2804 1993 errores;
2836 1927 2906 1981 ita
2932 1927 3325 1997 Apollinarium
3353 1930 3422 1986 ab
3446 1930 3664 1989 Arianis

2060 2032 2351 2089 pravarum
2402 2017 2715 2087 opinionum
2764 2018 2971 2073 semina
3003 2019 3290 2091 collegisse
3326 2030 3381 2076 et
3426 2021 3670 2079 dissemi-

2062 2125 2221 2168 nasse
2245 2128 2261 2177 ;
2314 2125 2413 2166 nec
2440 2110 2664 2182 proinde
2691 2126 2875 2167 earum
2909 2121 3017 2167 tam
3048 2124 3326 2169 auctorem
3355 2114 3663 2171 habendum

2060 2219 2203 2271 esse,
2228 2219 2388 2276 quam
2422 2203 2706 2259 fautorem.
2739 2203 2794 2259 Si
2824 2205 2909 2259 cui
2940 2204 3117 2261 adhuc
3141 2205 3290 2263 dubii
3333 2207 3534 2279 aliquid
3574 2225 3668 2265 su-

2060 2298 2264 2369 persit,
2308 2313 2376 2351 an
2425 2297 2563 2352 liber
2591 2297 2836 2353 decimus
2877 2297 3137 2355 adversus
3166 2299 3398 2356 Arianos
3432 2300 3666 2373 scriptus

2060 2393 2149 2461 sit,
2183 2408 2391 2459 necne;
2436 2392 2724 2463 ipsummet
2746 2392 2942 2449 librum
2969 2393 3241 2462 consulat,
3266 2409 3470 2466 eosque
3490 2396 3660 2470 ipsos,

2060 2487 2255 2560 quibus
2300 2487 2355 2543 in
2397 2488 2768 2559 superioribus
2809 2488 3006 2545 libellis
3031 2503 3356 2560 responsum
3393 2490 3485 2558 sit,
3513 2490 3567 2546 in
3596 2505 3664 2548 eo

2059 2582 2279 2639 refutari
2310 2583 2514 2650 audiet,
2544 2599 2668 2640 cum
2717 2585 2819 2640 hoc
2861 2593 3042 2640 tamen
3091 2595 3558 2655 temperamento,
3607 2596 3667 2641 ut

2058 2690 2167 2729 non
2208 2675 2316 2746 jam
2362 2675 2505 2746 quod
2551 2690 2742 2732 omnes
2790 2676 3032 2731 unanimi
3070 2690 3359 2745 consensu,
3393 2675 3490 2733 sed
3517 2678 3660 2749 quod

2059 2770 2291 2840 plerique
2314 2785 2490 2823 eorttm
2523 2770 2718 2835 volunt,
2750 2770 3075 2825 excutiatur.

2130 2862 2273 2919 XXI.
2307 2862 2453 2932 Opus
2479 2862 2576 2918 hoc
2598 2865 2654 2918 in
2677 2864 2858 2919 exsilio
2890 2862 3079 2920 Hilarii
3096 2863 3653 2935 conscriptum—Sed

2057 2957 2184 3027 quid
2216 2956 2528 3013 moramur?
2559 2957 2672 3012 Hoc
2698 2956 2887 3012 Hilarii
2923 2972 3059 3026 opus
3100 2958 3153 3013 in
3184 2956 3384 3013 exsilio
3404 2957 3548 3014 illius
3575 2959 3660 3014 lu-

2058 3050 2582 3117 cubratum,antiqui
2606 3065 2736 3106 mss.
2758 3049 2917 3106 fidem
2938 3049 3162 3119 faciunt,
3188 3051 3302 3122 ipse
3328 3050 3422 3107 lib.
3449 3068 3573 3118 x,n.
3602 3053 3659 3119 4,

2057 3144 2336 3216 conceptis
2384 3144 2564 3202 verbis
2619 3153 2844 3199 testatur
2872 3161 2886 3197 :
2914 3144 3161 3216 adeoque
3208 3146 3512 3203 confectum
3534 3145 3652 3202 fuc-

357 3242 481 3281 nem
514 3242 579 3282 ex
612 3228 790 3284 anima
837 3238 893 3285 et
937 3245 1169 3302 corpore
1221 3234 1513 3303 perfectum
1563 3238 1952 3308 assumpsisse;
1984 3225 2029 3289 C
2063 3239 2133 3294 rit
2185 3253 2407 3294 necesse
2440 3248 2526 3294 est
2561 3247 2685 3294 ante
2718 3254 2925 3294 annum
2946 3238 3073 3303 560,
3102 3256 3210 3311 quo
3234 3241 3425 3311 patriai
3443 3257 3507 3297 ac
3525 3256 3659 3313 pro-

354 3318 628 3391 simulque
656 3337 846 3378 eorum
878 3324 1144 3382 refellitur
1179 3327 1402 3398 opinio,
1444 3330 1535 3400 qui
1567 3331 1818 3387 eumdem
1853 3331 1959 3387 Do-

359 3414 566 3470 minum
593 3427 834 3474 nostrum
879 3434 985 3476 non
1016 3420 1177 3476 modo
1205 3436 1440 3487 carnem,
1474 3424 1570 3479 sed
1622 3432 1678 3479 et
1723 3425 1955 3481 animam

358 3506 428 3561 ah
455 3507 626 3563 Adam
655 3523 1001 3582 propagatam
1041 3514 1347 3583 suscepisse
1380 3514 1727 3572 arbitrantur.
1753 3516 1957 3587 Imper-

361 3599 559 3655 fectum
590 3612 770 3659 autem
798 3602 1071 3661 hominem
1094 3647 1109 3672 ,
1143 3617 1199 3661 ut
1227 3608 1438 3678 ignorat
1462 3624 1620 3665 nemo
1638 3653 1652 3676 ,
1680 3625 1709 3664 a
1739 3608 1958 3667 Christo

361 3703 673 3763 susceptum
704 3698 1034 3768 prtedicabat
1069 3697 1476 3771 Apollinarius:
1510 3701 1601 3771 qui
1649 3702 1811 3757 etiam
1837 3745 1851 3769 ,
1901 3712 1958 3759 ut

359 3786 645 3843 Nemesius
680 3805 801 3861 cap.
827 3790 893 3859 2,
930 3792 1081 3847 testis
1124 3803 1202 3847 cst
1224 3833 1239 3859 ,
1278 3794 1620 3849 existimabat
1659 3797 1858 3852 animos
1891 3797 1954 3852 ab

358 3878 654 3936 hominibus
701 3884 863 3956 gigni,
898 3892 954 3938 ut
1003 3902 1035 3939 α
1073 3885 1371 3957 corporibus
1420 3903 1677 3956 corpora;
1716 3890 1957 3960 progredi

360 3973 496 4026 enim
523 3983 579 4027 ut
608 3976 1029 4047 propagationem
1057 3979 1210 4047 primi
1237 3977 1456 4033 heminis
1483 3980 1535 4034 in
1574 3997 1745 4035 omnes
1769 3983 1855 4052 qui
1892 3999 1959 4037 ea:

357 4066 451 4121 illo
496 4079 828 4139 generantur.
878 4069 1034 4126 Unde
1087 4070 1335 4126 Monachi
1385 4062 1840 4143 ab'Apollinario
1887 4075 1953 4129 ad

359 4160 788 4216 Alexandrinum
818 4163 1105 4217 concilium
1162 4165 1348 4230 missi,
1382 4175 1439 4219 ut
1476 4180 1505 4219 a
1558 4166 1956 4234 snSpicionibus

358 4253 554 4323 quibus
582 4255 872 4324 adspersus
910 4265 1028 4311 erat
1068 4272 1128 4311 se
1158 4267 1448 4328 purgaret,
1483 4257 1796 4327 profitentes
1834 4256 1960 4314 Ver-

357 4344 480 4398 bum
509 4361 573 4400 ea:
594 4346 768 4402 Maria
798 4348 1055 4403 hominem
1079 4366 1189 4404 esse
1215 4350 1442 4421 genitum
1478 4350 1666 4420 (Apud
1716 4352 1956 4409 Athana-

358 4440 502 4493 sium
532 4441 690 4510 epist.
725 4440 791 4495 ad
819 4442 1115 4510 Antioch),
1151 4457 1256 4497 non
1287 4443 1405 4497 sine
1433 4457 1594 4498 causa
1615 4442 1851 4514 adjicere
1879 4445 1959 4499 vi-

358 4529 581 4597 dentur,
612 4543 860 4601 quantum
880 4533 949 4587 ad
978 4551 1183 4589 carnem
1212 4534 1391 4590 attinet
1411 4578 1425 4601 ,
1452 4550 1520 4591 ne
1553 4535 1802 4592 videlicet
1835 4550 1957 4591 sus-

2064 3330 2195 3399 pria:
2220 3328 2465 3385 ecclesiae
2510 3328 2753 3384 redditus
2787 3338 2903 3397 est,
2953 3340 3007 3385 et
3037 3329 3260 3401 perinde
3287 3340 3416 3387 ante
3442 3342 3661 3387 exortas

2061 3420 2360 3477 Macedonii
2381 3430 2472 3475 aut
2496 3419 2814 3490 Apollinarii
2849 3420 3105 3477 haereses.
3130 3420 3291 3478 Certe
3319 3423 3372 3477 in
3402 3423 3573 3494 patria
3598 3438 3662 3479 ac

2062 3514 2280 3586 propria
2307 3513 2534 3571 ecclesia
2553 3556 2569 3581 ,
2597 3515 2843 3586 quamvis
2871 3514 3074 3584 absque
3100 3516 3274 3572 exsilii
3306 3516 3659 3587 indulgentia,

2058 3607 2169 3678 jam
2198 3608 2433 3663 manenti
2465 3621 2570 3660 non
2595 3617 2898 3677 congruunt
2945 3606 3061 3663 hzec
3092 3607 3212 3663 libri
3260 3624 3291 3663 x
3327 3609 3486 3665 verba
3515 3626 3529 3664 :
3554 3607 3660 3663 Lo-

2060 3715 2273 3771 quentur
2296 3698 2497 3753 exsules
2518 3716 2607 3768 per
2627 3699 2721 3754 hos
2743 3698 2898 3754 libros
2922 3716 2941 3754 :
2962 3709 3011 3755 et
3034 3716 3199 3755 sermo
3228 3699 3343 3766 Dei,
3367 3702 3455 3772 qui
3474 3702 3663 3756 uinciri

2061 3807 2163 3844 non
2192 3800 2377 3862 potest,
2411 3789 2539 3844 liber
2568 3800 2821 3845 excurret.
2852 3788 2924 3847 Ut
2950 3791 3094 3845 enim
3126 3791 3261 3858 haec,
3306 3790 3662 3862 quemadmo-

2060 3880 2190 3937 dum
2230 3881 2342 3937 vult
2373 3897 2479 3936 non
2528 3896 2709 3946 nemo,
2742 3896 2864 3937 eum
2897 3882 3135 3938 nondum
3163 3882 3437 3947 exsulem,
3470 3883 3565 3939 sed
3592 3884 3661 3939 ad

2061 3974 2311 4030 exsilium
2370 3974 2554 4030 animo
2607 3973 2887 4030 dumtaxat
2939 3984 3182 4044 paratum
3232 3991 3297 4031 ac
3350 3988 3656 4047 promptum

2061 4066 2263 4122 dixisse
2309 4067 2392 4122 vel
2442 4066 2725 4136 scripsisse
2784 4067 3185 4137 intelligamus,
3233 4067 3337 4123 alia
3381 4084 3503 4139 quae
3552 4069 3660 4125 illis

2062 4159 2305 4229 proxime
2331 4157 2607 4213 coluerent
2638 4172 2743 4213 non
2774 4159 3108 4230 permittunt.
3139 4159 3257 4227 Quo
3280 4167 3459 4215 autem
3484 4160 3663 4216 exsilii

2062 4266 2205 4306 anno
2246 4251 2482 4305 animum
2531 4249 2598 4305 ad
2638 4248 2742 4305 hoc
2786 4265 2922 4319 opus
2967 4250 3256 4321 appulerit,
3290 4264 3398 4305 non
3427 4260 3659 4307 constat.

2062 4341 2188 4398 Veri
2222 4351 2407 4399 tamen
2435 4341 2771 4397 simillimum
2799 4350 2884 4398 est
2902 4356 3024 4398 eum
3055 4358 3162 4398 non
3190 4325 3492 4413 distulisse,
3530 4344 3659 4416 quin

2062 4434 2193 4489 illud
2217 4436 2540 4504 susciperet.

2136 4527 2305 4584 XXII.
2334 4527 2462 4582 Tres
2489 4529 2645 4599 primi
2672 4529 2788 4582 libri
2813 4529 3010 4598 pridem
3036 4538 3154 4585 ante
3192 4541 3401 4587 crateras
3421 4531 3664 4587 absoluti.

358 4622 506 4691 picio
538 4623 873 4693 relinquatur
894 4667 907 4691 ,
942 4640 1037 4681 eos
1077 4624 1350 4680 Christum
1377 4640 1443 4680 ex
1470 4625 1632 4681 Maria
1663 4628 1959 4684 secundum
1985 4612 2040 4673 Β
2065 4652 2136 4664 —
2163 4623 2241 4678 EX
2266 4622 2423 4678 ἰηῖιὶο
2449 4622 2630 4693 quarti
2660 4621 2781 4677 Ιίιπί
2809 4623 3150 4690 Perspicuum
3182 4632 3286 4685 θδιι
3319 4633 3430 4679 "‘88
3461 4626 3664 4694 Primos

358 4717 597 4769 animam
621 4717 859 4788 genitum
883 4718 1110 4773 sentire.
1140 4718 1217 4772 Ex
1243 4717 1434 4773 eodem
1468 4718 1697 4773 concilio
1724 4719 1961 4775 Alexan-

358 4810 522 4863 drino
552 4820 793 4879 apparet,
817 4811 1206 4881 Apollinarium
1241 4810 1607 4867 insimulatum
1635 4827 1783 4879 esse,
1817 4814 1962 4884 quod

364 4902 602 4957 Verbum
635 4903 844 4958 Domini
872 4915 922 4957 ιιι
951 4904 1003 4959 in
1029 4903 1305 4974 prophetis
1329 4946 1345 4971 ,
1374 4905 1446 4959 ita
1478 4914 1532 4960 et
1564 4905 1615 4959 iu
1640 4904 1765 4960 Jesu
1796 4905 1961 4962 fuisse

356 4994 634 5049 crederet.
666 4994 791 5050 Haec
818 5010 981 5067 porro
1009 4996 1192 5065 Opinio
1218 4997 1379 5052 etiam
1415 5004 1631 5050 notatur
1672 5005 1728 5051 et
1762 4997 1958 5067 explo-

354 5085 511 5141 ditur
556 5085 814 5155 praedicto
844 5104 897 5141 n.
928 5087 993 5142 21
1026 5086 1150 5142 libri
1178 5103 1211 5143 x
1237 5129 1251 5155 ,
1290 5102 1397 5157 quo
1443 5088 1702 5155 deinceps
1748 5102 1844 5158 per
1872 5094 1958 5143 to-

356 5186 476 5232 tum
506 5177 851 5232 confutantur
882 5186 991 5232 tum
1022 5178 1183 5234 iidem
1214 5177 1289 5233 illi
1319 5191 1552 5243 errores,
1581 5185 1690 5232 tum
1721 5179 1960 5234 maxime

354 5269 612 5339 impietas
639 5285 851 5339 eorum,
878 5270 968 5343 qui
995 5270 1264 5327 Christum
1308 5272 1359 5326 in
1390 5285 1485 5326 sua
1526 5270 1807 5327 divinitate
1839 5285 1962 5342 pas-

354 5380 482 5419 sum
527 5379 649 5419 esse
690 5366 1024 5420 asserebant.
1057 5364 1201 5421 Nihil
1247 5376 1425 5421 autem
1466 5364 1606 5434 apud
1639 5363 1875 5420 Leonem
1903 5372 1960 5421 et

353 5457 497 5511 alios
527 5455 716 5511 Patres
742 5458 1067 5524 solemnius,
1096 5471 1255 5528 quam
1304 5467 1362 5511 ut
1396 5454 1798 5527 Apollinaristis
1843 5453 1960 5511 haec

354 5547 612 5615 impietas
639 5550 982 5607 attribuatur.

433 5642 555 5699 XX.
588 5641 836 5700 Errorum
864 5643 1155 5698 earumdem
1183 5652 1413 5697 auctores
1443 5641 1617 5696 Ariani
1639 5641 1691 5695 in
1721 5657 1780 5696 eo
1802 5640 1945 5713 refel-

356 5737 546 5793 luntur
575 5733 692 5791 --Α
734 5750 825 5804 pte
849 5745 1027 5790 tamen
1056 5733 1327 5789 affirmare
1358 5732 1550 5799 liceat,
1584 5732 1788 5788 nullum
1820 5731 1965 5788 Hila-

358 5828 450 5883 riu
479 5829 533 5883 in
565 5826 621 5884 lii
674 5826 825 5883 libris
854 5840 978 5882 cum
1025 5824 1361 5896 Apollinario
1403 5823 1710 5881 cenﬂictum
1759 5813 1965 5890 fuisse,

2068 4719 2264 4788 pridem
2309 4725 2434 4772 ante
2478 4715 2867 4786 subsequentes
2915 4696 3082 4771 fuisse
3108 4716 3407 4772 absolutos.
3448 4717 3664 4773 Pltotini

2066 4819 2246 4864 autem
2272 4808 2524 4865 haeresim
2558 4819 2682 4863 tunc
2708 4808 2971 4874 temporis
2996 4807 3202 4864 Hilario
3222 4809 3459 4866 nondum
3483 4818 3666 4866 notam

2066 4901 2234 4959 fuisse
2260 4902 2387 4958 hinc
2411 4901 2771 4972 suspicamur,
2801 4901 2944 4973 quod
2976 4910 3342 4958 commentum
3374 4918 3404 4957 a
3434 4903 3665 4959 Photino

2067 4995 2383 5050 suscitatum
2432 4994 2569 5050 libro
2612 5011 2653 5061 1,
2702 4994 2767 5050 ad
2799 5002 3173 5065 argumentum
3202 4995 3324 5053 libri
3350 5010 3425 5051 vu
3472 5010 3670 5065 propo~

2068 5104 2224 5152 nens,
2269 5103 2333 5144 ac
2362 5089 2455 5143 lib.
2499 5104 2559 5155 ιι,
2593 5106 2646 5143 ιι.
2672 5088 2762 5152 25,
2795 5088 3082 5153 refellens,
3139 5089 3207 5144 de
3248 5089 3351 5143 hoc
3378 5089 3665 5159 utrobique

2067 5175 2176 5245 agit
2209 5175 2366 5229 unius
2392 5173 2653 5230 Hebionis
2680 5174 2920 5240 nomine,
2951 5190 3058 5230 non
3080 5174 3303 5231 Photini
3328 5192 3345 5231 :
3373 5174 3551 5245 cujus,
3582 5183 3670 5232 ut-

2067 5275 2195 5337 pote
2221 5266 2562 5333 recentioris,
2593 5276 2647 5321 et
2675 5266 2896 5336 perinde
2928 5266 3259 5324 nocentioris
3284 5309 3298 5333 ,
3343 5282 3538 5324 nomen
3569 5282 3668 5339 po-

2070 5362 2174 5416 tius
2201 5360 2612 5430 exprimendum
2639 5369 2775 5428 erat,
2810 5377 2970 5432 quam
3004 5360 3279 5417 Hebionis.
3308 5360 3509 5418 Contra
3537 5376 3670 5417 vero

2069 5455 2208 5510 libro
2259 5470 2355 5519 vn,
2398 5455 2509 5525 jam
2563 5455 2773 5512 doctior
2822 5455 3013 5523 factus,
3053 5465 3463 5529 argumentum,
3518 5456 3666 5528 quod

2068 5547 2206 5603 libro
2222 5546 2507 5603 tadversus
2528 5547 2823 5605 Hebionem
2842 5548 2941 5605 sibi
2956 5558 3331 5618 proposuerat,
3348 5549 3422 5605 ita
3433 5549 3670 5619 prudens

2070 5639 2125 5695 in
2156 5639 2439 5695 Photinum
2467 5648 2766 5712 retorquet,
2796 5648 2857 5694 ut
2885 5654 2954 5696 ne
2985 5640 3246 5711 pr0positi
3274 5642 3560 5698 immemor
3589 5640 3669 5697 vi-
3697 5652 3707 5660 ‘

2070 5730 2296 5798 deatur,
2344 5749 2401 5789 ιι.
2434 5734 2470 5791 5
2498 5744 2552 5791 et
2593 5733 2649 5800 7,
2681 5732 2930 5790 consulto
2973 5740 3183 5806 repetat
3227 5732 3523 5791 Hebionem
3548 5727 3673 5837 esi:

2072 5825 2381 5885 Pholihumi
