4216 6254
556 280 624 338 1‘)
1741 283 1804 337 IN
1845 282 2094 341 LIBROS
2131 285 2168 338 II

2270 286 2635 343 'I‘RINITATE
3275 272 3285 277 ’
3786 300 3861 356 eo

633 391 820 449 XXIII.
858 393 977 449 Non
1003 395 1140 449 deest
1160 396 1297 451 unde
1328 398 1524 469 primus
1565 406 1769 465 putetur
1795 400 2041 466 scriptus,
2071 400 2159 469 qui
2186 404 2236 464 Α
2265 402 2425 465 dicis,
2466 418 2629 472 quem
2660 402 2712 457 in
2761 406 3182 477 Aquisgranensi
3217 408 3543 466 bibliotheca
3592 414 3659 468 ab
3700 413 3868 469 Hinc-

561 477 758 557 primus
787 494 882 541 est.
909 517 983 529 —-—
1006 488 1115 543 Hae
1137 488 1345 543 ratione
1375 490 1615 544 nonnihil
1648 491 2019 560 prohibemur,
2048 508 2157 560 quo

562 578 743 632 minus
762 576 1161 633 subscribamus
1184 579 1426 639 Erasmo.
1452 579 1542 649 qui
1562 578 1778 648 librum,
1801 597 1944 637 nunc
1966 582 2159 640 ordine

561 674 816 744 primum,
862 671 1067 727 auctori
1107 682 1434 742 postremum
1468 677 1682 731 nemine
1712 675 1973 734 hactenus
1999 693 2159 748 repu-

559 773 756 835 gnante
779 765 1030 820 as<eruit.
1077 765 1255 821 Movet
1295 780 1392 819 nos
1418 775 1713 837 praeterea,
1755 770 1897 837 quod
1924 769 2159 827 Hilarius

561 858 678 927 ipse
708 858 880 928 qmtrti
909 856 1030 911 libri
1063 856 1212 911 initio
1244 866 1488 923 testetur,
1517 873 1577 914 se
1602 861 1904 918 anteriores
1926 862 2155 930 libellos,

559 949 678 1004 sine
719 949 1035 1020 exceptione
1064 989 1079 1015 ,
1138 949 1343 1020 pridem
1393 952 1825 1021 conscripsisse:
1858 969 1922 1009 ac
1965 955 2162 1013 deinde

562 1059 711 1099 num.
760 1043 815 1108 Ξ,
862 1032 1049 1114 aperte
1095 1042 1310 1110 indicet,
1344 1046 1603 1116 scriptum
1631 1047 1742 1117 jam
1772 1047 1935 1105 fuisse
1966 1049 2160 1106 librum

561 1137 814 1206 primum,
843 1149 967 1189 cum
1011 1134 1076 1188 ad
1113 1145 1361 1205 quartum
1395 1152 1583 1192 manus
1620 1137 1887 1206 admovit;
1916 1142 1995 1196 sic
2019 1142 2162 1197 enim

564 1226 723 1281 habet
758 1244 771 1279 :
804 1227 963 1295 Atque
994 1226 1102 1280 lucc
1131 1227 1259 1280 sicut
1292 1242 1456 1283 Ριωιο
1496 1245 1719 1286 LIBELLO
1750 1233 1921 1286 testati
1947 1249 2121 1288 sumus
2144 1275 2161 1301 ,

560 1335 697 1371 nunc
718 1334 917 1388 quoque
944 1318 1136 1372 idcirco
1174 1335 1207 1372 α
1253 1319 1399 1373 nobis
1451 1333 1847 1376 commemorata
1886 1334 2029 1391 sunt,
2055 1333 2161 1379 etc.

561 1409 747 1480 Neque
778 1410 948 1464 solum
979 1408 1120 1463 Iihro
1157 1419 1369 1479 quarto,
1403 1411 1498 1465 sed
1529 1413 1693 1466 etiam
1724 1429 1866 1467 nono
1890 1429 2041 1468 num.
2073 1416 2163 1484 10,

566 1505 618 1557 in
651 1503 964 1557 memoriam
1014 1512 1229 1557 revocat
1283 1519 1401 1573 qua:
1428 1503 1521 1558 lib.
1555 1519 1573 1557 ι
1615 1520 1643 1558 a
1679 1520 1738 1561 se
1784 1515 2011 1562 tractata
2036 1508 2163 1563 sint.

633 1593 825 1648 XXIV.
859 1594 1108 1660 Quadam
1128 1594 1248 1648 inde
1274 1595 1588 1650 consectaria
1627 1596 1696 1650 ad
1717 1598 1922 1652 laudem
1942 1600 2168 1655 auctoris

561 1697 606 1740 et
633 1697 830 1756 tempus
852 1687 1039 1758 operis.
1058 1685 1197 1741 —Si
1225 1685 1351 1757 quid
1377 1696 1556 1742 autem
1587 1689 1711 1743 inde
1741 1689 2045 1758 conﬁcitur,
2069 1707 2167 1747 an-

2261 509 2417 549 maro
2442 505 2501 550 et
2525 495 2754 551 Alcniuo
2799 501 3103 557 consultum
3138 500 3305 558 fuisse
3332 503 3397 559 ad
3433 504 3526 560 lib.
3569 522 3639 572 tt,
3679 524 3735 561 η.
3766 508 3860 573 27,

2261 588 2644 654 ostendemus,
2684 589 2897 658 planum
2950 603 3033 648 est
3089 593 3470 650 Barbarionem
3504 597 3658 652 illum
3683 597 3866 655 Caroli

2260 680 2434 752 Magni
2464 683 2798 752 temporibus
2846 701 2951 741 non
2992 702 3112 743 esse
3156 686 3491 745 inferiorem.
3523 689 3659 747 Cum
3688 704 3867 749 autem

2265 773 2424 844 hujus
2470 791 2665 831 nomen
2712 776 2855 831 absit
2902 793 2931 832 a
2979 794 3112 833 mss.
3157 780 3298 845 aliis,
3329 782 3450 851 quis
3477 782 3624 839 illum
3664 783 3869 842 Hilario

2263 868 2680 922 existimandum
2709 880 2858 937 putet
2881 872 3180 943 :equalem?

2336 962 2554 1018 XXVII.
2587 963 2781 1029 Quibus
2819 968 2986 1022 causis
3036 970 3104 1023 ad
3152 970 3475 1025 scribendum
3522 972 3773 1028 adductus
3802 974 3869 1028 sit

2274 1053 2527 1110 Hilarius.
2552 1088 2623 1101 —-
2649 1059 2818 1113 Porro
2847 1060 2961 1128 ipse
2989 1075 3093 1114 non
3139 1061 3471 1117 Barbarione
3492 1105 3508 1128 ,
3546 1080 3653 1120 non
3685 1066 3869 1133 aliquo

2268 1148 2377 1204 alio
2403 1165 2652 1221 suasore,
2681 1152 2777 1208 sed
2810 1152 3073 1210 charitate
3108 1156 3226 1210 sola
3256 1166 3312 1213 et
3341 1159 3663 1230 episcopalis
3703 1162 3869 1217 ofﬁcii

2266 1244 2590 1299 necessitate
2635 1256 2857 1317 urgente
2924 1262 2984 1302 se
3035 1245 3102 1301 ad
3163 1249 3507 1305 scribendum
3565 1263 3869 1322 perlitatum

2268 1331 2439 1388 fuisse
2463 1336 2704 1390 declarat
2736 1336 2833 1391 lib.
2862 1353 2934 1402 vr,
2968 1355 3023 1392 n.
3055 1339 3081 1393 1
3104 1337 3214 1394 :Ac
3238 1340 3369 1395 milii
3392 1343 3596 1413 quidem
3618 1386 3632 1411 ,
3673 1346 3870 1417 inquit,

2267 1436 2454 1498 prater
2483 1428 2644 1498 ofﬁcii
2667 1430 2766 1483 mei
2797 1432 3176 1497 necessitatem,
3207 1450 3311 1503 qua
3354 1436 3449 1489 hoc
3476 1435 3728 1494 Ecclesia
3763 1440 3876 1511 epi-

2268 1533 2456 1588 sc0ptts
2474 1519 2854 1586 pradicatienis
2871 1524 3172 1594 evangelica
3193 1525 3347 1581 debeo
3374 1529 3711 1584 ministerium
3736 1547 3752 1588 :
3790 1543 3872 1586 ta-

2269 1626 2384 1665 men
2414 1627 2473 1666 eo
2504 1615 2809 1684 propensior
2837 1631 2963 1671 cura
2990 1617 3058 1670 ad
3087 1618 3411 1673 scribendum
3436 1622 3553 1691 fuit,
3581 1639 3682 1694 quo
3709 1626 3872 1695 magis

2271 1705 2446 1775 plures
2475 1707 2705 1775 periculo
2724 1708 2951 1776 inﬁdelis
2975 1709 3323 1783 intelligentia
3342 1714 3718 1780 detinebantur,
3746 1718 3874 1772 ube-

561 1780 716 1834 tistes
742 1778 1088 1836 doctissimus
1113 1780 1329 1837 Iaudem
1374 1796 1481 1836 non
1527 1793 1767 1839 meretur
1799 1785 2060 1840 minorem
2089 1787 2160 1841 ob

2270 1800 2375 1854 rius
2396 1802 2640 1873 gaudium
2668 1814 2968 1859 consectans
3004 1821 3068 1859 ea:
3086 1806 3253 1860 salute
3272 1807 3561 1863 multorum
3580 1851 3595 1876 ,
3624 1810 3668 1864 si
3694 1812 3873 1882 cogni-

561 1860 970 1941 amplitudinem
996 1872 1216 1943 ingenii,
1247 1888 1354 1942 quo
1382 1882 1459 1928 tot
1487 1887 1551 1927 ac
1579 1882 1724 1929 tanta
1746 1874 1813 1929 ab
1839 1876 1954 1947 ipso
1980 1878 2164 1947 operis

562 1966 642 2018 sui
675 1964 899 2019 exordio
924 1965 1240 2035 complexus
1270 1966 1361 2031 sit,
1394 1981 1552 2036 quam
1584 1970 1653 2022 ob
1692 1983 1943 2035 acumen,
1971 1985 2077 2041 quo
2107 1972 2163 2027 in

563 2067 669 2110 tam
696 2046 943 2112 abSIrusa
985 2058 1301 2128 penetrarit.
1333 2058 1409 2113 Ex
1440 2059 1522 2114 his
1551 2060 1713 2115 etiam
1744 2063 2006 2133 sequitur,
2052 2073 2164 2120 tres

562 2150 755 2205 saltem
785 2151 992 2219 priores
1020 2150 1186 2205 libros
1213 2160 1339 2205 ante
1368 2150 1567 2206 librum
1605 2152 1673 2207 de
1695 2155 1936 2226 synodis,
1981 2156 2033 2210 in
2058 2173 2163 2226 quo

564 2241 631 2297 tie
677 2244 844 2313 gestis
876 2243 926 2297 in
960 2243 1173 2298 Photini
1216 2243 1722 2301 condemnationem
1758 2248 1878 2303 fuse
1920 2249 2160 2318 disserit,

564 2334 730 2388 fuisse
778 2337 1128 2406 compositos.
1156 2335 1291 2391 Cum
1342 2344 1521 2394 autem
1554 2338 1671 2395 ba-c
1695 2340 1956 2398 adversus
1978 2342 2164 2397 Photi-

567 2444 693 2482 num
742 2438 888 2500 gesta
928 2431 1020 2485 diu
1078 2432 1247 2488 latere
1287 2448 1398 2489 non
1428 2435 1705 2504 potuerint
1749 2437 1803 2492 in
1834 2438 2044 2495 oriente
2068 2440 2163 2495 de-

562 2523 746 2590 genti,
799 2522 925 2579 hinc
955 2525 1259 2594 conjectare
1286 2538 1370 2583 est
1421 2528 1678 2584 Hilarium
1723 2528 1777 2586 in
1820 2531 2164 2591 lucubrandis

567 2614 739 2671 tribus
765 2616 1040 2687 praedictis
1069 2617 1222 2673 libris
1267 2619 1436 2689 prima
1465 2622 1637 2677 exsilii
1678 2622 1759 2677 sui
1791 2625 1899 2678 otia
1926 2624 2159 2682 dedisse.

564 2708 677 2764 Nisi
705 2709 844 2766 forte
869 2710 990 2781 quis
1017 2712 1188 2779 malit,
1224 2727 1319 2768 eos
1350 2714 1532 2769 abillo
1555 2716 1716 2771 etiam
1748 2726 1871 2772 ante
1897 2716 2001 2773 hoc
2031 2729 2168 2774 tem-

567 2819 664 2873 pus
691 2845 706 2870 ,
760 2804 861 2859 hoc
906 2813 989 2858 est
1018 2846 1032 2870 ,
1090 2812 1217 2861 ante
1257 2806 1490 2862 medium
1541 2823 1740 2863 annum
1784 2810 1891 2865 556
1931 2812 2165 2881 scriptos

566 2896 754 2963 fuisse,
787 2897 856 2951 ita
900 2909 955 2952 ut
991 2898 1184 2953 exsilio
1210 2909 1319 2954 tum
1360 2899 1753 2960 interveniente
1784 2906 2027 2960 nonnihil
2075 2924 2165 2962 rc-

568 2984 809 3043 tardatus
832 2989 921 3045 sit.
955 3005 1024 3044 ne
1051 2990 1188 3046 alios
1220 3005 1657 3060 prosequeretur.
1684 2995 1765 3051 Au
1797 3000 2011 3053 οηξιθνὶδ
2033 3015 2167 3069 quo-

570 3093 673 3148 que
701 3077 855 3133 libris
878 3078 1142 3148 posterior
1163 3081 1434 3136 censenda
1451 3083 1518 3137 sit
1546 3085 1800 3154 pra-dicta
1831 3087 1897 3142 de
1929 3088 2165 3160 Synodis

570 3164 892 3237 lucubratio,
927 3190 1032 3228 non
1079 3173 1251 3228 ausim
1295 3174 1588 3243 afﬁrmare,
1637 3178 1777 3248 quod
1830 3190 2005 3235 tamen
2043 3166 2239 3237 licetC

569 3261 800 3333 Opiuari.
861 3262 971 3320 Hoc
1012 3281 1139 3320 vero
1181 3276 1395 3321 maneat
1423 3310 1437 3331 ,
1493 3268 1563 3322 ita
1610 3284 1745 3340 opus
1798 3272 2166 3329 intermissum

571 3352 735 3410 fuisse
762 3396 776 3420 ,
834 3366 891 3410 ut
942 3358 1061 3427 pius
1089 3352 1368 3414 confessor
1397 3354 1574 3417 adhuc
1605 3362 1655 3415 in
1682 3365 1874 3419 exsilio
1918 3365 2169 3422 detentus

570 3446 838 3504 decimum
869 3451 1060 3505 librum
1088 3453 1373 3522 peregerit.
1810 3481 1814 3486 -

646 3532 811 3594 XXV.
866 3538 944 3595 An
985 3541 1063 3596 illi
1090 3541 1208 3596 libri
1238 3541 1306 3595 ad
1336 3542 1688 3598 Constantium
1730 3542 1792 3599 ab
1828 3538 2031 3602 Hilario
2067 3550 2169 3602 sint

573 3630 869 3687 missi.—Si
900 3628 1160 3704 Gregorio
1188 3632 1487 3690 Turonensi
1523 3635 1681 3692 ﬁdem
1705 3634 1906 3694 habere
1933 3640 2052 3711 quis
2076 3657 2170 3696 vo-

570 3722 666 3790 lel,
694 3739 799 3781 non
828 3724 990 3780 modo
1028 3736 1195 3781 totum
1227 3724 1331 3782 hoc
1360 3742 1497 3796 opus
1527 3728 1577 3782 in
1605 3730 1798 3785 exsilio
1821 3730 2124 3786 absolutum
2151 3773 2168 3797 ,

571 3814 668 3872 sed
692 3817 854 3873 etiam
912 3817 1037 3873 inde
1075 3818 1142 3873 ad
1173 3818 1547 3875 Constantium
1586 3821 1654 3877 ab
1699 3822 1904 3879 Hilario
1943 3826 2170 3881 missum

571 3909 758 3965 credat
794 3926 1018 3967 necesse
1045 3921 1149 3967 est.
1177 3910 1293 3967 Non
1323 3915 1466 3969 enim
1506 3915 1650 3971 aliud
1694 3917 1931 3975 indicare
1961 3919 2172 3975 videtur

573 4001 667 4059 lib.
696 4020 712 4057 ι
741 4002 879 4060 Hist.
913 4004 1107 4061 Frattc.
1140 4021 1187 4061 c.
1219 4007 1306 4073 58,
1342 4006 1432 4062 ubi
1460 4007 1536 4062 ait
1576 4026 1588 4062 :
1630 4007 1963 4065 Beatissimus
2009 4010 2170 4067 Hila-

571 4099 682 4152 rius
721 4092 1038 4154 Pictavensis
1076 4107 1345 4171 episcopus
1384 4117 1540 4157 suasu
1585 4102 1943 4159 Itareticorum
1989 4106 2171 4161 exsilio

573 4189 850 4260 deputatur
886 4205 905 4244 .'
938 4190 1104 4261 ibique
1147 4191 1304 4247 libros
1354 4208 1448 4262 pro
1493 4194 1598 4262 ﬁde
1649 4196 1906 4250 catholica
1951 4198 2173 4254 scribens

574 4281 874 4338 Constantio
921 4284 1079 4338 misit.
1128 4282 1241 4340 Hoc
1269 4285 1467 4355 quippe
1499 4284 1566 4339 de
1596 4286 1794 4341 libellis
1817 4287 1883 4343 ad
1913 4289 2174 4345 Constan-

577 4376 713 4432 tium
759 4376 905 4448 loqui
934 4391 1042 4432 non
1071 4376 1451 4448 intelligendus
1467 4388 1571 4446 est,
1598 4395 1827 4449 quorum
1855 4398 2019 4437 unum
2047 4393 2173 4440 ante

575 4470 823 4525 exsilium
850 4470 999 4525 misit
1019 4469 1273 4538 Hilarius,
1300 4471 1534 4528 alterum
1557 4489 1663 4529 non
1696 4475 1880 4543 misit,
1924 4477 2020 4532 sed
2056 4478 2173 4549 ipse

574 4562 888 4618 Constantio
909 4562 1079 4619 dedit.
1100 4561 1486 4619 Verumtamen
1516 4566 1820 4636 conjectare
1856 4569 2004 4635 licet,
2028 4568 2165 4623 Gre-
2197 4549 2252 4610 Ῑ)

573 4657 783 4728 gorium
821 4656 1130 4712 confudisse
1162 4656 1305 4726 quod
1334 4672 1433 4727 pro
1462 4657 1566 4712 ﬁde
1596 4659 1863 4714 catholica
1892 4658 2171 4716 confessor

571 4760 824 4803 strenuus
846 4758 900 4801 et
922 4748 1045 4802 l‘ecit
1074 4748 1241 4802 libros
1263 4748 1383 4803 illos
1408 4750 1822 4819 couscribendo,
1858 4761 1914 4806 et
1945 4753 2173 4808 tentavit

570 4840 766 4895 libellis
792 4836 1108 4894 Constantio
1151 4849 1244 4894 aut
1295 4840 1477 4895 missis
1526 4850 1617 4895 aut
1665 4841 1803 4898 datis
1844 4842 2169 4900 audientiam

572 4932 936 5006 deprecando.

644 5022 837 5080 XXVI.
869 5022 1119 5079 Barbarie
1162 5024 1445 5097 presbyter.
1476 5054 1547 5067 -—
1576 5024 1860 5083 Rationem
1908 5031 2046 5086 tituli
2077 5046 2173 5086 ex-

576 5122 913 5193 pendentes,
958 5117 1186 5174 necdum
1236 5119 1472 5174 diximus
1497 5120 1618 5191 quis
1658 5122 1730 5177 sit
1772 5123 1861 5179 iIle
1909 5126 2171 5196 presbyter

574 5213 848 5279 Barbarie,
876 5211 1029 5283 cujus
1058 5227 1252 5267 nomen
1286 5211 1337 5267 in
1366 5210 1679 5271 Corbeiensi
1706 5216 1932 5289 aliisque
1961 5218 2171 5275 duobus

573 5307 848 5362 codicibus
902 5306 1228 5378 adscriptum
1279 5308 1623 5377 reperimus;
1684 5310 1798 5367 isne
1855 5311 2052 5379 fuerit,
2099 5314 2167 5368 ad

573 5413 733 5470 quem
785 5398 1015 5453 Ililarius
1066 5399 1181 5469 ipse
1229 5398 1617 5470 autographum
1645 5401 1958 5469 destinarit,
2000 5419 2066 5461 an
2097 5405 2165 5461 ad

570 5507 729 5562 quem
780 5490 1148 5562 apographum
1208 5492 1367 5564 longe
1406 5503 1529 5564 post
1582 5495 1841 5553 Hilarium
1895 5499 2038 5554 alter
2082 5499 2164 5556 vel

570 5596 763 5657 sponte
791 5601 886 5641 sua
908 5627 923 5652 ,
962 5587 1043 5642 vel
1071 5595 1287 5659 rogatus
1316 5587 1542 5644 miserit.
1589 5590 1699 5646 Hoc
1724 5601 2053 5663 postremum
2094 5595 2167 5650 si-

570 5680 854 5752 gniﬁcatur
888 5678 976 5735 bis
1005 5695 1107 5735 ms.
1143 5681 1491 5738 Pratellensis
1521 5682 1721 5750 verbis,
1747 5694 1891 5739 utere
1918 5686 2045 5758 felix
2073 5703 2165 5742 cu-

568 5775 850 5831 rationibus
885 5776 1009 5831 tuts.
1036 5772 1116 5829 Ex
1142 5772 1459 5844 antiquitate
1486 5786 1668 5832 autem
1690 5773 2031 5837 Corbeiensis
2065 5794 2161 5839 co-

2266 1895 2332 1948 tis
2359 1897 2698 1951 sacramentis
2720 1899 2961 1969 perfecta
2988 1900 3042 1954 in
3074 1900 3238 1955 Deum
3263 1901 3406 1970 ﬁdei,
3446 1903 3609 1974 impia
3637 1905 3876 1961 humana

2264 1989 2493 2044 stultitia:
2513 1990 2749 2046 instituta
2777 1992 3089 2060 desererent,
3120 2004 3168 2049 et
3189 2012 3244 2050 se
3265 1995 3375 2051 Dea
3397 1997 3689 2054 redderent.
3721 1999 3873 2056 Hunc

2267 2082 2444 2136 locum
2500 2084 2746 2154 aliosque
2794 2099 2901 2140 non
2954 2086 3249 2143 attendisse
3296 2091 3722 2158 convincuntur,
3779 2093 3872 2161 qui

2266 2188 2391 2231 cum
2405 2176 2570 2231 velint
2592 2177 2851 2246 plurimos
2878 2194 2986 2235 non
3014 2181 3150 2235 mala
3183 2181 3287 2238 ﬁde
3308 2182 3561 2239 haresim
3589 2184 3867 2258 amplexa-

2267 2276 2372 2337 tos,
2403 2269 2745 2326 clementiam
2786 2287 2913 2340 erga
2945 2272 3066 2329 illos
3091 2274 3144 2329 in
3170 2273 3375 2331 Hilario
3403 2276 3739 2333 desiderant.
3767 2280 3873 2334 Eos

2265 2370 2435 2429 certe,
2481 2363 2571 2433 qui
2615 2363 2731 2418 Arii
2777 2365 3019 2434 partibus
3056 2382 3245 2424 errore
3292 2376 3349 2424 et
3398 2370 3692 2440 ignorantia
3728 2370 3875 2428 fave-

2266 2457 2672 2525 bant,apprime
2684 2456 3018 2528 distinguere
3038 2471 3261 2517 noverat
3283 2463 3351 2518 ab
3382 2464 3490 2520 illis
3512 2466 3600 2535 qui
3618 2466 3671 2520 in
3683 2466 3869 2523 eadem

2267 2546 2461 2603 baresi
2486 2563 2653 2617 pravo
2678 2549 2910 2620 quodam
2938 2552 3231 2609 voluntatis
3251 2555 3448 2611 aliectu
3467 2555 3866 2614 detinebantur.

2268 2638 2337 2695 Et
2357 2639 2548 2696 horum
2578 2641 2795 2713 quidem
2825 2642 3084 2700 malitiam
3108 2660 3173 2701 ac
3199 2662 3393 2703 sensus
3418 2649 3732 2718 pravitatem
3764 2667 3870 2707 non

2267 2733 2387 2788 sine
2430 2733 2654 2790 horrore
2692 2744 2749 2790 et
2784 2736 3147 2807 indignatione
3174 2740 3481 2809 cogitabat:
3513 2752 3565 2796 at
3606 2743 3869 2813 singulari

2270 2822 2324 2879 in
2356 2824 2476 2880 illos
2503 2825 2876 2882 misericordia
2911 2831 3373 2889 commovebatur.
3406 2833 3511 2889 Sed
3558 2836 3681 2906 quia
3712 2838 3874 2892 utris-

2270 2935 2375 2991 que
2400 2919 2687 2975 subvenire
2721 2921 2991 2990 cupiebat,
3018 2928 3263 2995 utrisque
3286 2926 3523 2994 scripsit.

2343 3012 2578 3069 XXVIII.
2616 3014 2755 3083 Quid
2775 3018 2838 3070 de
2860 3016 3172 3073 Arianorum
3201 3018 3474 3087 affectione
3501 3022 3765 3078 sentiebat.
3795 3054 3866 3066 --

2272 3107 2497 3179 Scripsit
2527 3112 2671 3166 enim
2701 3120 2757 3166 et
2786 3123 3007 3183 propter
3037 3117 3323 3187 magistros
3353 3118 3608 3190 nequitiae
3637 3121 3723 3177 vel
3749 3136 3872 3175 cor-

2272 3201 2547 3271 rigendos,
2571 3203 2657 3258 vel
2688 3203 2880 3259 saltem
2912 3206 3237 3263 refellendos
3267 3228 3280 3263 :
3314 3210 3532 3279 scripsit
3565 3222 3619 3268 et
3648 3226 3872 3283 proutcr

2274 3306 2368 3347 eos
2392 3332 2406 3358 ,
2440 3308 2574 3363 quos
2606 3293 2682 3347 illi
2714 3294 3043 3363 deceperant
3065 3336 3081 3363 ,
3114 3300 3462 3358 erudiendos.
3500 3303 3715 3358 Illorum
3746 3321 3868 3360 cum

2273 3384 2703 3441 emendationem
2745 3387 3116 3456 perdifﬁcilem
3174 3394 3500 3462 praevideret
3526 3436 3542 3461 ,
3589 3398 3711 3467 quia
3739 3440 3754 3464 ,
3786 3401 3867 3453 in-

2272 3478 2391 3547 quit
2420 3477 2513 3532 lib.
2549 3493 2601 3532 v:
2630 3519 2645 3544 ,
2692 3495 2839 3535 num.
2873 3482 2934 3536 Η
2963 3523 2980 3548 ,
3014 3483 3083 3539 ab
3113 3485 3244 3553 ipsis
3274 3495 3323 3540 et
3362 3490 3494 3543 ratio
3521 3490 3870 3562 intelligentia:

2274 3587 2376 3627 non
2412 3572 2660 3641 quaritur
2681 3613 2696 3636 ,
2725 3584 2771 3627 et
2813 3574 3051 3643 deinceps
3079 3579 3142 3632 ab
3168 3579 3478 3653 intelligente
3500 3582 3739 3638 intimata
3768 3602 3869 3640 non

2273 3663 2475 3731 capitur
2493 3703 2508 3729 ,
2538 3662 2914 3720 refutationem
2945 3675 2999 3721 et
3024 3665 3235 3724 facilem
3262 3683 3481 3741 propter
3508 3673 3748 3741 ipsorum
3774 3676 3872 3729 int-

2275 3752 2613 3822 prudentiam
2635 3795 2651 3822 ,
2686 3768 2741 3810 et
2774 3769 2998 3827 prepter
3027 3759 3300 3830 simplices
3332 3766 3693 3821 necessariam
3726 3772 3871 3823 exis-

2277 3844 2520 3902 timabat.
2556 3846 2633 3901 De
2667 3849 2879 3904 caeteris
2911 3866 3039 3904 vero
3067 3867 3194 3921 spes
3222 3855 3270 3908 ei
3301 3855 3457 3926 longe
3484 3856 3587 3912 alia
3616 3868 3735 3914 erat
3756 3901 3771 3925 ,
3803 3860 3871 3916 de

2274 3939 2474 4010 quibus
2522 3940 2713 3998 codem
2758 3944 2811 3999 in
2858 3944 2979 4001 loco
3008 3945 3228 4019 subjicit
3268 3969 3279 4003 :
3323 3950 3431 4007 Sed
3474 3953 3520 4009 si
3547 3970 3676 4023 quos
3717 3971 3865 4010 amor

2279 4031 2375 4086 Dei
2403 4041 2447 4085 et
2476 4032 2829 4105 intelligentia
2855 4036 3112 4110 ignoratio
3136 4083 3151 4107 ,
3184 4057 3287 4098 non
3326 4059 3637 4102 IIIPIETATIS
3663 4061 3870 4103 γοωδ-

2277 4139 2378 4179 ns
2407 4141 2496 4194 per
2519 4127 2751 4182 stultitia
2779 4144 2985 4183 sensum
3022 4131 3296 4189 detinuerit
3321 4136 3375 4190 in
3403 4153 3613 4205 errore;
3643 4154 3792 4210 spero
3817 4150 3872 4194 ut

2276 4220 2344 4270 ad
2374 4218 2780 4274 emendationem
2819 4224 3066 4290 proclives
3106 4226 3208 4282 sint
3232 4268 3247 4294 ,
3293 4245 3409 4282 cum
3453 4230 3729 4305 impietatis
3765 4241 3875 4285 stu-

2278 4310 2421 4365 dium
2449 4311 2695 4367 absoluta
2715 4315 2940 4370 veritatis
2966 4318 3033 4370 sit
3056 4318 3421 4374 demonstratio
3450 4321 3733 4387 proditum.
3764 4324 3873 4379 Hac

2277 4415 2373 4472 spe
2404 4403 2643 4458 nonnihil
2668 4416 2947 4460 recreatus
2973 4408 3219 4475 superius
3244 4410 3420 4464 aiebat
3449 4453 3462 4476 ,
3500 4410 3717 4468 Uberius
3742 4434 3873 4486 gau-

2278 4493 2423 4548 dium
2451 4503 2744 4549 consectans
2776 4512 2841 4549 ea:
2868 4498 3034 4551 salute
3061 4499 3434 4569 plurimorum.
3466 4504 3511 4558 si
3537 4506 3754 4575 cognitis
3782 4524 3869 4563 su—

2283 4588 2558 4640 cramentis
2601 4589 2839 4658 perfecta
2882 4590 3019 4659 ﬁdei,
3056 4593 3215 4665 impia
3254 4594 3494 4653 humana
3521 4599 3751 4654 stultitia
3791 4602 3875 4657 iu-

2273 4679 2448 4733 stituta
2469 4678 2774 4744 desererent,
2800 4691 2847 4735 et
2866 4699 2921 4737 se
2947 4682 3058 4739 Deo
3078 4688 3365 4745 redderent.

2348 4770 2541 4826 XXIX.
2577 4771 2766 4839 E/fecit
2790 4775 2871 4828 Itis
2899 4775 3045 4832 libris
3073 4796 3136 4834 ne
3164 4798 3291 4837 sana
3319 4783 3555 4841 doctrina
3579 4805 3696 4842 cum
3720 4806 3872 4845 sanc-

2276 4866 2340 4919 tis
2358 4866 2634 4922 eatsularet.
2651 4896 2724 4909 -—-
2743 4868 2925 4940 Neque
2943 4887 3072 4927 vero
3098 4888 3318 4945 prepter
3344 4880 3574 4936 Arianos
3588 4883 3761 4939 solunt
3781 4896 3872 4941 attt

2276 4956 2601 5014 rel‘ellendos
2635 4969 2730 5016 aut
2757 4964 3130 5022 emendandos
3151 5008 3167 5031 .
3200 4969 3294 5026 sed
3335 4982 3391 5027 et
3422 4984 3639 5045 propter
3681 4976 3868 5034 ﬁdeles

2277 5054 2647 5123 instruendos,
2680 5056 2777 5111 has
2806 5057 3207 5118 lucubrationes
3229 5079 3516 5135 aggressus
3544 5080 3661 5137 est;
3692 5079 3751 5125 ut
3788 5072 3872 5127 ui-

2272 5145 2470 5201 mirum
2493 5147 2854 5205 exsulautium
2885 5151 3175 5209 Doctorum
3202 5157 3436 5226 quodam
3462 5160 3625 5216 modo
3654 5162 3869 5219 vicaria:

2273 5247 2490 5307 essent,
2522 5250 2580 5295 et
2605 5256 2744 5311 quos
2786 5243 2901 5312 ipse
2930 5259 3171 5313 praesens
3219 5250 3513 5320 nequibat.
3545 5253 3744 5310 absens
3771 5256 3872 5312 do-

2273 5339 2422 5385 ceret
2469 5346 2567 5401 per
2606 5331 2731 5387 illas
2775 5333 3143 5407 ﬁrmaretque.
3197 5338 3375 5407 Licet,
3423 5343 3600 5414 inquit
3651 5346 3744 5400 lib.
3791 5364 3822 5403 ι
3852 5392 3867 5416 ,

2274 5437 2424 5476 num.
2467 5423 2533 5486 4,
2564 5439 2700 5478 nunc
2730 5441 2763 5478 a
2801 5427 2975 5483 multis
3005 5434 3421 5490 coacervantibus
3448 5437 3548 5491 sibi
3586 5440 3870 5493 secundum

2273 5515 2526 5569 desideria
2556 5532 2648 5569 sua
2677 5520 2947 5588 magistros
2969 5538 3097 5577 sana
3132 5523 3369 5581 doctrina
3394 5528 3630 5592 exsatiet;
3658 5546 3761 5583 non
3792 5540 3871 5586 ta-

2271 5622 2385 5663 men
2416 5625 2451 5662 a
2486 5608 2676 5664 sanctis
2712 5610 2998 5683 quibusque
3036 5615 3418 5681 pradicationis
3443 5620 3628 5675 veritas
3660 5622 3869 5676 asule-

2270 5700 2341 5755 bit
2378 5717 2398 5757 :
2422 5700 2691 5770 loquemur
2727 5703 2860 5757 enim
2886 5706 3087 5763 exsules
3126 5724 3216 5780 per
3240 5709 3334 5765 has
3374 5709 3532 5767 libros
3552 5754 3571 5779 ,
3598 5723 3709 5782 etc.
3745 5714 3868 5772 Tri-

2270 5794 2464 5864 plieem
2487 5793 2635 5854 illam
2665 5795 2935 5856 scribendi
2959 5813 3177 5858 causam
3208 5801 3302 5862 lib.
3331 5819 3391 5873 η,
3418 5820 3546 5863 num
3572 5806 3629 5879 5,
3680 5810 3866 5881 paucis
