4216 6254
329 240 403 297 Ἦ
422 278 431 285 ›
1807 228 2204 301 PWATIO.
3574 240 3647 297 22

332 358 410 415 ita
445 352 765 428 perstringit
806 368 820 408 :
854 350 1207 423 Extorquetur
1235 347 1380 406 nobis
1428 350 1524 407 hoc
1552 347 1682 405 uelle
1699 389 1713 417 ,
1742 347 1863 403 dum
1888 355 1935 405 et
1963 346 2011 413 Α
2040 356 2166 413 tror,
2192 346 2423 407 doctores
2452 355 2578 407 artas
2603 346 2761 419 hujus
2784 363 2919 405 nunc
2939 348 3116 407 saeculi
3134 350 3390 424 protulit:
3418 367 3531 415 tero
3553 356 3645 417 hos

333 447 568 505 audacia:
602 446 857 507 resistitur
877 485 893 514 ,
923 454 971 501 et
1002 443 1167 505 errori
1199 440 1521 511 consulitur,
1560 449 1608 498 et
1632 441 1939 515 ignorantia:

334 540 655 613 prouidetur.

410 634 582 691 XXX.
616 633 697 691 De
729 632 987 689 Trinitate
1013 630 1164 689 verba
1190 630 1361 702 facere
1394 629 1635 686 illicitum
1673 636 1837 703 putat.
1867 657 1940 669 —

335 728 457 785 Non
485 728 645 797 igitur
673 735 869 796 sponte
895 768 911 793 ,
940 735 1031 779 aut
1055 724 1237 794 aliquo
1263 722 1524 778 suadente
1546 764 1563 793 ,
1590 721 1660 779 ad
1688 722 1849 779 verba
1871 721 1939 778 de

332 831 524 877 sancto
541 818 820 875 Trinitatis
843 817 1103 889 mysterio
1125 815 1367 872 facienda
1396 813 1689 886 prosilivit:
1714 815 1808 871 sed
1829 823 1937 871 tam

333 909 660 967 necessariis
693 908 758 963 ad
787 909 1073 964 utilitatem
1115 907 1373 965 Ecclesia:
1406 907 1586 962 causis
1617 906 1731 961 lucc
1760 906 1810 962 ei
1843 922 1940 962 vo-

333 1002 517 1058 luntas
542 1011 754 1057 extorta
778 1001 898 1055 fuit.
934 1001 993 1055 Ei
1023 1000 1277 1055 nimirum
1304 1014 1617 1070 persuasum
1649 1008 1766 1055 erat
1806 997 1939 1055 illud

332 1096 455 1152 sola
500 1094 604 1149 fide
628 1135 645 1161 ,
678 1093 790 1148 sola
824 1093 1087 1147 mentium
1133 1092 1396 1163 religione
1427 1090 1735 1161 oportuisse
1764 1090 1938 1145 conti-

335 1191 459 1246 neri
489 1190 596 1261 (lib.
627 1204 687 1255 ιι,
723 1205 777 1243 n.
807 1187 874 1254 2;
905 1186 1031 1243 ibid.
1079 1204 1133 1241 η.
1184 1184 1260 1258 5),
1293 1184 1437 1256 quod
1465 1192 1609 1241 extra
1638 1185 1938 1256 signiﬁcan-

333 1285 462 1339 tiani
484 1284 727 1339 sermonis
753 1294 848 1346 est,
877 1291 1023 1339 extra
1037 1298 1216 1338 sensus
1241 1282 1592 1343 intentionem,
1617 1288 1760 1337 extra
1782 1280 1937 1335 intel-

334 1376 565 1447 ligentiae
592 1375 989 1444 conceptionem.
1014 1372 1278 1441 Quocirca
1306 1388 1428 1427 cum
1458 1372 1525 1427 de
1560 1380 1707 1426 tanto
1737 1379 1939 1443 myste-

333 1469 419 1526 rio
439 1483 746 1525 sermonem
778 1466 921 1522 inire
946 1466 1193 1521 illicitum
1225 1480 1288 1520 ac
1321 1465 1572 1519 vitiosum
1600 1471 1835 1533 putaret,
1869 1462 1938 1520 ad

335 1564 475 1619 hanc
503 1579 565 1621 se
593 1562 974 1619 necessitatem
1004 1560 1252 1615 adactum
1286 1558 1382 1615 lib.
1434 1573 1471 1617 tt
1504 1558 1748 1628 pluribus
1787 1557 1938 1627 inge-

339 1657 539 1714 miseit.
564 1655 953 1727 Compellimur,
970 1652 1146 1725 inquit
1167 1669 1223 1710 ιι.
1244 1652 1300 1719 2,
1320 1651 1675 1707 haereticorum
1697 1651 1938 1722 blasphe-

2044 442 2221 498 ltabuit
2255 443 2385 512 ﬁdes
2413 458 2527 497 mea
2549 483 2564 509 ,
2594 458 2750 513 quam
2779 450 2835 498 tu
2863 442 3082 501 erudisti
3106 485 3123 513 ,
3154 446 3445 517 magistros.
3480 446 3645 507 Inou-

2044 536 2166 593 ditis
2186 552 2283 608 ego
2315 535 2605 593 nominibus
2632 536 2713 591 his
2732 535 2788 593 in
2815 544 2864 591 te
2885 536 2960 591 ita
2978 536 3193 605 credidi,
3216 554 3308 611 per
3337 546 3387 597 te
3408 540 3480 599 ita
3498 556 3650 599 "lle

2044 642 2125 688 tus
2153 648 2302 697 sum;
2329 640 2378 687 et
2403 633 2591 687 exinde
2620 640 2738 687 tuus
2764 630 2836 685 ita
2856 648 2988 687 sunt.

2116 724 2368 783 XXXIV.
2400 725 2591 785 Fidem
2624 725 2909 796 Scripturis
2929 735 3176 783 assertam
3193 727 3378 785 iisdem
3408 728 3531 784 locis
3558 728 3648 789 de~

2044 821 2228 891 fendit,
2257 820 2437 890 quibus
2458 810 2815 890 impugnatur.
2838 848 2910 860 —-
2933 818 3106 887 Quam
3129 828 3309 877 autem
3336 835 3368 875 e
3396 820 3643 892 Scriptur-

2042 914 2119 969 ris
2150 913 2401 969 hauserat
2432 911 2615 976 (idem,
2643 911 2937 981 Scripturis
2968 912 3231 983 explicat,
3261 913 3492 984 primum
3524 913 3645 985 qui-

2042 1006 2163 1063 dem
2203 1005 2553 1076 propheticis,
2604 1014 2715 1060 tum
2745 1004 3093 1074 evangelicis,
3134 1019 3199 1060 ac
3242 1004 3460 1063 demum
3509 1022 3641 1076 apo-

2043 1100 2270 1156 stolicis.
2316 1099 2396 1155 Ad
2425 1114 2558 1169 quas
2596 1097 2969 1168 intelligendas
2998 1098 3245 1169 aptisque
3272 1099 3456 1154 verbis
3483 1114 3639 1154 enar.

2042 1193 2238 1248 randas
2259 1208 2326 1248 eo
2352 1207 2409 1247 se
2432 1190 2623 1262 spiritu
2646 1190 2837 1245 donari
2863 1190 3021 1249 enixe
3044 1198 3198 1261 rogat
3222 1188 3334 1262 (lib.
3360 1206 3401 1257 ι,
3433 1208 3488 1246 n.
3518 1190 3637 1263 58).

2042 1302 2149 1358 quo
2176 1291 2406 1357 primum
2436 1285 2603 1342 afﬂati
2632 1292 2760 1345 sunt
2790 1286 3067 1355 prophetae
3095 1294 3151 1339 et
3195 1285 3425 1354 θροειοιὶ
3457 1285 3524 1340 ad
3546 1301 3640 1342 eas

2042 1379 2299 1434 edendas.
2339 1378 2472 1433 Hinc
2516 1377 2694 1432 varios
2722 1376 2864 1435 inter
2893 1377 3118 1432 timores
3161 1391 3230 1432 ne
3258 1377 3422 1433 verbo
3463 1376 3637 1433 oll‘en—

2043 1470 2235 1538 deret,
2275 1470 2371 1527 lib.
2413 1486 2507 1533 vu,
2552 1486 2607 1525 n.
2638 1469 2694 1538 5,
2727 1477 2966 1525 mentem
3015 1469 3299 1527 confirmat
3329 1486 3394 1524 ac
3428 1480 3647 1531 serenat

2043 1562 2126 1617 bis
2151 1562 2363 1617 verbis:
2395 1560 2519 1616 Non
2546 1561 2694 1628 meis,
2725 1561 2817 1616 sed
2835 1562 3133 1632 apostolicis
3155 1562 3350 1616 scendo
3378 1561 3642 1633 gradibus.

2042 1656 2151 1711 Sed
2181 1665 2234 1710 et
2263 1669 2423 1724 quam
2466 1669 2659 1712 secure
2701 1655 2995 1724 Scripturis
3025 1655 3253 1713 ducibus
3280 1661 3505 1715 scandet
3530 1698 3545 1723 ,
3578 1658 3642 1712 li-

334 1756 589 1811 mantium
635 1753 771 1813 uitiis
800 1751 985 1807 illicita
1025 1766 1210 1822 agere,
1243 1750 1413 1803 ardua
1439 1747 1715 1813 scandere,
1748 1746 1934 1815 ine/fa-
1966 1747 2013 1807 B
2043 1749 2142 1806 bro
2177 1748 2457 1819 superiore
2487 1764 2637 1807 num.
2669 1748 2740 1804 20
2788 1748 3115 1805 luculentius
3148 1750 3404 1818 ostendit,
3433 1751 3524 1809 ubi
3553 1767 3644 1809 ro-

334 1849 460 1904 bilia
487 1847 695 1917 eloqui,
724 1846 1023 1903 inconcessa
1050 1859 1355 1914 prtBsuntere
1382 1858 1401 1897 :
1430 1851 1485 1897 et
1513 1857 1658 1907 mox,
1692 1838 1937 1911 Cogimur

332 1942 584 1997 sermonis
626 1940 788 1997 nostri
827 1938 1167 1994 humilitatem
1208 1937 1277 1990 ad
1323 1952 1384 1991 ea
1424 1949 1543 2005 qute
1571 1932 1937 1991 inenarrabilia

330 2044 453 2089 sunt
484 2032 754 2089 extendere
783 2049 802 2087 :
823 2039 872 2086 et
891 2031 943 2084 in
969 2029 1148 2085 vitium
1169 2028 1289 2085 uitio
1316 2035 1607 2083 coartamur
1633 2027 1825 2083 alieno.

407 2124 605 2183 XXXI.
631 2124 743 2191 Quo
771 2124 945 2181 animo
973 2120 1072 2178 hoc
1100 2119 1243 2193 Opus
1261 2120 1580 2193 aggreditur.
1600 2149 1672 2161 —-—
1691 2118 1847 2177 Unde
1868 2118 1935 2176 ad

333 2219 472 2277 illud
501 2215 907 2290 petractandum
935 2230 1001 2275 eo
1026 2216 1208 2271 animo
1230 2212 1462 2281 accedit,
1496 2221 1555 2269 ut
1582 2222 1636 2269 et
1662 2213 1810 2283 prius
1838 2227 1933 2271 ve-

331 2312 477 2368 niam
503 2325 600 2382 pro
619 2308 817 2367 delicto
836 2307 1176 2377 deprecetur,
1204 2320 1305 2360 nec
1326 2304 1392 2360 de
1409 2318 1469 2360 se
1491 2303 1757 2373 soundest
1776 2303 1934 2374 quid-

331 2420 495 2476 quam
516 2445 532 2470 ,
566 2404 667 2459 nisi
697 2399 1060 2473 supplendum
1088 2413 1209 2455 esse
1238 2413 1335 2468 per
1362 2396 1524 2453 fidem
1562 2410 1714 2459 suam
1741 2439 1758 2465 ,
1791 2395 1936 2466 quod

332 2496 572 2552 sermoni
620 2493 934 2549 defuturum
985 2505 1091 2546 non
1150 2489 1406 2560 ambigat.
1452 2487 1542 2545 Sic
1594 2488 1740 2543 enim
1799 2487 1930 2545 ibid.

332 2603 485 2645 num.
518 2587 583 2655 5,
619 2585 784 2645 habet
813 2600 832 2637 :
865 2582 971 2639 Sed
1000 2599 1094 2640 nos
1125 2580 1437 2639 necessitatis
1464 2580 1620 2649 hujus
1654 2580 1718 2635 ab
1757 2595 1815 2635 eo
1844 2580 1936 2650 qui

332 2679 442 2739 hate
469 2680 644 2735 omnia
690 2686 764 2732 est
815 2677 1013 2735 ueniam
1040 2681 1389 2743 deprecantes,
1441 2672 1765 2741 audebimus,
1793 2688 1934 2741 qua:-

330 2788 520 2837 retnus,
553 2771 819 2837 loquemur
841 2785 860 2824 .'
888 2779 936 2823 et
958 2768 1095 2838 quod
1119 2766 1286 2821 solum
1311 2768 1365 2820 in
1392 2774 1536 2821 tanta
1561 2781 1737 2821 rerum
1765 2780 1935 2833 quies-

332 2867 469 2917 tione
495 2862 859 2933 promittimus,
883 2877 945 2916 ea
966 2875 1081 2931 qua:
1095 2868 1240 2915 erunt
1262 2848 1553 2930 signiﬁcata
1572 2857 1857 2913 credemus.

402 2953 624 3009 XXXII.
656 2954 859 3020 Quanta
879 2954 1020 3007 illius
1049 2956 1111 3006 de
1126 2950 1221 3006 hoc
1248 2953 1489 3022 mysterio
1513 2949 1930 3022 [idem—Neque

330 3047 477 3105 enim
513 3050 716 3105 incerta
740 3087 756 3111 ,
787 3056 880 3101 aut
903 3045 1108 3115 trepida
1134 3085 1150 3110 ,
1180 3054 1275 3101 aut
1301 3043 1537 3115 vulgaris
1565 3042 1664 3098 fuit
1690 3042 1833 3101 illius
1862 3042 1928 3099 de

2040 1858 2274 1901 censetis
2298 1844 2494 1914 quibus
2523 1842 2835 1899 auctoribus
2859 1844 3181 1901 credidisset
3204 1885 3219 1912 ,
3251 1853 3307 1900 et
3334 1860 3460 1905 num
3500 1845 3643 1905 bene

2042 1940 2128 1994 his
2147 1938 2380 1995 Arianos
2401 1938 2654 1993 doctores
2681 1936 2978 1993 anteferret
2998 1952 3327 2008 proponam,
3352 1939 3640 2009 quamdam

2041 2045 2109 2087 ex
2154 2030 2356 2086 divinis
2405 2028 2815 2099 Scriptoribus,
2846 2042 2986 2099 quos
3034 2029 3320 2098 sequitur,
3367 2036 3643 2101 perpetua:

2042 2122 2348 2178 traditionis
2384 2129 2628 2180 catenam
2676 2122 2936 2179 contexit.
2985 2119 3187 2181 Verum
3231 2120 3357 2191 quia
3399 2121 3641 2181 haeretici

2040 2216 2202 2272 etiam
2226 2229 2286 2271 se
2312 2214 2606 2291 Scripturis
2634 2214 2729 2270 niti
2752 2212 3073 2284 gloriantur,
3098 2228 3218 2269 eam
3247 2213 3356 2273 illis
3384 2212 3636 2277 ﬁduciam
3698 2208 3701 2215 ’

2043 2306 2252 2377 eripere
2280 2314 2435 2360 curat
2461 2345 2476 2370 ,
2508 2319 2628 2363 cum
2659 2319 2756 2360 eos
2797 2304 2944 2373 ipsos
2974 2303 3269 2375 Scriptum
3300 2304 3487 2375 locos,
3520 2304 3639 2375 qui.

2038 2397 2141 2455 bus
2184 2398 2333 2453 abuti
2386 2396 2562 2453 solent
2590 2398 2657 2453 ad
2694 2396 3076 2457 destruendam
3117 2397 3311 2463 Iidem,
3342 2397 3638 2469 prudenter

2038 2492 2260 2547 adhibet
2291 2489 2361 2546 ad
2389 2505 2509 2549 eam
2537 2489 2955 2557 adstruendam;
2984 2498 3041 2549 ut
3069 2488 3177 2544 illic
3201 2491 3387 2547 ueritas
3412 2489 3642 2560 reperia-

2040 2594 2142 2650 tur,
2175 2583 2262 2638 ubi
2290 2590 2528 2654 negatur,
2561 2580 2732 2652 inquit
2753 2581 2847 2638 lib.
2876 2596 2937 2647 u,
2971 2595 3121 2641 nutu.
3177 2581 3207 2634 7
3227 2620 3244 2649 ,
3269 2580 3359 2635 ubi
3381 2578 3638 2650 deinceps

2040 2678 2143 2734 sibi
2165 2676 2531 2747 praestandum
2553 2683 2760 2739 monet,
2789 2672 2933 2743 quod
2958 2672 3218 2730 hactenus
3242 2686 3302 2733 se
3320 2672 3639 2742 praestitisse

2038 2769 2287 2825 conlidit.
2317 2768 2521 2825 Eodem
2560 2769 2615 2824 in
2646 2768 2769 2823 loco
2811 2781 2961 2823 num.
2996 2766 3051 2830 6,
3080 2764 3234 2825 libris
3260 2766 3638 2835 superioribus

2038 2879 2100 2920 se
2135 2862 2384 2919 docuisse
2429 2862 2705 2929 declarat,
2755 2874 2946 2916 omnes
2969 2858 3293 2919 Arianorum
3325 2858 3541 2921 fraudes
3582 2867 3640 2919 et

2037 2972 2250 3013 errores
2299 2956 2423 3013 hinc
2477 2958 2649 3024 oriri,
2698 2954 2841 3026 quod
2903 2955 3340 3025 dispensationem
3379 2953 3634 3024 assumpti

2039 3051 2270 3121 corporis
2301 3051 2511 3121 rapiunt
2539 3050 2609 3104 ad
2644 3048 3006 3105 contumeliam
3045 3048 3353 3114 diuinitatis,
3386 3057 3440 3105 et
3462 3047 3637 3117 dupli-

334 3141 704 3197 occultissimo
722 3139 1003 3196 Trinitatis
1027 3138 1283 3211 mysterio
1303 3137 1460 3197 fides.
1483 3138 1630 3199 lianc
1652 3140 1934 3211 perspicue
1963 3140 2008 3207 C
2042 3161 2162 3203 cem
2205 3142 2406 3199 Christi
2454 3154 2701 3209 naturain
2732 3142 3062 3212 disdnguere
3104 3152 3195 3207 aut
3225 3143 3472 3205 nesciunt
3497 3183 3514 3209 ,
3543 3151 3637 3197 aut

330 3236 468 3291 adeo
498 3234 555 3290 in
580 3235 874 3305 Scripturis
898 3242 1159 3288 assertam
1195 3233 1429 3295 videbat,
1462 3246 1520 3287 ut
1550 3233 1931 3288 hmreticorum

332 3330 500 3385 duces
528 3371 542 3395 ,
572 3329 767 3400 quibus
807 3327 913 3381 illa:
962 3326 1159 3395 ignota:
1205 3343 1310 3380 non
1342 3337 1535 3392 erant,
1559 3328 1638 3382 sic
1665 3326 1888 3382 haberet
1914 3368 1929 3393 ,

332 3424 483 3493 quasi
516 3423 607 3493 qui
655 3436 721 3479 ex
770 3419 1068 3490 pertinacia
1113 3430 1169 3476 et
1212 3436 1377 3490 pravo
1421 3420 1711 3490 impietatis
1749 3422 1931 3480 studio

332 3524 536 3584 apertas
582 3514 901 3571 resisterent
930 3514 1138 3570 veritati
1171 3532 1184 3568 :
1219 3514 1355 3570 Hine
1384 3526 1468 3571 est
1509 3516 1638 3571 illud
1683 3517 1779 3572 lib.
1810 3532 1927 3583 xu,

332 3624 480 3662 num.
510 3606 616 3662 48:
654 3605 780 3662 Non
800 3606 948 3661 habet
974 3608 1154 3662 saltent
1179 3609 1417 3678 impietas
1445 3610 1645 3664 ueniant
1666 3649 1680 3673 ,
1710 3618 1767 3664 ut
1797 3624 1933 3678 pra:-

332 3700 503 3757 tcndat
543 3700 819 3764 impietatis
839 3716 1064 3756 errorem
1094 3717 1115 3756 :
1142 3701 1286 3771 quod
1318 3701 1495 3756 verbis
1520 3701 1640 3757 aliis
1677 3700 1932 3772 frequens

330 3794 606 3851 inculcare
622 3795 922 3851 consuevit.
946 3794 1069 3863 Ipse
1093 3809 1222 3850 vero
1244 3804 1349 3853 tam
1371 3795 1480 3850 alte
1501 3796 1747 3851 eamdem
1770 3796 1931 3851 fidem

330 3886 513 3941 animo
545 3884 850 3952 imbiberat,
883 3891 994 3940 uta
1028 3887 1135 3939 vita
1165 3886 1375 3941 facilius
1404 3902 1564 3957 quam
1594 3886 1665 3942 ab
1691 3887 1779 3941 illa
1805 3902 1930 3944 sese

329 3978 697 4035 divellendum
726 3980 1024 4035 confideret
1053 3996 1067 4032 :
1104 3978 1230 4034 Ηωο
1256 3980 1393 4035 enim
1420 3996 1515 4054 ego
1552 3982 1624 4036 ita
1647 3982 1828 4048 didici,
1857 3984 1931 4036 ita

329 4074 561 4139 credidi,
600 4084 650 4128 et
686 4074 760 4131 ita
797 4074 1117 4143 conﬁrmata:
1152 4076 1336 4130 mentis
1374 4075 1479 4143 ﬁde
1515 4087 1661 4131 teneo
1691 4117 1707 4143 ,
1750 4093 1814 4131 ne
1840 4086 1933 4131 aut

331 4168 525 4236 possint
546 4166 754 4223 credere
775 4166 946 4231 aliter,
976 4175 1065 4221 aut
1087 4166 1255 4221 velim.
1283 4166 1491 4235 Quibus
1517 4168 1611 4223 lib.
1640 4183 1715 4235 γι,
1751 4185 1803 4223 ιι.
1834 4169 1926 4235 90,

328 4259 513 4316 verbis
549 4257 744 4315 similia
766 4273 892 4315 sunt
919 4258 1033 4315 haec
1064 4276 1211 4315 num.
1239 4259 1306 4314 91
1342 4260 1452 4313 :Ab
1482 4258 1562 4314 Itis
1582 4276 1676 4331 ego
1705 4278 1819 4330 qua:
1850 4270 1925 4317 te-

2040 3240 2247 3294 nolunt.
2284 3239 2548 3307 Quocirca
2579 3247 2634 3292 ut
2656 3246 2711 3291 et
2738 3252 2952 3293 errores
2978 3236 3236 3291 radicitus
3264 3244 3631 3306 amputentur;

2038 3343 2091 3388 et
2123 3333 2311 3387 inanes
2344 3331 2539 3387 cadant
2578 3330 2958 3385 haereticorum
3007 3330 3215 3385 technze
3263 3339 3318 3383 et
3366 3328 3627 3395 fallacia};

2038 3425 2310 3494 magnoin
2334 3423 2387 3478 id
2415 3423 2596 3481 studio
2621 3421 2901 3489 incumbit,
2926 3430 2987 3479 ut
3001 3422 3336 3483 demonstret
3356 3422 3630 3485 Christum

2037 3525 2093 3572 et
2121 3518 2288 3571 Deum
2317 3531 2500 3572 verum
2530 3531 2671 3585 esse,
2704 3516 2833 3573 dunt
2862 3524 3022 3575 natus
3045 3530 3114 3571 ex
3143 3515 3256 3571 Deo
3284 3524 3393 3583 eet.
3425 3525 3483 3575 et
3508 3530 3636 3587 per-

2037 3609 2235 3665 lectum
2279 3607 2553 3663 hominem
2581 3649 2597 3675 ,
2627 3608 2754 3669 dum
2782 3609 2833 3665 ei
2876 3616 2960 3667 est
2984 3619 3172 3679 partus
3192 3623 3260 3667 ex
3285 3608 3542 3679 Virgine;
3575 3616 3633 3662 ut

2036 3716 2159 3759 cum
2186 3702 2412 3757 veritate
2436 3702 2681 3772 corporis
2709 3701 2968 3759 subsistat
2990 3701 3041 3759 in
3065 3710 3255 3757 natura
3282 3700 3401 3766 Dei,
3427 3708 3633 3761 etcum

2036 3794 2132 3849 Dei
2160 3804 2350 3849 natura
2372 3803 2583 3848 maneat
2610 3792 2663 3849 in
2685 3793 2931 3863 corporis
2957 3793 3183 3848 veritate
3221 3791 3337 3864 (lib.
3362 3807 3437 3859 χι,
3467 3808 3524 3847 ιι.
3548 3789 3630 3862 6).

2108 3886 2326 3943 XXXV.
2362 3886 2509 3942 Unde
2532 3886 2865 3942 Cassiodorus
2886 3886 3128 3945 tredecim
3152 3886 3307 3943 libros
3328 3885 3534 3943 dixerit.
3560 3912 3635 3935 νη

2037 3979 2306 4037 νεινθιιιιιιδ
2336 3994 2425 4045 ne,
2456 3978 2583 4035 dum
2614 3978 2856 4049 praeclari
2883 3980 3067 4048 operis
3096 3977 3437 4033 occasionem
3456 4018 3469 4041 ,
3499 3990 3631 4033 tau-

2033 4088 2145 4139 sas,
2177 4082 2408 4142 tempus,
2440 4072 2727 4137 rationem,
2767 4084 3099 4140 scopumque
3142 4068 3479 4140 indagamus,
3507 4084 3630 4129 ntu-

2032 4168 2170 4225 Ieste
2198 4166 2337 4224 ferat
2376 4167 2548 4223 lector
2586 4166 2638 4223 in
2669 4165 2787 4235 ipso
2833 4164 3019 4221 limine
3058 4178 3119 4221 se
3148 4162 3349 4219 diutius
3375 4163 3630 4219 detineri.

2033 4261 2272 4331 Tempus
2298 4271 2384 4318 est
2427 4270 2488 4315 ut
2520 4277 2627 4317 non
2654 4259 2767 4332 jam
2812 4260 2986 4317 stillas
3031 4259 3292 4329 quasdam
3335 4256 3635 4315 ﬂilarianas

329 4369 425 4408 nea
452 4352 662 4408 edoctus
689 4369 803 4407 sunt
827 4393 842 4417 ,
875 4353 955 4407 his
981 4352 1421 4407 immedicabiliter
1444 4354 1663 4406 imbutus
1692 4370 1805 4407 sum
1836 4370 1855 4407 :
1880 4363 1928 4408 et
2030 4356 2294 4422 delibare,
2327 4355 2420 4409 sed
2471 4356 2631 4425 pleno
2665 4370 2760 4410 ore
2800 4354 2870 4414 de
2913 4354 3177 4409 immenso
3209 4349 3474 4413 doctrina:
3504 4364 3633 4421 pro-

326 4445 539 4515 ignosce
579 4445 900 4514 omnipotens
941 4442 1083 4498 Deus
1106 4485 1123 4512 ,
1168 4444 1290 4513 quia
1332 4444 1388 4497 in
1417 4444 1496 4498 his
1534 4459 1630 4497 nec
1668 4445 1927 4499 emendari

2035 4446 2201 4502 fundo
2248 4456 2436 4516 potare
2485 4448 2852 4516 permittatur.
2900 4445 3175 4505 Nonnulla
3230 4452 3412 4503 tamen
3456 4440 3633 4497 adhuc

327 4555 582 4609 possum,
644 4550 692 4594 et
736 4539 982 4594 commori
1020 4554 1249 4611 possunt.
1279 4538 1541 4605 Quocirca
1572 4538 1754 4593 libello
1795 4538 1832 4591 2
1860 4538 1926 4594 ad
1952 4521 2005 4580 Ῑ)
2033 4548 2239 4596 restant
2294 4538 2482 4609 paucis
2535 4537 2875 4606 explicanda.
2939 4539 3017 4593 Ac
3075 4537 3252 4607 primo
3309 4535 3632 4597 eximendus

324 4631 702 4688 Constantium
735 4630 896 4687 enixe
940 4646 1137 4701 rogans
1168 4640 1227 4685 ut
1268 4630 1338 4687 de
1382 4631 1488 4687 ﬁde
1532 4646 1713 4686 coram
1743 4631 1931 4702 dispu-

326 4734 451 4783 tans
496 4723 797 4792 audiretur,
849 4722 973 4778 Non
1002 4733 1111 4779 tam
1144 4722 1291 4791 mihi,
1326 4723 1496 4794 inquit
1538 4740 1686 4778 num.
1718 4724 1773 4790 8,
1803 4740 1929 4796 rogo

325 4820 681 4886 audientiam,
718 4835 871 4889 quam
906 4818 998 4873 tibi
1023 4827 1176 4888 atque
1204 4817 1452 4874 Ecclesia:
1487 4818 1606 4874 Dei.
1642 4819 1754 4893 Ego
1791 4820 1928 4874 enint

324 4928 486 4983 penes
506 4926 588 4967 me
608 4912 769 4966 habeo
792 4912 970 4980 ﬁdem,
1000 4913 1251 4966 exteriore
1278 4928 1380 4967 non
1403 4927 1526 4983 egeo
1556 4928 1573 4968 :
1598 4912 1735 4982 quod
1755 4914 1929 4983 accepi

324 5016 499 5071 teneo,
532 5023 627 5061 nee
651 5007 855 5062 demitto
880 5007 1016 5077 quod
1043 5005 1139 5060 Dei
1162 5015 1257 5060 est.

396 5096 643 5155 XXXIII.
717 5097 867 5154 Unde
906 5098 1048 5153 illius
1089 5108 1196 5155 tam
1242 5106 1480 5151 constans
1510 5138 1525 5164 ,
1577 5095 1932 5151 hcereticorum

321 5188 467 5247 oero'
495 5203 600 5246 tam
644 5192 802 5248 dubia
829 5193 975 5263 ﬁdes.
1007 5222 1079 5234 -—
1118 5192 1174 5247 In
1222 5190 1303 5247 his
1351 5191 1610 5246 habemus
1640 5201 1745 5247 tant
1799 5208 1932 5249 con-

321 5284 522 5341 stantis
570 5272 697 5341 fidei
741 5285 1037 5351 rationem,
1093 5287 1218 5355 quia
1266 5284 1519 5341 nimirum
1566 5283 1794 5340 adhresit
1838 5301 1934 5339 an-

323 5378 494 5449 tique:
522 5376 840 5444 traditioni,
882 5393 1059 5448 neque
1090 5393 1156 5433 ex
1186 5378 1251 5432 iis
1277 5394 1397 5448 qua:
1450 5388 1736 5448 acceperat
1778 5377 1935 5449 quid-

323 5486 492 5540 quam
537 5470 858 5527 demutavit.
901 5470 1103 5526 Contra
1140 5485 1272 5526 vero
1314 5472 1689 5527 haereticorum
1731 5472 1936 5527 doctri-

325 5579 479 5630 nam,
508 5564 591 5618 vel
620 5575 840 5635 propter
868 5565 1160 5620 novitatem
1219 5564 1578 5634 reapuendam
1609 5579 1671 5619 ac
1696 5565 1939 5620 veritatis

326 5670 613 5729 expertem
656 5659 750 5714 lib.
788 5675 864 5723 vr,
900 5676 953 5715 ιι.
985 5661 1047 5713 21
1083 5700 1098 5725 ,
1132 5657 1310 5728 lepide
1340 5657 1537 5727 probat
1565 5657 1618 5712 in
1652 5657 1794 5713 hunc
1823 5673 1943 5713 mo-

336 5752 473 5810 dum
504 5770 518 5808 :
553 5750 722 5809 Tarde
748 5750 875 5810 mihi
902 5750 997 5808 hos
1030 5750 1384 5823 impiissiinos,
1414 5759 1661 5822 quantum
1687 5767 1781 5823 ego
1807 5750 1946 5807 arbi-

2030 4631 2354 4700 scrupulus,
2393 4645 2552 4700 quem
2599 4628 2956 4685 Cassiodorus
2983 4627 3051 4683 de
3086 4627 3205 4684 Div.
3237 4626 3409 4683 instit.
3443 4641 3492 4681 e.
3527 4626 3630 4692 Ili.

2033 4725 2225 4795 injicit,
2258 4724 2348 4779 ubi
2401 4722 2661 4781 tredecim
2693 4721 2880 4779 Hilarii
2925 4720 2995 4777 de
3040 4719 3305 4777 Trinitate
3343 4718 3512 4777 libros
3542 4732 3630 4777 re.

2035 4826 2245 4873 censet.
2289 4815 2401 4871 Nec
2454 4831 2553 4871 nos
2593 4815 2794 4870 diutius
2830 4814 3091 4870 distinere
3128 4812 3291 4869 debet
3333 4811 3453 4868 libri
3486 4811 3631 4873 illius

2035 4910 2227 4965 decimi
2266 4909 2410 4964 tertii
2455 4907 2751 4980 inquisitio.
2798 4906 2951 4965 Haud
2990 4906 3155 4964 dubie
3196 4904 3338 4963 enim
3384 4903 3535 4961 libris
3565 4902 3636 4958 de

2044 5001 2305 5057 'I‘rinitate
2330 5000 2573 5073 adiungit
2596 4999 2792 5055 librum
2820 4999 2887 5054 de
2910 4997 3164 5069 Synodis,
3190 4996 3283 5067 qui
3302 4996 3353 5052 in
3375 5009 3479 5056 ins.
3508 4992 3638 5051 (Σοί-ν

2042 5096 2255 5152 bet-tino
2284 5095 2353 5150 ab
2373 5094 2528 5149 annis
2560 5099 2618 5148 ut
2640 5092 2923 5152 minimum
2954 5090 3105 5149 inille
3133 5098 3355 5150 exarata
3376 5128 3393 5156 ,
3423 5102 3638 5153 necnon

2042 5189 2096 5244 in
2127 5188 2483 5244 Germanensi
2525 5195 2580 5242 et
2620 5186 2791 5242 altero
2830 5181 3149 5243 Colbertino
3187 5181 3460 5253 praedictis
3486 5180 3642 5245 libris

2044 5282 2325 5341 cohaerens
2350 5280 2504 5336 Liber
2531 5296 2628 5337 Illi
2657 5279 2991 5336 inscribitur.

2114 5372 2361 5431 XXXVI.
2406 5372 2629 5428 Illorum
2654 5373 2822 5444 stylus
2845 5413 2861 5440 ,
2886 5372 2974 5442 qui
3003 5386 3123 5426 cum
3152 5368 3298 5425 libris
3330 5365 3646 5435 Quintiliani

2041 5469 2347 5523 consentiat.
2386 5496 2458 5507 —
2499 5466 2769 5521 Ceterum
2805 5466 3037 5521 Hilarius
3088 5466 3203 5532 ipse
3250 5462 3305 5519 in
3358 5459 3646 5517 duodecim

2043 5570 2245 5617 tantum
2272 5560 2439 5615 libros
2462 5569 2631 5615 totum
2675 5575 2811 5630 opus
2840 5574 2995 5619 suum
3022 5557 3319 5624 distribuit,
3342 5565 3396 5612 et
3423 5553 3491 5609 ab
3521 5552 3649 5611 Hie-

2044 5671 2273 5725 ronymo
2293 5656 2452 5724 epist.
2484 5670 2689 5710 Lsxxtv
2717 5653 2783 5708 ad
2808 5653 3055 5724 Magnum
3078 5660 3299 5724 propter
3335 5650 3478 5706 hunc
3508 5663 3648 5720 pran-

2053 5750 2245 5807 sertim
2277 5747 2670 5806 duodenarium
2703 5762 2988 5805 numerum
3022 5754 3357 5805 memoratur
3385 5740 3656 5799 duodecim
