  <div class='ocr_page' id='page_1' title='image "/cluster/home/n/w/nwhite01/storage/ocr_20150623/10/hvd.32044096580386/017.png"; bbox 0 0 4216 6254; ppageno 0'>
   <div class='ocr_carea' id='block_1_1' title="bbox 568 275 3873 337">
    <p class='ocr_par' dir='ltr' id='par_1_1' title="bbox 568 275 3873 337">
     <span class='ocr_line' id='line_1_1' title="bbox 568 275 3873 337; baseline 0.001 -3"><span class='ocrx_word' id='word_1_1' title='bbox 568 275 642 337; x_wconf 69' lang='lat'><strong>23</strong></span> <span class='ocrx_word' id='word_1_2' title='bbox 1787 276 2032 336; x_wconf 75' lang='lat' dir='ltr'><strong><em>SANCTI</em></strong></span> <span class='ocrx_word' id='word_1_3' title='bbox 2058 275 2314 335; x_wconf 80' lang='lat' dir='ltr'><strong><em>HILARII</em></strong></span> <span class='ocrx_word' id='word_1_4' title='bbox 2339 276 2645 336; x_wconf 84' lang='lat' dir='ltr'><strong><em>EPISCOPI</em></strong></span> <span class='ocrx_word' id='word_1_5' title='bbox 3803 281 3873 337; x_wconf 60' lang='grc' dir='ltr'>Ἦ</span> 
     </span>
    </p>
   </div>
   <div class='ocr_carea' id='block_1_2' title="bbox 573 390 3873 464">
    <p class='ocr_par' dir='ltr' id='par_1_2' title="bbox 573 390 3873 464">
     <span class='ocr_line' id='line_1_2' title="bbox 573 390 3873 464; baseline 0 -16"><span class='ocrx_word' id='word_1_6' title='bbox 573 390 883 457; x_wconf 83' lang='lat' dir='ltr'><strong><em>Quintiliani</em></strong></span> <span class='ocrx_word' id='word_1_7' title='bbox 923 391 1081 448; x_wconf 87' lang='lat' dir='ltr'><strong><em>libros</em></strong></span> <span class='ocrx_word' id='word_1_8' title='bbox 1120 392 1255 463; x_wconf 83' lang='lat' dir='ltr'><strong><em>stglo</em></strong></span> <span class='ocrx_word' id='word_1_9' title='bbox 1303 392 1532 447; x_wconf 88' lang='lat' dir='ltr'><strong><em>imitatus</em></strong></span> <span class='ocrx_word' id='word_1_10' title='bbox 1557 406 1664 447; x_wconf 87' lang='lat' dir='ltr'><strong><em>esse</em></strong></span> <span class='ocrx_word' id='word_1_11' title='bbox 1702 400 1750 446; x_wconf 88' lang='lat' dir='ltr'><strong><em>et</em></strong></span> <span class='ocrx_word' id='word_1_12' title='bbox 1785 408 2021 447; x_wconf 88' lang='lat' dir='ltr'><strong><em>numero.</em></strong></span> <span class='ocrx_word' id='word_1_13' title='bbox 2063 390 2176 447; x_wconf 81' lang='lat' dir='ltr'><strong>Ex-</strong></span> <span class='ocrx_word' id='word_1_14' title='bbox 2205 394 2258 454; x_wconf 81' lang='grc' dir='ltr'>Α</span> <span class='ocrx_word' id='word_1_15' title='bbox 2283 405 2444 462; x_wconf 90' lang='lat' dir='ltr'><strong><em>posse</em></strong></span> <span class='ocrx_word' id='word_1_16' title='bbox 2467 434 2482 458; x_wconf 93' lang='lat'><strong><em>,</em></strong></span> <span class='ocrx_word' id='word_1_17' title='bbox 2513 390 2656 464; x_wconf 88' lang='lat' dir='ltr'><strong><em>quod</em></strong></span> <span class='ocrx_word' id='word_1_18' title='bbox 2682 391 2750 447; x_wconf 90' lang='lat' dir='ltr'><strong><em>ab</em></strong></span> <span class='ocrx_word' id='word_1_19' title='bbox 2791 391 2993 447; x_wconf 79' lang='lat' dir='ltr'><strong><em>Hilario</em></strong></span> <span class='ocrx_word' id='word_1_20' title='bbox 3023 392 3244 449; x_wconf 91' lang='lat' dir='ltr'><strong><em>minime</em></strong></span> <span class='ocrx_word' id='word_1_21' title='bbox 3271 393 3569 464; x_wconf 63' lang='lat' dir='ltr'><strong><em>praestitum</em></strong></span> <span class='ocrx_word' id='word_1_22' title='bbox 3598 403 3702 449; x_wconf 91' lang='lat' dir='ltr'><strong><em>est.</em></strong></span> <span class='ocrx_word' id='word_1_23' title='bbox 3753 394 3873 449; x_wconf 84' lang='lat' dir='ltr'><strong><em>Alia</em></strong></span> 
     </span>
    </p>
   </div>
   <div class='ocr_carea' id='block_1_3' title="bbox 574 476 2175 555">
    <p class='ocr_par' dir='ltr' id='par_1_3' title="bbox 574 476 2175 555">
     <span class='ocr_line' id='line_1_3' title="bbox 574 476 2175 555; baseline 0 -16"><span class='ocrx_word' id='word_1_24' title='bbox 574 494 735 554; x_wconf 89' lang='lat' dir='ltr'><strong><em>cepta</em></strong></span> <span class='ocrx_word' id='word_1_25' title='bbox 775 476 920 539; x_wconf 88' lang='lat' dir='ltr'><strong><em>enim</em></strong></span> <span class='ocrx_word' id='word_1_26' title='bbox 964 482 1196 555; x_wconf 86' lang='lat' dir='ltr'><strong><em>quadam</em></strong></span> <span class='ocrx_word' id='word_1_27' title='bbox 1247 481 1561 538; x_wconf 92' lang='lat' dir='ltr'><strong><em>subtilitatis</em></strong></span> <span class='ocrx_word' id='word_1_28' title='bbox 1615 482 1995 551; x_wconf 78' lang='lat' dir='ltr'><strong><em>affectatione,</em></strong></span> <span class='ocrx_word' id='word_1_29' title='bbox 2051 498 2175 553; x_wconf 70' lang='lat' dir='ltr'><strong><em>qua:</em></strong></span> 
     </span>
    </p>
   </div>
   <div class='ocr_carea' id='block_1_4' title="bbox 571 574 2172 647">
    <p class='ocr_par' dir='ltr' id='par_1_4' title="bbox 571 574 2172 647">
     <span class='ocr_line' id='line_1_4' title="bbox 571 574 2172 647; baseline -0.001 -17"><span class='ocrx_word' id='word_1_30' title='bbox 571 575 902 645; x_wconf 79' lang='lat' dir='ltr'><strong><em>Quintiliano</em></strong></span> <span class='ocrx_word' id='word_1_31' title='bbox 935 575 1168 647; x_wconf 91' lang='lat' dir='ltr'><strong><em>quodam</em></strong></span> <span class='ocrx_word' id='word_1_32' title='bbox 1215 575 1378 630; x_wconf 92' lang='lat' dir='ltr'><strong><em>modo</em></strong></span> <span class='ocrx_word' id='word_1_33' title='bbox 1408 574 1700 645; x_wconf 86' lang='lat' dir='ltr'><strong><em>peculiaris</em></strong></span> <span class='ocrx_word' id='word_1_34' title='bbox 1724 584 1808 631; x_wconf 89' lang='lat' dir='ltr'><strong><em>est</em></strong></span> <span class='ocrx_word' id='word_1_35' title='bbox 1830 618 1845 643; x_wconf 91' lang='lat'><strong><em>,</em></strong></span> <span class='ocrx_word' id='word_1_36' title='bbox 1877 574 2069 631; x_wconf 89' lang='lat' dir='ltr'><strong><em>horum</em></strong></span> <span class='ocrx_word' id='word_1_37' title='bbox 2103 575 2172 629; x_wconf 77' lang='lat' dir='ltr'><strong><em>li~</em></strong></span> 
     </span>
    </p>
   </div>
   <div class='ocr_carea' id='block_1_5' title="bbox 578 665 2173 739">
    <p class='ocr_par' dir='ltr' id='par_1_5' title="bbox 578 665 2173 739">
     <span class='ocr_line' id='line_1_5' title="bbox 578 665 2173 739; baseline 0.001 -16"><span class='ocrx_word' id='word_1_38' title='bbox 578 668 799 723; x_wconf 91' lang='lat' dir='ltr'><strong><em>brorum</em></strong></span> <span class='ocrx_word' id='word_1_39' title='bbox 831 668 1028 739; x_wconf 86' lang='lat' dir='ltr'><strong><em>stylum</em></strong></span> <span class='ocrx_word' id='word_1_40' title='bbox 1060 665 1263 723; x_wconf 84' lang='lat' dir='ltr'><strong><em>eruditi</em></strong></span> <span class='ocrx_word' id='word_1_41' title='bbox 1290 667 1532 737; x_wconf 90' lang='lat' dir='ltr'><strong><em>judicant</em></strong></span> <span class='ocrx_word' id='word_1_42' title='bbox 1566 682 1673 721; x_wconf 86' lang='lat' dir='ltr'><strong><em>non</em></strong></span> <span class='ocrx_word' id='word_1_43' title='bbox 1716 667 2019 723; x_wconf 85' lang='lat' dir='ltr'><strong><em>absimilem</em></strong></span> <span class='ocrx_word' id='word_1_44' title='bbox 2050 682 2173 724; x_wconf 88' lang='lat' dir='ltr'><strong><em>esse</em></strong></span> 
     </span>
    </p>
   </div>
   <div class='ocr_carea' id='block_1_6' title="bbox 579 760 2173 832">
    <p class='ocr_par' dir='ltr' id='par_1_6' title="bbox 579 760 2173 832">
     <span class='ocr_line' id='line_1_6' title="bbox 579 760 2173 832; baseline -0.001 -15"><span class='ocrx_word' id='word_1_45' title='bbox 579 762 914 831; x_wconf 88' lang='lat' dir='ltr'><strong><em>Quintiliani.</em></strong></span> <span class='ocrx_word' id='word_1_46' title='bbox 943 761 1278 832; x_wconf 84' lang='lat' dir='ltr'><strong><em>Quamquam</em></strong></span> <span class='ocrx_word' id='word_1_47' title='bbox 1312 770 1369 816; x_wconf 89' lang='lat' dir='ltr'><strong><em>ut</em></strong></span> <span class='ocrx_word' id='word_1_48' title='bbox 1392 760 1727 829; x_wconf 83' lang='lat' dir='ltr'><strong><em>Quintiliano</em></strong></span> <span class='ocrx_word' id='word_1_49' title='bbox 1747 760 2050 816; x_wconf 74' lang='lat' dir='ltr'><strong><em>affectatam</em></strong></span> <span class='ocrx_word' id='word_1_50' title='bbox 2076 760 2173 817; x_wconf 91' lang='lat' dir='ltr'><strong><em>de-</em></strong></span> 
     </span>
    </p>
   </div>
   <div class='ocr_carea' id='block_1_7' title="bbox 572 854 2170 922">
    <p class='ocr_par' dir='ltr' id='par_1_7' title="bbox 572 854 2170 922">
     <span class='ocr_line' id='line_1_7' title="bbox 572 854 2170 922; baseline -0.002 -10"><span class='ocrx_word' id='word_1_51' title='bbox 572 872 695 912; x_wconf 90' lang='lat' dir='ltr'><strong><em>mus</em></strong></span> <span class='ocrx_word' id='word_1_52' title='bbox 716 857 859 912; x_wconf 89' lang='lat' dir='ltr'><strong><em>illam</em></strong></span> <span class='ocrx_word' id='word_1_53' title='bbox 887 856 1261 922; x_wconf 88' lang='lat' dir='ltr'><strong><em>subtilitatem,</em></strong></span> <span class='ocrx_word' id='word_1_54' title='bbox 1291 854 1497 910; x_wconf 82' lang='lat' dir='ltr'><strong><em>Hilario</em></strong></span> <span class='ocrx_word' id='word_1_55' title='bbox 1527 863 1705 910; x_wconf 89' lang='lat' dir='ltr'><strong><em>tamen</em></strong></span> <span class='ocrx_word' id='word_1_56' title='bbox 1729 870 1796 910; x_wconf 77' lang='lat' dir='ltr'><strong><em>ex</em></strong></span> <span class='ocrx_word' id='word_1_57' title='bbox 1828 854 2058 909; x_wconf 88' lang='lat' dir='ltr'><strong><em>naturali</em></strong></span> <span class='ocrx_word' id='word_1_58' title='bbox 2090 854 2170 909; x_wconf 90' lang='lat' dir='ltr'><strong><em>in-</em></strong></span> 
     </span>
    </p>
   </div>
   <div class='ocr_carea' id='block_1_8' title="bbox 572 946 2168 1020">
    <p class='ocr_par' dir='ltr' id='par_1_8' title="bbox 572 946 2168 1020">
     <span class='ocr_line' id='line_1_8' title="bbox 572 946 2168 1020; baseline -0.002 -16"><span class='ocrx_word' id='word_1_59' title='bbox 572 948 714 1020; x_wconf 88' lang='lat' dir='ltr'><strong><em>genii</em></strong></span> <span class='ocrx_word' id='word_1_60' title='bbox 734 949 1003 1014; x_wconf 86' lang='lat' dir='ltr'><strong><em>acumine,</em></strong></span> <span class='ocrx_word' id='word_1_61' title='bbox 1026 963 1133 1003; x_wconf 90' lang='lat' dir='ltr'><strong><em>non</em></strong></span> <span class='ocrx_word' id='word_1_62' title='bbox 1158 963 1227 1003; x_wconf 81' lang='lat' dir='ltr'><strong><em>ex</em></strong></span> <span class='ocrx_word' id='word_1_63' title='bbox 1256 946 1597 1002; x_wconf 76' lang='lat' dir='ltr'><strong><em>affectatione</em></strong></span> <span class='ocrx_word' id='word_1_64' title='bbox 1615 946 1906 1017; x_wconf 89' lang='lat' dir='ltr'><strong><em>profectam</em></strong></span> <span class='ocrx_word' id='word_1_65' title='bbox 1936 946 2168 1002; x_wconf 85' lang='lat' dir='ltr'><strong><em>arbitra-</em></strong></span> 
     </span>
    </p>
   </div>
   <div class='ocr_carea' id='block_1_9' title="bbox 573 1039 2169 1112">
    <p class='ocr_par' dir='ltr' id='par_1_9' title="bbox 573 1039 2169 1112">
     <span class='ocr_line' id='line_1_9' title="bbox 573 1039 2169 1112; baseline 0 -16"><span class='ocrx_word' id='word_1_66' title='bbox 573 1056 716 1096; x_wconf 88' lang='lat' dir='ltr'><strong><em>mur.</em></strong></span> <span class='ocrx_word' id='word_1_67' title='bbox 756 1040 943 1112; x_wconf 83' lang='lat' dir='ltr'><strong><em>Neque</em></strong></span> <span class='ocrx_word' id='word_1_68' title='bbox 972 1039 1134 1096; x_wconf 84' lang='lat' dir='ltr'><strong><em>debet</em></strong></span> <span class='ocrx_word' id='word_1_69' title='bbox 1159 1039 1361 1096; x_wconf 81' lang='lat' dir='ltr'><strong><em>ol‘fendi</em></strong></span> <span class='ocrx_word' id='word_1_70' title='bbox 1391 1041 1701 1110; x_wconf 86' lang='lat' dir='ltr'><strong><em>quisquam,</em></strong></span> <span class='ocrx_word' id='word_1_71' title='bbox 1730 1039 1776 1095; x_wconf 88' lang='lat' dir='ltr'><strong><em>si</em></strong></span> <span class='ocrx_word' id='word_1_72' title='bbox 1804 1041 1872 1096; x_wconf 87' lang='lat' dir='ltr'><strong><em>dc</em></strong></span> <span class='ocrx_word' id='word_1_73' title='bbox 1897 1040 2169 1111; x_wconf 83' lang='lat' dir='ltr'><strong><em>mysteriis</em></strong></span> 
     </span>
    </p>
   </div>
   <div class='ocr_carea' id='block_1_10' title="bbox 570 1131 2170 1204">
    <p class='ocr_par' dir='ltr' id='par_1_10' title="bbox 570 1131 2170 1204">
     <span class='ocr_line' id='line_1_10' title="bbox 570 1131 2170 1204; baseline 0.001 -17"><span class='ocrx_word' id='word_1_74' title='bbox 570 1133 771 1188; x_wconf 89' lang='lat' dir='ltr'><strong><em>nostris</em></strong></span> <span class='ocrx_word' id='word_1_75' title='bbox 819 1132 1097 1187; x_wconf 88' lang='lat' dir='ltr'><strong><em>nobiscum</em></strong></span> <span class='ocrx_word' id='word_1_76' title='bbox 1148 1132 1407 1200; x_wconf 88' lang='lat' dir='ltr'><strong><em>sentiens,</em></strong></span> <span class='ocrx_word' id='word_1_77' title='bbox 1449 1131 1628 1187; x_wconf 87' lang='lat' dir='ltr'><strong><em>verbis</em></strong></span> <span class='ocrx_word' id='word_1_78' title='bbox 1672 1132 1814 1200; x_wconf 91' lang='lat' dir='ltr'><strong><em>aliis,</em></strong></span> <span class='ocrx_word' id='word_1_79' title='bbox 1852 1148 2011 1203; x_wconf 86' lang='lat' dir='ltr'><strong><em>quam</em></strong></span> <span class='ocrx_word' id='word_1_80' title='bbox 2052 1133 2170 1204; x_wconf 89' lang='lat' dir='ltr'><strong><em>qui-</em></strong></span> 
     </span>
    </p>
   </div>
   <div class='ocr_carea' id='block_1_11' title="bbox 570 1221 2165 1303">
    <p class='ocr_par' dir='ltr' id='par_1_11' title="bbox 570 1221 2165 1303">
     <span class='ocr_line' id='line_1_11' title="bbox 570 1221 2165 1303; baseline 0.002 -26"><span class='ocrx_word' id='word_1_81' title='bbox 570 1221 670 1278; x_wconf 87' lang='lat' dir='ltr'><strong><em>bus</em></strong></span> <span class='ocrx_word' id='word_1_82' title='bbox 684 1222 844 1279; x_wconf 93' lang='lat' dir='ltr'><strong><em>modo</em></strong></span> <span class='ocrx_word' id='word_1_83' title='bbox 858 1224 1077 1286; x_wconf 86' lang='lat' dir='ltr'><strong><em>utimur.</em></strong></span> <span class='ocrx_word' id='word_1_84' title='bbox 1093 1224 1450 1297; x_wconf 78' lang='lat' dir='ltr'><strong><em>cogitationes</em></strong></span> <span class='ocrx_word' id='word_1_85' title='bbox 1462 1238 1588 1280; x_wconf 90' lang='lat' dir='ltr'><strong><em>suas</em></strong></span> <span class='ocrx_word' id='word_1_86' title='bbox 1599 1223 1888 1303; x_wconf 87' lang='lat' dir='ltr'><strong><em>aliquando</em></strong></span> <span class='ocrx_word' id='word_1_87' title='bbox 1903 1225 2165 1281; x_wconf 89' lang='lat' dir='ltr'><strong><em>enuntiet.</em></strong></span> 
     </span>
    </p>
   </div>
   <div class='ocr_carea' id='block_1_12' title="bbox 572 1314 2170 1386">
    <p class='ocr_par' dir='ltr' id='par_1_12' title="bbox 572 1314 2170 1386">
     <span class='ocr_line' id='line_1_12' title="bbox 572 1314 2170 1386; baseline 0.002 -16"><span class='ocrx_word' id='word_1_88' title='bbox 572 1314 693 1386; x_wconf 84' lang='lat' dir='ltr'><strong><em>Ipse</em></strong></span> <span class='ocrx_word' id='word_1_89' title='bbox 724 1317 869 1373; x_wconf 91' lang='lat' dir='ltr'><strong><em>enim</em></strong></span> <span class='ocrx_word' id='word_1_90' title='bbox 901 1318 1106 1386; x_wconf 91' lang='lat' dir='ltr'><strong><em>primus</em></strong></span> <span class='ocrx_word' id='word_1_91' title='bbox 1130 1332 1160 1371; x_wconf 92' lang='lat' dir='ltr'><strong><em>e</em></strong></span> <span class='ocrx_word' id='word_1_92' title='bbox 1188 1315 1395 1372; x_wconf 82' lang='lat' dir='ltr'><strong><em>Latinis</em></strong></span> <span class='ocrx_word' id='word_1_93' title='bbox 1420 1323 1611 1372; x_wconf 86' lang='lat' dir='ltr'><strong><em>contra</em></strong></span> <span class='ocrx_word' id='word_1_94' title='bbox 1645 1317 1874 1371; x_wconf 87' lang='lat' dir='ltr'><strong><em>Ariauos</em></strong></span> <span class='ocrx_word' id='word_1_95' title='bbox 1906 1317 2170 1382; x_wconf 89' lang='lat' dir='ltr'><strong><em>scribens,</em></strong></span> 
     </span>
    </p>
   </div>
   <div class='ocr_carea' id='block_1_13' title="bbox 571 1408 2172 1480">
    <p class='ocr_par' dir='ltr' id='par_1_13' title="bbox 571 1408 2172 1480">
     <span class='ocr_line' id='line_1_13' title="bbox 571 1408 2172 1480; baseline 0.002 -19"><span class='ocrx_word' id='word_1_96' title='bbox 571 1423 736 1465; x_wconf 87' lang='lat' dir='ltr'><strong><em>voces</em></strong></span> <span class='ocrx_word' id='word_1_97' title='bbox 783 1408 942 1465; x_wconf 91' lang='lat' dir='ltr'><strong><em>nobis</em></strong></span> <span class='ocrx_word' id='word_1_98' title='bbox 983 1409 1335 1475; x_wconf 74' lang='lat' dir='ltr'><strong><em>praescribere</em></strong></span> <span class='ocrx_word' id='word_1_99' title='bbox 1365 1408 1557 1478; x_wconf 90' lang='lat' dir='ltr'><strong><em>potuit,</em></strong></span> <span class='ocrx_word' id='word_1_100' title='bbox 1589 1423 1695 1463; x_wconf 93' lang='lat' dir='ltr'><strong><em>non</em></strong></span> <span class='ocrx_word' id='word_1_101' title='bbox 1732 1408 1910 1480; x_wconf 88' lang='lat' dir='ltr'><strong><em>potuit</em></strong></span> <span class='ocrx_word' id='word_1_102' title='bbox 1949 1424 1978 1462; x_wconf 90' lang='lat' dir='ltr'><strong><em>a</em></strong></span> <span class='ocrx_word' id='word_1_103' title='bbox 2016 1408 2172 1464; x_wconf 91' lang='lat' dir='ltr'><strong><em>nobis</em></strong></span> 
     </span>
    </p>
   </div>
   <div class='ocr_carea' id='block_1_14' title="bbox 573 1499 2169 1572">
    <p class='ocr_par' dir='ltr' id='par_1_14' title="bbox 573 1499 2169 1572">
     <span class='ocr_line' id='line_1_14' title="bbox 573 1499 2169 1572; baseline -0.002 -17"><span class='ocrx_word' id='word_1_104' title='bbox 573 1503 839 1572; x_wconf 85' lang='lat' dir='ltr'><strong><em>recipere.</em></strong></span> <span class='ocrx_word' id='word_1_105' title='bbox 887 1501 958 1558; x_wconf 87' lang='lat' dir='ltr'><strong><em>Ut</em></strong></span> <span class='ocrx_word' id='word_1_106' title='bbox 982 1511 1160 1558; x_wconf 90' lang='lat' dir='ltr'><strong><em>tamen</em></strong></span> <span class='ocrx_word' id='word_1_107' title='bbox 1211 1502 1264 1556; x_wconf 91' lang='lat' dir='ltr'><strong><em>in</em></strong></span> <span class='ocrx_word' id='word_1_108' title='bbox 1311 1499 1649 1569; x_wconf 82' lang='lat' dir='ltr'><strong><em>assequenda</em></strong></span> <span class='ocrx_word' id='word_1_109' title='bbox 1700 1499 1871 1570; x_wconf 85' lang='lat' dir='ltr'><strong><em>ipsius</em></strong></span> <span class='ocrx_word' id='word_1_110' title='bbox 1902 1500 2169 1555; x_wconf 87' lang='lat' dir='ltr'><strong><em>sententia</em></strong></span> 
     </span>
    </p>
   </div>
   <div class='ocr_carea' id='block_1_15' title="bbox 570 1592 2173 1662">
    <p class='ocr_par' dir='ltr' id='par_1_15' title="bbox 570 1592 2173 1662">
     <span class='ocr_line' id='line_1_15' title="bbox 570 1592 2173 1662; baseline -0.001 -12"><span class='ocrx_word' id='word_1_111' title='bbox 570 1594 751 1650; x_wconf 90' lang='lat' dir='ltr'><strong><em>minus</em></strong></span> <span class='ocrx_word' id='word_1_112' title='bbox 794 1594 1204 1661; x_wconf 88' lang='lat' dir='ltr'><strong><em>laboraremus,</em></strong></span> <span class='ocrx_word' id='word_1_113' title='bbox 1254 1593 1549 1662; x_wconf 87' lang='lat' dir='ltr'><strong><em>prudenter</em></strong></span> <span class='ocrx_word' id='word_1_114' title='bbox 1586 1592 1730 1648; x_wconf 84' lang='lat' dir='ltr'><strong><em>cavit</em></strong></span> <span class='ocrx_word' id='word_1_115' title='bbox 1773 1608 1841 1647; x_wconf 92' lang='lat' dir='ltr'><strong><em>ne</em></strong></span> <span class='ocrx_word' id='word_1_116' title='bbox 1870 1593 2021 1648; x_wconf 88' lang='lat' dir='ltr'><strong><em>illam</em></strong></span> <span class='ocrx_word' id='word_1_117' title='bbox 2068 1608 2173 1648; x_wconf 90' lang='lat' dir='ltr'><strong><em>una</em></strong></span> 
     </span>
    </p>
   </div>
   <div class='ocr_carea' id='block_1_16' title="bbox 2281 485 3873 559">
    <p class='ocr_par' dir='ltr' id='par_1_16' title="bbox 2281 485 3873 559">
     <span class='ocr_line' id='line_1_16' title="bbox 2281 485 3873 559; baseline 0.001 -18"><span class='ocrx_word' id='word_1_118' title='bbox 2281 496 2460 541; x_wconf 88' lang='lat' dir='ltr'><strong><em>tamen</em></strong></span> <span class='ocrx_word' id='word_1_119' title='bbox 2483 486 2567 541; x_wconf 90' lang='lat' dir='ltr'><strong><em>via</em></strong></span> <span class='ocrx_word' id='word_1_120' title='bbox 2599 485 2871 557; x_wconf 90' lang='lat' dir='ltr'><strong><em>provisum</em></strong></span> <span class='ocrx_word' id='word_1_121' title='bbox 2898 495 2983 542; x_wconf 88' lang='lat' dir='ltr'><strong><em>est</em></strong></span> <span class='ocrx_word' id='word_1_122' title='bbox 3003 486 3145 557; x_wconf 89' lang='lat' dir='ltr'><strong><em>quod</em></strong></span> <span class='ocrx_word' id='word_1_123' title='bbox 3172 486 3449 543; x_wconf 89' lang='lat' dir='ltr'><strong><em>volebant.</em></strong></span> <span class='ocrx_word' id='word_1_124' title='bbox 3471 487 3680 559; x_wconf 85' lang='lat' dir='ltr'><strong><em>Quippe</em></strong></span> <span class='ocrx_word' id='word_1_125' title='bbox 3703 487 3873 543; x_wconf 87' lang='lat' dir='ltr'><strong><em>libros</em></strong></span> 
     </span>
    </p>
   </div>
   <div class='ocr_carea' id='block_1_17' title="bbox 2278 576 3872 649">
    <p class='ocr_par' dir='ltr' id='par_1_17' title="bbox 2278 576 3872 649">
     <span class='ocr_line' id='line_1_17' title="bbox 2278 576 3872 649; baseline 0.002 -16"><span class='ocrx_word' id='word_1_126' title='bbox 2278 577 2332 633; x_wconf 91' lang='lat' dir='ltr'><strong><em>in</em></strong></span> <span class='ocrx_word' id='word_1_127' title='bbox 2382 576 2564 648; x_wconf 85' lang='lat' dir='ltr'><strong><em>plures</em></strong></span> <span class='ocrx_word' id='word_1_128' title='bbox 2594 592 2849 633; x_wconf 88' lang='lat' dir='ltr'><strong><em>numeros</em></strong></span> <span class='ocrx_word' id='word_1_129' title='bbox 2892 579 3094 647; x_wconf 86' lang='lat' dir='ltr'><strong><em>partiti,</em></strong></span> <span class='ocrx_word' id='word_1_130' title='bbox 3139 579 3322 649; x_wconf 84' lang='lat' dir='ltr'><strong><em>paucis</em></strong></span> <span class='ocrx_word' id='word_1_131' title='bbox 3353 578 3566 646; x_wconf 86' lang='lat' dir='ltr'><strong><em>verbis,</em></strong></span> <span class='ocrx_word' id='word_1_132' title='bbox 3613 589 3872 649; x_wconf 90' lang='lat' dir='ltr'><strong><em>quantum</em></strong></span> 
     </span>
    </p>
   </div>
   <div class='ocr_carea' id='block_1_18' title="bbox 2278 669 3875 744">
    <p class='ocr_par' dir='ltr' id='par_1_18' title="bbox 2278 669 3875 744">
     <span class='ocr_line' id='line_1_18' title="bbox 2278 669 3875 744; baseline 0.003 -19"><span class='ocrx_word' id='word_1_133' title='bbox 2278 685 2375 742; x_wconf 86' lang='lat' dir='ltr'><strong><em>per</em></strong></span> <span class='ocrx_word' id='word_1_134' title='bbox 2411 670 2708 741; x_wconf 81' lang='lat' dir='ltr'><strong><em>marginem</em></strong></span> <span class='ocrx_word' id='word_1_135' title='bbox 2742 670 2930 739; x_wconf 90' lang='lat' dir='ltr'><strong><em>licuit,</em></strong></span> <span class='ocrx_word' id='word_1_136' title='bbox 2965 669 3143 727; x_wconf 89' lang='lat' dir='ltr'><strong><em>conati</em></strong></span> <span class='ocrx_word' id='word_1_137' title='bbox 3187 687 3373 727; x_wconf 90' lang='lat' dir='ltr'><strong><em>sumus</em></strong></span> <span class='ocrx_word' id='word_1_138' title='bbox 3410 672 3875 744; x_wconf 83' lang='lat' dir='ltr'><strong><em>comprehendere</em></strong></span> 
     </span>
    </p>
   </div>
   <div class='ocr_carea' id='block_1_19' title="bbox 2276 762 2923 833">
    <p class='ocr_par' dir='ltr' id='par_1_19' title="bbox 2276 762 2923 833">
     <span class='ocr_line' id='line_1_19' title="bbox 2276 762 2923 833; baseline 0.008 -18"><span class='ocrx_word' id='word_1_139' title='bbox 2276 762 2418 833; x_wconf 88' lang='lat' dir='ltr'><strong><em>quod</em></strong></span> <span class='ocrx_word' id='word_1_140' title='bbox 2445 764 2498 818; x_wconf 90' lang='lat' dir='ltr'><strong><em>in</em></strong></span> <span class='ocrx_word' id='word_1_141' title='bbox 2527 762 2592 817; x_wconf 91' lang='lat' dir='ltr'><strong><em>iis</em></strong></span> <span class='ocrx_word' id='word_1_142' title='bbox 2620 762 2923 820; x_wconf 85' lang='lat' dir='ltr'><strong><em>disseritur.</em></strong></span> 
     </span>
    </p>
   </div>
   <div class='ocr_carea' id='block_1_20' title="bbox 2350 852 3877 929">
    <p class='ocr_par' dir='ltr' id='par_1_20' title="bbox 2350 852 3877 929">
     <span class='ocr_line' id='line_1_20' title="bbox 2350 852 3877 929; baseline 0.003 -20"><span class='ocrx_word' id='word_1_143' title='bbox 2350 852 2615 909; x_wconf 82' lang='lat' dir='ltr'><strong><em>XXXVII.</em></strong></span> <span class='ocrx_word' id='word_1_144' title='bbox 2648 856 2728 909; x_wconf 81' lang='lat' dir='ltr'><strong><em>An</em></strong></span> <span class='ocrx_word' id='word_1_145' title='bbox 2769 855 2947 911; x_wconf 91' lang='lat' dir='ltr'><strong><em>simile</em></strong></span> <span class='ocrx_word' id='word_1_146' title='bbox 2977 855 3266 927; x_wconf 87' lang='lat' dir='ltr'><strong><em>quidquam</em></strong></span> <span class='ocrx_word' id='word_1_147' title='bbox 3306 855 3358 910; x_wconf 91' lang='lat' dir='ltr'><strong><em>in</em></strong></span> <span class='ocrx_word' id='word_1_148' title='bbox 3402 853 3582 913; x_wconf 87' lang='lat' dir='ltr'><strong><em>fronte</em></strong></span> <span class='ocrx_word' id='word_1_149' title='bbox 3612 857 3877 929; x_wconf 86' lang='lat' dir='ltr'><strong><em>cujusque</em></strong></span> 
     </span>
    </p>
   </div>
   <div class='ocr_carea' id='block_1_21' title="bbox 2278 947 3873 1018">
    <p class='ocr_par' dir='ltr' id='par_1_21' title="bbox 2278 947 3873 1018">
     <span class='ocr_line' id='line_1_21' title="bbox 2278 947 3873 1018; baseline 0.001 -17"><span class='ocrx_word' id='word_1_150' title='bbox 2278 947 2401 1003; x_wconf 91' lang='lat' dir='ltr'><strong><em>libri</em></strong></span> <span class='ocrx_word' id='word_1_151' title='bbox 2449 960 2911 1018; x_wconf 71' lang='lat' dir='ltr'><strong><em>prteponeremus,</em></strong></span> <span class='ocrx_word' id='word_1_152' title='bbox 2941 947 3034 1003; x_wconf 94' lang='lat' dir='ltr'><strong><em>diu</em></strong></span> <span class='ocrx_word' id='word_1_153' title='bbox 3067 947 3343 1004; x_wconf 76' lang='lat' dir='ltr'><strong><em>hzesimus.</em></strong></span> <span class='ocrx_word' id='word_1_154' title='bbox 3376 948 3509 1004; x_wconf 89' lang='lat' dir='ltr'><strong><em>Cum</em></strong></span> <span class='ocrx_word' id='word_1_155' title='bbox 3547 948 3691 1005; x_wconf 90' lang='lat' dir='ltr'><strong><em>enim</em></strong></span> <span class='ocrx_word' id='word_1_156' title='bbox 3724 948 3873 1003; x_wconf 86' lang='lat' dir='ltr'><strong><em>Hila-</em></strong></span> 
     </span>
    </p>
   </div>
   <div class='ocr_carea' id='block_1_22' title="bbox 2277 1038 3868 1114">
    <p class='ocr_par' dir='ltr' id='par_1_22' title="bbox 2277 1038 3868 1114">
     <span class='ocr_line' id='line_1_22' title="bbox 2277 1038 3868 1114; baseline 0.001 -20"><span class='ocrx_word' id='word_1_157' title='bbox 2277 1040 2391 1095; x_wconf 86' lang='lat' dir='ltr'><strong><em>rius</em></strong></span> <span class='ocrx_word' id='word_1_158' title='bbox 2418 1041 2534 1110; x_wconf 83' lang='lat' dir='ltr'><strong><em>ipse</em></strong></span> <span class='ocrx_word' id='word_1_159' title='bbox 2566 1040 2617 1094; x_wconf 92' lang='lat' dir='ltr'><strong><em>in</em></strong></span> <span class='ocrx_word' id='word_1_160' title='bbox 2661 1038 2836 1109; x_wconf 88' lang='lat' dir='ltr'><strong><em>primo</em></strong></span> <span class='ocrx_word' id='word_1_161' title='bbox 2877 1039 3015 1094; x_wconf 90' lang='lat' dir='ltr'><strong><em>libro</em></strong></span> <span class='ocrx_word' id='word_1_162' title='bbox 3052 1042 3217 1095; x_wconf 88' lang='lat' dir='ltr'><strong><em>totius</em></strong></span> <span class='ocrx_word' id='word_1_163' title='bbox 3253 1042 3435 1113; x_wconf 85' lang='lat' dir='ltr'><strong><em>operis</em></strong></span> <span class='ocrx_word' id='word_1_164' title='bbox 3478 1042 3559 1096; x_wconf 92' lang='lat' dir='ltr'><strong><em>sui</em></strong></span> <span class='ocrx_word' id='word_1_165' title='bbox 3590 1041 3868 1114; x_wconf 87' lang='lat' dir='ltr'><strong><em>synopsim</em></strong></span> 
     </span>
    </p>
   </div>
   <div class='ocr_carea' id='block_1_23' title="bbox 2276 1130 3871 1201">
    <p class='ocr_par' dir='ltr' id='par_1_23' title="bbox 2276 1130 3871 1201">
     <span class='ocr_line' id='line_1_23' title="bbox 2276 1130 3871 1201; baseline 0.001 -15"><span class='ocrx_word' id='word_1_166' title='bbox 2276 1130 2550 1198; x_wconf 87' lang='lat' dir='ltr'><strong><em>ediderit,</em></strong></span> <span class='ocrx_word' id='word_1_167' title='bbox 2577 1145 2778 1201; x_wconf 89' lang='lat' dir='ltr'><strong><em>auceps</em></strong></span> <span class='ocrx_word' id='word_1_168' title='bbox 2824 1141 2943 1186; x_wconf 90' lang='lat' dir='ltr'><strong><em>erat</em></strong></span> <span class='ocrx_word' id='word_1_169' title='bbox 2971 1147 3036 1186; x_wconf 91' lang='lat' dir='ltr'><strong><em>ac</em></strong></span> <span class='ocrx_word' id='word_1_170' title='bbox 3060 1131 3257 1187; x_wconf 90' lang='lat' dir='ltr'><strong><em>dubius</em></strong></span> <span class='ocrx_word' id='word_1_171' title='bbox 3282 1133 3515 1200; x_wconf 91' lang='lat' dir='ltr'><strong><em>animus,</em></strong></span> <span class='ocrx_word' id='word_1_172' title='bbox 3546 1150 3613 1187; x_wconf 81' lang='lat' dir='ltr'><strong><em>an</em></strong></span> <span class='ocrx_word' id='word_1_173' title='bbox 3636 1132 3705 1188; x_wconf 89' lang='lat' dir='ltr'><strong><em>de</em></strong></span> <span class='ocrx_word' id='word_1_174' title='bbox 3742 1147 3871 1189; x_wconf 87' lang='lat' dir='ltr'><strong><em>nos-</em></strong></span> 
     </span>
    </p>
   </div>
   <div class='ocr_carea' id='block_1_24' title="bbox 2276 1221 3868 1294">
    <p class='ocr_par' dir='ltr' id='par_1_24' title="bbox 2276 1221 3868 1294">
     <span class='ocr_line' id='line_1_24' title="bbox 2276 1221 3868 1294; baseline 0.001 -17"><span class='ocrx_word' id='word_1_175' title='bbox 2276 1230 2358 1277; x_wconf 89' lang='lat' dir='ltr'><strong><em>tro</em></strong></span> <span class='ocrx_word' id='word_1_176' title='bbox 2385 1236 2578 1277; x_wconf 88' lang='lat' dir='ltr'><strong><em>novam</em></strong></span> <span class='ocrx_word' id='word_1_177' title='bbox 2607 1222 2838 1293; x_wconf 87' lang='lat' dir='ltr'><strong><em>aliquam</em></strong></span> <span class='ocrx_word' id='word_1_178' title='bbox 2856 1223 3053 1294; x_wconf 89' lang='lat' dir='ltr'><strong><em>cuique</em></strong></span> <span class='ocrx_word' id='word_1_179' title='bbox 3079 1223 3496 1293; x_wconf 59' lang='lat' dir='ltr'><strong><em>praeponendam</em></strong></span> <span class='ocrx_word' id='word_1_180' title='bbox 3522 1221 3868 1291; x_wconf 85' lang='lat' dir='ltr'><strong><em>cuderemns,</em></strong></span> 
     </span>
    </p>
   </div>
   <div class='ocr_carea' id='block_1_25' title="bbox 2276 1316 3878 1388">
    <p class='ocr_par' dir='ltr' id='par_1_25' title="bbox 2276 1316 3878 1388">
     <span class='ocr_line' id='line_1_25' title="bbox 2276 1316 3878 1388; baseline 0.001 -17"><span class='ocrx_word' id='word_1_181' title='bbox 2276 1330 2343 1371; x_wconf 88' lang='lat' dir='ltr'><strong><em>an</em></strong></span> <span class='ocrx_word' id='word_1_182' title='bbox 2368 1317 2548 1386; x_wconf 87' lang='lat' dir='ltr'><strong><em>potius</em></strong></span> <span class='ocrx_word' id='word_1_183' title='bbox 2569 1331 2637 1371; x_wconf 83' lang='lat' dir='ltr'><strong><em>ex</em></strong></span> <span class='ocrx_word' id='word_1_184' title='bbox 2665 1316 2839 1386; x_wconf 89' lang='lat' dir='ltr'><strong><em>primo</em></strong></span> <span class='ocrx_word' id='word_1_185' title='bbox 2864 1325 3253 1386; x_wconf 89' lang='lat' dir='ltr'><strong><em>repeteremus,</em></strong></span> <span class='ocrx_word' id='word_1_186' title='bbox 3275 1316 3418 1387; x_wconf 89' lang='lat' dir='ltr'><strong><em>quod</em></strong></span> <span class='ocrx_word' id='word_1_187' title='bbox 3437 1316 3503 1371; x_wconf 91' lang='lat' dir='ltr'><strong><em>ad</em></strong></span> <span class='ocrx_word' id='word_1_188' title='bbox 3526 1331 3878 1388; x_wconf 88' lang='lat' dir='ltr'><strong><em>unumquem-</em></strong></span> 
     </span>
    </p>
   </div>
   <div class='ocr_carea' id='block_1_26' title="bbox 2277 1408 3879 1481">
    <p class='ocr_par' dir='ltr' id='par_1_26' title="bbox 2277 1408 3879 1481">
     <span class='ocr_line' id='line_1_26' title="bbox 2277 1408 3879 1481; baseline 0.001 -18"><span class='ocrx_word' id='word_1_189' title='bbox 2277 1422 2381 1480; x_wconf 89' lang='lat' dir='ltr'><strong><em>que</em></strong></span> <span class='ocrx_word' id='word_1_190' title='bbox 2410 1408 2663 1479; x_wconf 88' lang='lat' dir='ltr'><strong><em>pertinet,</em></strong></span> <span class='ocrx_word' id='word_1_191' title='bbox 2692 1409 2971 1463; x_wconf 89' lang='lat' dir='ltr'><strong><em>autetiam</em></strong></span> <span class='ocrx_word' id='word_1_192' title='bbox 2997 1423 3064 1464; x_wconf 91' lang='lat' dir='ltr'><strong><em>eo</em></strong></span> <span class='ocrx_word' id='word_1_193' title='bbox 3089 1410 3429 1465; x_wconf 88' lang='lat' dir='ltr'><strong><em>mitteremus</em></strong></span> <span class='ocrx_word' id='word_1_194' title='bbox 3454 1409 3733 1474; x_wconf 87' lang='lat' dir='ltr'><strong><em>lectorem,</em></strong></span> <span class='ocrx_word' id='word_1_195' title='bbox 3768 1424 3879 1481; x_wconf 88' lang='lat' dir='ltr'><strong><em>quo</em></strong></span> 
     </span>
    </p>
   </div>
   <div class='ocr_carea' id='block_1_27' title="bbox 2277 1500 3878 1574">
    <p class='ocr_par' dir='ltr' id='par_1_27' title="bbox 2277 1500 3878 1574">
     <span class='ocr_line' id='line_1_27' title="bbox 2277 1500 3878 1574; baseline 0.001 -19"><span class='ocrx_word' id='word_1_196' title='bbox 2277 1502 2587 1556; x_wconf 84' lang='lat' dir='ltr'><strong><em>summatim</em></strong></span> <span class='ocrx_word' id='word_1_197' title='bbox 2608 1500 2970 1572; x_wconf 88' lang='lat' dir='ltr'><strong><em>conspiceret,</em></strong></span> <span class='ocrx_word' id='word_1_198' title='bbox 2996 1501 3140 1571; x_wconf 88' lang='lat' dir='ltr'><strong><em>quod</em></strong></span> <span class='ocrx_word' id='word_1_199' title='bbox 3169 1502 3221 1557; x_wconf 89' lang='lat' dir='ltr'><strong><em>in</em></strong></span> <span class='ocrx_word' id='word_1_200' title='bbox 3251 1518 3576 1573; x_wconf 86' lang='lat' dir='ltr'><strong><em>unoquoque</em></strong></span> <span class='ocrx_word' id='word_1_201' title='bbox 3601 1503 3878 1574; x_wconf 85' lang='lat' dir='ltr'><strong><em>copiosius</em></strong></span> 
     </span>
    </p>
   </div>
   <div class='ocr_carea' id='block_1_28' title="bbox 2277 1591 3878 1664">
    <p class='ocr_par' dir='ltr' id='par_1_28' title="bbox 2277 1591 3878 1664">
     <span class='ocr_line' id='line_1_28' title="bbox 2277 1591 3878 1664; baseline 0.002 -18"><span class='ocrx_word' id='word_1_202' title='bbox 2277 1591 2606 1662; x_wconf 87' lang='lat' dir='ltr'><strong><em>disputatur,</em></strong></span> <span class='ocrx_word' id='word_1_203' title='bbox 2639 1607 2706 1647; x_wconf 90' lang='lat' dir='ltr'><strong><em>an</em></strong></span> <span class='ocrx_word' id='word_1_204' title='bbox 2749 1592 2985 1664; x_wconf 87' lang='lat' dir='ltr'><strong><em>denique</em></strong></span> <span class='ocrx_word' id='word_1_205' title='bbox 3025 1594 3155 1648; x_wconf 87' lang='lat' dir='ltr'><strong><em>satis</em></strong></span> <span class='ocrx_word' id='word_1_206' title='bbox 3198 1594 3520 1651; x_wconf 87' lang='lat' dir='ltr'><strong><em>haberemus</em></strong></span> <span class='ocrx_word' id='word_1_207' title='bbox 3565 1594 3878 1651; x_wconf 87' lang='lat' dir='ltr'><strong><em>describere</em></strong></span> 
     </span>
    </p>
   </div>
   <div class='ocr_carea' id='block_1_29' title="bbox 569 1678 3866 1766">
    <p class='ocr_par' dir='ltr' id='par_1_29' title="bbox 569 1678 3866 1766">
     <span class='ocr_line' id='line_1_29' title="bbox 569 1678 3866 1766; baseline 0.002 -27"><span class='ocrx_word' id='word_1_208' title='bbox 569 1687 784 1740; x_wconf 88' lang='lat' dir='ltr'><strong><em>ratione</em></strong></span> <span class='ocrx_word' id='word_1_209' title='bbox 831 1683 1152 1755; x_wconf 85' lang='lat' dir='ltr'><strong><em>explicaret.</em></strong></span> <span class='ocrx_word' id='word_1_210' title='bbox 1202 1683 1340 1739; x_wconf 84' lang='lat' dir='ltr'><strong><em>Hinc</em></strong></span> <span class='ocrx_word' id='word_1_211' title='bbox 1389 1698 1522 1739; x_wconf 89' lang='lat' dir='ltr'><strong><em>sane</em></strong></span> <span class='ocrx_word' id='word_1_212' title='bbox 1567 1698 1691 1759; x_wconf 21' lang='lat' dir='ltr'><strong><em>non.</em></strong></span> <span class='ocrx_word' id='word_1_213' title='bbox 1731 1683 1797 1739; x_wconf 92' lang='lat' dir='ltr'><strong><em>ad</em></strong></span> <span class='ocrx_word' id='word_1_214' title='bbox 1829 1698 2019 1739; x_wconf 89' lang='lat' dir='ltr'><strong><em>vanam</em></strong></span> <span class='ocrx_word' id='word_1_215' title='bbox 2059 1685 2170 1740; x_wconf 81' lang='lat' dir='ltr'><strong><em>elo-</em></strong></span> <span class='ocrx_word' id='word_1_216' title='bbox 2197 1706 2250 1766; x_wconf 77' lang='grc' dir='ltr'><strong><em>ι)</em></strong></span> <span class='ocrx_word' id='word_1_217' title='bbox 2280 1678 2461 1742; x_wconf 86' lang='lat' dir='ltr'><strong><em>brevia</em></strong></span> <span class='ocrx_word' id='word_1_218' title='bbox 2501 1688 2749 1759; x_wconf 71' lang='lat' dir='ltr'><strong><em>quaedam</em></strong></span> <span class='ocrx_word' id='word_1_219' title='bbox 2792 1698 3133 1759; x_wconf 85' lang='lat' dir='ltr'><strong><em>argumenta,</em></strong></span> <span class='ocrx_word' id='word_1_220' title='bbox 3182 1704 3305 1760; x_wconf 73' lang='lat' dir='ltr'><strong><em>qua:</em></strong></span> <span class='ocrx_word' id='word_1_221' title='bbox 3356 1689 3423 1745; x_wconf 91' lang='lat' dir='ltr'><strong><em>ad</em></strong></span> <span class='ocrx_word' id='word_1_222' title='bbox 3464 1689 3688 1745; x_wconf 90' lang='lat' dir='ltr'><strong><em>limhum</em></strong></span> <span class='ocrx_word' id='word_1_223' title='bbox 3731 1705 3866 1745; x_wconf 87' lang='lat' dir='ltr'><strong><em>mss.</em></strong></span> 
     </span>
    </p>
   </div>
   <div class='ocr_carea' id='block_1_30' title="bbox 568 1777 2169 1848">
    <p class='ocr_par' dir='ltr' id='par_1_30' title="bbox 568 1777 2169 1848">
     <span class='ocr_line' id='line_1_30' title="bbox 568 1777 2169 1848; baseline -0.001 -15"><span class='ocrx_word' id='word_1_224' title='bbox 568 1778 803 1848; x_wconf 67' lang='lat' dir='ltr'><strong><em>quentiae</em></strong></span> <span class='ocrx_word' id='word_1_225' title='bbox 834 1778 1253 1834; x_wconf 89' lang='lat' dir='ltr'><strong><em>ostentationem</em></strong></span> <span class='ocrx_word' id='word_1_226' title='bbox 1287 1785 1409 1831; x_wconf 88' lang='lat' dir='ltr'><strong><em>nata</em></strong></span> <span class='ocrx_word' id='word_1_227' title='bbox 1438 1784 1523 1832; x_wconf 90' lang='lat' dir='ltr'><strong><em>est</em></strong></span> <span class='ocrx_word' id='word_1_228' title='bbox 1551 1790 1613 1831; x_wconf 90' lang='lat' dir='ltr'><strong><em>ea</em></strong></span> <span class='ocrx_word' id='word_1_229' title='bbox 1641 1792 1744 1847; x_wconf 87' lang='lat' dir='ltr'><strong><em>qua</em></strong></span> <span class='ocrx_word' id='word_1_230' title='bbox 1776 1777 1944 1832; x_wconf 87' lang='lat' dir='ltr'><strong><em>utitur</em></strong></span> <span class='ocrx_word' id='word_1_231' title='bbox 1974 1777 2169 1833; x_wconf 86' lang='lat' dir='ltr'><strong><em>verbo-</em></strong></span> 
     </span>
    </p>
   </div>
   <div class='ocr_carea' id='block_1_31' title="bbox 569 1865 2173 1941">
    <p class='ocr_par' dir='ltr' id='par_1_31' title="bbox 569 1865 2173 1941">
     <span class='ocr_line' id='line_1_31' title="bbox 569 1865 2173 1941; baseline -0.001 -16"><span class='ocrx_word' id='word_1_232' title='bbox 569 1885 691 1925; x_wconf 87' lang='lat' dir='ltr'><strong><em>rum</em></strong></span> <span class='ocrx_word' id='word_1_233' title='bbox 730 1870 885 1941; x_wconf 91' lang='lat' dir='ltr'><strong><em>copia</em></strong></span> <span class='ocrx_word' id='word_1_234' title='bbox 913 1887 926 1923; x_wconf 89' lang='lat'><strong>:</strong></span> <span class='ocrx_word' id='word_1_235' title='bbox 959 1869 1215 1924; x_wconf 89' lang='lat' dir='ltr'><strong><em>nimirum</em></strong></span> <span class='ocrx_word' id='word_1_236' title='bbox 1242 1883 1366 1922; x_wconf 88' lang='lat' dir='ltr'><strong><em>cum</em></strong></span> <span class='ocrx_word' id='word_1_237' title='bbox 1406 1867 1475 1923; x_wconf 90' lang='lat' dir='ltr'><strong><em>de</em></strong></span> <span class='ocrx_word' id='word_1_238' title='bbox 1503 1867 1614 1921; x_wconf 90' lang='lat' dir='ltr'><strong><em>Deo</em></strong></span> <span class='ocrx_word' id='word_1_239' title='bbox 1641 1865 2173 1939; x_wconf 78' lang='lat' dir='ltr'><strong><em>magnificentissime</em></strong></span> 
     </span>
    </p>
   </div>
   <div class='ocr_carea' id='block_1_32' title="bbox 572 1958 2175 2029">
    <p class='ocr_par' dir='ltr' id='par_1_32' title="bbox 572 1958 2175 2029">
     <span class='ocr_line' id='line_1_32' title="bbox 572 1958 2175 2029; baseline -0.001 -13"><span class='ocrx_word' id='word_1_240' title='bbox 572 1960 800 2016; x_wconf 89' lang='lat' dir='ltr'><strong><em>sentiret</em></strong></span> <span class='ocrx_word' id='word_1_241' title='bbox 829 2002 845 2027; x_wconf 92' lang='lat'><strong><em>,</em></strong></span> <span class='ocrx_word' id='word_1_242' title='bbox 897 1959 1059 2015; x_wconf 89' lang='lat' dir='ltr'><strong><em>nullis</em></strong></span> <span class='ocrx_word' id='word_1_243' title='bbox 1119 1973 1374 2029; x_wconf 90' lang='lat' dir='ltr'><strong><em>umquam</em></strong></span> <span class='ocrx_word' id='word_1_244' title='bbox 1432 1958 1612 2014; x_wconf 86' lang='lat' dir='ltr'><strong><em>verbis</em></strong></span> <span class='ocrx_word' id='word_1_245' title='bbox 1664 1958 1797 2014; x_wconf 87' lang='lat' dir='ltr'><strong><em>satis</em></strong></span> <span class='ocrx_word' id='word_1_246' title='bbox 1838 1958 2175 2029; x_wconf 83' lang='lat' dir='ltr'><strong><em>expressisse</em></strong></span> 
     </span>
    </p>
   </div>
   <div class='ocr_carea' id='block_1_33' title="bbox 574 2050 2176 2124">
    <p class='ocr_par' dir='ltr' id='par_1_33' title="bbox 574 2050 2176 2124">
     <span class='ocr_line' id='line_1_33' title="bbox 574 2050 2176 2124; baseline 0 -14"><span class='ocrx_word' id='word_1_247' title='bbox 574 2053 922 2111; x_wconf 81' lang='lat' dir='ltr'><strong><em>existimabat</em></strong></span> <span class='ocrx_word' id='word_1_248' title='bbox 944 2051 1086 2124; x_wconf 88' lang='lat' dir='ltr'><strong><em>quod</em></strong></span> <span class='ocrx_word' id='word_1_249' title='bbox 1115 2052 1364 2108; x_wconf 85' lang='lat' dir='ltr'><strong><em>sentiret.</em></strong></span> <span class='ocrx_word' id='word_1_250' title='bbox 1393 2051 1472 2108; x_wconf 87' lang='lat' dir='ltr'><strong><em>lta</em></strong></span> <span class='ocrx_word' id='word_1_251' title='bbox 1494 2061 1674 2107; x_wconf 87' lang='lat' dir='ltr'><strong><em>tamen</em></strong></span> <span class='ocrx_word' id='word_1_252' title='bbox 1707 2065 1888 2107; x_wconf 86' lang='lat' dir='ltr'><strong><em>sermo</em></strong></span> <span class='ocrx_word' id='word_1_253' title='bbox 1915 2050 2066 2107; x_wconf 85' lang='lat' dir='ltr'><strong><em>fusus</em></strong></span> <span class='ocrx_word' id='word_1_254' title='bbox 2091 2058 2176 2111; x_wconf 81' lang='lat' dir='ltr'><strong><em>est</em></strong></span> 
     </span>
    </p>
   </div>
   <div class='ocr_carea' id='block_1_34' title="bbox 572 2142 2172 2215">
    <p class='ocr_par' dir='ltr' id='par_1_34' title="bbox 572 2142 2172 2215">
     <span class='ocr_line' id='line_1_34' title="bbox 572 2142 2172 2215; baseline -0.004 -12"><span class='ocrx_word' id='word_1_255' title='bbox 572 2149 630 2204; x_wconf 90' lang='lat' dir='ltr'><strong><em>in</em></strong></span> <span class='ocrx_word' id='word_1_256' title='bbox 659 2146 863 2215; x_wconf 91' lang='lat' dir='ltr'><strong><em>verbis,</em></strong></span> <span class='ocrx_word' id='word_1_257' title='bbox 895 2154 954 2202; x_wconf 88' lang='lat' dir='ltr'><strong><em>ut</em></strong></span> <span class='ocrx_word' id='word_1_258' title='bbox 980 2146 1186 2202; x_wconf 89' lang='lat' dir='ltr'><strong><em>densus</em></strong></span> <span class='ocrx_word' id='word_1_259' title='bbox 1214 2145 1285 2200; x_wconf 86' lang='lat' dir='ltr'><strong><em>sit</em></strong></span> <span class='ocrx_word' id='word_1_260' title='bbox 1312 2145 1367 2201; x_wconf 91' lang='lat' dir='ltr'><strong><em>in</em></strong></span> <span class='ocrx_word' id='word_1_261' title='bbox 1397 2143 1701 2201; x_wconf 88' lang='lat' dir='ltr'><strong><em>sententiis.</em></strong></span> <span class='ocrx_word' id='word_1_262' title='bbox 1741 2142 1814 2201; x_wconf 88' lang='lat' dir='ltr'><strong><em>Ut</em></strong></span> <span class='ocrx_word' id='word_1_263' title='bbox 1838 2142 1981 2201; x_wconf 89' lang='lat' dir='ltr'><strong><em>enim</em></strong></span> <span class='ocrx_word' id='word_1_264' title='bbox 2013 2151 2172 2199; x_wconf 86' lang='lat' dir='ltr'><strong><em>nota-</em></strong></span> 
     </span>
    </p>
   </div>
   <div class='ocr_carea' id='block_1_35' title="bbox 576 2235 2176 2313">
    <p class='ocr_par' dir='ltr' id='par_1_35' title="bbox 576 2235 2176 2313">
     <span class='ocr_line' id='line_1_35' title="bbox 576 2235 2176 2313; baseline -0.003 -16"><span class='ocrx_word' id='word_1_265' title='bbox 576 2242 656 2297; x_wconf 91' lang='lat' dir='ltr'><strong><em>vit</em></strong></span> <span class='ocrx_word' id='word_1_266' title='bbox 702 2241 1070 2313; x_wconf 73' lang='lat' dir='ltr'><strong><em>Augusﬂnus,</em></strong></span> <span class='ocrx_word' id='word_1_267' title='bbox 1114 2239 1367 2296; x_wconf 88' lang='lat' dir='ltr'><strong><em>brevitati</em></strong></span> <span class='ocrx_word' id='word_1_268' title='bbox 1417 2236 1623 2295; x_wconf 88' lang='lat' dir='ltr'><strong><em>studuit</em></strong></span> <span class='ocrx_word' id='word_1_269' title='bbox 1669 2235 1827 2311; x_wconf 79' lang='lat' dir='ltr'><strong><em>(Aug.</em></strong></span> <span class='ocrx_word' id='word_1_270' title='bbox 1873 2236 1961 2291; x_wconf 89' lang='lat' dir='ltr'><strong><em>lib.</em></strong></span> <span class='ocrx_word' id='word_1_271' title='bbox 2000 2252 2053 2292; x_wconf 76' lang='lat' dir='ltr'><strong><em>vr</em></strong></span> <span class='ocrx_word' id='word_1_272' title='bbox 2111 2236 2176 2292; x_wconf 89' lang='lat' dir='ltr'><strong><em>de</em></strong></span> 
     </span>
    </p>
   </div>
   <div class='ocr_carea' id='block_1_36' title="bbox 575 2327 2171 2405">
    <p class='ocr_par' dir='ltr' id='par_1_36' title="bbox 575 2327 2171 2405">
     <span class='ocr_line' id='line_1_36' title="bbox 575 2327 2171 2405; baseline -0.004 -16"><span class='ocrx_word' id='word_1_273' title='bbox 575 2333 752 2401; x_wconf 87' lang='lat' dir='ltr'><strong><em>Trin.,</em></strong></span> <span class='ocrx_word' id='word_1_274' title='bbox 780 2348 898 2403; x_wconf 92' lang='lat' dir='ltr'><strong><em>cap.</em></strong></span> <span class='ocrx_word' id='word_1_275' title='bbox 951 2329 1062 2405; x_wconf 84' lang='lat' dir='ltr'><strong><em>l0).</em></strong></span> <span class='ocrx_word' id='word_1_276' title='bbox 1087 2329 1270 2401; x_wconf 87' lang='lat' dir='ltr'><strong><em>Longe</em></strong></span> <span class='ocrx_word' id='word_1_277' title='bbox 1300 2337 1482 2386; x_wconf 88' lang='lat' dir='ltr'><strong><em>autem</em></strong></span> <span class='ocrx_word' id='word_1_278' title='bbox 1526 2327 1696 2400; x_wconf 86' lang='lat' dir='ltr'><strong><em>magis</em></strong></span> <span class='ocrx_word' id='word_1_279' title='bbox 1738 2327 1938 2383; x_wconf 89' lang='lat' dir='ltr'><strong><em>studuit</em></strong></span> <span class='ocrx_word' id='word_1_280' title='bbox 1971 2327 2171 2384; x_wconf 88' lang='lat' dir='ltr'><strong><em>ordini.</em></strong></span> 
     </span>
    </p>
   </div>
   <div class='ocr_carea' id='block_1_37' title="bbox 572 2418 2172 2495">
    <p class='ocr_par' dir='ltr' id='par_1_37' title="bbox 572 2418 2172 2495">
     <span class='ocr_line' id='line_1_37' title="bbox 572 2418 2172 2495; baseline -0.005 -13"><span class='ocrx_word' id='word_1_281' title='bbox 572 2425 693 2494; x_wconf 88' lang='lat' dir='ltr'><strong><em>Quo</em></strong></span> <span class='ocrx_word' id='word_1_282' title='bbox 720 2427 965 2495; x_wconf 89' lang='lat' dir='ltr'><strong><em>inspecto</em></strong></span> <span class='ocrx_word' id='word_1_283' title='bbox 999 2423 1242 2479; x_wconf 88' lang='lat' dir='ltr'><strong><em>nonnulli</em></strong></span> <span class='ocrx_word' id='word_1_284' title='bbox 1268 2421 1463 2478; x_wconf 90' lang='lat' dir='ltr'><strong><em>eruditi</em></strong></span> <span class='ocrx_word' id='word_1_285' title='bbox 1485 2420 1644 2477; x_wconf 90' lang='lat' dir='ltr'><strong><em>facile</em></strong></span> <span class='ocrx_word' id='word_1_286' title='bbox 1673 2418 1816 2475; x_wconf 88' lang='lat' dir='ltr'><strong><em>factu</em></strong></span> <span class='ocrx_word' id='word_1_287' title='bbox 1841 2419 2172 2491; x_wconf 89' lang='lat' dir='ltr'><strong><em>judicarunt,</em></strong></span> 
     </span>
    </p>
   </div>
   <div class='ocr_carea' id='block_1_38' title="bbox 571 2512 2174 2591">
    <p class='ocr_par' dir='ltr' id='par_1_38' title="bbox 571 2512 2174 2591">
     <span class='ocr_line' id='line_1_38' title="bbox 571 2512 2174 2591; baseline -0.005 -15"><span class='ocrx_word' id='word_1_288' title='bbox 571 2529 632 2576; x_wconf 92' lang='lat' dir='ltr'><strong><em>ut</em></strong></span> <span class='ocrx_word' id='word_1_289' title='bbox 658 2518 853 2591; x_wconf 88' lang='lat' dir='ltr'><strong><em>singuli</em></strong></span> <span class='ocrx_word' id='word_1_290' title='bbox 879 2518 1001 2575; x_wconf 90' lang='lat' dir='ltr'><strong><em>libri</em></strong></span> <span class='ocrx_word' id='word_1_291' title='bbox 1042 2518 1095 2574; x_wconf 92' lang='lat' dir='ltr'><strong><em>in</em></strong></span> <span class='ocrx_word' id='word_1_292' title='bbox 1125 2517 1340 2574; x_wconf 86' lang='lat' dir='ltr'><strong><em>diversa</em></strong></span> <span class='ocrx_word' id='word_1_293' title='bbox 1368 2516 1543 2587; x_wconf 89' lang='lat' dir='ltr'><strong><em>capita</em></strong></span> <span class='ocrx_word' id='word_1_294' title='bbox 1569 2513 2062 2581; x_wconf 86' lang='lat' dir='ltr'><strong><em>distribuerentur,</em></strong></span> <span class='ocrx_word' id='word_1_295' title='bbox 2092 2512 2174 2569; x_wconf 87' lang='lat' dir='ltr'><strong><em>id-</em></strong></span> 
     </span>
    </p>
   </div>
   <div class='ocr_carea' id='block_1_39' title="bbox 571 2604 2176 2683">
    <p class='ocr_par' dir='ltr' id='par_1_39' title="bbox 571 2604 2176 2683">
     <span class='ocr_line' id='line_1_39' title="bbox 571 2604 2176 2683; baseline -0.005 -16"><span class='ocrx_word' id='word_1_296' title='bbox 571 2625 676 2683; x_wconf 88' lang='lat' dir='ltr'><strong><em>que</em></strong></span> <span class='ocrx_word' id='word_1_297' title='bbox 703 2610 893 2666; x_wconf 87' lang='lat' dir='ltr'><strong><em>lectori</em></strong></span> <span class='ocrx_word' id='word_1_298' title='bbox 920 2606 1269 2665; x_wconf 90' lang='lat' dir='ltr'><strong><em>commodum</em></strong></span> <span class='ocrx_word' id='word_1_299' title='bbox 1318 2606 1473 2675; x_wconf 88' lang='lat' dir='ltr'><strong><em>fore,</em></strong></span> <span class='ocrx_word' id='word_1_300' title='bbox 1512 2607 1558 2662; x_wconf 90' lang='lat' dir='ltr'><strong><em>si</em></strong></span> <span class='ocrx_word' id='word_1_301' title='bbox 1603 2604 1799 2678; x_wconf 89' lang='lat' dir='ltr'><strong><em>cuique</em></strong></span> <span class='ocrx_word' id='word_1_302' title='bbox 1828 2604 1991 2676; x_wconf 87' lang='lat' dir='ltr'><strong><em>capiti</em></strong></span> <span class='ocrx_word' id='word_1_303' title='bbox 2020 2620 2176 2660; x_wconf 88' lang='lat' dir='ltr'><strong><em>sum-</em></strong></span> 
     </span>
    </p>
   </div>
   <div class='ocr_carea' id='block_1_40' title="bbox 575 2688 2169 2773">
    <p class='ocr_par' dir='ltr' id='par_1_40' title="bbox 575 2688 2169 2773">
     <span class='ocr_line' id='line_1_40' title="bbox 575 2688 2169 2773; baseline -0.004 -13"><span class='ocrx_word' id='word_1_304' title='bbox 575 2704 762 2761; x_wconf 89' lang='lat' dir='ltr'><strong><em>matim</em></strong></span> <span class='ocrx_word' id='word_1_305' title='bbox 810 2688 1172 2773; x_wconf 69' lang='lat' dir='ltr'><strong><em>praenotatum</em></strong></span> <span class='ocrx_word' id='word_1_306' title='bbox 1220 2700 1449 2757; x_wconf 90' lang='lat' dir='ltr'><strong><em>haberet</em></strong></span> <span class='ocrx_word' id='word_1_307' title='bbox 1491 2699 1634 2771; x_wconf 89' lang='lat' dir='ltr'><strong><em>quod</em></strong></span> <span class='ocrx_word' id='word_1_308' title='bbox 1680 2699 1735 2755; x_wconf 90' lang='lat' dir='ltr'><strong><em>in</em></strong></span> <span class='ocrx_word' id='word_1_309' title='bbox 1777 2713 1844 2755; x_wconf 93' lang='lat' dir='ltr'><strong><em>eo</em></strong></span> <span class='ocrx_word' id='word_1_310' title='bbox 1886 2706 2169 2755; x_wconf 89' lang='lat' dir='ltr'><strong><em>tractatur.</em></strong></span> 
     </span>
    </p>
   </div>
   <div class='ocr_carea' id='block_1_41' title="bbox 580 2789 2179 2866">
    <p class='ocr_par' dir='ltr' id='par_1_41' title="bbox 580 2789 2179 2866">
     <span class='ocr_line' id='line_1_41' title="bbox 580 2789 2179 2866; baseline -0.004 -15"><span class='ocrx_word' id='word_1_311' title='bbox 580 2794 729 2851; x_wconf 81' lang='lat' dir='ltr'><strong><em>Nihil</em></strong></span> <span class='ocrx_word' id='word_1_312' title='bbox 775 2793 1153 2866; x_wconf 83' lang='lat' dir='ltr'><strong><em>negligendnm</em></strong></span> <span class='ocrx_word' id='word_1_313' title='bbox 1183 2793 1288 2849; x_wconf 89' lang='lat' dir='ltr'><strong><em>rati</em></strong></span> <span class='ocrx_word' id='word_1_314' title='bbox 1326 2792 1472 2849; x_wconf 89' lang='lat' dir='ltr'><strong><em>unde</em></strong></span> <span class='ocrx_word' id='word_1_315' title='bbox 1499 2791 1722 2848; x_wconf 88' lang='lat' dir='ltr'><strong><em>lectoris</em></strong></span> <span class='ocrx_word' id='word_1_316' title='bbox 1746 2789 1902 2846; x_wconf 91' lang='lat' dir='ltr'><strong><em>labor</em></strong></span> <span class='ocrx_word' id='word_1_317' title='bbox 1927 2789 2179 2846; x_wconf 88' lang='lat' dir='ltr'><strong><em>subleva-</em></strong></span> 
     </span>
    </p>
   </div>
   <div class='ocr_carea' id='block_1_42' title="bbox 2277 1776 3875 1853">
    <p class='ocr_par' dir='ltr' id='par_1_42' title="bbox 2277 1776 3875 1853">
     <span class='ocr_line' id='line_1_42' title="bbox 2277 1776 3875 1853; baseline 0.003 -20"><span class='ocrx_word' id='word_1_318' title='bbox 2277 1776 2621 1835; x_wconf 83' lang='lat' dir='ltr'><strong><em>Corbeiensis</em></strong></span> <span class='ocrx_word' id='word_1_319' title='bbox 2643 1788 2700 1836; x_wconf 80' lang='lat' dir='ltr'><strong><em>et.</em></strong></span> <span class='ocrx_word' id='word_1_320' title='bbox 2720 1779 3075 1839; x_wconf 87' lang='lat' dir='ltr'><strong><em>Pratellensis</em></strong></span> <span class='ocrx_word' id='word_1_321' title='bbox 3104 1784 3171 1838; x_wconf 91' lang='lat' dir='ltr'><strong><em>ab</em></strong></span> <span class='ocrx_word' id='word_1_322' title='bbox 3190 1783 3406 1853; x_wconf 88' lang='lat' dir='ltr'><strong><em>antiqua</em></strong></span> <span class='ocrx_word' id='word_1_323' title='bbox 3431 1797 3592 1837; x_wconf 88' lang='lat' dir='ltr'><strong><em>manu</em></strong></span> <span class='ocrx_word' id='word_1_324' title='bbox 3620 1784 3672 1837; x_wconf 94' lang='lat' dir='ltr'><strong><em>in</em></strong></span> <span class='ocrx_word' id='word_1_325' title='bbox 3696 1781 3875 1839; x_wconf 88' lang='lat' dir='ltr'><strong><em>fronte</em></strong></span> 
     </span>
    </p>
   </div>
   <div class='ocr_carea' id='block_1_43' title="bbox 2276 1869 3878 1942">
    <p class='ocr_par' dir='ltr' id='par_1_43' title="bbox 2276 1869 3878 1942">
     <span class='ocr_line' id='line_1_43' title="bbox 2276 1869 3878 1942; baseline 0.001 -17"><span class='ocrx_word' id='word_1_326' title='bbox 2276 1869 2541 1941; x_wconf 89' lang='lat' dir='ltr'><strong><em>cujusque</em></strong></span> <span class='ocrx_word' id='word_1_327' title='bbox 2563 1870 2688 1925; x_wconf 87' lang='lat' dir='ltr'><strong><em>libri</em></strong></span> <span class='ocrx_word' id='word_1_328' title='bbox 2714 1872 2985 1942; x_wconf 86' lang='lat' dir='ltr'><strong><em>proposita</em></strong></span> <span class='ocrx_word' id='word_1_329' title='bbox 3012 1878 3158 1927; x_wconf 86' lang='lat' dir='ltr'><strong><em>sunt.</em></strong></span> <span class='ocrx_word' id='word_1_330' title='bbox 3190 1871 3297 1929; x_wconf 88' lang='lat' dir='ltr'><strong><em>Sed</em></strong></span> <span class='ocrx_word' id='word_1_331' title='bbox 3329 1872 3447 1929; x_wconf 51' lang='lat' dir='ltr'><strong><em>haec</em></strong></span> <span class='ocrx_word' id='word_1_332' title='bbox 3473 1871 3720 1930; x_wconf 87' lang='lat' dir='ltr'><strong><em>breviora</em></strong></span> <span class='ocrx_word' id='word_1_333' title='bbox 3750 1881 3878 1928; x_wconf 89' lang='lat' dir='ltr'><strong><em>sunt</em></strong></span> 
     </span>
    </p>
   </div>
   <div class='ocr_carea' id='block_1_44' title="bbox 2275 1961 3874 2033">
    <p class='ocr_par' dir='ltr' id='par_1_44' title="bbox 2275 1961 3874 2033">
     <span class='ocr_line' id='line_1_44' title="bbox 2275 1961 3874 2033; baseline 0.003 -17"><span class='ocrx_word' id='word_1_334' title='bbox 2275 1962 2412 2029; x_wconf 88' lang='lat' dir='ltr'><strong><em>visa,</em></strong></span> <span class='ocrx_word' id='word_1_335' title='bbox 2461 1978 2625 2033; x_wconf 87' lang='lat' dir='ltr'><strong><em>quam</em></strong></span> <span class='ocrx_word' id='word_1_336' title='bbox 2684 1971 2744 2017; x_wconf 93' lang='lat' dir='ltr'><strong><em>ut</em></strong></span> <span class='ocrx_word' id='word_1_337' title='bbox 2788 1961 3154 2018; x_wconf 83' lang='lat' dir='ltr'><strong><em>sufficientem</em></strong></span> <span class='ocrx_word' id='word_1_338' title='bbox 3218 1964 3571 2022; x_wconf 89' lang='lat' dir='ltr'><strong><em>dicendorum</em></strong></span> <span class='ocrx_word' id='word_1_339' title='bbox 3631 1964 3874 2020; x_wconf 85' lang='lat' dir='ltr'><strong><em>notitiam</em></strong></span> 
     </span>
    </p>
   </div>
   <div class='ocr_carea' id='block_1_45' title="bbox 2278 2054 3868 2131">
    <p class='ocr_par' dir='ltr' id='par_1_45' title="bbox 2278 2054 3868 2131">
     <span class='ocr_line' id='line_1_45' title="bbox 2278 2054 3868 2131; baseline 0.003 -21"><span class='ocrx_word' id='word_1_340' title='bbox 2278 2070 2469 2127; x_wconf 91' lang='lat' dir='ltr'><strong><em>parere</em></strong></span> <span class='ocrx_word' id='word_1_341' title='bbox 2494 2054 2757 2112; x_wconf 89' lang='lat' dir='ltr'><strong><em>valerent.</em></strong></span> <span class='ocrx_word' id='word_1_342' title='bbox 2806 2056 3081 2112; x_wconf 80' lang='lat' dir='ltr'><strong><em>Hilariana</em></strong></span> <span class='ocrx_word' id='word_1_343' title='bbox 3110 2066 3291 2112; x_wconf 90' lang='lat' dir='ltr'><strong><em>autem</em></strong></span> <span class='ocrx_word' id='word_1_344' title='bbox 3339 2060 3590 2130; x_wconf 82' lang='lat' dir='ltr'><strong><em>synOpsis</em></strong></span> <span class='ocrx_word' id='word_1_345' title='bbox 3623 2059 3868 2131; x_wconf 56' lang='lat' dir='ltr'><strong><em>plerum-</em></strong></span> 
     </span>
    </p>
   </div>
   <div class='ocr_carea' id='block_1_46' title="bbox 2276 2148 3872 2223">
    <p class='ocr_par' dir='ltr' id='par_1_46' title="bbox 2276 2148 3872 2223">
     <span class='ocr_line' id='line_1_46' title="bbox 2276 2148 3872 2223; baseline 0.004 -21"><span class='ocrx_word' id='word_1_346' title='bbox 2276 2162 2383 2219; x_wconf 92' lang='lat' dir='ltr'><strong><em>que</em></strong></span> <span class='ocrx_word' id='word_1_347' title='bbox 2401 2155 2486 2203; x_wconf 90' lang='lat' dir='ltr'><strong><em>est</em></strong></span> <span class='ocrx_word' id='word_1_348' title='bbox 2517 2148 2814 2218; x_wconf 82' lang='lat' dir='ltr'><strong><em>prolixior:</em></strong></span> <span class='ocrx_word' id='word_1_349' title='bbox 2852 2158 2909 2205; x_wconf 92' lang='lat' dir='ltr'><strong><em>et</em></strong></span> <span class='ocrx_word' id='word_1_350' title='bbox 2932 2149 3027 2219; x_wconf 91' lang='lat' dir='ltr'><strong><em>qui</em></strong></span> <span class='ocrx_word' id='word_1_351' title='bbox 3053 2149 3198 2205; x_wconf 89' lang='lat' dir='ltr'><strong><em>illius</em></strong></span> <span class='ocrx_word' id='word_1_352' title='bbox 3235 2150 3487 2223; x_wconf 92' lang='lat' dir='ltr'><strong><em>loquendi</em></strong></span> <span class='ocrx_word' id='word_1_353' title='bbox 3524 2151 3699 2208; x_wconf 93' lang='lat' dir='ltr'><strong><em>modis</em></strong></span> <span class='ocrx_word' id='word_1_354' title='bbox 3730 2168 3872 2208; x_wconf 90' lang='lat' dir='ltr'><strong><em>non-</em></strong></span> 
     </span>
    </p>
   </div>
   <div class='ocr_carea' id='block_1_47' title="bbox 2278 2239 3872 2310">
    <p class='ocr_par' dir='ltr' id='par_1_47' title="bbox 2278 2239 3872 2310">
     <span class='ocr_line' id='line_1_47' title="bbox 2278 2239 3872 2310; baseline 0.003 -15"><span class='ocrx_word' id='word_1_355' title='bbox 2278 2239 2406 2296; x_wconf 90' lang='lat' dir='ltr'><strong><em>dum</em></strong></span> <span class='ocrx_word' id='word_1_356' title='bbox 2455 2240 2589 2297; x_wconf 87' lang='lat' dir='ltr'><strong><em>satis</em></strong></span> <span class='ocrx_word' id='word_1_357' title='bbox 2625 2240 2911 2297; x_wconf 79' lang='lat' dir='ltr'><strong><em>assuefacti</em></strong></span> <span class='ocrx_word' id='word_1_358' title='bbox 2954 2252 3103 2310; x_wconf 90' lang='lat' dir='ltr'><strong><em>sunt,</em></strong></span> <span class='ocrx_word' id='word_1_359' title='bbox 3132 2242 3509 2301; x_wconf 87' lang='lat' dir='ltr'><strong><em>desiderarent</em></strong></span> <span class='ocrx_word' id='word_1_360' title='bbox 3538 2243 3771 2301; x_wconf 88' lang='lat' dir='ltr'><strong><em>fortasse</em></strong></span> <span class='ocrx_word' id='word_1_361' title='bbox 3811 2254 3872 2300; x_wconf 85' lang='lat' dir='ltr'><strong><em>ut</em></strong></span> 
     </span>
    </p>
   </div>
   <div class='ocr_carea' id='block_1_48' title="bbox 2278 2332 3875 2407">
    <p class='ocr_par' dir='ltr' id='par_1_48' title="bbox 2278 2332 3875 2407">
     <span class='ocr_line' id='line_1_48' title="bbox 2278 2332 3875 2407; baseline 0.002 -19"><span class='ocrx_word' id='word_1_362' title='bbox 2278 2332 2697 2403; x_wconf 85' lang='lat' dir='ltr'><strong><em>simplicioribus</em></strong></span> <span class='ocrx_word' id='word_1_363' title='bbox 2744 2333 3109 2390; x_wconf 81' lang='lat' dir='ltr'><strong><em>locationibus</em></strong></span> <span class='ocrx_word' id='word_1_364' title='bbox 3146 2336 3389 2406; x_wconf 77' lang='lat' dir='ltr'><strong><em>exposita</em></strong></span> <span class='ocrx_word' id='word_1_365' title='bbox 3442 2336 3705 2407; x_wconf 86' lang='lat' dir='ltr'><strong><em>cujusque</em></strong></span> <span class='ocrx_word' id='word_1_366' title='bbox 3753 2337 3875 2392; x_wconf 87' lang='lat' dir='ltr'><strong><em>libri</em></strong></span> 
     </span>
    </p>
   </div>
   <div class='ocr_carea' id='block_1_49' title="bbox 2276 2426 3876 2502">
    <p class='ocr_par' dir='ltr' id='par_1_49' title="bbox 2276 2426 3876 2502">
     <span class='ocr_line' id='line_1_49' title="bbox 2276 2426 3876 2502; baseline 0.004 -20"><span class='ocrx_word' id='word_1_367' title='bbox 2276 2440 2488 2482; x_wconf 91' lang='lat' dir='ltr'><strong><em>summa</em></strong></span> <span class='ocrx_word' id='word_1_368' title='bbox 2514 2426 2579 2481; x_wconf 90' lang='lat' dir='ltr'><strong><em>ad</em></strong></span> <span class='ocrx_word' id='word_1_369' title='bbox 2605 2426 2864 2483; x_wconf 83' lang='lat' dir='ltr'><strong><em>Hilariani</em></strong></span> <span class='ocrx_word' id='word_1_370' title='bbox 2894 2429 3161 2484; x_wconf 91' lang='lat' dir='ltr'><strong><em>sermonis</em></strong></span> <span class='ocrx_word' id='word_1_371' title='bbox 3188 2428 3604 2501; x_wconf 86' lang='lat' dir='ltr'><strong><em>intelligentiam</em></strong></span> <span class='ocrx_word' id='word_1_372' title='bbox 3631 2431 3717 2487; x_wconf 86' lang='lat' dir='ltr'><strong><em>via</em></strong></span> <span class='ocrx_word' id='word_1_373' title='bbox 3743 2431 3876 2502; x_wconf 90' lang='lat' dir='ltr'><strong><em>ipsis</em></strong></span> 
     </span>
    </p>
   </div>
   <div class='ocr_carea' id='block_1_50' title="bbox 2276 2518 3880 2595">
    <p class='ocr_par' dir='ltr' id='par_1_50' title="bbox 2276 2518 3880 2595">
     <span class='ocr_line' id='line_1_50' title="bbox 2276 2518 3880 2595; baseline 0.004 -21"><span class='ocrx_word' id='word_1_374' title='bbox 2276 2526 2634 2576; x_wconf 88' lang='lat' dir='ltr'><strong><em>sterneretur.</em></strong></span> <span class='ocrx_word' id='word_1_375' title='bbox 2666 2518 2849 2590; x_wconf 88' lang='lat' dir='ltr'><strong><em>Neque</em></strong></span> <span class='ocrx_word' id='word_1_376' title='bbox 2888 2519 3030 2575; x_wconf 91' lang='lat' dir='ltr'><strong><em>hunc</em></strong></span> <span class='ocrx_word' id='word_1_377' title='bbox 3054 2521 3109 2575; x_wconf 91' lang='lat' dir='ltr'><strong><em>in</em></strong></span> <span class='ocrx_word' id='word_1_378' title='bbox 3136 2521 3293 2577; x_wconf 91' lang='lat' dir='ltr'><strong><em>nobis</em></strong></span> <span class='ocrx_word' id='word_1_379' title='bbox 3331 2521 3572 2579; x_wconf 88' lang='lat' dir='ltr'><strong><em>laborem</em></strong></span> <span class='ocrx_word' id='word_1_380' title='bbox 3603 2524 3880 2595; x_wconf 88' lang='lat' dir='ltr'><strong><em>suscipere</em></strong></span> 
     </span>
    </p>
   </div>
   <div class='ocr_carea' id='block_1_51' title="bbox 2276 2610 3880 2684">
    <p class='ocr_par' dir='ltr' id='par_1_51' title="bbox 2276 2610 3880 2684">
     <span class='ocr_line' id='line_1_51' title="bbox 2276 2610 3880 2684; baseline 0.004 -18"><span class='ocrx_word' id='word_1_381' title='bbox 2276 2612 2492 2684; x_wconf 87' lang='lat' dir='ltr'><strong><em>gravati</em></strong></span> <span class='ocrx_word' id='word_1_382' title='bbox 2528 2626 2736 2667; x_wconf 90' lang='lat' dir='ltr'><strong><em>sumus.</em></strong></span> <span class='ocrx_word' id='word_1_383' title='bbox 2770 2610 2843 2668; x_wconf 77' lang='lat' dir='ltr'><strong><em>At</em></strong></span> <span class='ocrx_word' id='word_1_384' title='bbox 2891 2628 2960 2668; x_wconf 92' lang='lat' dir='ltr'><strong><em>ne</em></strong></span> <span class='ocrx_word' id='word_1_385' title='bbox 2982 2613 3274 2684; x_wconf 91' lang='lat' dir='ltr'><strong><em>quidquam</em></strong></span> <span class='ocrx_word' id='word_1_386' title='bbox 3313 2630 3379 2670; x_wconf 81' lang='lat' dir='ltr'><strong><em>ex</em></strong></span> <span class='ocrx_word' id='word_1_387' title='bbox 3408 2624 3653 2671; x_wconf 89' lang='lat' dir='ltr'><strong><em>veterum</em></strong></span> <span class='ocrx_word' id='word_1_388' title='bbox 3686 2617 3880 2673; x_wconf 87' lang='lat' dir='ltr'><strong><em>studiis</em></strong></span> 
     </span>
    </p>
   </div>
   <div class='ocr_carea' id='block_1_52' title="bbox 2280 2704 3882 2777">
    <p class='ocr_par' dir='ltr' id='par_1_52' title="bbox 2280 2704 3882 2777">
     <span class='ocr_line' id='line_1_52' title="bbox 2280 2704 3882 2777; baseline 0.001 -14"><span class='ocrx_word' id='word_1_389' title='bbox 2280 2715 2486 2777; x_wconf 89' lang='lat' dir='ltr'><strong><em>pereat,</em></strong></span> <span class='ocrx_word' id='word_1_390' title='bbox 2514 2714 2831 2776; x_wconf 78' lang='lat' dir='ltr'><strong><em>argumenta</em></strong></span> <span class='ocrx_word' id='word_1_391' title='bbox 2852 2720 2974 2777; x_wconf 82' lang='lat' dir='ltr'><strong><em>quae</em></strong></span> <span class='ocrx_word' id='word_1_392' title='bbox 2994 2705 3046 2759; x_wconf 88' lang='lat' dir='ltr'><strong><em>in</em></strong></span> <span class='ocrx_word' id='word_1_393' title='bbox 3072 2719 3204 2762; x_wconf 88' lang='lat' dir='ltr'><strong><em>mss.</em></strong></span> <span class='ocrx_word' id='word_1_394' title='bbox 3228 2704 3580 2763; x_wconf 85' lang='lat' dir='ltr'><strong><em>Corbeiensis</em></strong></span> <span class='ocrx_word' id='word_1_395' title='bbox 3600 2717 3654 2764; x_wconf 92' lang='lat' dir='ltr'><strong><em>et</em></strong></span> <span class='ocrx_word' id='word_1_396' title='bbox 3671 2708 3882 2765; x_wconf 84' lang='lat' dir='ltr'><strong><em>Pratel-</em></strong></span> 
     </span>
    </p>
   </div>
   <div class='ocr_carea' id='block_1_53' title="bbox 2280 2798 3877 2872">
    <p class='ocr_par' dir='ltr' id='par_1_53' title="bbox 2280 2798 3877 2872">
     <span class='ocr_line' id='line_1_53' title="bbox 2280 2798 3877 2872; baseline 0.002 -18"><span class='ocrx_word' id='word_1_397' title='bbox 2280 2798 2451 2855; x_wconf 89' lang='lat' dir='ltr'><strong><em>lensis</em></strong></span> <span class='ocrx_word' id='word_1_398' title='bbox 2479 2798 2706 2869; x_wconf 85' lang='lat' dir='ltr'><strong><em>singulis</em></strong></span> <span class='ocrx_word' id='word_1_399' title='bbox 2736 2798 2908 2863; x_wconf 90' lang='lat' dir='ltr'><strong><em>libris,</em></strong></span> <span class='ocrx_word' id='word_1_400' title='bbox 2944 2798 3121 2868; x_wconf 91' lang='lat' dir='ltr'><strong><em>primo</em></strong></span> <span class='ocrx_word' id='word_1_401' title='bbox 3149 2807 3356 2854; x_wconf 89' lang='lat' dir='ltr'><strong><em>tantum</em></strong></span> <span class='ocrx_word' id='word_1_402' title='bbox 3380 2808 3632 2871; x_wconf 81' lang='lat' dir='ltr'><strong><em>excepto,</em></strong></span> <span class='ocrx_word' id='word_1_403' title='bbox 3656 2800 3877 2872; x_wconf 59' lang='lat' dir='ltr'><strong><em>praeﬁxa</em></strong></span> 
     </span>
    </p>
   </div>
   <div class='ocr_carea' id='block_1_54' title="bbox 572 2882 3393 2963">
    <p class='ocr_par' dir='ltr' id='par_1_54' title="bbox 572 2882 3393 2963">
     <span class='ocr_line' id='line_1_54' title="bbox 572 2882 3393 2963; baseline -0.003 -19"><span class='ocrx_word' id='word_1_404' title='bbox 572 2896 746 2955; x_wconf 85' lang='lat' dir='ltr'><strong><em>retur,</em></strong></span> <span class='ocrx_word' id='word_1_405' title='bbox 792 2886 897 2943; x_wconf 89' lang='lat' dir='ltr'><strong><em>hoc</em></strong></span> <span class='ocrx_word' id='word_1_406' title='bbox 924 2901 1031 2942; x_wconf 90' lang='lat' dir='ltr'><strong><em>non</em></strong></span> <span class='ocrx_word' id='word_1_407' title='bbox 1072 2884 1391 2955; x_wconf 84' lang='lat' dir='ltr'><strong><em>reliquimus</em></strong></span> <span class='ocrx_word' id='word_1_408' title='bbox 1417 2885 1737 2941; x_wconf 88' lang='lat' dir='ltr'><strong><em>intentatum</em></strong></span> <span class='ocrx_word' id='word_1_409' title='bbox 1769 2900 1783 2937; x_wconf 90' lang='lat'><strong>:</strong></span> <span class='ocrx_word' id='word_1_410' title='bbox 1825 2882 1921 2939; x_wconf 89' lang='lat' dir='ltr'><strong><em>sed</em></strong></span> <span class='ocrx_word' id='word_1_411' title='bbox 1965 2885 2175 2955; x_wconf 82' lang='lat' dir='ltr'><strong><em>experti</em></strong></span> <span class='ocrx_word' id='word_1_412' title='bbox 2204 2896 2257 2963; x_wconf 49' lang='grc' dir='ltr'><strong><em>ης</em></strong></span> <span class='ocrx_word' id='word_1_413' title='bbox 2276 2902 2422 2963; x_wconf 58' lang='lat' dir='ltr'><strong><em>sum,</em></strong></span> <span class='ocrx_word' id='word_1_414' title='bbox 2446 2892 2534 2948; x_wconf 73' lang='lat' dir='ltr'><strong><em>hic</em></strong></span> <span class='ocrx_word' id='word_1_415' title='bbox 2557 2892 2611 2948; x_wconf 81' lang='lat' dir='ltr'><strong><em>in</em></strong></span> <span class='ocrx_word' id='word_1_416' title='bbox 2639 2906 2804 2949; x_wconf 77' lang='lat' dir='ltr'><strong><em>unum</em></strong></span> <span class='ocrx_word' id='word_1_417' title='bbox 2830 2892 3026 2949; x_wconf 55' lang='lat' dir='ltr'><strong><em>collata</em></strong></span> <span class='ocrx_word' id='word_1_418' title='bbox 3053 2893 3393 2951; x_wconf 67' lang='lat' dir='ltr'><strong><em>exhibemus,</em></strong></span> 
     </span>
    </p>
   </div>
   <div class='ocr_carea' id='block_1_55' title="bbox 572 2948 2247 3051">
    <p class='ocr_par' dir='ltr' id='par_1_55' title="bbox 572 2948 2247 3051">
     <span class='ocr_line' id='line_1_55' title="bbox 572 2948 2247 3051; baseline -0.003 -12"><span class='ocrx_word' id='word_1_419' title='bbox 572 2948 761 3039; x_wconf 74' lang='lat' dir='ltr'><strong><em>sumus</em></strong></span> <span class='ocrx_word' id='word_1_420' title='bbox 790 2995 899 3038; x_wconf 91' lang='lat' dir='ltr'><strong><em>non</em></strong></span> <span class='ocrx_word' id='word_1_421' title='bbox 941 2980 1061 3037; x_wconf 91' lang='lat' dir='ltr'><strong><em>sine</em></strong></span> <span class='ocrx_word' id='word_1_422' title='bbox 1088 2948 1269 3051; x_wconf 84' lang='lat' dir='ltr'><strong><em>aliqua</em></strong></span> <span class='ocrx_word' id='word_1_423' title='bbox 1306 2977 1628 3035; x_wconf 85' lang='lat' dir='ltr'><strong><em>confusione</em></strong></span> <span class='ocrx_word' id='word_1_424' title='bbox 1651 2976 1900 3050; x_wconf 82' lang='lat' dir='ltr'><strong><em>praestari</em></strong></span> <span class='ocrx_word' id='word_1_425' title='bbox 1943 2992 1976 3033; x_wconf 90' lang='lat' dir='ltr'><strong><em>a</em></strong></span> <span class='ocrx_word' id='word_1_426' title='bbox 2019 2948 2175 3035; x_wconf 79' lang='lat' dir='ltr'><strong><em>nobis</em></strong></span> <span class='ocrx_word' id='word_1_427' title='bbox 2200 2948 2247 3013; x_wconf 62' lang='grc' dir='ltr'><strong>Ο</strong></span> 
     </span>
    </p>
   </div>
   <div class='ocr_carea' id='block_1_56' title="bbox 882 3202 3541 3292">
    <p class='ocr_par' dir='ltr' id='par_1_56' title="bbox 882 3202 3541 3292">
     <span class='ocr_line' id='line_1_56' title="bbox 882 3202 3541 3292; baseline 0.003 -21"><span class='ocrx_word' id='word_1_428' title='bbox 882 3207 1303 3283; x_wconf 87' lang='lat' dir='ltr'><strong><em>.SUMMA</em></strong></span> <span class='ocrx_word' id='word_1_429' title='bbox 1342 3202 1916 3279; x_wconf 81' lang='lat' dir='ltr'><strong><em>LIBROBUM</em></strong></span> <span class='ocrx_word' id='word_1_430' title='bbox 1962 3202 2665 3292; x_wconf 85' lang='lat' dir='ltr'><strong><em>SEQUENTIUM</em></strong></span> <span class='ocrx_word' id='word_1_431' title='bbox 2707 3206 2774 3277; x_wconf 89' lang='lat' dir='ltr'>E</span> <span class='ocrx_word' id='word_1_432' title='bbox 2812 3204 3239 3279; x_wconf 89' lang='lat' dir='ltr'><strong>DUOBUS</strong></span> <span class='ocrx_word' id='word_1_433' title='bbox 3288 3205 3541 3281; x_wconf 85' lang='lat' dir='ltr'><strong><em>MSS.</em></strong></span> 
     </span>
    </p>
   </div>
   <div class='ocr_carea' id='block_1_57' title="bbox 647 3446 2175 3520">
    <p class='ocr_par' dir='ltr' id='par_1_57' title="bbox 647 3446 2175 3520">
     <span class='ocr_line' id='line_1_57' title="bbox 647 3446 2175 3520; baseline -0.003 -14"><span class='ocrx_word' id='word_1_434' title='bbox 647 3450 690 3506; x_wconf 87' lang='grc' dir='ltr'><strong>Ι.</strong></span> <span class='ocrx_word' id='word_1_435' title='bbox 718 3449 896 3516; x_wconf 88' lang='lat' dir='ltr'><strong><em>Liber,</em></strong></span> <span class='ocrx_word' id='word_1_436' title='bbox 918 3449 1008 3515; x_wconf 90' lang='lat' dir='ltr'><strong><em>qui</em></strong></span> <span class='ocrx_word' id='word_1_437' title='bbox 1029 3449 1186 3503; x_wconf 83' lang='lat' dir='ltr'><strong><em>totius</em></strong></span> <span class='ocrx_word' id='word_1_438' title='bbox 1215 3449 1385 3519; x_wconf 87' lang='lat' dir='ltr'><strong><em>operis</em></strong></span> <span class='ocrx_word' id='word_1_439' title='bbox 1406 3456 1479 3503; x_wconf 89' lang='lat' dir='ltr'><strong><em>est</em></strong></span> <span class='ocrx_word' id='word_1_440' title='bbox 1508 3447 1665 3503; x_wconf 74' lang='lat' dir='ltr'><strong><em>veluti</em></strong></span> <span class='ocrx_word' id='word_1_441' title='bbox 1684 3446 1989 3520; x_wconf 76' lang='lat' dir='ltr'><strong><em>prooemium</em></strong></span> <span class='ocrx_word' id='word_1_442' title='bbox 2031 3446 2175 3503; x_wconf 90' lang='lat' dir='ltr'><strong><em>solus</em></strong></span> 
     </span>
    </p>
   </div>
   <div class='ocr_carea' id='block_1_58' title="bbox 579 3543 1506 3618">
    <p class='ocr_par' dir='ltr' id='par_1_58' title="bbox 579 3543 1506 3618">
     <span class='ocr_line' id='line_1_58' title="bbox 579 3543 1506 3618; baseline -0.005 -18"><span class='ocrx_word' id='word_1_443' title='bbox 579 3546 637 3600; x_wconf 88' lang='lat' dir='ltr'><strong><em>in</em></strong></span> <span class='ocrx_word' id='word_1_444' title='bbox 658 3544 919 3618; x_wconf 62' lang='lat' dir='ltr'><strong><em>praedictis</em></strong></span> <span class='ocrx_word' id='word_1_445' title='bbox 946 3559 1072 3597; x_wconf 89' lang='lat' dir='ltr'><strong><em>mss.</em></strong></span> <span class='ocrx_word' id='word_1_446' title='bbox 1104 3543 1326 3614; x_wconf 87' lang='lat' dir='ltr'><strong><em>epitome</em></strong></span> <span class='ocrx_word' id='word_1_447' title='bbox 1349 3551 1506 3598; x_wconf 90' lang='lat' dir='ltr'><strong><em>caret.</em></strong></span> 
     </span>
    </p>
   </div>
   <div class='ocr_carea' id='block_1_59' title="bbox 648 3633 2176 3706">
    <p class='ocr_par' dir='ltr' id='par_1_59' title="bbox 648 3633 2176 3706">
     <span class='ocr_line' id='line_1_59' title="bbox 648 3633 2176 3706; baseline 0 -17"><span class='ocrx_word' id='word_1_448' title='bbox 648 3635 714 3690; x_wconf 89' lang='lat' dir='ltr'><strong><em>ll.</em></strong></span> <span class='ocrx_word' id='word_1_449' title='bbox 750 3635 916 3690; x_wconf 86' lang='lat' dir='ltr'><strong><em>Omne</em></strong></span> <span class='ocrx_word' id='word_1_450' title='bbox 963 3642 1345 3689; x_wconf 79' lang='lat' dir='ltr'><strong><em>sacramentum</em></strong></span> <span class='ocrx_word' id='word_1_451' title='bbox 1378 3633 1568 3689; x_wconf 75' lang='lat' dir='ltr'><strong><em>divina:</em></strong></span> <span class='ocrx_word' id='word_1_452' title='bbox 1594 3635 1940 3706; x_wconf 75' lang='lat' dir='ltr'><strong><em>generationis</em></strong></span> <span class='ocrx_word' id='word_1_453' title='bbox 1981 3635 2176 3702; x_wconf 79' lang='lat' dir='ltr'><strong><em>edocet,</em></strong></span> 
     </span>
    </p>
   </div>
   <div class='ocr_carea' id='block_1_60' title="bbox 575 3724 2178 3789">
    <p class='ocr_par' dir='ltr' id='par_1_60' title="bbox 575 3724 2178 3789">
     <span class='ocr_line' id='line_1_60' title="bbox 575 3724 2178 3789; baseline -0.001 -7"><span class='ocrx_word' id='word_1_454' title='bbox 575 3727 956 3782; x_wconf 76' lang='lat' dir='ltr'><strong><em>absolutissima</em></strong></span> <span class='ocrx_word' id='word_1_455' title='bbox 981 3727 1339 3781; x_wconf 84' lang='lat' dir='ltr'><strong><em>demonstrans</em></strong></span> <span class='ocrx_word' id='word_1_456' title='bbox 1363 3736 1412 3780; x_wconf 89' lang='lat' dir='ltr'><strong><em>et</em></strong></span> <span class='ocrx_word' id='word_1_457' title='bbox 1440 3724 1709 3789; x_wconf 81' lang='lat' dir='ltr'><strong><em>Trinitatis</em></strong></span> <span class='ocrx_word' id='word_1_458' title='bbox 1736 3736 1781 3780; x_wconf 89' lang='lat' dir='ltr'><strong><em>et</em></strong></span> <span class='ocrx_word' id='word_1_459' title='bbox 1803 3726 2071 3780; x_wconf 88' lang='lat' dir='ltr'><strong><em>nominum</em></strong></span> <span class='ocrx_word' id='word_1_460' title='bbox 2094 3744 2178 3781; x_wconf 83' lang='lat' dir='ltr'><strong><em>ve-</em></strong></span> 
     </span>
    </p>
   </div>
   <div class='ocr_carea' id='block_1_61' title="bbox 574 3818 2174 3891">
    <p class='ocr_par' dir='ltr' id='par_1_61' title="bbox 574 3818 2174 3891">
     <span class='ocr_line' id='line_1_61' title="bbox 574 3818 2174 3891; baseline 0.001 -17"><span class='ocrx_word' id='word_1_461' title='bbox 574 3821 821 3885; x_wconf 87' lang='lat' dir='ltr'><strong><em>ritatem;</em></strong></span> <span class='ocrx_word' id='word_1_462' title='bbox 865 3819 939 3873; x_wconf 89' lang='lat' dir='ltr'><strong><em>ita</em></strong></span> <span class='ocrx_word' id='word_1_463' title='bbox 985 3827 1040 3872; x_wconf 92' lang='lat' dir='ltr'><strong><em>ut</em></strong></span> <span class='ocrx_word' id='word_1_464' title='bbox 1082 3834 1245 3891; x_wconf 88' lang='lat' dir='ltr'><strong><em>neque</em></strong></span> <span class='ocrx_word' id='word_1_465' title='bbox 1296 3834 1403 3871; x_wconf 89' lang='lat' dir='ltr'><strong><em>non</em></strong></span> <span class='ocrx_word' id='word_1_466' title='bbox 1442 3819 1557 3890; x_wconf 87' lang='lat' dir='ltr'><strong><em>ipsa</em></strong></span> <span class='ocrx_word' id='word_1_467' title='bbox 1592 3818 1657 3872; x_wconf 89' lang='lat' dir='ltr'><strong><em>sit</em></strong></span> <span class='ocrx_word' id='word_1_468' title='bbox 1697 3820 1881 3873; x_wconf 81' lang='lat' dir='ltr'><strong><em>veritas</em></strong></span> <span class='ocrx_word' id='word_1_469' title='bbox 1932 3820 2174 3887; x_wconf 84' lang='lat' dir='ltr'><strong><em>nominis,</em></strong></span> 
     </span>
    </p>
   </div>
   <div class='ocr_carea' id='block_1_62' title="bbox 576 3912 1440 3985">
    <p class='ocr_par' dir='ltr' id='par_1_62' title="bbox 576 3912 1440 3985">
     <span class='ocr_line' id='line_1_62' title="bbox 576 3912 1440 3985; baseline -0.005 -17"><span class='ocrx_word' id='word_1_470' title='bbox 576 3929 738 3985; x_wconf 87' lang='lat' dir='ltr'><strong><em>neque</em></strong></span> <span class='ocrx_word' id='word_1_471' title='bbox 760 3928 862 3967; x_wconf 87' lang='lat' dir='ltr'><strong><em>non</em></strong></span> <span class='ocrx_word' id='word_1_472' title='bbox 888 3928 1072 3967; x_wconf 82' lang='lat' dir='ltr'><strong><em>nomen</em></strong></span> <span class='ocrx_word' id='word_1_473' title='bbox 1101 3912 1169 3966; x_wconf 87' lang='lat' dir='ltr'><strong><em>sit</em></strong></span> <span class='ocrx_word' id='word_1_474' title='bbox 1192 3912 1440 3966; x_wconf 81' lang='lat' dir='ltr'><strong><em>ueritatis.</em></strong></span> 
     </span>
    </p>
   </div>
   <div class='ocr_carea' id='block_1_63' title="bbox 648 4004 2175 4078">
    <p class='ocr_par' dir='ltr' id='par_1_63' title="bbox 648 4004 2175 4078">
     <span class='ocr_line' id='line_1_63' title="bbox 648 4004 2175 4078; baseline -0.001 -16"><span class='ocrx_word' id='word_1_475' title='bbox 648 4006 735 4062; x_wconf 87' lang='lat' dir='ltr'><strong><em>Ill.</em></strong></span> <span class='ocrx_word' id='word_1_476' title='bbox 781 4004 995 4061; x_wconf 89' lang='lat' dir='ltr'><strong><em>Omnem</em></strong></span> <span class='ocrx_word' id='word_1_477' title='bbox 1037 4005 1397 4078; x_wconf 85' lang='lat' dir='ltr'><strong><em>difﬁcultatem</em></strong></span> <span class='ocrx_word' id='word_1_478' title='bbox 1448 4005 1596 4073; x_wconf 82' lang='lat' dir='ltr'><strong><em>dicti,</em></strong></span> <span class='ocrx_word' id='word_1_479' title='bbox 1642 4022 1742 4077; x_wconf 90' lang='lat' dir='ltr'><strong><em>quo</em></strong></span> <span class='ocrx_word' id='word_1_480' title='bbox 1792 4004 2041 4061; x_wconf 87' lang='lat' dir='ltr'><strong><em>Dominus</em></strong></span> <span class='ocrx_word' id='word_1_481' title='bbox 2081 4009 2175 4075; x_wconf 88' lang='lat' dir='ltr'><strong><em>ait,</em></strong></span> 
     </span>
    </p>
   </div>
   <div class='ocr_carea' id='block_1_64' title="bbox 578 4098 2181 4172">
    <p class='ocr_par' dir='ltr' id='par_1_64' title="bbox 578 4098 2181 4172">
     <span class='ocr_line' id='line_1_64' title="bbox 578 4098 2181 4172; baseline -0.001 -15"><span class='ocrx_word' id='word_1_482' title='bbox 578 4101 694 4172; x_wconf 87' lang='lat' dir='ltr'><strong><em>Ego</em></strong></span> <span class='ocrx_word' id='word_1_483' title='bbox 731 4101 785 4155; x_wconf 92' lang='lat' dir='ltr'><strong><em>in</em></strong></span> <span class='ocrx_word' id='word_1_484' title='bbox 819 4101 999 4163; x_wconf 88' lang='lat' dir='ltr'><strong><em>Patre,</em></strong></span> <span class='ocrx_word' id='word_1_485' title='bbox 1027 4109 1082 4155; x_wconf 93' lang='lat' dir='ltr'><strong><em>et</em></strong></span> <span class='ocrx_word' id='word_1_486' title='bbox 1116 4099 1278 4155; x_wconf 90' lang='lat' dir='ltr'><strong><em>Pater</em></strong></span> <span class='ocrx_word' id='word_1_487' title='bbox 1305 4099 1357 4154; x_wconf 91' lang='lat' dir='ltr'><strong><em>in</em></strong></span> <span class='ocrx_word' id='word_1_488' title='bbox 1390 4114 1499 4163; x_wconf 92' lang='lat' dir='ltr'><strong><em>me,</em></strong></span> <span class='ocrx_word' id='word_1_489' title='bbox 1523 4098 1699 4154; x_wconf 86' lang='lat' dir='ltr'><strong><em>multis</em></strong></span> <span class='ocrx_word' id='word_1_490' title='bbox 1724 4100 1973 4169; x_wconf 74' lang='lat' dir='ltr'><strong><em>exemplis</em></strong></span> <span class='ocrx_word' id='word_1_491' title='bbox 2003 4100 2072 4153; x_wconf 88' lang='lat' dir='ltr'><strong><em>ad</em></strong></span> <span class='ocrx_word' id='word_1_492' title='bbox 2096 4102 2181 4155; x_wconf 89' lang='lat' dir='ltr'><strong><em>in-</em></strong></span> 
     </span>
    </p>
   </div>
   <div class='ocr_carea' id='block_1_65' title="bbox 578 4192 2178 4264">
    <p class='ocr_par' dir='ltr' id='par_1_65' title="bbox 578 4192 2178 4264">
     <span class='ocr_line' id='line_1_65' title="bbox 578 4192 2178 4264; baseline -0.001 -15"><span class='ocrx_word' id='word_1_493' title='bbox 578 4193 877 4264; x_wconf 75' lang='lat' dir='ltr'><strong><em>telligentite</em></strong></span> <span class='ocrx_word' id='word_1_494' title='bbox 909 4192 1066 4263; x_wconf 83' lang='lat' dir='ltr'><strong><em>ﬁdem</em></strong></span> <span class='ocrx_word' id='word_1_495' title='bbox 1102 4202 1306 4258; x_wconf 86' lang='lat' dir='ltr'><strong><em>coaptat</em></strong></span> <span class='ocrx_word' id='word_1_496' title='bbox 1323 4208 1342 4246; x_wconf 91' lang='lat'><strong><em>:</em></strong></span> <span class='ocrx_word' id='word_1_497' title='bbox 1370 4193 1442 4246; x_wconf 90' lang='lat' dir='ltr'><strong><em>ita</em></strong></span> <span class='ocrx_word' id='word_1_498' title='bbox 1468 4203 1522 4245; x_wconf 92' lang='lat' dir='ltr'><strong><em>ut</em></strong></span> <span class='ocrx_word' id='word_1_499' title='bbox 1554 4208 1717 4262; x_wconf 86' lang='lat' dir='ltr'><strong><em>neque</em></strong></span> <span class='ocrx_word' id='word_1_500' title='bbox 1745 4209 1847 4246; x_wconf 89' lang='lat' dir='ltr'><strong><em>non</em></strong></span> <span class='ocrx_word' id='word_1_501' title='bbox 1869 4193 2178 4248; x_wconf 88' lang='lat' dir='ltr'><strong><em>credendum</em></strong></span> 
     </span>
    </p>
   </div>
   <div class='ocr_carea' id='block_1_66' title="bbox 577 4283 2179 4355">
    <p class='ocr_par' dir='ltr' id='par_1_66' title="bbox 577 4283 2179 4355">
     <span class='ocr_line' id='line_1_66' title="bbox 577 4283 2179 4355; baseline 0.001 -15"><span class='ocrx_word' id='word_1_502' title='bbox 577 4286 641 4342; x_wconf 91' lang='lat' dir='ltr'><strong><em>de</em></strong></span> <span class='ocrx_word' id='word_1_503' title='bbox 679 4302 734 4340; x_wconf 87' lang='lat' dir='ltr'><strong><em>se</em></strong></span> <span class='ocrx_word' id='word_1_504' title='bbox 764 4284 873 4339; x_wconf 92' lang='lat' dir='ltr'><strong><em>Deo</em></strong></span> <span class='ocrx_word' id='word_1_505' title='bbox 898 4285 1003 4351; x_wconf 88' lang='lat' dir='ltr'><strong><em>sit;</em></strong></span> <span class='ocrx_word' id='word_1_506' title='bbox 1030 4300 1190 4355; x_wconf 84' lang='lat' dir='ltr'><strong><em>neque</em></strong></span> <span class='ocrx_word' id='word_1_507' title='bbox 1228 4283 1565 4353; x_wconf 88' lang='lat' dir='ltr'><strong><em>opinandum,</em></strong></span> <span class='ocrx_word' id='word_1_508' title='bbox 1590 4293 1735 4337; x_wconf 76' lang='lat' dir='ltr'><strong><em>extra</em></strong></span> <span class='ocrx_word' id='word_1_509' title='bbox 1777 4284 2028 4339; x_wconf 89' lang='lat' dir='ltr'><strong><em>rationem</em></strong></span> <span class='ocrx_word' id='word_1_510' title='bbox 2055 4284 2179 4355; x_wconf 85' lang='lat' dir='ltr'><strong><em>ﬁdei</em></strong></span> 
     </span>
    </p>
   </div>
   <div class='ocr_carea' id='block_1_67' title="bbox 575 4377 1423 4447">
    <p class='ocr_par' dir='ltr' id='par_1_67' title="bbox 575 4377 1423 4447">
     <span class='ocr_line' id='line_1_67' title="bbox 575 4377 1423 4447; baseline -0.005 -12"><span class='ocrx_word' id='word_1_511' title='bbox 575 4395 686 4435; x_wconf 91' lang='lat' dir='ltr'><strong><em>esse</em></strong></span> <span class='ocrx_word' id='word_1_512' title='bbox 711 4377 1102 4447; x_wconf 85' lang='lat' dir='ltr'><strong><em>intelligentiam</em></strong></span> <span class='ocrx_word' id='word_1_513' title='bbox 1138 4377 1423 4446; x_wconf 86' lang='lat' dir='ltr'><strong><em>potestatis.</em></strong></span> 
     </span>
    </p>
   </div>
   <div class='ocr_carea' id='block_1_68' title="bbox 2287 3444 3883 3517">
    <p class='ocr_par' dir='ltr' id='par_1_68' title="bbox 2287 3444 3883 3517">
     <span class='ocr_line' id='line_1_68' title="bbox 2287 3444 3883 3517; baseline 0.004 -18"><span class='ocrx_word' id='word_1_514' title='bbox 2287 3461 2403 3500; x_wconf 91' lang='lat' dir='ltr'><strong><em>cum</em></strong></span> <span class='ocrx_word' id='word_1_515' title='bbox 2424 3444 2681 3500; x_wconf 87' lang='lat' dir='ltr'><strong><em>damnatis</em></strong></span> <span class='ocrx_word' id='word_1_516' title='bbox 2711 3445 2966 3500; x_wconf 83' lang='lat' dir='ltr'><strong><em>htereticis</em></strong></span> <span class='ocrx_word' id='word_1_517' title='bbox 2992 3444 3269 3517; x_wconf 85' lang='lat' dir='ltr'><strong><em>quidquam</em></strong></span> <span class='ocrx_word' id='word_1_518' title='bbox 3299 3446 3548 3516; x_wconf 88' lang='lat' dir='ltr'><strong><em>patiatur,</em></strong></span> <span class='ocrx_word' id='word_1_519' title='bbox 3562 3464 3655 3501; x_wconf 90' lang='lat' dir='ltr'><strong><em>nec</em></strong></span> <span class='ocrx_word' id='word_1_520' title='bbox 3683 3446 3883 3506; x_wconf 86' lang='lat' dir='ltr'><strong><em>Filium</em></strong></span> 
     </span>
    </p>
   </div>
   <div class='ocr_carea' id='block_1_69' title="bbox 2286 3534 3883 3613">
    <p class='ocr_par' dir='ltr' id='par_1_69' title="bbox 2286 3534 3883 3613">
     <span class='ocr_line' id='line_1_69' title="bbox 2286 3534 3883 3613; baseline -0.004 -22"><span class='ocrx_word' id='word_1_521' title='bbox 2286 3534 2388 3592; x_wconf 88' lang='lat' dir='ltr'><strong><em>Dei</em></strong></span> <span class='ocrx_word' id='word_1_522' title='bbox 2414 3536 2695 3591; x_wconf 88' lang='lat' dir='ltr'><strong><em>secundum</em></strong></span> <span class='ocrx_word' id='word_1_523' title='bbox 2727 3546 2773 3591; x_wconf 91' lang='lat' dir='ltr'><strong><em>et</em></strong></span> <span class='ocrx_word' id='word_1_524' title='bbox 2796 3534 2973 3591; x_wconf 88' lang='lat' dir='ltr'><strong><em>Patris</em></strong></span> <span class='ocrx_word' id='word_1_525' title='bbox 3014 3536 3377 3604; x_wconf 87' lang='lat' dir='ltr'><strong><em>testimonium,</em></strong></span> <span class='ocrx_word' id='word_1_526' title='bbox 3410 3546 3459 3592; x_wconf 90' lang='lat' dir='ltr'><strong><em>et</em></strong></span> <span class='ocrx_word' id='word_1_527' title='bbox 3500 3554 3646 3592; x_wconf 87' lang='lat' dir='ltr'><strong><em>suam</em></strong></span> <span class='ocrx_word' id='word_1_528' title='bbox 3674 3543 3883 3613; x_wconf 80' lang='lat' dir='ltr'><strong><em>profes.</em></strong></span> 
     </span>
    </p>
   </div>
   <div class='ocr_carea' id='block_1_70' title="bbox 2285 3629 3544 3701">
    <p class='ocr_par' dir='ltr' id='par_1_70' title="bbox 2285 3629 3544 3701">
     <span class='ocr_line' id='line_1_70' title="bbox 2285 3629 3544 3701; baseline 0.002 -18"><span class='ocrx_word' id='word_1_529' title='bbox 2285 3631 2478 3684; x_wconf 90' lang='lat' dir='ltr'><strong><em>sionem</em></strong></span> <span class='ocrx_word' id='word_1_530' title='bbox 2502 3629 2843 3700; x_wconf 89' lang='lat' dir='ltr'><strong><em>ignorandum</em></strong></span> <span class='ocrx_word' id='word_1_531' title='bbox 2871 3645 2979 3683; x_wconf 91' lang='lat' dir='ltr'><strong><em>esse</em></strong></span> <span class='ocrx_word' id='word_1_532' title='bbox 3005 3630 3245 3699; x_wconf 87' lang='lat' dir='ltr'><strong><em>cuiquam</em></strong></span> <span class='ocrx_word' id='word_1_533' title='bbox 3271 3630 3544 3701; x_wconf 80' lang='lat' dir='ltr'><strong><em>permittat.</em></strong></span> 
     </span>
    </p>
   </div>
   <div class='ocr_carea' id='block_1_71' title="bbox 2355 3718 3883 3781">
    <p class='ocr_par' dir='ltr' id='par_1_71' title="bbox 2355 3718 3883 3781">
     <span class='ocr_line' id='line_1_71' title="bbox 2355 3718 3883 3781; baseline 0.002 -4"><span class='ocrx_word' id='word_1_534' title='bbox 2355 3720 2469 3777; x_wconf 80' lang='lat' dir='ltr'><strong><em>VII.</em></strong></span> <span class='ocrx_word' id='word_1_535' title='bbox 2504 3718 2695 3775; x_wconf 85' lang='lat' dir='ltr'><strong><em>Contra</em></strong></span> <span class='ocrx_word' id='word_1_536' title='bbox 2726 3719 3009 3777; x_wconf 89' lang='lat' dir='ltr'><strong><em>Sabellium</em></strong></span> <span class='ocrx_word' id='word_1_537' title='bbox 3047 3730 3095 3775; x_wconf 87' lang='lat' dir='ltr'><strong><em>et</em></strong></span> <span class='ocrx_word' id='word_1_538' title='bbox 3122 3720 3405 3776; x_wconf 83' lang='lat' dir='ltr'><strong><em>Hebionem</em></strong></span> <span class='ocrx_word' id='word_1_539' title='bbox 3433 3721 3600 3776; x_wconf 85' lang='lat' dir='ltr'><strong><em>ethos</em></strong></span> <span class='ocrx_word' id='word_1_540' title='bbox 3639 3739 3742 3779; x_wconf 86' lang='lat' dir='ltr'><strong><em>non</em></strong></span> <span class='ocrx_word' id='word_1_541' title='bbox 3776 3726 3883 3781; x_wconf 78' lang='lat' dir='ltr'><strong><em>veri</em></strong></span> 
     </span>
    </p>
   </div>
   <div class='ocr_carea' id='block_1_72' title="bbox 2287 3811 3881 3884">
    <p class='ocr_par' dir='ltr' id='par_1_72' title="bbox 2287 3811 3881 3884">
     <span class='ocr_line' id='line_1_72' title="bbox 2287 3811 3881 3884; baseline 0.004 -18"><span class='ocrx_word' id='word_1_542' title='bbox 2287 3812 2385 3866; x_wconf 87' lang='lat' dir='ltr'><strong><em>Dei</em></strong></span> <span class='ocrx_word' id='word_1_543' title='bbox 2405 3811 2769 3882; x_wconf 63' lang='lat' dir='ltr'><strong><em>prardicatores</em></strong></span> <span class='ocrx_word' id='word_1_544' title='bbox 2795 3812 3146 3883; x_wconf 86' lang='lat' dir='ltr'><strong><em>congreditur,</em></strong></span> <span class='ocrx_word' id='word_1_545' title='bbox 3172 3829 3393 3884; x_wconf 87' lang='lat' dir='ltr'><strong><em>quorum</em></strong></span> <span class='ocrx_word' id='word_1_546' title='bbox 3429 3815 3563 3869; x_wconf 89' lang='lat' dir='ltr'><strong><em>inter</em></strong></span> <span class='ocrx_word' id='word_1_547' title='bbox 3583 3832 3636 3870; x_wconf 90' lang='lat' dir='ltr'><strong><em>se</em></strong></span> <span class='ocrx_word' id='word_1_548' title='bbox 3654 3817 3881 3874; x_wconf 85' lang='lat' dir='ltr'><strong><em>diversas</em></strong></span> 
     </span>
    </p>
   </div>
   <div class='ocr_carea' id='block_1_73' title="bbox 2280 3904 3882 3977">
    <p class='ocr_par' dir='ltr' id='par_1_73' title="bbox 2280 3904 3882 3977">
     <span class='ocr_line' id='line_1_73' title="bbox 2280 3904 3882 3977; baseline 0.004 -20"><span class='ocrx_word' id='word_1_549' title='bbox 2280 3904 2514 3975; x_wconf 76' lang='lat' dir='ltr'><strong><em>pet-fidite</em></strong></span> <span class='ocrx_word' id='word_1_550' title='bbox 2540 3904 2845 3973; x_wconf 68' lang='lat' dir='ltr'><strong><em>quiestiones</em></strong></span> <span class='ocrx_word' id='word_1_551' title='bbox 2875 3905 3205 3975; x_wconf 89' lang='lat' dir='ltr'><strong><em>conferendo,</em></strong></span> <span class='ocrx_word' id='word_1_552' title='bbox 3236 3917 3484 3977; x_wconf 87' lang='lat' dir='ltr'><strong><em>quantum</em></strong></span> <span class='ocrx_word' id='word_1_553' title='bbox 3513 3909 3712 3963; x_wconf 88' lang='lat' dir='ltr'><strong><em>intersit</em></strong></span> <span class='ocrx_word' id='word_1_554' title='bbox 3747 3910 3882 3965; x_wconf 87' lang='lat' dir='ltr'><strong><em>inter</em></strong></span> 
     </span>
    </p>
   </div>
   <div class='ocr_carea' id='block_1_74' title="bbox 2282 3996 3883 4068">
    <p class='ocr_par' dir='ltr' id='par_1_74' title="bbox 2282 3996 3883 4068">
     <span class='ocr_line' id='line_1_74' title="bbox 2282 3996 3883 4068; baseline 0.004 -17"><span class='ocrx_word' id='word_1_555' title='bbox 2282 4013 2460 4051; x_wconf 88' lang='lat' dir='ltr'><strong><em>sanam</em></strong></span> <span class='ocrx_word' id='word_1_556' title='bbox 2496 4006 2542 4051; x_wconf 91' lang='lat' dir='ltr'><strong><em>et</em></strong></span> <span class='ocrx_word' id='word_1_557' title='bbox 2569 3996 2916 4051; x_wconf 81' lang='lat' dir='ltr'><strong><em>inviolabilem</em></strong></span> <span class='ocrx_word' id='word_1_558' title='bbox 2943 3996 3066 4068; x_wconf 79' lang='lat' dir='ltr'><strong><em>ﬁdei</em></strong></span> <span class='ocrx_word' id='word_1_559' title='bbox 3092 4007 3279 4053; x_wconf 75' lang='lat' dir='ltr'><strong><em>nostra:</em></strong></span> <span class='ocrx_word' id='word_1_560' title='bbox 3298 3999 3585 4055; x_wconf 85' lang='lat' dir='ltr'><strong><em>doctrinam</em></strong></span> <span class='ocrx_word' id='word_1_561' title='bbox 3613 4001 3883 4058; x_wconf 88' lang='lat' dir='ltr'><strong><em>absolutis-</em></strong></span> 
     </span>
    </p>
   </div>
   <div class='ocr_carea' id='block_1_75' title="bbox 2280 4087 3877 4167">
    <p class='ocr_par' dir='ltr' id='par_1_75' title="bbox 2280 4087 3877 4167">
     <span class='ocr_line' id='line_1_75' title="bbox 2280 4087 3877 4167; baseline 0.003 -24"><span class='ocrx_word' id='word_1_562' title='bbox 2280 4088 2408 4143; x_wconf 85' lang='lat' dir='ltr'><strong><em>sime</em></strong></span> <span class='ocrx_word' id='word_1_563' title='bbox 2441 4087 2775 4144; x_wconf 81' lang='lat' dir='ltr'><strong><em>demonstrat.</em></strong></span> <span class='ocrx_word' id='word_1_564' title='bbox 2811 4090 2901 4146; x_wconf 88' lang='lat' dir='ltr'><strong><em>Sic</em></strong></span> <span class='ocrx_word' id='word_1_565' title='bbox 2925 4106 3141 4160; x_wconf 87' lang='lat' dir='ltr'><strong><em>namque</em></strong></span> <span class='ocrx_word' id='word_1_566' title='bbox 3170 4108 3352 4146; x_wconf 79' lang='lat' dir='ltr'><strong><em>causas</em></strong></span> <span class='ocrx_word' id='word_1_567' title='bbox 3381 4092 3701 4165; x_wconf 87' lang='lat' dir='ltr'><strong><em>singulorum</em></strong></span> <span class='ocrx_word' id='word_1_568' title='bbox 3721 4111 3877 4167; x_wconf 83' lang='lat' dir='ltr'><strong><em>gene-</em></strong></span> 
     </span>
    </p>
   </div>
   <div class='ocr_carea' id='block_1_76' title="bbox 2281 4183 3878 4258">
    <p class='ocr_par' dir='ltr' id='par_1_76' title="bbox 2281 4183 3878 4258">
     <span class='ocr_line' id='line_1_76' title="bbox 2281 4183 3878 4258; baseline 0.004 -21"><span class='ocrx_word' id='word_1_569' title='bbox 2281 4200 2399 4237; x_wconf 91' lang='lat' dir='ltr'><strong><em>rum</em></strong></span> <span class='ocrx_word' id='word_1_570' title='bbox 2441 4199 2507 4239; x_wconf 67' lang='grc' dir='ltr'><strong><em>επ</em></strong></span> <span class='ocrx_word' id='word_1_571' title='bbox 2535 4183 2831 4258; x_wconf 85' lang='lat' dir='ltr'><strong><em>Euangeliis</em></strong></span> <span class='ocrx_word' id='word_1_572' title='bbox 2870 4195 3135 4258; x_wconf 76' lang='lat' dir='ltr'><strong><em>excerptas</em></strong></span> <span class='ocrx_word' id='word_1_573' title='bbox 3177 4188 3521 4257; x_wconf 82' lang='lat' dir='ltr'><strong><em>prosequitur,</em></strong></span> <span class='ocrx_word' id='word_1_574' title='bbox 3547 4197 3606 4242; x_wconf 88' lang='lat' dir='ltr'><strong><em>ut</em></strong></span> <span class='ocrx_word' id='word_1_575' title='bbox 3633 4204 3724 4243; x_wconf 88' lang='lat' dir='ltr'><strong><em>nec</em></strong></span> <span class='ocrx_word' id='word_1_576' title='bbox 3753 4204 3878 4258; x_wconf 89' lang='lat' dir='ltr'><strong><em>pro-</em></strong></span> 
     </span>
    </p>
   </div>
   <div class='ocr_carea' id='block_1_77' title="bbox 2288 4277 3879 4352">
    <p class='ocr_par' dir='ltr' id='par_1_77' title="bbox 2288 4277 3879 4352">
     <span class='ocr_line' id='line_1_77' title="bbox 2288 4277 3879 4352; baseline 0.005 -22"><span class='ocrx_word' id='word_1_577' title='bbox 2288 4277 2443 4347; x_wconf 79' lang='lat' dir='ltr'><strong><em>fessio</em></strong></span> <span class='ocrx_word' id='word_1_578' title='bbox 2462 4289 2638 4333; x_wconf 90' lang='lat' dir='ltr'><strong><em>nostra</em></strong></span> <span class='ocrx_word' id='word_1_579' title='bbox 2680 4279 2896 4333; x_wconf 86' lang='lat' dir='ltr'><strong><em>tacuerit</em></strong></span> <span class='ocrx_word' id='word_1_580' title='bbox 2914 4278 3009 4333; x_wconf 89' lang='lat' dir='ltr'><strong><em>Dei</em></strong></span> <span class='ocrx_word' id='word_1_581' title='bbox 3040 4277 3167 4334; x_wconf 84' lang='lat' dir='ltr'><strong><em>Filii</em></strong></span> <span class='ocrx_word' id='word_1_582' title='bbox 3191 4288 3510 4351; x_wconf 86' lang='lat' dir='ltr'><strong><em>potestatem,</em></strong></span> <span class='ocrx_word' id='word_1_583' title='bbox 3541 4297 3631 4335; x_wconf 89' lang='lat' dir='ltr'><strong><em>nec</em></strong></span> <span class='ocrx_word' id='word_1_584' title='bbox 3660 4292 3879 4352; x_wconf 85' lang='lat' dir='ltr'><strong><em>potestas</em></strong></span> 
     </span>
    </p>
   </div>
   <div class='ocr_carea' id='block_1_78' title="bbox 2287 4370 3882 4433">
    <p class='ocr_par' dir='ltr' id='par_1_78' title="bbox 2287 4370 3882 4433">
     <span class='ocr_line' id='line_1_78' title="bbox 2287 4370 3882 4433; baseline 0.005 -12"><span class='ocrx_word' id='word_1_585' title='bbox 2287 4383 2390 4422; x_wconf 87' lang='lat' dir='ltr'><strong><em>non</em></strong></span> <span class='ocrx_word' id='word_1_586' title='bbox 2416 4370 2697 4424; x_wconf 72' lang='lat' dir='ltr'><strong><em>exseruerit</em></strong></span> <span class='ocrx_word' id='word_1_587' title='bbox 2722 4381 2983 4433; x_wconf 85' lang='lat' dir='ltr'><strong><em>naturam,</em></strong></span> <span class='ocrx_word' id='word_1_588' title='bbox 3012 4386 3103 4423; x_wconf 89' lang='lat' dir='ltr'><strong><em>nec</em></strong></span> <span class='ocrx_word' id='word_1_589' title='bbox 3127 4381 3315 4423; x_wconf 88' lang='lat' dir='ltr'><strong><em>natura</em></strong></span> <span class='ocrx_word' id='word_1_590' title='bbox 3336 4386 3440 4424; x_wconf 89' lang='lat' dir='ltr'><strong><em>non</em></strong></span> <span class='ocrx_word' id='word_1_591' title='bbox 3466 4387 3572 4426; x_wconf 75' lang='lat' dir='ltr'><strong><em>sua:</em></strong></span> <span class='ocrx_word' id='word_1_592' title='bbox 3597 4373 3882 4429; x_wconf 79' lang='lat' dir='ltr'><strong><em>nativitatis</em></strong></span> 
     </span>
    </p>
   </div>
   <div class='ocr_carea' id='block_1_79' title="bbox 648 4459 2175 4545">
    <p class='ocr_par' dir='ltr' id='par_1_79' title="bbox 648 4468 2175 4541">
     <span class='ocr_line' id='line_1_79' title="bbox 648 4468 2175 4541; baseline 0.001 -15"><span class='ocrx_word' id='word_1_593' title='bbox 648 4469 739 4526; x_wconf 78' lang='grc' dir='ltr'><strong><em>ιν.</em></strong></span> <span class='ocrx_word' id='word_1_594' title='bbox 768 4468 1140 4525; x_wconf 69' lang='lat' dir='ltr'><strong><em>[hereticorum</em></strong></span> <span class='ocrx_word' id='word_1_595' title='bbox 1161 4469 1448 4523; x_wconf 87' lang='lat' dir='ltr'><strong><em>doctrinam</em></strong></span> <span class='ocrx_word' id='word_1_596' title='bbox 1461 4470 1689 4541; x_wconf 74' lang='lat' dir='ltr'><strong><em>exponit.</em></strong></span> <span class='ocrx_word' id='word_1_597' title='bbox 1707 4468 1927 4539; x_wconf 85' lang='lat' dir='ltr'><strong><em>Deinde,</em></strong></span> <span class='ocrx_word' id='word_1_598' title='bbox 1947 4473 2175 4529; x_wconf 79' lang='lat' dir='ltr'><strong><em>omnibus</em></strong></span> 
     </span>
    </p>
   </div>
   <div class='ocr_carea' id='block_1_80' title="bbox 2279 4459 3353 4545">
    <p class='ocr_par' dir='ltr' id='par_1_80' title="bbox 2286 4459 3353 4524">
     <span class='ocr_line' id='line_1_80' title="bbox 2286 4459 3353 4524; baseline 0 -9"><span class='ocrx_word' id='word_1_599' title='bbox 2286 4460 2372 4524; x_wconf 83' lang='lat' dir='ltr'><strong><em>sit,</em></strong></span> <span class='ocrx_word' id='word_1_600' title='bbox 2397 4476 2487 4513; x_wconf 87' lang='lat' dir='ltr'><strong><em>nec</em></strong></span> <span class='ocrx_word' id='word_1_601' title='bbox 2516 4461 2755 4513; x_wconf 81' lang='lat' dir='ltr'><strong><em>natiuitas</em></strong></span> <span class='ocrx_word' id='word_1_602' title='bbox 2785 4475 2887 4513; x_wconf 88' lang='lat' dir='ltr'><strong><em>non</em></strong></span> <span class='ocrx_word' id='word_1_603' title='bbox 2915 4459 2995 4512; x_wconf 90' lang='lat' dir='ltr'><strong><em>sui</em></strong></span> <span class='ocrx_word' id='word_1_604' title='bbox 3019 4462 3083 4512; x_wconf 85' lang='lat' dir='ltr'><strong><em>sit</em></strong></span> <span class='ocrx_word' id='word_1_605' title='bbox 3111 4460 3353 4515; x_wconf 89' lang='lat' dir='ltr'><strong><em>nominis.</em></strong></span> 
     </span>
    </p>
   </div>
   <div class='ocr_carea' id='block_1_81' title="bbox 579 4561 2174 4635">
    <p class='ocr_par' dir='ltr' id='par_1_81' title="bbox 579 4561 2174 4635">
     <span class='ocr_line' id='line_1_81' title="bbox 579 4561 2174 4635; baseline 0.001 -17"><span class='ocrx_word' id='word_1_606' title='bbox 579 4563 705 4635; x_wconf 86' lang='lat' dir='ltr'><strong><em>legis</em></strong></span> <span class='ocrx_word' id='word_1_607' title='bbox 744 4577 808 4615; x_wconf 89' lang='lat' dir='ltr'><strong><em>ac</em></strong></span> <span class='ocrx_word' id='word_1_608' title='bbox 849 4562 1221 4634; x_wconf 84' lang='lat' dir='ltr'><strong><em>prapltetarum</em></strong></span> <span class='ocrx_word' id='word_1_609' title='bbox 1262 4561 1562 4616; x_wconf 87' lang='lat' dir='ltr'><strong><em>testimoniis</em></strong></span> <span class='ocrx_word' id='word_1_610' title='bbox 1607 4562 1989 4630; x_wconf 86' lang='lat' dir='ltr'><strong><em>demonstratis,</em></strong></span> <span class='ocrx_word' id='word_1_611' title='bbox 2018 4568 2174 4633; x_wconf 83' lang='lat' dir='ltr'><strong><em>perﬁ-</em></strong></span> 
     </span>
    </p>
   </div>
   <div class='ocr_carea' id='block_1_82' title="bbox 577 4651 2175 4719">
    <p class='ocr_par' dir='ltr' id='par_1_82' title="bbox 577 4651 2175 4719">
     <span class='ocr_line' id='line_1_82' title="bbox 577 4651 2175 4719; baseline -0.001 -10"><span class='ocrx_word' id='word_1_612' title='bbox 577 4656 717 4709; x_wconf 88' lang='lat' dir='ltr'><strong><em>diam</em></strong></span> <span class='ocrx_word' id='word_1_613' title='bbox 743 4669 920 4709; x_wconf 89' lang='lat' dir='ltr'><strong><em>eorum</em></strong></span> <span class='ocrx_word' id='word_1_614' title='bbox 959 4655 1032 4708; x_wconf 91' lang='lat' dir='ltr'><strong><em>ita</em></strong></span> <span class='ocrx_word' id='word_1_615' title='bbox 1070 4653 1304 4719; x_wconf 78' lang='lat' dir='ltr'><strong><em>revincit,</em></strong></span> <span class='ocrx_word' id='word_1_616' title='bbox 1333 4662 1388 4706; x_wconf 91' lang='lat' dir='ltr'><strong><em>ut</em></strong></span> <span class='ocrx_word' id='word_1_617' title='bbox 1432 4669 1593 4707; x_wconf 88' lang='lat' dir='ltr'><strong><em>unum</em></strong></span> <span class='ocrx_word' id='word_1_618' title='bbox 1617 4651 1784 4706; x_wconf 85' lang='lat' dir='ltr'><strong><em>Deum</em></strong></span> <span class='ocrx_word' id='word_1_619' title='bbox 1823 4654 1934 4707; x_wconf 89' lang='lat' dir='ltr'><strong><em>sine</em></strong></span> <span class='ocrx_word' id='word_1_620' title='bbox 1971 4652 2175 4708; x_wconf 79' lang='lat' dir='ltr'><strong><em>Christo</em></strong></span> 
     </span>
    </p>
   </div>
   <div class='ocr_carea' id='block_1_83' title="bbox 575 4743 2179 4817">
    <p class='ocr_par' dir='ltr' id='par_1_83' title="bbox 575 4743 2179 4817">
     <span class='ocr_line' id='line_1_83' title="bbox 575 4743 2179 4817; baseline -0.002 -13"><span class='ocrx_word' id='word_1_621' title='bbox 575 4747 689 4804; x_wconf 89' lang='lat' dir='ltr'><strong><em>Deo</em></strong></span> <span class='ocrx_word' id='word_1_622' title='bbox 730 4757 779 4803; x_wconf 91' lang='lat' dir='ltr'><strong><em>et</em></strong></span> <span class='ocrx_word' id='word_1_623' title='bbox 822 4747 1081 4817; x_wconf 81' lang='lat' dir='ltr'><strong><em>confiteri,</em></strong></span> <span class='ocrx_word' id='word_1_624' title='bbox 1133 4756 1180 4800; x_wconf 92' lang='lat' dir='ltr'><strong><em>et</em></strong></span> <span class='ocrx_word' id='word_1_625' title='bbox 1218 4761 1321 4799; x_wconf 91' lang='lat' dir='ltr'><strong><em>non</em></strong></span> <span class='ocrx_word' id='word_1_626' title='bbox 1359 4760 1474 4797; x_wconf 89' lang='lat' dir='ltr'><strong><em>cum</em></strong></span> <span class='ocrx_word' id='word_1_627' title='bbox 1519 4760 1578 4798; x_wconf 92' lang='lat' dir='ltr'><strong><em>eo</em></strong></span> <span class='ocrx_word' id='word_1_628' title='bbox 1611 4743 1899 4814; x_wconf 73' lang='lat' dir='ltr'><strong><em>prwdicare</em></strong></span> <span class='ocrx_word' id='word_1_629' title='bbox 1944 4746 2179 4816; x_wconf 74' lang='lat' dir='ltr'><strong><em>perﬁdia:</em></strong></span> 
     </span>
    </p>
   </div>
   <div class='ocr_carea' id='block_1_84' title="bbox 572 4841 662 4896">
    <p class='ocr_par' dir='ltr' id='par_1_84' title="bbox 572 4841 662 4896">
     <span class='ocr_line' id='line_1_84' title="bbox 572 4841 662 4896; baseline -0.022 0"><span class='ocrx_word' id='word_1_630' title='bbox 572 4841 662 4896; x_wconf 88' lang='lat' dir='ltr'><strong><em>sit.</em></strong></span> 
     </span>
    </p>
   </div>
   <div class='ocr_carea' id='block_1_85' title="bbox 652 4926 2175 5001">
    <p class='ocr_par' dir='ltr' id='par_1_85' title="bbox 652 4926 2175 5001">
     <span class='ocr_line' id='line_1_85' title="bbox 652 4926 2175 5001; baseline -0.003 -15"><span class='ocrx_word' id='word_1_631' title='bbox 652 4930 719 4987; x_wconf 73' lang='grc' dir='ltr'><strong>γ.</strong></span> <span class='ocrx_word' id='word_1_632' title='bbox 763 4927 957 4985; x_wconf 87' lang='lat' dir='ltr'><strong><em>Contra</em></strong></span> <span class='ocrx_word' id='word_1_633' title='bbox 984 4942 1159 4982; x_wconf 89' lang='lat' dir='ltr'><strong><em>omnes</em></strong></span> <span class='ocrx_word' id='word_1_634' title='bbox 1197 4926 1555 4981; x_wconf 76' lang='lat' dir='ltr'><strong><em>hwreticorum</em></strong></span> <span class='ocrx_word' id='word_1_635' title='bbox 1582 4926 1925 4997; x_wconf 80' lang='lat' dir='ltr'><strong><em>professiones</em></strong></span> <span class='ocrx_word' id='word_1_636' title='bbox 1963 4944 2175 5001; x_wconf 87' lang='lat' dir='ltr'><strong><em>congre-</em></strong></span> 
     </span>
    </p>
   </div>
   <div class='ocr_carea' id='block_1_86' title="bbox 577 5019 2174 5095">
    <p class='ocr_par' dir='ltr' id='par_1_86' title="bbox 577 5019 2174 5095">
     <span class='ocr_line' id='line_1_86' title="bbox 577 5019 2174 5095; baseline -0.003 -15"><span class='ocrx_word' id='word_1_637' title='bbox 577 5026 739 5090; x_wconf 85' lang='lat' dir='ltr'><strong><em>ditur,</em></strong></span> <span class='ocrx_word' id='word_1_638' title='bbox 761 5021 945 5095; x_wconf 88' lang='lat' dir='ltr'><strong><em>quibus</em></strong></span> <span class='ocrx_word' id='word_1_639' title='bbox 970 5036 1131 5075; x_wconf 88' lang='lat' dir='ltr'><strong><em>unum</em></strong></span> <span class='ocrx_word' id='word_1_640' title='bbox 1162 5019 1323 5075; x_wconf 90' lang='lat' dir='ltr'><strong><em>Deum</em></strong></span> <span class='ocrx_word' id='word_1_641' title='bbox 1343 5020 1624 5075; x_wconf 89' lang='lat' dir='ltr'><strong><em>secundum</em></strong></span> <span class='ocrx_word' id='word_1_642' title='bbox 1644 5020 1826 5094; x_wconf 88' lang='lat' dir='ltr'><strong><em>legem,</em></strong></span> <span class='ocrx_word' id='word_1_643' title='bbox 1850 5021 1918 5074; x_wconf 89' lang='lat' dir='ltr'><strong><em>ad</em></strong></span> <span class='ocrx_word' id='word_1_644' title='bbox 1942 5022 2174 5076; x_wconf 86' lang='lat' dir='ltr'><strong><em>adimen-</em></strong></span> 
     </span>
    </p>
   </div>
   <div class='ocr_carea' id='block_1_87' title="bbox 577 5110 2173 5185">
    <p class='ocr_par' dir='ltr' id='par_1_87' title="bbox 577 5110 2173 5185">
     <span class='ocr_line' id='line_1_87' title="bbox 577 5110 2173 5185; baseline -0.003 -12"><span class='ocrx_word' id='word_1_645' title='bbox 577 5119 700 5173; x_wconf 89' lang='lat' dir='ltr'><strong><em>dam</em></strong></span> <span class='ocrx_word' id='word_1_646' title='bbox 747 5114 970 5170; x_wconf 90' lang='lat' dir='ltr'><strong><em>Domino</em></strong></span> <span class='ocrx_word' id='word_1_647' title='bbox 1011 5110 1218 5169; x_wconf 80' lang='lat' dir='ltr'><strong><em>Christo</em></strong></span> <span class='ocrx_word' id='word_1_648' title='bbox 1248 5112 1585 5176; x_wconf 82' lang='lat' dir='ltr'><strong><em>natiuitatem,</em></strong></span> <span class='ocrx_word' id='word_1_649' title='bbox 1618 5122 1667 5165; x_wconf 87' lang='lat' dir='ltr'><strong><em>et</em></strong></span> <span class='ocrx_word' id='word_1_650' title='bbox 1707 5114 2084 5185; x_wconf 87' lang='lat' dir='ltr'><strong><em>proferentibus</em></strong></span> <span class='ocrx_word' id='word_1_651' title='bbox 2127 5124 2173 5169; x_wconf 88' lang='lat' dir='ltr'><strong><em>et</em></strong></span> 
     </span>
    </p>
   </div>
   <div class='ocr_carea' id='block_1_88' title="bbox 576 5199 2174 5281">
    <p class='ocr_par' dir='ltr' id='par_1_88' title="bbox 576 5199 2174 5281">
     <span class='ocr_line' id='line_1_88' title="bbox 576 5199 2174 5281; baseline -0.001 -19"><span class='ocrx_word' id='word_1_652' title='bbox 576 5206 975 5281; x_wconf 59' lang='lat' dir='ltr'><strong><em>praedicantibus</em></strong></span> <span class='ocrx_word' id='word_1_653' title='bbox 1028 5205 1102 5258; x_wconf 89' lang='lat' dir='ltr'><strong><em>ita</em></strong></span> <span class='ocrx_word' id='word_1_654' title='bbox 1144 5199 1436 5275; x_wconf 79' lang='lat' dir='ltr'><strong><em>respondet,</em></strong></span> <span class='ocrx_word' id='word_1_655' title='bbox 1491 5214 1547 5259; x_wconf 90' lang='lat' dir='ltr'><strong><em>ut</em></strong></span> <span class='ocrx_word' id='word_1_656' title='bbox 1594 5221 1698 5258; x_wconf 91' lang='lat' dir='ltr'><strong><em>uno</em></strong></span> <span class='ocrx_word' id='word_1_657' title='bbox 1736 5220 1854 5259; x_wconf 78' lang='lat' dir='ltr'><strong><em>vero</em></strong></span> <span class='ocrx_word' id='word_1_658' title='bbox 1890 5203 1986 5260; x_wconf 88' lang='lat' dir='ltr'><strong><em>Dei</em></strong></span> <span class='ocrx_word' id='word_1_659' title='bbox 2030 5216 2174 5276; x_wconf 87' lang='lat' dir='ltr'><strong><em>patre</em></strong></span> 
     </span>
    </p>
   </div>
   <div class='ocr_carea' id='block_1_89' title="bbox 580 5295 2173 5372">
    <p class='ocr_par' dir='ltr' id='par_1_89' title="bbox 580 5295 2173 5372">
     <span class='ocr_line' id='line_1_89' title="bbox 580 5295 2173 5372; baseline 0.001 -19"><span class='ocrx_word' id='word_1_660' title='bbox 580 5315 645 5354; x_wconf 80' lang='lat' dir='ltr'><strong><em>ea:</em></strong></span> <span class='ocrx_word' id='word_1_661' title='bbox 673 5300 781 5372; x_wconf 90' lang='lat' dir='ltr'><strong><em>lege</em></strong></span> <span class='ocrx_word' id='word_1_662' title='bbox 821 5308 867 5352; x_wconf 89' lang='lat' dir='ltr'><strong><em>et</em></strong></span> <span class='ocrx_word' id='word_1_663' title='bbox 892 5296 1155 5371; x_wconf 82' lang='lat' dir='ltr'><strong><em>prophetis</em></strong></span> <span class='ocrx_word' id='word_1_664' title='bbox 1189 5295 1474 5368; x_wconf 67' lang='lat' dir='ltr'><strong><em>praedicata</em></strong></span> <span class='ocrx_word' id='word_1_665' title='bbox 1511 5306 1558 5351; x_wconf 92' lang='lat' dir='ltr'><strong><em>et</em></strong></span> <span class='ocrx_word' id='word_1_666' title='bbox 1587 5297 1715 5367; x_wconf 90' lang='lat' dir='ltr'><strong><em>ﬁdes</em></strong></span> <span class='ocrx_word' id='word_1_667' title='bbox 1749 5299 1905 5354; x_wconf 89' lang='lat' dir='ltr'><strong><em>unius</em></strong></span> <span class='ocrx_word' id='word_1_668' title='bbox 1925 5296 2024 5354; x_wconf 89' lang='lat' dir='ltr'><strong><em>Dei</em></strong></span> <span class='ocrx_word' id='word_1_669' title='bbox 2061 5316 2173 5355; x_wconf 90' lang='lat' dir='ltr'><strong><em>ma-</em></strong></span> 
     </span>
    </p>
   </div>
   <div class='ocr_carea' id='block_1_90' title="bbox 576 5389 1779 5462">
    <p class='ocr_par' dir='ltr' id='par_1_90' title="bbox 576 5389 1779 5462">
     <span class='ocr_line' id='line_1_90' title="bbox 576 5389 1779 5462; baseline -0.001 -17"><span class='ocrx_word' id='word_1_670' title='bbox 576 5399 697 5445; x_wconf 86' lang='lat' dir='ltr'><strong><em>neat</em></strong></span> <span class='ocrx_word' id='word_1_671' title='bbox 726 5391 1045 5462; x_wconf 86' lang='lat' dir='ltr'><strong><em>incorrupta,</em></strong></span> <span class='ocrx_word' id='word_1_672' title='bbox 1079 5399 1126 5445; x_wconf 92' lang='lat' dir='ltr'><strong><em>et</em></strong></span> <span class='ocrx_word' id='word_1_673' title='bbox 1154 5406 1256 5444; x_wconf 90' lang='lat' dir='ltr'><strong><em>non</em></strong></span> <span class='ocrx_word' id='word_1_674' title='bbox 1283 5398 1492 5460; x_wconf 87' lang='lat' dir='ltr'><strong><em>negetur</em></strong></span> <span class='ocrx_word' id='word_1_675' title='bbox 1518 5389 1779 5444; x_wconf 81' lang='lat' dir='ltr'><strong><em>natioitas.</em></strong></span> 
     </span>
    </p>
   </div>
   <div class='ocr_carea' id='block_1_91' title="bbox 653 5481 2177 5553">
    <p class='ocr_par' dir='ltr' id='par_1_91' title="bbox 653 5481 2177 5553">
     <span class='ocr_line' id='line_1_91' title="bbox 653 5481 2177 5553; baseline 0 -17"><span class='ocrx_word' id='word_1_676' title='bbox 653 5482 740 5537; x_wconf 86' lang='lat' dir='ltr'><strong><em>Vl.</em></strong></span> <span class='ocrx_word' id='word_1_677' title='bbox 773 5481 960 5539; x_wconf 87' lang='lat' dir='ltr'><strong><em>Omnes</em></strong></span> <span class='ocrx_word' id='word_1_678' title='bbox 996 5484 1184 5553; x_wconf 87' lang='lat' dir='ltr'><strong><em>impias</em></strong></span> <span class='ocrx_word' id='word_1_679' title='bbox 1205 5492 1253 5538; x_wconf 93' lang='lat' dir='ltr'><strong><em>et</em></strong></span> <span class='ocrx_word' id='word_1_680' title='bbox 1274 5482 1632 5552; x_wconf 87' lang='lat' dir='ltr'><strong><em>fraudulentas</em></strong></span> <span class='ocrx_word' id='word_1_681' title='bbox 1645 5481 2177 5537; x_wconf 73' lang='lat' dir='ltr'><strong><em>btereticorumasser-</em></strong></span> 
     </span>
    </p>
   </div>
   <div class='ocr_carea' id='block_1_92' title="bbox 579 5572 2177 5642">
    <p class='ocr_par' dir='ltr' id='par_1_92' title="bbox 579 5572 2177 5642">
     <span class='ocr_line' id='line_1_92' title="bbox 579 5572 2177 5642; baseline 0.001 -13"><span class='ocrx_word' id='word_1_682' title='bbox 579 5576 763 5640; x_wconf 85' lang='lat' dir='ltr'><strong><em>tiones,</em></strong></span> <span class='ocrx_word' id='word_1_683' title='bbox 805 5575 1059 5630; x_wconf 85' lang='lat' dir='ltr'><strong><em>Valentini</em></strong></span> <span class='ocrx_word' id='word_1_684' title='bbox 1099 5576 1313 5642; x_wconf 88' lang='lat' dir='ltr'><strong><em>scilicet,</em></strong></span> <span class='ocrx_word' id='word_1_685' title='bbox 1340 5584 1387 5629; x_wconf 90' lang='lat' dir='ltr'><strong><em>et</em></strong></span> <span class='ocrx_word' id='word_1_686' title='bbox 1417 5573 1655 5642; x_wconf 89' lang='lat' dir='ltr'><strong><em>Sabellii,</em></strong></span> <span class='ocrx_word' id='word_1_687' title='bbox 1696 5584 1747 5629; x_wconf 89' lang='lat' dir='ltr'><strong><em>et</em></strong></span> <span class='ocrx_word' id='word_1_688' title='bbox 1797 5572 2076 5630; x_wconf 75' lang='lat' dir='ltr'><strong><em>Manichtei</em></strong></span> <span class='ocrx_word' id='word_1_689' title='bbox 2129 5584 2177 5630; x_wconf 91' lang='lat' dir='ltr'><strong><em>et</em></strong></span> 
     </span>
    </p>
   </div>
   <div class='ocr_carea' id='block_1_93' title="bbox 583 5665 2179 5739">
    <p class='ocr_par' dir='ltr' id='par_1_93' title="bbox 583 5665 2179 5739">
     <span class='ocr_line' id='line_1_93' title="bbox 583 5665 2179 5739; baseline 0.001 -19"><span class='ocrx_word' id='word_1_690' title='bbox 583 5665 886 5720; x_wconf 76' lang='lat' dir='ltr'><strong><em>Hierarrlta:</em></strong></span> <span class='ocrx_word' id='word_1_691' title='bbox 916 5668 1233 5738; x_wconf 80' lang='lat' dir='ltr'><strong><em>apertissime</em></strong></span> <span class='ocrx_word' id='word_1_692' title='bbox 1286 5668 1486 5737; x_wconf 89' lang='lat' dir='ltr'><strong><em>pandit.</em></strong></span> <span class='ocrx_word' id='word_1_693' title='bbox 1535 5669 1627 5724; x_wconf 91' lang='lat' dir='ltr'><strong><em>Sic</em></strong></span> <span class='ocrx_word' id='word_1_694' title='bbox 1673 5669 1809 5722; x_wconf 81' lang='lat' dir='ltr'><strong><em>enim</em></strong></span> <span class='ocrx_word' id='word_1_695' title='bbox 1860 5667 2179 5739; x_wconf 87' lang='lat' dir='ltr'><strong><em>singulorunt</em></strong></span> 
     </span>
    </p>
   </div>
   <div class='ocr_carea' id='block_1_94' title="bbox 570 5746 2176 5831">
    <p class='ocr_par' dir='ltr' id='par_1_94' title="bbox 570 5746 2176 5831">
     <span class='ocr_line' id='line_1_94' title="bbox 570 5746 2176 5831; baseline -0.001 -13"><span class='ocrx_word' id='word_1_696' title='bbox 570 5746 824 5831; x_wconf 52' lang='lat' dir='ltr'><strong><em>correptis</em></strong></span> <span class='ocrx_word' id='word_1_697' title='bbox 850 5758 904 5814; x_wconf 89' lang='lat' dir='ltr'><strong><em>in</em></strong></span> <span class='ocrx_word' id='word_1_698' title='bbox 919 5759 1100 5814; x_wconf 83' lang='lat' dir='ltr'><strong><em>melius</em></strong></span> <span class='ocrx_word' id='word_1_699' title='bbox 1123 5758 1284 5813; x_wconf 77' lang='lat' dir='ltr'><strong><em>verbis</em></strong></span> <span class='ocrx_word' id='word_1_700' title='bbox 1311 5761 1555 5829; x_wconf 85' lang='lat' dir='ltr'><strong><em>occurrit,</em></strong></span> <span class='ocrx_word' id='word_1_701' title='bbox 1581 5768 1638 5815; x_wconf 88' lang='lat' dir='ltr'><strong><em>ut</em></strong></span> <span class='ocrx_word' id='word_1_702' title='bbox 1663 5777 1753 5815; x_wconf 86' lang='lat' dir='ltr'><strong><em>nec</em></strong></span> <span class='ocrx_word' id='word_1_703' title='bbox 1780 5776 2047 5816; x_wconf 82' lang='lat' dir='ltr'><strong><em>commune</em></strong></span> <span class='ocrx_word' id='word_1_704' title='bbox 2069 5776 2176 5817; x_wconf 82' lang='lat' dir='ltr'><strong><em>esse</em></strong></span> 
     </span>
    </p>
   </div>
   <div class='ocr_carea' id='block_1_95' title="bbox 2354 4550 3879 4615">
    <p class='ocr_par' dir='ltr' id='par_1_95' title="bbox 2354 4550 3879 4615">
     <span class='ocr_line' id='line_1_95' title="bbox 2354 4550 3879 4615; baseline 0.006 -9"><span class='ocrx_word' id='word_1_705' title='bbox 2354 4550 2492 4606; x_wconf 83' lang='lat' dir='ltr'><strong><em>VIII.</em></strong></span> <span class='ocrx_word' id='word_1_706' title='bbox 2530 4550 2695 4605; x_wconf 89' lang='lat' dir='ltr'><strong><em>Totus</em></strong></span> <span class='ocrx_word' id='word_1_707' title='bbox 2716 4552 2768 4604; x_wconf 91' lang='lat' dir='ltr'><strong><em>in</em></strong></span> <span class='ocrx_word' id='word_1_708' title='bbox 2795 4552 2950 4605; x_wconf 86' lang='lat' dir='ltr'><strong><em>unius</em></strong></span> <span class='ocrx_word' id='word_1_709' title='bbox 2976 4551 3071 4606; x_wconf 89' lang='lat' dir='ltr'><strong><em>Dei</em></strong></span> <span class='ocrx_word' id='word_1_710' title='bbox 3110 4552 3590 4611; x_wconf 89' lang='lat' dir='ltr'><strong><em>demonstrationem</em></strong></span> <span class='ocrx_word' id='word_1_711' title='bbox 3644 4560 3879 4615; x_wconf 88' lang='lat' dir='ltr'><strong><em>detentus</em></strong></span> 
     </span>
    </p>
   </div>
   <div class='ocr_carea' id='block_1_96' title="bbox 2283 4640 3879 4724">
    <p class='ocr_par' dir='ltr' id='par_1_96' title="bbox 2283 4640 3879 4724">
     <span class='ocr_line' id='line_1_96' title="bbox 2283 4640 3879 4724; baseline 0.009 -30"><span class='ocrx_word' id='word_1_712' title='bbox 2283 4651 2378 4706; x_wconf 90' lang='lat' dir='ltr'><strong><em>est,</em></strong></span> <span class='ocrx_word' id='word_1_713' title='bbox 2406 4657 2511 4694; x_wconf 90' lang='lat' dir='ltr'><strong><em>non</em></strong></span> <span class='ocrx_word' id='word_1_714' title='bbox 2549 4645 2786 4711; x_wconf 79' lang='lat' dir='ltr'><strong><em>auferens</em></strong></span> <span class='ocrx_word' id='word_1_715' title='bbox 2809 4640 2953 4698; x_wconf 88' lang='lat' dir='ltr'><strong><em>Filio</em></strong></span> <span class='ocrx_word' id='word_1_716' title='bbox 2980 4643 3074 4699; x_wconf 89' lang='lat' dir='ltr'><strong><em>Dei</em></strong></span> <span class='ocrx_word' id='word_1_717' title='bbox 3097 4646 3430 4716; x_wconf 80' lang='lat' dir='ltr'><strong><em>natiuitatem,</em></strong></span> <span class='ocrx_word' id='word_1_718' title='bbox 3456 4650 3546 4703; x_wconf 86' lang='lat' dir='ltr'><strong><em>sed</em></strong></span> <span class='ocrx_word' id='word_1_719' title='bbox 3587 4668 3746 4721; x_wconf 86' lang='lat' dir='ltr'><strong><em>neque</em></strong></span> <span class='ocrx_word' id='word_1_720' title='bbox 3790 4671 3879 4724; x_wconf 89' lang='lat' dir='ltr'><strong><em>per</em></strong></span> 
     </span>
    </p>
   </div>
   <div class='ocr_carea' id='block_1_97' title="bbox 2283 4732 3871 4815">
    <p class='ocr_par' dir='ltr' id='par_1_97' title="bbox 2283 4732 3871 4815">
     <span class='ocr_line' id='line_1_97' title="bbox 2283 4732 3871 4815; baseline 0.008 -26"><span class='ocrx_word' id='word_1_721' title='bbox 2283 4750 2394 4789; x_wconf 89' lang='lat' dir='ltr'><strong><em>eam</em></strong></span> <span class='ocrx_word' id='word_1_722' title='bbox 2420 4732 2583 4788; x_wconf 89' lang='lat' dir='ltr'><strong><em>duum</em></strong></span> <span class='ocrx_word' id='word_1_723' title='bbox 2601 4735 2812 4789; x_wconf 89' lang='lat' dir='ltr'><strong><em>deorum</em></strong></span> <span class='ocrx_word' id='word_1_724' title='bbox 2835 4736 3151 4792; x_wconf 85' lang='lat' dir='ltr'><strong><em>divinitatem</em></strong></span> <span class='ocrx_word' id='word_1_725' title='bbox 3168 4740 3518 4798; x_wconf 88' lang='lat' dir='ltr'><strong><em>introducens.</em></strong></span> <span class='ocrx_word' id='word_1_726' title='bbox 3546 4741 3743 4800; x_wconf 86' lang='lat' dir='ltr'><strong><em>Deinde</em></strong></span> <span class='ocrx_word' id='word_1_727' title='bbox 3763 4749 3871 4815; x_wconf 85' lang='lat' dir='ltr'><strong><em>qui-</em></strong></span> 
     </span>
    </p>
   </div>
   <div class='ocr_carea' id='block_1_98' title="bbox 2285 4827 3875 4907">
    <p class='ocr_par' dir='ltr' id='par_1_98' title="bbox 2285 4827 3875 4907">
     <span class='ocr_line' id='line_1_98' title="bbox 2285 4827 3875 4907; baseline 0.006 -24"><span class='ocrx_word' id='word_1_728' title='bbox 2285 4829 2377 4883; x_wconf 88' lang='lat' dir='ltr'><strong><em>bus</em></strong></span> <span class='ocrx_word' id='word_1_729' title='bbox 2404 4827 2568 4882; x_wconf 88' lang='lat' dir='ltr'><strong><em>modis</em></strong></span> <span class='ocrx_word' id='word_1_730' title='bbox 2618 4829 2846 4884; x_wconf 75' lang='lat' dir='ltr'><strong><em>nteretici</em></strong></span> <span class='ocrx_word' id='word_1_731' title='bbox 2895 4832 3154 4885; x_wconf 85' lang='lat' dir='ltr'><strong><em>veritatem</em></strong></span> <span class='ocrx_word' id='word_1_732' title='bbox 3178 4832 3276 4888; x_wconf 91' lang='lat' dir='ltr'><strong><em>Dei</em></strong></span> <span class='ocrx_word' id='word_1_733' title='bbox 3299 4832 3479 4891; x_wconf 89' lang='lat' dir='ltr'><strong><em>Patris</em></strong></span> <span class='ocrx_word' id='word_1_734' title='bbox 3526 4846 3573 4892; x_wconf 91' lang='lat' dir='ltr'><strong><em>et</em></strong></span> <span class='ocrx_word' id='word_1_735' title='bbox 3605 4836 3706 4894; x_wconf 89' lang='lat' dir='ltr'><strong><em>Dei</em></strong></span> <span class='ocrx_word' id='word_1_736' title='bbox 3723 4837 3875 4907; x_wconf 85' lang='lat' dir='ltr'><strong><em>Filii,</em></strong></span> 
     </span>
    </p>
   </div>
   <div class='ocr_carea' id='block_1_99' title="bbox 2285 4921 3878 4994">
    <p class='ocr_par' dir='ltr' id='par_1_99' title="bbox 2285 4921 3878 4994">
     <span class='ocr_line' id='line_1_99' title="bbox 2285 4921 3878 4994; baseline 0.009 -20"><span class='ocrx_word' id='word_1_737' title='bbox 2285 4921 2406 4992; x_wconf 88' lang='lat' dir='ltr'><strong><em>quia</em></strong></span> <span class='ocrx_word' id='word_1_738' title='bbox 2427 4937 2616 4993; x_wconf 89' lang='lat' dir='ltr'><strong><em>negare</em></strong></span> <span class='ocrx_word' id='word_1_739' title='bbox 2638 4938 2740 4976; x_wconf 85' lang='lat' dir='ltr'><strong><em>non</em></strong></span> <span class='ocrx_word' id='word_1_740' title='bbox 2771 4932 3008 4994; x_wconf 87' lang='lat' dir='ltr'><strong><em>possunt,</em></strong></span> <span class='ocrx_word' id='word_1_741' title='bbox 3040 4924 3243 4980; x_wconf 87' lang='lat' dir='ltr'><strong><em>eludere</em></strong></span> <span class='ocrx_word' id='word_1_742' title='bbox 3271 4926 3525 4990; x_wconf 85' lang='lat' dir='ltr'><strong><em>nituntur,</em></strong></span> <span class='ocrx_word' id='word_1_743' title='bbox 3555 4931 3752 4987; x_wconf 88' lang='lat' dir='ltr'><strong><em>edocet.</em></strong></span> <span class='ocrx_word' id='word_1_744' title='bbox 3786 4932 3878 4990; x_wconf 88' lang='lat' dir='ltr'><strong><em>Sic</em></strong></span> 
     </span>
    </p>
   </div>
   <div class='ocr_carea' id='block_1_100' title="bbox 2281 5014 3878 5085">
    <p class='ocr_par' dir='ltr' id='par_1_100' title="bbox 2281 5014 3878 5085">
     <span class='ocr_line' id='line_1_100' title="bbox 2281 5014 3878 5085; baseline 0.008 -17"><span class='ocrx_word' id='word_1_745' title='bbox 2281 5014 2435 5069; x_wconf 90' lang='lat' dir='ltr'><strong><em>etiam</em></strong></span> <span class='ocrx_word' id='word_1_746' title='bbox 2460 5025 2645 5069; x_wconf 75' lang='lat' dir='ltr'><strong><em>cwtera</em></strong></span> <span class='ocrx_word' id='word_1_747' title='bbox 2666 5017 3008 5085; x_wconf 86' lang='lat' dir='ltr'><strong><em>prosequitur,</em></strong></span> <span class='ocrx_word' id='word_1_748' title='bbox 3036 5025 3094 5069; x_wconf 90' lang='lat' dir='ltr'><strong><em>ut</em></strong></span> <span class='ocrx_word' id='word_1_749' title='bbox 3121 5026 3168 5071; x_wconf 90' lang='lat' dir='ltr'><strong><em>et</em></strong></span> <span class='ocrx_word' id='word_1_750' title='bbox 3204 5018 3256 5071; x_wconf 91' lang='lat' dir='ltr'><strong><em>in</em></strong></span> <span class='ocrx_word' id='word_1_751' title='bbox 3275 5016 3438 5074; x_wconf 85' lang='lat' dir='ltr'><strong><em>Patre</em></strong></span> <span class='ocrx_word' id='word_1_752' title='bbox 3452 5019 3621 5077; x_wconf 84' lang='lat' dir='ltr'><strong><em>Filius</em></strong></span> <span class='ocrx_word' id='word_1_753' title='bbox 3644 5024 3878 5082; x_wconf 88' lang='lat' dir='ltr'><strong><em>intellec-</em></strong></span> 
     </span>
    </p>
   </div>
   <div class='ocr_carea' id='block_1_101' title="bbox 2281 5106 3876 5184">
    <p class='ocr_par' dir='ltr' id='par_1_101' title="bbox 2281 5106 3876 5184">
     <span class='ocr_line' id='line_1_101' title="bbox 2281 5106 3876 5184; baseline 0.009 -23"><span class='ocrx_word' id='word_1_754' title='bbox 2281 5116 2384 5175; x_wconf 87' lang='lat' dir='ltr'><strong><em>tus,</em></strong></span> <span class='ocrx_word' id='word_1_755' title='bbox 2416 5117 2461 5163; x_wconf 92' lang='lat' dir='ltr'><strong><em>et</em></strong></span> <span class='ocrx_word' id='word_1_756' title='bbox 2504 5108 2663 5164; x_wconf 87' lang='lat' dir='ltr'><strong><em>Pater</em></strong></span> <span class='ocrx_word' id='word_1_757' title='bbox 2708 5109 2763 5163; x_wconf 91' lang='lat' dir='ltr'><strong><em>in</em></strong></span> <span class='ocrx_word' id='word_1_758' title='bbox 2804 5106 2942 5164; x_wconf 85' lang='lat' dir='ltr'><strong><em>Filio</em></strong></span> <span class='ocrx_word' id='word_1_759' title='bbox 2973 5110 3229 5183; x_wconf 88' lang='lat' dir='ltr'><strong><em>cognitus,</em></strong></span> <span class='ocrx_word' id='word_1_760' title='bbox 3273 5113 3521 5184; x_wconf 88' lang='lat' dir='ltr'><strong><em>unigeniti</em></strong></span> <span class='ocrx_word' id='word_1_761' title='bbox 3551 5115 3643 5171; x_wconf 85' lang='lat' dir='ltr'><strong><em>Dei</em></strong></span> <span class='ocrx_word' id='word_1_762' title='bbox 3690 5121 3876 5183; x_wconf 73' lang='lat' dir='ltr'><strong><em>nativi-</em></strong></span> 
     </span>
    </p>
   </div>
   <div class='ocr_carea' id='block_1_102' title="bbox 2281 5200 3866 5277">
    <p class='ocr_par' dir='ltr' id='par_1_102' title="bbox 2281 5200 3866 5277">
     <span class='ocr_line' id='line_1_102' title="bbox 2281 5200 3866 5277; baseline 0.009 -23"><span class='ocrx_word' id='word_1_763' title='bbox 2281 5209 2360 5254; x_wconf 86' lang='lat' dir='ltr'><strong><em>tas</em></strong></span> <span class='ocrx_word' id='word_1_764' title='bbox 2399 5209 2448 5254; x_wconf 92' lang='lat' dir='ltr'><strong><em>et</em></strong></span> <span class='ocrx_word' id='word_1_765' title='bbox 2479 5204 2704 5272; x_wconf 85' lang='lat' dir='ltr'><strong><em>perfecta</em></strong></span> <span class='ocrx_word' id='word_1_766' title='bbox 2733 5200 2859 5277; x_wconf 82' lang='lat' dir='ltr'><strong><em>(Ms.</em></strong></span> <span class='ocrx_word' id='word_1_767' title='bbox 2889 5200 3053 5257; x_wconf 89' lang='lat' dir='ltr'><strong><em>Corb.</em></strong></span> <span class='ocrx_word' id='word_1_768' title='bbox 3112 5205 3345 5270; x_wconf 79' lang='lat' dir='ltr'><strong><em>perfecti.</em></strong></span> <span class='ocrx_word' id='word_1_769' title='bbox 3376 5203 3596 5263; x_wconf 89' lang='lat' dir='ltr'><strong><em>Confer.</em></strong></span> <span class='ocrx_word' id='word_1_770' title='bbox 3642 5210 3866 5268; x_wconf 88' lang='lat' dir='ltr'><strong><em>Brevia-</em></strong></span> 
     </span>
    </p>
   </div>
   <div class='ocr_carea' id='block_1_103' title="bbox 2280 5291 3875 5373">
    <p class='ocr_par' dir='ltr' id='par_1_103' title="bbox 2280 5291 3875 5373">
     <span class='ocr_line' id='line_1_103' title="bbox 2280 5291 3875 5373; baseline 0.008 -27"><span class='ocrx_word' id='word_1_771' title='bbox 2280 5294 2420 5347; x_wconf 87' lang='lat' dir='ltr'><strong><em>rittm</em></strong></span> <span class='ocrx_word' id='word_1_772' title='bbox 2454 5292 2641 5348; x_wconf 87' lang='lat' dir='ltr'><strong><em>llilarii</em></strong></span> <span class='ocrx_word' id='word_1_773' title='bbox 2672 5292 2766 5348; x_wconf 90' lang='lat' dir='ltr'><strong><em>lib.</em></strong></span> <span class='ocrx_word' id='word_1_774' title='bbox 2802 5291 2842 5363; x_wconf 81' lang='grc' dir='ltr'><strong>ι)</strong></span> <span class='ocrx_word' id='word_1_775' title='bbox 2892 5293 2947 5348; x_wconf 91' lang='lat' dir='ltr'><strong><em>in</em></strong></span> <span class='ocrx_word' id='word_1_776' title='bbox 2969 5309 3027 5348; x_wconf 91' lang='lat' dir='ltr'><strong><em>eo</em></strong></span> <span class='ocrx_word' id='word_1_777' title='bbox 3056 5294 3219 5350; x_wconf 89' lang='lat' dir='ltr'><strong><em>deitas</em></strong></span> <span class='ocrx_word' id='word_1_778' title='bbox 3257 5296 3312 5351; x_wconf 90' lang='lat' dir='ltr'><strong><em>in</em></strong></span> <span class='ocrx_word' id='word_1_779' title='bbox 3353 5300 3494 5354; x_wconf 88' lang='lat' dir='ltr'><strong><em>omni</em></strong></span> <span class='ocrx_word' id='word_1_780' title='bbox 3520 5303 3875 5373; x_wconf 86' lang='lat' dir='ltr'><strong><em>manifestetur</em></strong></span> 
     </span>
    </p>
   </div>
   <div class='ocr_carea' id='block_1_104' title="bbox 2277 5386 2504 5440">
    <p class='ocr_par' dir='ltr' id='par_1_104' title="bbox 2277 5386 2504 5440">
     <span class='ocr_line' id='line_1_104' title="bbox 2277 5386 2504 5440; baseline 0.009 -2"><span class='ocrx_word' id='word_1_781' title='bbox 2277 5386 2504 5440; x_wconf 80' lang='lat' dir='ltr'><strong><em>ueritate.</em></strong></span> 
     </span>
    </p>
   </div>
   <div class='ocr_carea' id='block_1_105' title="bbox 2349 5478 3874 5557">
    <p class='ocr_par' dir='ltr' id='par_1_105' title="bbox 2349 5478 3874 5557">
     <span class='ocr_line' id='line_1_105' title="bbox 2349 5478 3874 5557; baseline 0.009 -23"><span class='ocrx_word' id='word_1_782' title='bbox 2349 5478 2445 5535; x_wconf 83' lang='lat' dir='ltr'><strong><em>IX.</em></strong></span> <span class='ocrx_word' id='word_1_783' title='bbox 2498 5478 2563 5534; x_wconf 83' lang='lat' dir='ltr'><strong><em>In</em></strong></span> <span class='ocrx_word' id='word_1_784' title='bbox 2610 5480 2918 5550; x_wconf 87' lang='lat' dir='ltr'><strong><em>repellendis</em></strong></span> <span class='ocrx_word' id='word_1_785' title='bbox 2982 5481 3338 5538; x_wconf 69' lang='lat' dir='ltr'><strong><em>haereticorum</em></strong></span> <span class='ocrx_word' id='word_1_786' title='bbox 3398 5487 3670 5557; x_wconf 88' lang='lat' dir='ltr'><strong><em>fraudibus</em></strong></span> <span class='ocrx_word' id='word_1_787' title='bbox 3739 5498 3874 5548; x_wconf 87' lang='lat' dir='ltr'><strong><em>totus</em></strong></span> 
     </span>
    </p>
   </div>
   <div class='ocr_carea' id='block_1_106' title="bbox 2277 5574 3875 5651">
    <p class='ocr_par' dir='ltr' id='par_1_106' title="bbox 2277 5574 3875 5651">
     <span class='ocr_line' id='line_1_106' title="bbox 2277 5574 3875 5651; baseline 0.007 -23"><span class='ocrx_word' id='word_1_788' title='bbox 2277 5574 2506 5645; x_wconf 86' lang='lat' dir='ltr'><strong><em>digestus</em></strong></span> <span class='ocrx_word' id='word_1_789' title='bbox 2536 5584 2611 5628; x_wconf 90' lang='lat' dir='ltr'><strong><em>est</em></strong></span> <span class='ocrx_word' id='word_1_790' title='bbox 2627 5591 2646 5628; x_wconf 90' lang='grc'><strong><em>.·</em></strong></span> <span class='ocrx_word' id='word_1_791' title='bbox 2685 5575 2869 5644; x_wconf 83' lang='lat' dir='ltr'><strong><em>quibus</em></strong></span> <span class='ocrx_word' id='word_1_792' title='bbox 2910 5585 3153 5646; x_wconf 87' lang='lat' dir='ltr'><strong><em>corrupto</em></strong></span> <span class='ocrx_word' id='word_1_793' title='bbox 3196 5578 3570 5651; x_wconf 79' lang='lat' dir='ltr'><strong><em>depravatoque</em></strong></span> <span class='ocrx_word' id='word_1_794' title='bbox 3609 5597 3762 5636; x_wconf 88' lang='lat' dir='ltr'><strong><em>sensu</em></strong></span> <span class='ocrx_word' id='word_1_795' title='bbox 3809 5601 3875 5640; x_wconf 76' lang='lat' dir='ltr'><strong><em>ea;</em></strong></span> 
     </span>
    </p>
   </div>
   <div class='ocr_carea' id='block_1_107' title="bbox 2279 5666 3870 5742">
    <p class='ocr_par' dir='ltr' id='par_1_107' title="bbox 2279 5666 3870 5742">
     <span class='ocr_line' id='line_1_107' title="bbox 2279 5666 3870 5742; baseline 0.006 -20"><span class='ocrx_word' id='word_1_796' title='bbox 2279 5669 2536 5722; x_wconf 84' lang='lat' dir='ltr'><strong><em>dictorum</em></strong></span> <span class='ocrx_word' id='word_1_797' title='bbox 2576 5666 2947 5721; x_wconf 87' lang='lat' dir='ltr'><strong><em>dominicorum</em></strong></span> <span class='ocrx_word' id='word_1_798' title='bbox 2977 5668 3377 5739; x_wconf 87' lang='lat' dir='ltr'><strong><em>professionibus</em></strong></span> <span class='ocrx_word' id='word_1_799' title='bbox 3410 5670 3481 5723; x_wconf 92' lang='lat' dir='ltr'><strong><em>ad</em></strong></span> <span class='ocrx_word' id='word_1_800' title='bbox 3507 5672 3870 5742; x_wconf 84' lang='lat' dir='ltr'><strong><em>inﬁrmandam</em></strong></span> 
     </span>
    </p>
   </div>
   <div class='ocr_carea' id='block_1_108' title="bbox 2281 5756 3871 5836">
    <p class='ocr_par' dir='ltr' id='par_1_108' title="bbox 2281 5756 3871 5836">
     <span class='ocr_line' id='line_1_108' title="bbox 2281 5756 3871 5836; baseline 0.005 -20"><span class='ocrx_word' id='word_1_801' title='bbox 2281 5759 2530 5831; x_wconf 83' lang='lat' dir='ltr'><strong><em>unigeniti</em></strong></span> <span class='ocrx_word' id='word_1_802' title='bbox 2557 5756 2659 5813; x_wconf 87' lang='lat' dir='ltr'><strong><em>Dei</em></strong></span> <span class='ocrx_word' id='word_1_803' title='bbox 2684 5758 2996 5815; x_wconf 74' lang='lat' dir='ltr'><strong><em>divinitatem</em></strong></span> <span class='ocrx_word' id='word_1_804' title='bbox 3016 5759 3363 5815; x_wconf 87' lang='lat' dir='ltr'><strong><em>resistentibus</em></strong></span> <span class='ocrx_word' id='word_1_805' title='bbox 3391 5761 3464 5816; x_wconf 89' lang='lat' dir='ltr'><strong><em>ita</em></strong></span> <span class='ocrx_word' id='word_1_806' title='bbox 3492 5765 3784 5836; x_wconf 81' lang='lat' dir='ltr'><strong><em>respondet,</em></strong></span> <span class='ocrx_word' id='word_1_807' title='bbox 3813 5779 3871 5824; x_wconf 90' lang='lat' dir='ltr'><strong><em>nt</em></strong></span> 
     </span>
    </p>
   </div>
  </div>
