  <div class='ocr_page' id='page_1' title='image "/cluster/home/n/w/nwhite01/storage/ocr_20150623/10/hvd.32044096580386/018.png"; bbox 0 0 4216 6254; ppageno 0'>
   <div class='ocr_carea' id='block_1_1' title="bbox 3644 44 3720 155">
    <p class='ocr_par' dir='ltr' id='par_1_1' title="bbox 3644 44 3720 155">
     <span class='ocr_line' id='line_1_1' title="bbox 3644 44 3720 155; baseline 0 -93"><span class='ocrx_word' id='word_1_1' title='bbox 3644 44 3720 155; x_wconf 44' lang='lat' dir='ltr'>ﬁ</span> 
     </span>
    </p>
   </div>
   <div class='ocr_carea' id='block_1_2' title="bbox 330 241 3637 323">
    <p class='ocr_par' dir='ltr' id='par_1_2' title="bbox 330 241 3637 323">
     <span class='ocr_line' id='line_1_2' title="bbox 330 241 3637 323; baseline 0 -19"><span class='ocrx_word' id='word_1_2' title='bbox 330 246 406 304; x_wconf 67' lang='grc'><strong><em>23</em></strong></span> <span class='ocrx_word' id='word_1_3' title='bbox 1480 244 1568 302; x_wconf 87' lang='lat' dir='ltr'><strong><em>DE</em></strong></span> <span class='ocrx_word' id='word_1_4' title='bbox 1606 242 2003 314; x_wconf 79' lang='lat' dir='ltr'><strong><em>TRINITATE,</em></strong></span> <span class='ocrx_word' id='word_1_5' title='bbox 2046 245 2248 305; x_wconf 81' lang='lat' dir='ltr'><strong><em>LIBER</em></strong></span> <span class='ocrx_word' id='word_1_6' title='bbox 2282 244 2553 323; x_wconf 84' lang='lat' dir='ltr'><strong><em>PRIMUS.</em></strong></span> <span class='ocrx_word' id='word_1_7' title='bbox 3563 241 3637 304; x_wconf 69' lang='grc'><strong><em>96</em></strong></span> 
     </span>
    </p>
   </div>
   <div class='ocr_carea' id='block_1_3' title="bbox 332 359 3641 435">
    <p class='ocr_par' dir='ltr' id='par_1_3' title="bbox 332 359 3641 435">
     <span class='ocr_line' id='line_1_3' title="bbox 332 359 3641 435; baseline 0.001 -18"><span class='ocrx_word' id='word_1_8' title='bbox 332 362 564 417; x_wconf 85' lang='lat' dir='ltr'><strong><em>omnibus</em></strong></span> <span class='ocrx_word' id='word_1_9' title='bbox 609 360 866 416; x_wconf 85' lang='lat' dir='ltr'><strong><em>dictorum</em></strong></span> <span class='ocrx_word' id='word_1_10' title='bbox 892 359 1063 415; x_wconf 87' lang='lat' dir='ltr'><strong><em>causis</em></strong></span> <span class='ocrx_word' id='word_1_11' title='bbox 1098 375 1162 416; x_wconf 73' lang='lat' dir='ltr'><strong><em>ex</em></strong></span> <span class='ocrx_word' id='word_1_12' title='bbox 1189 360 1270 415; x_wconf 87' lang='lat' dir='ltr'><strong><em>his</em></strong></span> <span class='ocrx_word' id='word_1_13' title='bbox 1319 360 1447 433; x_wconf 90' lang='lat' dir='ltr'><strong><em>ipsis</em></strong></span> <span class='ocrx_word' id='word_1_14' title='bbox 1469 361 1548 417; x_wconf 88' lang='lat' dir='ltr'><strong><em>vel</em></strong></span> <span class='ocrx_word' id='word_1_15' title='bbox 1571 362 1932 434; x_wconf 88' lang='lat' dir='ltr'><strong><em>interrogatio-</em></strong></span> <span class='ocrx_word' id='word_1_16' title='bbox 1960 369 2013 427; x_wconf 76' lang='grc' dir='ltr'><strong>Α</strong></span> <span class='ocrx_word' id='word_1_17' title='bbox 2038 362 2337 432; x_wconf 71' lang='lat' dir='ltr'><strong><em>apostolicis</em></strong></span> <span class='ocrx_word' id='word_1_18' title='bbox 2366 363 2669 419; x_wconf 72' lang='lat' dir='ltr'><strong><em>testimoniis</em></strong></span> <span class='ocrx_word' id='word_1_19' title='bbox 2691 365 2867 419; x_wconf 85' lang='lat' dir='ltr'><strong><em>edocet</em></strong></span> <span class='ocrx_word' id='word_1_20' title='bbox 2894 378 3096 435; x_wconf 80' lang='lat' dir='ltr'><strong><em>semper</em></strong></span> <span class='ocrx_word' id='word_1_21' title='bbox 3124 363 3333 420; x_wconf 80' lang='lat' dir='ltr'><strong><em>Patrem</em></strong></span> <span class='ocrx_word' id='word_1_22' title='bbox 3364 375 3411 421; x_wconf 92' lang='lat' dir='ltr'><strong><em>et</em></strong></span> <span class='ocrx_word' id='word_1_23' title='bbox 3440 380 3641 435; x_wconf 83' lang='lat' dir='ltr'><strong><em>semper</em></strong></span> 
     </span>
    </p>
   </div>
   <div class='ocr_carea' id='block_1_4' title="bbox 330 454 1929 525">
    <p class='ocr_par' dir='ltr' id='par_1_4' title="bbox 330 454 1929 525">
     <span class='ocr_line' id='line_1_4' title="bbox 330 454 1929 525; baseline -0.002 -13"><span class='ocrx_word' id='word_1_24' title='bbox 330 474 453 512; x_wconf 84' lang='lat' dir='ltr'><strong><em>num</em></strong></span> <span class='ocrx_word' id='word_1_25' title='bbox 501 456 577 511; x_wconf 87' lang='lat' dir='ltr'><strong><em>vel</em></strong></span> <span class='ocrx_word' id='word_1_26' title='bbox 608 465 899 525; x_wconf 73' lang='lat' dir='ltr'><strong><em>temporum</em></strong></span> <span class='ocrx_word' id='word_1_27' title='bbox 936 455 1013 510; x_wconf 82' lang='lat' dir='ltr'><strong><em>vel</em></strong></span> <span class='ocrx_word' id='word_1_28' title='bbox 1052 454 1495 525; x_wconf 86' lang='lat' dir='ltr'><strong><em>dispensationum</em></strong></span> <span class='ocrx_word' id='word_1_29' title='bbox 1538 455 1809 525; x_wconf 78' lang='lat' dir='ltr'><strong><em>generibus</em></strong></span> <span class='ocrx_word' id='word_1_30' title='bbox 1839 456 1929 510; x_wconf 87' lang='lat' dir='ltr'><strong><em>de-</em></strong></span> 
     </span>
    </p>
   </div>
   <div class='ocr_carea' id='block_1_5' title="bbox 332 546 1933 618">
    <p class='ocr_par' dir='ltr' id='par_1_5' title="bbox 332 546 1933 618">
     <span class='ocr_line' id='line_1_5' title="bbox 332 546 1933 618; baseline -0.001 -14"><span class='ocrx_word' id='word_1_31' title='bbox 332 549 656 614; x_wconf 79' lang='lat' dir='ltr'><strong><em>monstratis,</em></strong></span> <span class='ocrx_word' id='word_1_32' title='bbox 697 563 799 600; x_wconf 90' lang='lat' dir='ltr'><strong><em>non</em></strong></span> <span class='ocrx_word' id='word_1_33' title='bbox 829 546 1077 618; x_wconf 81' lang='lat' dir='ltr'><strong><em>pertineat</em></strong></span> <span class='ocrx_word' id='word_1_34' title='bbox 1104 547 1174 601; x_wconf 87' lang='lat' dir='ltr'><strong><em>ad</em></strong></span> <span class='ocrx_word' id='word_1_35' title='bbox 1211 547 1572 602; x_wconf 83' lang='lat' dir='ltr'><strong><em>contumeliam</em></strong></span> <span class='ocrx_word' id='word_1_36' title='bbox 1591 563 1721 602; x_wconf 77' lang='lat' dir='ltr'><strong><em>verte</em></strong></span> <span class='ocrx_word' id='word_1_37' title='bbox 1749 548 1933 602; x_wconf 87' lang='lat' dir='ltr'><strong><em>divini-</em></strong></span> 
     </span>
    </p>
   </div>
   <div class='ocr_carea' id='block_1_6' title="bbox 333 640 1936 713">
    <p class='ocr_par' dir='ltr' id='par_1_6' title="bbox 333 640 1936 713">
     <span class='ocr_line' id='line_1_6' title="bbox 333 640 1936 713; baseline -0.003 -13"><span class='ocrx_word' id='word_1_38' title='bbox 333 644 479 711; x_wconf 88' lang='lat' dir='ltr'><strong><em>tatis,</em></strong></span> <span class='ocrx_word' id='word_1_39' title='bbox 508 641 645 713; x_wconf 85' lang='lat' dir='ltr'><strong><em>quod</em></strong></span> <span class='ocrx_word' id='word_1_40' title='bbox 673 650 1051 696; x_wconf 87' lang='lat' dir='ltr'><strong><em>sacramentum</em></strong></span> <span class='ocrx_word' id='word_1_41' title='bbox 1076 641 1198 712; x_wconf 84' lang='lat' dir='ltr'><strong><em>ﬁdei</em></strong></span> <span class='ocrx_word' id='word_1_42' title='bbox 1227 641 1531 713; x_wconf 68' lang='lat' dir='ltr'><strong><em>evangelica:</em></strong></span> <span class='ocrx_word' id='word_1_43' title='bbox 1555 640 1647 695; x_wconf 85' lang='lat' dir='ltr'><strong><em>sub</em></strong></span> <span class='ocrx_word' id='word_1_44' title='bbox 1668 640 1936 709; x_wconf 85' lang='lat' dir='ltr'><strong><em>dispensa-</em></strong></span> 
     </span>
    </p>
   </div>
   <div class='ocr_carea' id='block_1_7' title="bbox 337 732 1875 806">
    <p class='ocr_par' dir='ltr' id='par_1_7' title="bbox 337 732 1875 806">
     <span class='ocr_line' id='line_1_7' title="bbox 337 732 1875 806; baseline -0.004 -15"><span class='ocrx_word' id='word_1_45' title='bbox 337 737 477 791; x_wconf 88' lang='lat' dir='ltr'><strong><em>tione</em></strong></span> <span class='ocrx_word' id='word_1_46' title='bbox 499 743 547 788; x_wconf 91' lang='lat' dir='ltr'><strong><em>et</em></strong></span> <span class='ocrx_word' id='word_1_47' title='bbox 574 733 817 806; x_wconf 85' lang='lat' dir='ltr'><strong><em>temporis</em></strong></span> <span class='ocrx_word' id='word_1_48' title='bbox 847 743 893 788; x_wconf 90' lang='lat' dir='ltr'><strong><em>et</em></strong></span> <span class='ocrx_word' id='word_1_49' title='bbox 923 732 1208 787; x_wconf 87' lang='lat' dir='ltr'><strong><em>nativitatis</em></strong></span> <span class='ocrx_word' id='word_1_50' title='bbox 1227 741 1273 786; x_wconf 89' lang='lat' dir='ltr'><strong><em>et</em></strong></span> <span class='ocrx_word' id='word_1_51' title='bbox 1301 733 1522 787; x_wconf 84' lang='lat' dir='ltr'><strong><em>nominis</em></strong></span> <span class='ocrx_word' id='word_1_52' title='bbox 1547 732 1875 803; x_wconf 79' lang='lat' dir='ltr'><strong><em>prtedicatur.</em></strong></span> 
     </span>
    </p>
   </div>
   <div class='ocr_carea' id='block_1_8' title="bbox 410 824 1936 899">
    <p class='ocr_par' dir='ltr' id='par_1_8' title="bbox 410 824 1936 899">
     <span class='ocr_line' id='line_1_8' title="bbox 410 824 1936 899; baseline 0 -17"><span class='ocrx_word' id='word_1_53' title='bbox 410 827 480 883; x_wconf 74' lang='grc' dir='ltr'><strong><em>Χ.</em></strong></span> <span class='ocrx_word' id='word_1_54' title='bbox 517 824 768 880; x_wconf 82' lang='lat' dir='ltr'><strong><em>Universa</em></strong></span> <span class='ocrx_word' id='word_1_55' title='bbox 789 841 905 896; x_wconf 71' lang='lat' dir='ltr'><strong><em>qua:</em></strong></span> <span class='ocrx_word' id='word_1_56' title='bbox 926 840 1017 898; x_wconf 89' lang='lat' dir='ltr'><strong><em>per</em></strong></span> <span class='ocrx_word' id='word_1_57' title='bbox 1043 826 1216 882; x_wconf 69' lang='lat' dir='ltr'><strong><em>stulta</em></strong></span> <span class='ocrx_word' id='word_1_58' title='bbox 1253 826 1609 899; x_wconf 73' lang='lat' dir='ltr'><strong><em>intelligentia:</em></strong></span> <span class='ocrx_word' id='word_1_59' title='bbox 1632 844 1837 883; x_wconf 83' lang='lat' dir='ltr'><strong><em>sensum</em></strong></span> <span class='ocrx_word' id='word_1_60' title='bbox 1869 828 1936 882; x_wconf 88' lang='lat' dir='ltr'><strong><em>ad</em></strong></span> 
     </span>
    </p>
   </div>
   <div class='ocr_carea' id='block_1_9' title="bbox 337 917 1939 977">
    <p class='ocr_par' dir='ltr' id='par_1_9' title="bbox 337 917 1939 977">
     <span class='ocr_line' id='line_1_9' title="bbox 337 917 1939 977; baseline 0 0"><span class='ocrx_word' id='word_1_61' title='bbox 337 921 704 977; x_wconf 75' lang='lat' dir='ltr'><strong><em>contumeliam</em></strong></span> <span class='ocrx_word' id='word_1_62' title='bbox 739 919 927 975; x_wconf 79' lang='lat' dir='ltr'><strong><em>divina:</em></strong></span> <span class='ocrx_word' id='word_1_63' title='bbox 965 920 1021 974; x_wconf 88' lang='lat' dir='ltr'><strong><em>in</em></strong></span> <span class='ocrx_word' id='word_1_64' title='bbox 1063 917 1287 974; x_wconf 89' lang='lat' dir='ltr'><strong><em>Domino</em></strong></span> <span class='ocrx_word' id='word_1_65' title='bbox 1324 918 1453 974; x_wconf 81' lang='lat' dir='ltr'><strong><em>Jesu</em></strong></span> <span class='ocrx_word' id='word_1_66' title='bbox 1497 918 1703 977; x_wconf 84' lang='lat' dir='ltr'><strong><em>Christo</em></strong></span> <span class='ocrx_word' id='word_1_67' title='bbox 1740 930 1939 977; x_wconf 82' lang='lat' dir='ltr'><strong><em>natura:</em></strong></span> 
     </span>
    </p>
   </div>
   <div class='ocr_carea' id='block_1_10' title="bbox 336 1012 1940 1085">
    <p class='ocr_par' dir='ltr' id='par_1_10' title="bbox 336 1012 1940 1085">
     <span class='ocr_line' id='line_1_10' title="bbox 336 1012 1940 1085; baseline 0 -15"><span class='ocrx_word' id='word_1_68' title='bbox 336 1015 638 1084; x_wconf 82' lang='lat' dir='ltr'><strong><em>virtutisque</em></strong></span> <span class='ocrx_word' id='word_1_69' title='bbox 683 1012 912 1069; x_wconf 73' lang='lat' dir='ltr'><strong><em>htzretici</em></strong></span> <span class='ocrx_word' id='word_1_70' title='bbox 954 1023 1261 1085; x_wconf 88' lang='lat' dir='ltr'><strong><em>rapuerunt,</em></strong></span> <span class='ocrx_word' id='word_1_71' title='bbox 1289 1013 1592 1084; x_wconf 89' lang='lat' dir='ltr'><strong><em>impiissime</em></strong></span> <span class='ocrx_word' id='word_1_72' title='bbox 1619 1013 1766 1069; x_wconf 90' lang='lat' dir='ltr'><strong><em>abiis</em></strong></span> <span class='ocrx_word' id='word_1_73' title='bbox 1786 1015 1940 1071; x_wconf 88' lang='lat' dir='ltr'><strong><em>intel-</em></strong></span> 
     </span>
    </p>
   </div>
   <div class='ocr_carea' id='block_1_11' title="bbox 340 1104 1942 1177">
    <p class='ocr_par' dir='ltr' id='par_1_11' title="bbox 340 1104 1942 1177">
     <span class='ocr_line' id='line_1_11' title="bbox 340 1104 1942 1177; baseline 0.002 -18"><span class='ocrx_word' id='word_1_74' title='bbox 340 1105 474 1160; x_wconf 87' lang='lat' dir='ltr'><strong><em>lecta</em></strong></span> <span class='ocrx_word' id='word_1_75' title='bbox 492 1121 596 1160; x_wconf 83' lang='lat' dir='ltr'><strong><em>esse</em></strong></span> <span class='ocrx_word' id='word_1_76' title='bbox 624 1105 964 1170; x_wconf 83' lang='lat' dir='ltr'><strong><em>demonstrat,</em></strong></span> <span class='ocrx_word' id='word_1_77' title='bbox 988 1106 1253 1177; x_wconf 78' lang='lat' dir='ltr'><strong><em>magisque</em></strong></span> <span class='ocrx_word' id='word_1_78' title='bbox 1281 1122 1314 1161; x_wconf 92' lang='lat' dir='ltr'><strong><em>a</em></strong></span> <span class='ocrx_word' id='word_1_79' title='bbox 1343 1104 1567 1160; x_wconf 91' lang='lat' dir='ltr'><strong><em>Domino</em></strong></span> <span class='ocrx_word' id='word_1_80' title='bbox 1595 1106 1662 1160; x_wconf 91' lang='lat' dir='ltr'><strong><em>ad</em></strong></span> <span class='ocrx_word' id='word_1_81' title='bbox 1690 1117 1942 1176; x_wconf 88' lang='lat' dir='ltr'><strong><em>protesta-</em></strong></span> 
     </span>
    </p>
   </div>
   <div class='ocr_carea' id='block_1_12' title="bbox 338 1197 1935 1271">
    <p class='ocr_par' dir='ltr' id='par_1_12' title="bbox 338 1197 1935 1271">
     <span class='ocr_line' id='line_1_12' title="bbox 338 1197 1935 1271; baseline 0.003 -20"><span class='ocrx_word' id='word_1_82' title='bbox 338 1197 535 1252; x_wconf 86' lang='lat' dir='ltr'><strong><em>tionem</em></strong></span> <span class='ocrx_word' id='word_1_83' title='bbox 556 1213 685 1252; x_wconf 75' lang='lat' dir='ltr'><strong><em>vera:</em></strong></span> <span class='ocrx_word' id='word_1_84' title='bbox 708 1207 755 1251; x_wconf 91' lang='lat' dir='ltr'><strong><em>et</em></strong></span> <span class='ocrx_word' id='word_1_85' title='bbox 774 1201 1013 1270; x_wconf 75' lang='lat' dir='ltr'><strong><em>perfecta:</em></strong></span> <span class='ocrx_word' id='word_1_86' title='bbox 1037 1198 1093 1252; x_wconf 89' lang='lat' dir='ltr'><strong><em>in</em></strong></span> <span class='ocrx_word' id='word_1_87' title='bbox 1122 1214 1176 1252; x_wconf 92' lang='lat' dir='ltr'><strong><em>se</em></strong></span> <span class='ocrx_word' id='word_1_88' title='bbox 1201 1198 1483 1271; x_wconf 84' lang='lat' dir='ltr'><strong><em>majestatis</em></strong></span> <span class='ocrx_word' id='word_1_89' title='bbox 1510 1215 1616 1255; x_wconf 90' lang='lat' dir='ltr'><strong><em>esse</em></strong></span> <span class='ocrx_word' id='word_1_90' title='bbox 1634 1210 1935 1268; x_wconf 87' lang='lat' dir='ltr'><strong><em>memorata,</em></strong></span> 
     </span>
    </p>
   </div>
   <div class='ocr_carea' id='block_1_13' title="bbox 340 1290 1942 1363">
    <p class='ocr_par' dir='ltr' id='par_1_13' title="bbox 340 1290 1942 1363">
     <span class='ocr_line' id='line_1_13' title="bbox 340 1290 1942 1363; baseline 0.003 -18"><span class='ocrx_word' id='word_1_91' title='bbox 340 1290 474 1345; x_wconf 77' lang='lat' dir='ltr'><strong><em>nihil</em></strong></span> <span class='ocrx_word' id='word_1_92' title='bbox 517 1292 666 1345; x_wconf 88' lang='lat' dir='ltr'><strong><em>etiam</em></strong></span> <span class='ocrx_word' id='word_1_93' title='bbox 713 1292 1093 1363; x_wconf 69' lang='lat' dir='ltr'><strong><em>inexploratum</em></strong></span> <span class='ocrx_word' id='word_1_94' title='bbox 1121 1301 1211 1346; x_wconf 89' lang='lat' dir='ltr'><strong><em>aut</em></strong></span> <span class='ocrx_word' id='word_1_95' title='bbox 1241 1294 1474 1356; x_wconf 73' lang='lat' dir='ltr'><strong><em>tacitura,</em></strong></span> <span class='ocrx_word' id='word_1_96' title='bbox 1507 1293 1644 1361; x_wconf 89' lang='lat' dir='ltr'><strong><em>quod</em></strong></span> <span class='ocrx_word' id='word_1_97' title='bbox 1670 1295 1738 1347; x_wconf 86' lang='lat' dir='ltr'><strong><em>ad</em></strong></span> <span class='ocrx_word' id='word_1_98' title='bbox 1766 1311 1942 1349; x_wconf 88' lang='lat' dir='ltr'><strong><em>sacra-</em></strong></span> 
     </span>
    </p>
   </div>
   <div class='ocr_carea' id='block_1_14' title="bbox 339 1382 1943 1458">
    <p class='ocr_par' dir='ltr' id='par_1_14' title="bbox 339 1382 1943 1458">
     <span class='ocr_line' id='line_1_14' title="bbox 339 1382 1943 1458; baseline 0.004 -22"><span class='ocrx_word' id='word_1_99' title='bbox 339 1391 569 1438; x_wconf 82' lang='lat' dir='ltr'><strong><em>mentum</em></strong></span> <span class='ocrx_word' id='word_1_100' title='bbox 606 1385 793 1438; x_wconf 74' lang='lat' dir='ltr'><strong><em>anima:</em></strong></span> <span class='ocrx_word' id='word_1_101' title='bbox 811 1385 1143 1457; x_wconf 83' lang='lat' dir='ltr'><strong><em>corporisque</em></strong></span> <span class='ocrx_word' id='word_1_102' title='bbox 1167 1382 1381 1440; x_wconf 83' lang='lat' dir='ltr'><strong><em>Domini</em></strong></span> <span class='ocrx_word' id='word_1_103' title='bbox 1412 1385 1447 1440; x_wconf 81' lang='lat' dir='ltr'><strong><em>J</em></strong></span> <span class='ocrx_word' id='word_1_104' title='bbox 1453 1404 1539 1442; x_wconf 88' lang='lat' dir='ltr'><strong><em>esu</em></strong></span> <span class='ocrx_word' id='word_1_105' title='bbox 1568 1384 1762 1443; x_wconf 81' lang='lat' dir='ltr'><strong><em>Christi</em></strong></span> <span class='ocrx_word' id='word_1_106' title='bbox 1787 1390 1943 1458; x_wconf 83' lang='lat' dir='ltr'><strong><em>perti-</em></strong></span> 
     </span>
    </p>
   </div>
   <div class='ocr_carea' id='block_1_15' title="bbox 339 1477 1941 1548">
    <p class='ocr_par' dir='ltr' id='par_1_15' title="bbox 339 1477 1941 1548">
     <span class='ocr_line' id='line_1_15' title="bbox 339 1477 1941 1548; baseline 0.003 -16"><span class='ocrx_word' id='word_1_107' title='bbox 339 1488 425 1533; x_wconf 81' lang='lat' dir='ltr'><strong><em>net</em></strong></span> <span class='ocrx_word' id='word_1_108' title='bbox 476 1477 857 1547; x_wconf 78' lang='lat' dir='ltr'><strong><em>derelinquens,</em></strong></span> <span class='ocrx_word' id='word_1_109' title='bbox 901 1477 991 1533; x_wconf 90' lang='lat' dir='ltr'><strong><em>sed</em></strong></span> <span class='ocrx_word' id='word_1_110' title='bbox 1047 1479 1199 1548; x_wconf 89' lang='lat' dir='ltr'><strong><em>ﬁdem</em></strong></span> <span class='ocrx_word' id='word_1_111' title='bbox 1260 1479 1519 1534; x_wconf 91' lang='lat' dir='ltr'><strong><em>dictorum</em></strong></span> <span class='ocrx_word' id='word_1_112' title='bbox 1582 1482 1941 1539; x_wconf 77' lang='lat' dir='ltr'><strong><em>universorum</em></strong></span> 
     </span>
    </p>
   </div>
   <div class='ocr_carea' id='block_1_16' title="bbox 342 1573 1865 1647">
    <p class='ocr_par' dir='ltr' id='par_1_16' title="bbox 342 1573 1865 1647">
     <span class='ocr_line' id='line_1_16' title="bbox 342 1573 1865 1647; baseline 0.001 -19"><span class='ocrx_word' id='word_1_113' title='bbox 342 1573 579 1628; x_wconf 86' lang='lat' dir='ltr'><strong><em>absoluta</em></strong></span> <span class='ocrx_word' id='word_1_114' title='bbox 607 1573 887 1645; x_wconf 81' lang='lat' dir='ltr'><strong><em>evangelici</em></strong></span> <span class='ocrx_word' id='word_1_115' title='bbox 922 1573 1153 1644; x_wconf 80' lang='lat' dir='ltr'><strong><em>mysterii</em></strong></span> <span class='ocrx_word' id='word_1_116' title='bbox 1183 1574 1547 1647; x_wconf 71' lang='lat' dir='ltr'><strong><em>pradicatione</em></strong></span> <span class='ocrx_word' id='word_1_117' title='bbox 1573 1575 1865 1646; x_wconf 89' lang='lat' dir='ltr'><strong><em>conﬁrmat.</em></strong></span> 
     </span>
    </p>
   </div>
   <div class='ocr_carea' id='block_1_17' title="bbox 415 1661 1941 1738">
    <p class='ocr_par' dir='ltr' id='par_1_17' title="bbox 415 1661 1941 1738">
     <span class='ocr_line' id='line_1_17' title="bbox 415 1661 1941 1738; baseline 0.005 -22"><span class='ocrx_word' id='word_1_118' title='bbox 415 1661 507 1717; x_wconf 80' lang='lat' dir='ltr'><strong><em>XI.</em></strong></span> <span class='ocrx_word' id='word_1_119' title='bbox 536 1661 776 1717; x_wconf 83' lang='lat' dir='ltr'><strong><em>Primum</em></strong></span> <span class='ocrx_word' id='word_1_120' title='bbox 818 1678 885 1720; x_wconf 71' lang='lat' dir='ltr'><strong><em>ea:</em></strong></span> <span class='ocrx_word' id='word_1_121' title='bbox 922 1663 1075 1719; x_wconf 86' lang='lat' dir='ltr'><strong><em>dictis</em></strong></span> <span class='ocrx_word' id='word_1_122' title='bbox 1118 1666 1417 1738; x_wconf 85' lang='lat' dir='ltr'><strong><em>apostolicis</em></strong></span> <span class='ocrx_word' id='word_1_123' title='bbox 1458 1668 1792 1732; x_wconf 85' lang='lat' dir='ltr'><strong><em>demonstrat,</em></strong></span> <span class='ocrx_word' id='word_1_124' title='bbox 1839 1683 1941 1723; x_wconf 90' lang='lat' dir='ltr'><strong><em>non</em></strong></span> 
     </span>
    </p>
   </div>
   <div class='ocr_carea' id='block_1_18' title="bbox 2037 454 3643 527">
    <p class='ocr_par' dir='ltr' id='par_1_18' title="bbox 2037 454 3643 527">
     <span class='ocr_line' id='line_1_18' title="bbox 2037 454 3643 527; baseline 0.001 -17"><span class='ocrx_word' id='word_1_125' title='bbox 2037 454 2252 521; x_wconf 82' lang='lat' dir='ltr'><strong><em>Filium,</em></strong></span> <span class='ocrx_word' id='word_1_126' title='bbox 2287 466 2336 510; x_wconf 91' lang='lat' dir='ltr'><strong><em>et</em></strong></span> <span class='ocrx_word' id='word_1_127' title='bbox 2379 472 2482 511; x_wconf 90' lang='lat' dir='ltr'><strong><em>non</em></strong></span> <span class='ocrx_word' id='word_1_128' title='bbox 2525 466 2638 527; x_wconf 90' lang='lat' dir='ltr'><strong><em>post</em></strong></span> <span class='ocrx_word' id='word_1_129' title='bbox 2681 457 2856 527; x_wconf 89' lang='lat' dir='ltr'><strong><em>aliqua</em></strong></span> <span class='ocrx_word' id='word_1_130' title='bbox 2903 455 3071 512; x_wconf 90' lang='lat' dir='ltr'><strong><em>Deum</em></strong></span> <span class='ocrx_word' id='word_1_131' title='bbox 3112 458 3360 525; x_wconf 80' lang='lat' dir='ltr'><strong><em>omnium,</em></strong></span> <span class='ocrx_word' id='word_1_132' title='bbox 3405 457 3496 512; x_wconf 82' lang='lat' dir='ltr'><strong><em>sed</em></strong></span> <span class='ocrx_word' id='word_1_133' title='bbox 3535 472 3643 512; x_wconf 86' lang='lat' dir='ltr'><strong><em>esse</em></strong></span> 
     </span>
    </p>
   </div>
   <div class='ocr_carea' id='block_1_19' title="bbox 2035 547 3643 623">
    <p class='ocr_par' dir='ltr' id='par_1_19' title="bbox 2035 547 3643 623">
     <span class='ocr_line' id='line_1_19' title="bbox 2035 547 3643 623; baseline 0.001 -20"><span class='ocrx_word' id='word_1_134' title='bbox 2035 557 2153 603; x_wconf 88' lang='lat' dir='ltr'><strong><em>ante</em></strong></span> <span class='ocrx_word' id='word_1_135' title='bbox 2178 549 2351 603; x_wconf 88' lang='lat' dir='ltr'><strong><em>omnia</em></strong></span> <span class='ocrx_word' id='word_1_136' title='bbox 2374 566 2388 601; x_wconf 90' lang='lat'><strong>:</strong></span> <span class='ocrx_word' id='word_1_137' title='bbox 2433 549 2507 604; x_wconf 88' lang='lat' dir='ltr'><strong><em>sic</em></strong></span> <span class='ocrx_word' id='word_1_138' title='bbox 2533 565 2649 604; x_wconf 84' lang='lat' dir='ltr'><strong><em>vero</em></strong></span> <span class='ocrx_word' id='word_1_139' title='bbox 2697 560 2875 605; x_wconf 89' lang='lat' dir='ltr'><strong><em>natum</em></strong></span> <span class='ocrx_word' id='word_1_140' title='bbox 2902 566 3014 605; x_wconf 89' lang='lat' dir='ltr'><strong><em>esse</em></strong></span> <span class='ocrx_word' id='word_1_141' title='bbox 3039 547 3258 615; x_wconf 85' lang='lat' dir='ltr'><strong><em>Filium,</em></strong></span> <span class='ocrx_word' id='word_1_142' title='bbox 3292 559 3417 606; x_wconf 82' lang='lat' dir='ltr'><strong><em>utet</em></strong></span> <span class='ocrx_word' id='word_1_143' title='bbox 3443 565 3643 623; x_wconf 72' lang='lat' dir='ltr'><strong><em>scalper</em></strong></span> 
     </span>
    </p>
   </div>
   <div class='ocr_carea' id='block_1_20' title="bbox 2037 643 3641 715">
    <p class='ocr_par' dir='ltr' id='par_1_20' title="bbox 2037 643 3641 715">
     <span class='ocr_line' id='line_1_20' title="bbox 2037 643 3641 715; baseline 0.001 -18"><span class='ocrx_word' id='word_1_144' title='bbox 2037 645 2201 715; x_wconf 83' lang='lat' dir='ltr'><strong><em>fuisse</em></strong></span> <span class='ocrx_word' id='word_1_145' title='bbox 2262 643 2574 714; x_wconf 82' lang='lat' dir='ltr'><strong><em>manifestet,</em></strong></span> <span class='ocrx_word' id='word_1_146' title='bbox 2624 653 2672 698; x_wconf 89' lang='lat' dir='ltr'><strong><em>et</em></strong></span> <span class='ocrx_word' id='word_1_147' title='bbox 2736 645 2800 699; x_wconf 87' lang='lat' dir='ltr'><strong><em>sit</em></strong></span> <span class='ocrx_word' id='word_1_148' title='bbox 2852 644 2906 698; x_wconf 86' lang='lat' dir='ltr'><strong><em>in</em></strong></span> <span class='ocrx_word' id='word_1_149' title='bbox 2954 661 3016 700; x_wconf 88' lang='lat' dir='ltr'><strong><em>eo</em></strong></span> <span class='ocrx_word' id='word_1_150' title='bbox 3074 661 3176 700; x_wconf 87' lang='lat' dir='ltr'><strong><em>non</em></strong></span> <span class='ocrx_word' id='word_1_151' title='bbox 3224 645 3641 700; x_wconf 85' lang='lat' dir='ltr'><strong><em>innascibilitatis</em></strong></span> 
     </span>
    </p>
   </div>
   <div class='ocr_carea' id='block_1_21' title="bbox 2038 736 3643 806">
    <p class='ocr_par' dir='ltr' id='par_1_21' title="bbox 2038 736 3643 806">
     <span class='ocr_line' id='line_1_21' title="bbox 2038 736 3643 806; baseline 0 -15"><span class='ocrx_word' id='word_1_152' title='bbox 2038 737 2289 806; x_wconf 69' lang='lat' dir='ltr'><strong><em>exceptio,</em></strong></span> <span class='ocrx_word' id='word_1_153' title='bbox 2341 736 2431 790; x_wconf 88' lang='lat' dir='ltr'><strong><em>sed</em></strong></span> <span class='ocrx_word' id='word_1_154' title='bbox 2482 737 2761 790; x_wconf 84' lang='lat' dir='ltr'><strong><em>nativitatis</em></strong></span> <span class='ocrx_word' id='word_1_155' title='bbox 2809 737 3117 805; x_wconf 73' lang='lat' dir='ltr'><strong><em>wternitas;</em></strong></span> <span class='ocrx_word' id='word_1_156' title='bbox 3169 737 3241 794; x_wconf 91' lang='lat' dir='ltr'><strong><em>ita</em></strong></span> <span class='ocrx_word' id='word_1_157' title='bbox 3289 747 3346 791; x_wconf 93' lang='lat' dir='ltr'><strong><em>ut</em></strong></span> <span class='ocrx_word' id='word_1_158' title='bbox 3401 736 3643 792; x_wconf 87' lang='lat' dir='ltr'><strong><em>nativitas</em></strong></span> 
     </span>
    </p>
   </div>
   <div class='ocr_carea' id='block_1_22' title="bbox 2040 826 3512 901">
    <p class='ocr_par' dir='ltr' id='par_1_22' title="bbox 2040 826 3512 901">
     <span class='ocr_line' id='line_1_22' title="bbox 2040 826 3512 901; baseline 0.002 -22"><span class='ocrx_word' id='word_1_159' title='bbox 2040 826 2221 882; x_wconf 83' lang='lat' dir='ltr'><strong><em>habeat</em></strong></span> <span class='ocrx_word' id='word_1_160' title='bbox 2243 836 2523 893; x_wconf 88' lang='lat' dir='ltr'><strong><em>auctorem,</em></strong></span> <span class='ocrx_word' id='word_1_161' title='bbox 2547 838 2595 881; x_wconf 89' lang='lat' dir='ltr'><strong><em>et</em></strong></span> <span class='ocrx_word' id='word_1_162' title='bbox 2619 843 2722 882; x_wconf 92' lang='lat' dir='ltr'><strong><em>non</em></strong></span> <span class='ocrx_word' id='word_1_163' title='bbox 2749 837 2916 901; x_wconf 84' lang='lat' dir='ltr'><strong><em>careat</em></strong></span> <span class='ocrx_word' id='word_1_164' title='bbox 2936 830 3221 883; x_wconf 67' lang='lat' dir='ltr'><strong><em>aeternitate</em></strong></span> <span class='ocrx_word' id='word_1_165' title='bbox 3248 828 3512 882; x_wconf 86' lang='lat' dir='ltr'><strong><em>divinitas.</em></strong></span> 
     </span>
    </p>
   </div>
   <div class='ocr_carea' id='block_1_23' title="bbox 2110 920 3643 993">
    <p class='ocr_par' dir='ltr' id='par_1_23' title="bbox 2110 920 3643 993">
     <span class='ocr_line' id='line_1_23' title="bbox 2110 920 3643 993; baseline 0.002 -17"><span class='ocrx_word' id='word_1_166' title='bbox 2110 920 2227 976; x_wconf 82' lang='lat' dir='ltr'><strong><em>XII.</em></strong></span> <span class='ocrx_word' id='word_1_167' title='bbox 2276 920 2434 976; x_wconf 90' lang='lat' dir='ltr'><strong><em>Totus</em></strong></span> <span class='ocrx_word' id='word_1_168' title='bbox 2475 921 2545 976; x_wconf 91' lang='lat' dir='ltr'><strong><em>ad</em></strong></span> <span class='ocrx_word' id='word_1_169' title='bbox 2591 920 2917 993; x_wconf 87' lang='lat' dir='ltr'><strong><em>repellendas</em></strong></span> <span class='ocrx_word' id='word_1_170' title='bbox 2947 923 3301 978; x_wconf 76' lang='lat' dir='ltr'><strong><em>htereticorum</em></strong></span> <span class='ocrx_word' id='word_1_171' title='bbox 3350 923 3643 979; x_wconf 88' lang='lat' dir='ltr'><strong><em>occasiones</em></strong></span> 
     </span>
    </p>
   </div>
   <div class='ocr_carea' id='block_1_24' title="bbox 2040 1013 3646 1087">
    <p class='ocr_par' dir='ltr' id='par_1_24' title="bbox 2040 1013 3646 1087">
     <span class='ocr_line' id='line_1_24' title="bbox 2040 1013 3646 1087; baseline 0.001 -19"><span class='ocrx_word' id='word_1_172' title='bbox 2040 1015 2260 1069; x_wconf 89' lang='lat' dir='ltr'><strong><em>intentus</em></strong></span> <span class='ocrx_word' id='word_1_173' title='bbox 2288 1022 2380 1078; x_wconf 87' lang='lat' dir='ltr'><strong><em>est,</em></strong></span> <span class='ocrx_word' id='word_1_174' title='bbox 2407 1014 2612 1085; x_wconf 84' lang='lat' dir='ltr'><strong><em>quibus,</em></strong></span> <span class='ocrx_word' id='word_1_175' title='bbox 2639 1030 2728 1084; x_wconf 90' lang='lat' dir='ltr'><strong><em>per</em></strong></span> <span class='ocrx_word' id='word_1_176' title='bbox 2750 1014 2805 1068; x_wconf 88' lang='lat' dir='ltr'><strong><em>id</em></strong></span> <span class='ocrx_word' id='word_1_177' title='bbox 2828 1015 2966 1087; x_wconf 88' lang='lat' dir='ltr'><strong><em>quod</em></strong></span> <span class='ocrx_word' id='word_1_178' title='bbox 2987 1015 3235 1086; x_wconf 89' lang='lat' dir='ltr'><strong><em>scriptum</em></strong></span> <span class='ocrx_word' id='word_1_179' title='bbox 3261 1024 3358 1080; x_wconf 89' lang='lat' dir='ltr'><strong><em>est,</em></strong></span> <span class='ocrx_word' id='word_1_180' title='bbox 3382 1013 3646 1071; x_wconf 84' lang='lat' dir='ltr'><strong><em>Dominus</em></strong></span> 
     </span>
    </p>
   </div>
   <div class='ocr_carea' id='block_1_25' title="bbox 2041 1105 3631 1172">
    <p class='ocr_par' dir='ltr' id='par_1_25' title="bbox 2041 1105 3631 1172">
     <span class='ocr_line' id='line_1_25' title="bbox 2041 1105 3631 1172; baseline -0.001 -11"><span class='ocrx_word' id='word_1_181' title='bbox 2041 1105 2241 1162; x_wconf 86' lang='lat' dir='ltr'><strong><em>creavit</em></strong></span> <span class='ocrx_word' id='word_1_182' title='bbox 2263 1122 2348 1162; x_wconf 92' lang='lat' dir='ltr'><strong><em>me</em></strong></span> <span class='ocrx_word' id='word_1_183' title='bbox 2373 1106 2583 1162; x_wconf 90' lang='lat' dir='ltr'><strong><em>initium</em></strong></span> <span class='ocrx_word' id='word_1_184' title='bbox 2612 1106 2816 1161; x_wconf 82' lang='lat' dir='ltr'><strong><em>viarum</em></strong></span> <span class='ocrx_word' id='word_1_185' title='bbox 2847 1121 3087 1171; x_wconf 85' lang='lat' dir='ltr'><strong><em>suarum,</em></strong></span> <span class='ocrx_word' id='word_1_186' title='bbox 3119 1115 3298 1161; x_wconf 87' lang='lat' dir='ltr'><strong><em>contra</em></strong></span> <span class='ocrx_word' id='word_1_187' title='bbox 3326 1105 3631 1172; x_wconf 82' lang='lat' dir='ltr'><strong><em>dicentibus,</em></strong></span> 
     </span>
    </p>
   </div>
   <div class='ocr_carea' id='block_1_26' title="bbox 2045 1198 3648 1270">
    <p class='ocr_par' dir='ltr' id='par_1_26' title="bbox 2045 1198 3648 1270">
     <span class='ocr_line' id='line_1_26' title="bbox 2045 1198 3648 1270; baseline -0.001 -16"><span class='ocrx_word' id='word_1_188' title='bbox 2045 1200 2174 1255; x_wconf 84' lang='lat' dir='ltr'><strong><em>Erat</em></strong></span> <span class='ocrx_word' id='word_1_189' title='bbox 2200 1198 2417 1270; x_wconf 82' lang='lat' dir='ltr'><strong><em>quando</em></strong></span> <span class='ocrx_word' id='word_1_190' title='bbox 2445 1215 2550 1254; x_wconf 89' lang='lat' dir='ltr'><strong><em>non</em></strong></span> <span class='ocrx_word' id='word_1_191' title='bbox 2582 1208 2721 1265; x_wconf 89' lang='lat' dir='ltr'><strong><em>erat,</em></strong></span> <span class='ocrx_word' id='word_1_192' title='bbox 2744 1209 2812 1266; x_wconf 91' lang='lat' dir='ltr'><strong><em>et,</em></strong></span> <span class='ocrx_word' id='word_1_193' title='bbox 2841 1199 2958 1255; x_wconf 81' lang='lat' dir='ltr'><strong><em>Non</em></strong></span> <span class='ocrx_word' id='word_1_194' title='bbox 2991 1198 3090 1254; x_wconf 87' lang='lat' dir='ltr'><strong><em>fuit</em></strong></span> <span class='ocrx_word' id='word_1_195' title='bbox 3114 1205 3241 1254; x_wconf 86' lang='lat' dir='ltr'><strong><em>ante</em></strong></span> <span class='ocrx_word' id='word_1_196' title='bbox 3260 1213 3421 1269; x_wconf 89' lang='lat' dir='ltr'><strong><em>quam</em></strong></span> <span class='ocrx_word' id='word_1_197' title='bbox 3455 1211 3648 1252; x_wconf 84' lang='lat' dir='ltr'><strong><em>nasce-</em></strong></span> 
     </span>
    </p>
   </div>
   <div class='ocr_carea' id='block_1_27' title="bbox 2041 1291 3647 1362">
    <p class='ocr_par' dir='ltr' id='par_1_27' title="bbox 2041 1291 3647 1362">
     <span class='ocr_line' id='line_1_27' title="bbox 2041 1291 3647 1362; baseline -0.004 -13"><span class='ocrx_word' id='word_1_198' title='bbox 2041 1304 2217 1359; x_wconf 87' lang='lat' dir='ltr'><strong><em>retur,</em></strong></span> <span class='ocrx_word' id='word_1_199' title='bbox 2242 1303 2312 1357; x_wconf 85' lang='lat' dir='ltr'><strong><em>et,</em></strong></span> <span class='ocrx_word' id='word_1_200' title='bbox 2344 1292 2418 1346; x_wconf 91' lang='lat' dir='ltr'><strong><em>De</em></strong></span> <span class='ocrx_word' id='word_1_201' title='bbox 2465 1308 2574 1347; x_wconf 89' lang='lat' dir='ltr'><strong><em>non</em></strong></span> <span class='ocrx_word' id='word_1_202' title='bbox 2605 1291 2945 1347; x_wconf 76' lang='lat' dir='ltr'><strong><em>exstantibus</em></strong></span> <span class='ocrx_word' id='word_1_203' title='bbox 2976 1292 3152 1347; x_wconf 85' lang='lat' dir='ltr'><strong><em>factus</em></strong></span> <span class='ocrx_word' id='word_1_204' title='bbox 3180 1301 3283 1359; x_wconf 90' lang='lat' dir='ltr'><strong><em>est,</em></strong></span> <span class='ocrx_word' id='word_1_205' title='bbox 3317 1291 3389 1345; x_wconf 91' lang='lat' dir='ltr'><strong><em>ita</em></strong></span> <span class='ocrx_word' id='word_1_206' title='bbox 3432 1306 3647 1362; x_wconf 85' lang='lat' dir='ltr'><strong><em>respon-</em></strong></span> 
     </span>
    </p>
   </div>
   <div class='ocr_carea' id='block_1_28' title="bbox 2043 1382 3646 1455">
    <p class='ocr_par' dir='ltr' id='par_1_28' title="bbox 2043 1382 3646 1455">
     <span class='ocr_line' id='line_1_28' title="bbox 2043 1382 3646 1455; baseline -0.001 -16"><span class='ocrx_word' id='word_1_207' title='bbox 2043 1384 2147 1450; x_wconf 88' lang='lat' dir='ltr'><strong><em>det,</em></strong></span> <span class='ocrx_word' id='word_1_208' title='bbox 2188 1394 2244 1438; x_wconf 90' lang='lat' dir='ltr'><strong><em>ut</em></strong></span> <span class='ocrx_word' id='word_1_209' title='bbox 2273 1399 2473 1451; x_wconf 79' lang='lat' dir='ltr'><strong><em>semper</em></strong></span> <span class='ocrx_word' id='word_1_210' title='bbox 2521 1383 2756 1451; x_wconf 87' lang='lat' dir='ltr'><strong><em>Patrem,</em></strong></span> <span class='ocrx_word' id='word_1_211' title='bbox 2797 1400 2997 1453; x_wconf 87' lang='lat' dir='ltr'><strong><em>semper</em></strong></span> <span class='ocrx_word' id='word_1_212' title='bbox 3051 1382 3268 1451; x_wconf 85' lang='lat' dir='ltr'><strong><em>Filium,</em></strong></span> <span class='ocrx_word' id='word_1_213' title='bbox 3294 1391 3343 1438; x_wconf 92' lang='lat' dir='ltr'><strong><em>et</em></strong></span> <span class='ocrx_word' id='word_1_214' title='bbox 3385 1399 3489 1436; x_wconf 91' lang='lat' dir='ltr'><strong><em>non</em></strong></span> <span class='ocrx_word' id='word_1_215' title='bbox 3527 1392 3646 1455; x_wconf 87' lang='lat' dir='ltr'><strong><em>post</em></strong></span> 
     </span>
    </p>
   </div>
   <div class='ocr_carea' id='block_1_29' title="bbox 2041 1476 3649 1548">
    <p class='ocr_par' dir='ltr' id='par_1_29' title="bbox 2041 1476 3649 1548">
     <span class='ocr_line' id='line_1_29' title="bbox 2041 1476 3649 1548; baseline 0 -16"><span class='ocrx_word' id='word_1_216' title='bbox 2041 1478 2217 1548; x_wconf 85' lang='lat' dir='ltr'><strong><em>aliqua</em></strong></span> <span class='ocrx_word' id='word_1_217' title='bbox 2268 1476 2430 1532; x_wconf 89' lang='lat' dir='ltr'><strong><em>Deum</em></strong></span> <span class='ocrx_word' id='word_1_218' title='bbox 2457 1477 2707 1540; x_wconf 87' lang='lat' dir='ltr'><strong><em>omnium.</em></strong></span> <span class='ocrx_word' id='word_1_219' title='bbox 2735 1479 2826 1532; x_wconf 91' lang='lat' dir='ltr'><strong><em>sed</em></strong></span> <span class='ocrx_word' id='word_1_220' title='bbox 2865 1489 2986 1532; x_wconf 89' lang='lat' dir='ltr'><strong><em>ante</em></strong></span> <span class='ocrx_word' id='word_1_221' title='bbox 3010 1478 3183 1532; x_wconf 89' lang='lat' dir='ltr'><strong><em>omnia</em></strong></span> <span class='ocrx_word' id='word_1_222' title='bbox 3205 1492 3314 1532; x_wconf 86' lang='lat' dir='ltr'><strong><em>esse</em></strong></span> <span class='ocrx_word' id='word_1_223' title='bbox 3341 1476 3520 1532; x_wconf 87' lang='lat' dir='ltr'><strong><em>doceat</em></strong></span> <span class='ocrx_word' id='word_1_224' title='bbox 3550 1493 3569 1532; x_wconf 91' lang='lat'><strong><em>:</em></strong></span> <span class='ocrx_word' id='word_1_225' title='bbox 3600 1488 3649 1532; x_wconf 90' lang='lat' dir='ltr'><strong><em>et</em></strong></span> 
     </span>
    </p>
   </div>
   <div class='ocr_carea' id='block_1_30' title="bbox 2043 1568 3645 1641">
    <p class='ocr_par' dir='ltr' id='par_1_30' title="bbox 2043 1568 3645 1641">
     <span class='ocr_line' id='line_1_30' title="bbox 2043 1568 3645 1641; baseline 0 -17"><span class='ocrx_word' id='word_1_226' title='bbox 2043 1571 2119 1625; x_wconf 88' lang='lat' dir='ltr'><strong><em>ita</em></strong></span> <span class='ocrx_word' id='word_1_227' title='bbox 2165 1585 2364 1641; x_wconf 86' lang='lat' dir='ltr'><strong><em>semper</em></strong></span> <span class='ocrx_word' id='word_1_228' title='bbox 2393 1570 2549 1641; x_wconf 81' lang='lat' dir='ltr'><strong><em>fuisse</em></strong></span> <span class='ocrx_word' id='word_1_229' title='bbox 2576 1568 2628 1623; x_wconf 84' lang='lat' dir='ltr'><em>F</em></span> <span class='ocrx_word' id='word_1_230' title='bbox 2628 1570 2801 1635; x_wconf 87' lang='lat' dir='ltr'><strong><em>ilium,</em></strong></span> <span class='ocrx_word' id='word_1_231' title='bbox 2845 1579 2903 1624; x_wconf 91' lang='lat' dir='ltr'><strong><em>ut</em></strong></span> <span class='ocrx_word' id='word_1_232' title='bbox 2945 1580 2993 1625; x_wconf 89' lang='lat' dir='ltr'><strong><em>et</em></strong></span> <span class='ocrx_word' id='word_1_233' title='bbox 3022 1579 3199 1624; x_wconf 87' lang='lat' dir='ltr'><strong><em>natum</em></strong></span> <span class='ocrx_word' id='word_1_234' title='bbox 3242 1585 3350 1625; x_wconf 86' lang='lat' dir='ltr'><strong><em>esse</em></strong></span> <span class='ocrx_word' id='word_1_235' title='bbox 3377 1571 3645 1641; x_wconf 68' lang='lat' dir='ltr'><strong><em>praedicet,</em></strong></span> 
     </span>
    </p>
   </div>
   <div class='ocr_carea' id='block_1_31' title="bbox 2044 1661 3650 1737">
    <p class='ocr_par' dir='ltr' id='par_1_31' title="bbox 2044 1661 3650 1737">
     <span class='ocr_line' id='line_1_31' title="bbox 2044 1661 3650 1737; baseline -0.002 -17"><span class='ocrx_word' id='word_1_236' title='bbox 2044 1674 2091 1720; x_wconf 87' lang='lat' dir='ltr'><strong><em>et</em></strong></span> <span class='ocrx_word' id='word_1_237' title='bbox 2114 1680 2312 1735; x_wconf 88' lang='lat' dir='ltr'><strong><em>semper</em></strong></span> <span class='ocrx_word' id='word_1_238' title='bbox 2334 1666 2492 1737; x_wconf 79' lang='lat' dir='ltr'><strong><em>fuisse</em></strong></span> <span class='ocrx_word' id='word_1_239' title='bbox 2520 1663 2830 1734; x_wconf 73' lang='lat' dir='ltr'><strong><em>manifestat,</em></strong></span> <span class='ocrx_word' id='word_1_240' title='bbox 2863 1672 2917 1716; x_wconf 91' lang='lat' dir='ltr'><strong><em>ut</em></strong></span> <span class='ocrx_word' id='word_1_241' title='bbox 2942 1663 2995 1716; x_wconf 89' lang='lat' dir='ltr'><strong><em>in</em></strong></span> <span class='ocrx_word' id='word_1_242' title='bbox 3024 1678 3084 1716; x_wconf 92' lang='lat' dir='ltr'><strong><em>eo</em></strong></span> <span class='ocrx_word' id='word_1_243' title='bbox 3106 1678 3210 1716; x_wconf 89' lang='lat' dir='ltr'><strong><em>non</em></strong></span> <span class='ocrx_word' id='word_1_244' title='bbox 3235 1661 3650 1717; x_wconf 87' lang='lat' dir='ltr'><strong><em>innascibilitatis</em></strong></span> 
     </span>
    </p>
   </div>
   <div class='ocr_carea' id='block_1_32' title="bbox 342 1754 3645 1834">
    <p class='ocr_par' dir='ltr' id='par_1_32' title="bbox 342 1754 3645 1834">
     <span class='ocr_line' id='line_1_32' title="bbox 342 1754 3645 1834; baseline -0.001 -23"><span class='ocrx_word' id='word_1_245' title='bbox 342 1758 496 1812; x_wconf 83' lang='lat' dir='ltr'><strong><em>modo</em></strong></span> <span class='ocrx_word' id='word_1_246' title='bbox 548 1775 651 1812; x_wconf 85' lang='lat' dir='ltr'><strong><em>non</em></strong></span> <span class='ocrx_word' id='word_1_247' title='bbox 695 1758 762 1812; x_wconf 91' lang='lat' dir='ltr'><strong><em>ad</em></strong></span> <span class='ocrx_word' id='word_1_248' title='bbox 825 1758 1112 1814; x_wconf 89' lang='lat' dir='ltr'><strong><em>divinitatis</em></strong></span> <span class='ocrx_word' id='word_1_249' title='bbox 1161 1760 1511 1830; x_wconf 77' lang='lat' dir='ltr'><strong><em>inﬁrmitatem</em></strong></span> <span class='ocrx_word' id='word_1_250' title='bbox 1575 1761 1940 1834; x_wconf 86' lang='lat' dir='ltr'><strong><em>subjectionem</em></strong></span> <span class='ocrx_word' id='word_1_251' title='bbox 1969 1765 2017 1826; x_wconf 87' lang='grc' dir='ltr'><strong>Β</strong></span> <span class='ocrx_word' id='word_1_252' title='bbox 2044 1760 2196 1830; x_wconf 87' lang='lat' dir='ltr'><strong><em>(mss.</em></strong></span> <span class='ocrx_word' id='word_1_253' title='bbox 2223 1758 2602 1822; x_wconf 85' lang='lat' dir='ltr'><strong><em>nascibilitatis,</em></strong></span> <span class='ocrx_word' id='word_1_254' title='bbox 2633 1756 2796 1821; x_wconf 86' lang='lat' dir='ltr'><strong><em>male,</em></strong></span> <span class='ocrx_word' id='word_1_255' title='bbox 2834 1757 2910 1810; x_wconf 85' lang='lat' dir='ltr'><strong><em>uti</em></strong></span> <span class='ocrx_word' id='word_1_256' title='bbox 2945 1756 3160 1825; x_wconf 86' lang='lat' dir='ltr'><strong><em>planum</em></strong></span> <span class='ocrx_word' id='word_1_257' title='bbox 3189 1763 3366 1809; x_wconf 75' lang='lat' dir='ltr'><strong><em>estex</em></strong></span> <span class='ocrx_word' id='word_1_258' title='bbox 3399 1754 3494 1810; x_wconf 88' lang='lat' dir='ltr'><strong><em>lib.</em></strong></span> <span class='ocrx_word' id='word_1_259' title='bbox 3525 1770 3565 1823; x_wconf 90' lang='lat' dir='ltr'><strong><em>l,</em></strong></span> <span class='ocrx_word' id='word_1_260' title='bbox 3591 1771 3645 1809; x_wconf 83' lang='grc' dir='ltr'><strong>η.</strong></span> 
     </span>
    </p>
   </div>
   <div class='ocr_carea' id='block_1_33' title="bbox 340 1849 1941 1923">
    <p class='ocr_par' dir='ltr' id='par_1_33' title="bbox 340 1849 1941 1923">
     <span class='ocr_line' id='line_1_33' title="bbox 340 1849 1941 1923; baseline 0.002 -20"><span class='ocrx_word' id='word_1_261' title='bbox 340 1849 609 1920; x_wconf 75' lang='lat' dir='ltr'><strong><em>proﬁcere,</em></strong></span> <span class='ocrx_word' id='word_1_262' title='bbox 635 1852 726 1905; x_wconf 89' lang='lat' dir='ltr'><strong><em>sed</em></strong></span> <span class='ocrx_word' id='word_1_263' title='bbox 753 1867 843 1922; x_wconf 90' lang='lat' dir='ltr'><strong><em>per</em></strong></span> <span class='ocrx_word' id='word_1_264' title='bbox 867 1866 980 1905; x_wconf 91' lang='lat' dir='ltr'><strong><em>eam</em></strong></span> <span class='ocrx_word' id='word_1_265' title='bbox 1003 1852 1192 1921; x_wconf 88' lang='lat' dir='ltr'><strong><em>ipsam,</em></strong></span> <span class='ocrx_word' id='word_1_266' title='bbox 1220 1854 1481 1908; x_wconf 84' lang='lat' dir='ltr'><strong><em>veritatem</em></strong></span> <span class='ocrx_word' id='word_1_267' title='bbox 1513 1852 1609 1908; x_wconf 90' lang='lat' dir='ltr'><strong><em>Dei</em></strong></span> <span class='ocrx_word' id='word_1_268' title='bbox 1634 1855 1721 1923; x_wconf 85' lang='lat' dir='ltr'><strong><em>qui</em></strong></span> <span class='ocrx_word' id='word_1_269' title='bbox 1742 1870 1809 1909; x_wconf 79' lang='lat' dir='ltr'><strong><em>ea:</em></strong></span> <span class='ocrx_word' id='word_1_270' title='bbox 1829 1851 1941 1908; x_wconf 88' lang='lat' dir='ltr'><strong><em>Deo</em></strong></span> 
     </span>
    </p>
   </div>
   <div class='ocr_carea' id='block_1_34' title="bbox 336 1941 1945 2019">
    <p class='ocr_par' dir='ltr' id='par_1_34' title="bbox 336 1941 1945 2019">
     <span class='ocr_line' id='line_1_34' title="bbox 336 1941 1945 2019; baseline 0.001 -22"><span class='ocrx_word' id='word_1_271' title='bbox 336 1943 411 1997; x_wconf 88' lang='lat' dir='ltr'><strong><em>sit</em></strong></span> <span class='ocrx_word' id='word_1_272' title='bbox 456 1951 609 1997; x_wconf 85' lang='lat' dir='ltr'><strong><em>natus</em></strong></span> <span class='ocrx_word' id='word_1_273' title='bbox 646 1943 889 1998; x_wconf 89' lang='lat' dir='ltr'><strong><em>ostendit.</em></strong></span> <span class='ocrx_word' id='word_1_274' title='bbox 926 1941 1128 1999; x_wconf 83' lang='lat' dir='ltr'><strong><em>Deinde</em></strong></span> <span class='ocrx_word' id='word_1_275' title='bbox 1171 1944 1406 2000; x_wconf 90' lang='lat' dir='ltr'><strong><em>omnibus</em></strong></span> <span class='ocrx_word' id='word_1_276' title='bbox 1461 1946 1768 2019; x_wconf 81' lang='lat' dir='ltr'><strong><em>euangelicis</em></strong></span> <span class='ocrx_word' id='word_1_277' title='bbox 1796 1954 1945 2017; x_wconf 87' lang='lat' dir='ltr'><strong><em>atque</em></strong></span> 
     </span>
    </p>
   </div>
   <div class='ocr_carea' id='block_1_35' title="bbox 2049 1849 3649 1924">
    <p class='ocr_par' dir='ltr' id='par_1_35' title="bbox 2049 1849 3649 1924">
     <span class='ocr_line' id='line_1_35' title="bbox 2049 1849 3649 1924; baseline -0.001 -18"><span class='ocrx_word' id='word_1_278' title='bbox 2049 1850 2143 1924; x_wconf 70' lang='grc'><strong><em>54)</em></strong></span> <span class='ocrx_word' id='word_1_279' title='bbox 2170 1853 2234 1906; x_wconf 93' lang='lat' dir='ltr'><strong><em>sit</em></strong></span> <span class='ocrx_word' id='word_1_280' title='bbox 2253 1852 2504 1923; x_wconf 71' lang='lat' dir='ltr'><strong><em>exceptio,</em></strong></span> <span class='ocrx_word' id='word_1_281' title='bbox 2535 1850 2624 1905; x_wconf 88' lang='lat' dir='ltr'><strong><em>sed</em></strong></span> <span class='ocrx_word' id='word_1_282' title='bbox 2650 1850 2928 1904; x_wconf 83' lang='lat' dir='ltr'><strong><em>nativitatis</em></strong></span> <span class='ocrx_word' id='word_1_283' title='bbox 2951 1849 3208 1904; x_wconf 76' lang='lat' dir='ltr'><strong><em>wternitas</em></strong></span> <span class='ocrx_word' id='word_1_284' title='bbox 3228 1865 3246 1903; x_wconf 90' lang='lat'><strong><em>:</em></strong></span> <span class='ocrx_word' id='word_1_285' title='bbox 3263 1849 3335 1903; x_wconf 89' lang='lat' dir='ltr'><strong><em>ita</em></strong></span> <span class='ocrx_word' id='word_1_286' title='bbox 3362 1859 3418 1902; x_wconf 90' lang='lat' dir='ltr'><strong><em>ut</em></strong></span> <span class='ocrx_word' id='word_1_287' title='bbox 3442 1859 3492 1904; x_wconf 89' lang='lat' dir='ltr'><strong><em>et</em></strong></span> <span class='ocrx_word' id='word_1_288' title='bbox 3512 1850 3649 1904; x_wconf 85' lang='lat' dir='ltr'><strong><em>nati-</em></strong></span> 
     </span>
    </p>
   </div>
   <div class='ocr_carea' id='block_1_36' title="bbox 2043 1941 3647 2012">
    <p class='ocr_par' dir='ltr' id='par_1_36' title="bbox 2043 1941 3647 2012">
     <span class='ocr_line' id='line_1_36' title="bbox 2043 1941 3647 2012; baseline 0 -13"><span class='ocrx_word' id='word_1_289' title='bbox 2043 1946 2173 1999; x_wconf 85' lang='lat' dir='ltr'><strong><em>vitas</em></strong></span> <span class='ocrx_word' id='word_1_290' title='bbox 2190 1943 2367 1999; x_wconf 83' lang='lat' dir='ltr'><strong><em>habeat</em></strong></span> <span class='ocrx_word' id='word_1_291' title='bbox 2381 1954 2662 2012; x_wconf 89' lang='lat' dir='ltr'><strong><em>auctorem,</em></strong></span> <span class='ocrx_word' id='word_1_292' title='bbox 2683 1951 2733 1997; x_wconf 91' lang='lat' dir='ltr'><strong><em>et</em></strong></span> <span class='ocrx_word' id='word_1_293' title='bbox 2750 1958 2852 1997; x_wconf 91' lang='lat' dir='ltr'><strong><em>non</em></strong></span> <span class='ocrx_word' id='word_1_294' title='bbox 2878 1951 3049 1997; x_wconf 87' lang='lat' dir='ltr'><strong><em>careat</em></strong></span> <span class='ocrx_word' id='word_1_295' title='bbox 3077 1941 3359 1996; x_wconf 69' lang='lat' dir='ltr'><strong><em>wternitate</em></strong></span> <span class='ocrx_word' id='word_1_296' title='bbox 3386 1941 3647 1999; x_wconf 84' lang='lat' dir='ltr'><strong><em>divinitas.</em></strong></span> 
     </span>
    </p>
   </div>
   <div class='ocr_carea' id='block_1_37' title="bbox 868 2092 3150 2362">
    <p class='ocr_par' dir='ltr' id='par_1_37' title="bbox 868 2092 3150 2362">
     <span class='ocr_line' id='line_1_37' title="bbox 868 2092 3150 2362; baseline -0.001 -5"><span class='ocrx_word' id='word_1_297' title='bbox 868 2197 1864 2362; x_wconf 77' lang='lat' dir='ltr'><strong>SANCTI</strong></span> <span class='ocrx_word' id='word_1_298' title='bbox 2034 2092 3150 2357; x_wconf 76' lang='lat' dir='ltr'><strong><em>HI‘LARII</em></strong></span> 
     </span>
    </p>
   </div>
   <div class='ocr_carea' id='block_1_38' title="bbox 1361 2450 2702 2545">
    <p class='ocr_par' dir='ltr' id='par_1_38' title="bbox 1361 2450 2702 2545">
     <span class='ocr_line' id='line_1_38' title="bbox 1361 2450 2702 2545; baseline -0.004 0"><span class='ocrx_word' id='word_1_299' title='bbox 1361 2450 2116 2545; x_wconf 88' lang='lat' dir='ltr'><strong><em>PICTAVENSIS</em></strong></span> <span class='ocrx_word' id='word_1_300' title='bbox 2166 2458 2702 2543; x_wconf 87' lang='lat' dir='ltr'><strong><em>EPISCOPI</em></strong></span> 
     </span>
    </p>
   </div>
   <div class='ocr_carea' id='block_1_39' title="bbox 1143 2631 2879 2784">
    <p class='ocr_par' dir='ltr' id='par_1_39' title="bbox 1143 2631 2879 2784">
     <span class='ocr_line' id='line_1_39' title="bbox 1143 2631 2879 2784; baseline -0.003 -3"><span class='ocrx_word' id='word_1_301' title='bbox 1143 2641 1441 2783; x_wconf 89' lang='lat' dir='ltr'><strong><em>DE</em></strong></span> <span class='ocrx_word' id='word_1_302' title='bbox 1596 2631 2879 2784; x_wconf 81' lang='lat' dir='ltr'><strong><em>TRINITATE</em></strong></span> 
     </span>
    </p>
   </div>
   <div class='ocr_carea' id='block_1_40' title="bbox 1531 2859 2484 2934">
    <p class='ocr_par' dir='ltr' id='par_1_40' title="bbox 1531 2859 2484 2934">
     <span class='ocr_line' id='line_1_40' title="bbox 1531 2859 2484 2934; baseline -0.001 -1"><span class='ocrx_word' id='word_1_303' title='bbox 1531 2861 1827 2933; x_wconf 79' lang='lat' dir='ltr'><strong><em>LIBRI</em></strong></span> <span class='ocrx_word' id='word_1_304' title='bbox 1870 2859 2484 2934; x_wconf 85' lang='lat' dir='ltr'><strong><em>DUODECIM.</em></strong></span> 
     </span>
    </p>
   </div>
   <div class='ocr_carea' id='block_1_41' title="bbox 1628 2968 2380 3037">
    <p class='ocr_par' dir='ltr' id='par_1_41' title="bbox 1628 2968 2380 3037">
     <span class='ocr_line' id='line_1_41' title="bbox 1628 2968 2380 3037; baseline -0.005 -12"><span class='ocrx_word' id='word_1_305' title='bbox 1628 2974 1866 3037; x_wconf 76' lang='lat' dir='ltr'><strong><em>(amart-en</em></strong></span> <span class='ocrx_word' id='word_1_306' title='bbox 1888 2989 1970 3026; x_wconf 71' lang='lat' dir='ltr'><strong><em>ut.</em></strong></span> <span class='ocrx_word' id='word_1_307' title='bbox 1998 2973 2091 3026; x_wconf 70' lang='lat'><strong><em>356</em></strong></span> <span class='ocrx_word' id='word_1_308' title='bbox 2110 2968 2380 3035; x_wconf 70' lang='lat' dir='ltr'><strong><em>INCROA&#39;I&#39;I.)</em></strong></span> 
     </span>
    </p>
   </div>
   <div class='ocr_carea' id='block_1_42' title="bbox 1346 3115 1945 3150">
    <p class='ocr_par' dir='ltr' id='par_1_42' title="bbox 1346 3115 1945 3150">
     <span class='ocr_line' id='line_1_42' title="bbox 1346 3115 1945 3150; baseline 0.003 -2"><span class='ocrx_word' id='word_1_309' title='bbox 1346 3115 1945 3150; x_wconf 68' lang='lat'><strong><em>—-—————:==</em></strong></span> 
     </span>
    </p>
   </div>
   <div class='ocr_carea' id='block_1_43' title="bbox 1280 3131 1343 3147">
    <p class='ocr_par' dir='ltr' id='par_1_43' title="bbox 1280 3131 1343 3147">
     <span class='ocr_line' id='line_1_43' title="bbox 1280 3131 1343 3147; baseline -0.016 0"><span class='ocrx_word' id='word_1_310' title='bbox 1280 3131 1343 3147; x_wconf 43' lang='lat' dir='ltr'>ﬂ</span> 
     </span>
    </p>
   </div>
   <div class='ocr_carea' id='block_1_44' title="bbox 854 3234 1447 3312">
    <p class='ocr_par' dir='ltr' id='par_1_44' title="bbox 854 3234 1447 3312">
     <span class='ocr_line' id='line_1_44' title="bbox 854 3234 1447 3312; baseline -0.007 -17"><span class='ocrx_word' id='word_1_311' title='bbox 854 3242 899 3312; x_wconf 89' lang='grc' dir='ltr'><strong>ι</strong></span> <span class='ocrx_word' id='word_1_312' title='bbox 923 3237 1125 3295; x_wconf 81' lang='lat' dir='ltr'><strong>LIBER</strong></span> <span class='ocrx_word' id='word_1_313' title='bbox 1168 3234 1447 3293; x_wconf 78' lang='lat' dir='ltr'><strong><em>PRIMUS.</em></strong></span> 
     </span>
    </p>
   </div>
   <div class='ocr_carea' id='block_1_45' title="bbox 351 3366 1951 3451">
    <p class='ocr_par' dir='ltr' id='par_1_45' title="bbox 351 3366 1951 3451">
     <span class='ocr_line' id='line_1_45' title="bbox 351 3366 1951 3451; baseline -0.006 -18"><span class='ocrx_word' id='word_1_314' title='bbox 351 3377 417 3433; x_wconf 79' lang='lat' dir='ltr'><strong><em>In</em></strong></span> <span class='ocrx_word' id='word_1_315' title='bbox 445 3394 548 3451; x_wconf 87' lang='lat' dir='ltr'><strong><em>quo</em></strong></span> <span class='ocrx_word' id='word_1_316' title='bbox 585 3374 843 3444; x_wconf 84' lang='lat' dir='ltr'><strong><em>Hilarius,</em></strong></span> <span class='ocrx_word' id='word_1_317' title='bbox 873 3375 1052 3445; x_wconf 89' lang='lat' dir='ltr'><strong><em>positis</em></strong></span> <span class='ocrx_word' id='word_1_318' title='bbox 1080 3372 1506 3444; x_wconf 85' lang='lat' dir='ltr'><strong><em>philosophorum</em></strong></span> <span class='ocrx_word' id='word_1_319' title='bbox 1536 3370 1599 3424; x_wconf 89' lang='lat' dir='ltr'><strong><em>de</em></strong></span> <span class='ocrx_word' id='word_1_320' title='bbox 1635 3366 1951 3423; x_wconf 84' lang='lat' dir='ltr'><strong><em>beatitudine</em></strong></span> 
     </span>
    </p>
   </div>
   <div class='ocr_carea' id='block_1_46' title="bbox 421 3462 1950 3533">
    <p class='ocr_par' dir='ltr' id='par_1_46' title="bbox 421 3462 1950 3533">
     <span class='ocr_line' id='line_1_46' title="bbox 421 3462 1950 3533; baseline -0.008 -7"><span class='ocrx_word' id='word_1_321' title='bbox 421 3489 482 3526; x_wconf 82' lang='lat' dir='ltr'><strong><em>ac</em></strong></span> <span class='ocrx_word' id='word_1_322' title='bbox 521 3471 586 3524; x_wconf 92' lang='lat' dir='ltr'><strong><em>de</em></strong></span> <span class='ocrx_word' id='word_1_323' title='bbox 611 3469 718 3525; x_wconf 91' lang='lat' dir='ltr'><strong><em>Deo</em></strong></span> <span class='ocrx_word' id='word_1_324' title='bbox 738 3469 1023 3531; x_wconf 87' lang='lat' dir='ltr'><strong><em>sententiis.</em></strong></span> <span class='ocrx_word' id='word_1_325' title='bbox 1053 3485 1080 3522; x_wconf 89' lang='lat' dir='ltr'><strong><em>e</em></strong></span> <span class='ocrx_word' id='word_1_326' title='bbox 1107 3466 1396 3533; x_wconf 85' lang='lat' dir='ltr'><strong><em>Scripturis</em></strong></span> <span class='ocrx_word' id='word_1_327' title='bbox 1422 3474 1529 3519; x_wconf 88' lang='lat' dir='ltr'><strong><em>tum</em></strong></span> <span class='ocrx_word' id='word_1_328' title='bbox 1550 3462 1819 3526; x_wconf 82' lang='lat' dir='ltr'><strong><em>veteribus,</em></strong></span> <span class='ocrx_word' id='word_1_329' title='bbox 1843 3472 1950 3516; x_wconf 90' lang='lat' dir='ltr'><strong><em>tum</em></strong></span> 
     </span>
    </p>
   </div>
   <div class='ocr_carea' id='block_1_47' title="bbox 422 3555 1951 3631">
    <p class='ocr_par' dir='ltr' id='par_1_47' title="bbox 422 3555 1951 3631">
     <span class='ocr_line' id='line_1_47' title="bbox 422 3555 1951 3631; baseline -0.007 -12"><span class='ocrx_word' id='word_1_330' title='bbox 422 3566 650 3620; x_wconf 75' lang='lat' dir='ltr'><strong><em>maxime</em></strong></span> <span class='ocrx_word' id='word_1_331' title='bbox 677 3581 740 3618; x_wconf 80' lang='lat' dir='ltr'><strong><em>ea:</em></strong></span> <span class='ocrx_word' id='word_1_332' title='bbox 767 3561 990 3617; x_wconf 84' lang='lat' dir='ltr'><strong><em>Joannis</em></strong></span> <span class='ocrx_word' id='word_1_333' title='bbox 1026 3561 1303 3631; x_wconf 81' lang='lat' dir='ltr'><strong><em>Evangelia</em></strong></span> <span class='ocrx_word' id='word_1_334' title='bbox 1330 3561 1573 3615; x_wconf 88' lang='lat' dir='ltr'><strong><em>veriorem</em></strong></span> <span class='ocrx_word' id='word_1_335' title='bbox 1593 3574 1654 3612; x_wconf 89' lang='lat' dir='ltr'><strong><em>ac</em></strong></span> <span class='ocrx_word' id='word_1_336' title='bbox 1683 3555 1951 3610; x_wconf 89' lang='lat' dir='ltr'><strong><em>sublimio-</em></strong></span> 
     </span>
    </p>
   </div>
   <div class='ocr_carea' id='block_1_48' title="bbox 422 3650 1952 3723">
    <p class='ocr_par' dir='ltr' id='par_1_48' title="bbox 422 3650 1952 3723">
     <span class='ocr_line' id='line_1_48' title="bbox 422 3650 1952 3723; baseline -0.008 -9"><span class='ocrx_word' id='word_1_337' title='bbox 422 3677 531 3714; x_wconf 88' lang='lat' dir='ltr'><strong><em>rem</em></strong></span> <span class='ocrx_word' id='word_1_338' title='bbox 562 3657 658 3712; x_wconf 75' lang='lat' dir='ltr'><strong><em>Dei</em></strong></span> <span class='ocrx_word' id='word_1_339' title='bbox 689 3657 941 3719; x_wconf 88' lang='lat' dir='ltr'><strong><em>notitiam,</em></strong></span> <span class='ocrx_word' id='word_1_340' title='bbox 976 3655 1344 3723; x_wconf 86' lang='lat' dir='ltr'><strong><em>certioremque</em></strong></span> <span class='ocrx_word' id='word_1_341' title='bbox 1384 3650 1784 3705; x_wconf 86' lang='lat' dir='ltr'><strong><em>immortalitatis</em></strong></span> <span class='ocrx_word' id='word_1_342' title='bbox 1812 3663 1952 3718; x_wconf 88' lang='lat' dir='ltr'><strong><em>spem</em></strong></span> 
     </span>
    </p>
   </div>
   <div class='ocr_carea' id='block_1_49' title="bbox 427 3740 1953 3819">
    <p class='ocr_par' dir='ltr' id='par_1_49' title="bbox 427 3740 1953 3819">
     <span class='ocr_line' id='line_1_49' title="bbox 427 3740 1953 3819; baseline -0.009 -13"><span class='ocrx_word' id='word_1_343' title='bbox 427 3751 575 3806; x_wconf 88' lang='lat' dir='ltr'><strong><em>nobis</em></strong></span> <span class='ocrx_word' id='word_1_344' title='bbox 605 3749 817 3819; x_wconf 77' lang='lat' dir='ltr'><strong><em>prteberi</em></strong></span> <span class='ocrx_word' id='word_1_345' title='bbox 861 3748 1115 3803; x_wconf 88' lang='lat' dir='ltr'><strong><em>declarat.</em></strong></span> <span class='ocrx_word' id='word_1_346' title='bbox 1150 3745 1348 3799; x_wconf 88' lang='lat' dir='ltr'><strong><em>Deinde</em></strong></span> <span class='ocrx_word' id='word_1_347' title='bbox 1370 3760 1434 3798; x_wconf 82' lang='lat' dir='ltr'><strong><em>ea:</em></strong></span> <span class='ocrx_word' id='word_1_348' title='bbox 1463 3754 1614 3815; x_wconf 75' lang='lat' dir='ltr'><strong><em>parte</em></strong></span> <span class='ocrx_word' id='word_1_349' title='bbox 1664 3740 1953 3809; x_wconf 83' lang='lat' dir='ltr'><strong><em>Scripturis</em></strong></span> 
     </span>
    </p>
   </div>
   <div class='ocr_carea' id='block_1_50' title="bbox 424 3837 1953 3916">
    <p class='ocr_par' dir='ltr' id='par_1_50' title="bbox 424 3837 1953 3916">
     <span class='ocr_line' id='line_1_50' title="bbox 424 3837 1953 3916; baseline -0.009 -15"><span class='ocrx_word' id='word_1_350' title='bbox 424 3846 526 3901; x_wconf 89' lang='lat' dir='ltr'><strong><em>Dei</em></strong></span> <span class='ocrx_word' id='word_1_351' title='bbox 580 3844 872 3916; x_wconf 86' lang='lat' dir='ltr'><strong><em>cognitione</em></strong></span> <span class='ocrx_word' id='word_1_352' title='bbox 903 3843 1134 3897; x_wconf 82' lang='lat' dir='ltr'><strong><em>observat</em></strong></span> <span class='ocrx_word' id='word_1_353' title='bbox 1184 3854 1434 3893; x_wconf 82' lang='lat' dir='ltr'><strong><em>summam</em></strong></span> <span class='ocrx_word' id='word_1_354' title='bbox 1464 3837 1605 3891; x_wconf 86' lang='lat' dir='ltr'><strong><em>illius</em></strong></span> <span class='ocrx_word' id='word_1_355' title='bbox 1636 3837 1953 3904; x_wconf 86' lang='lat' dir='ltr'><strong><em>majestatem</em></strong></span> 
     </span>
    </p>
   </div>
   <div class='ocr_carea' id='block_1_51' title="bbox 425 3927 1954 4008">
    <p class='ocr_par' dir='ltr' id='par_1_51' title="bbox 425 3927 1954 4008">
     <span class='ocr_line' id='line_1_51' title="bbox 425 3927 1954 4008; baseline -0.01 -14"><span class='ocrx_word' id='word_1_356' title='bbox 425 3940 637 3995; x_wconf 77' lang='lat' dir='ltr'><strong><em>humani</em></strong></span> <span class='ocrx_word' id='word_1_357' title='bbox 669 3937 857 4008; x_wconf 88' lang='lat' dir='ltr'><strong><em>ingenii</em></strong></span> <span class='ocrx_word' id='word_1_358' title='bbox 885 3936 1017 3991; x_wconf 86' lang='lat' dir='ltr'><strong><em>vires</em></strong></span> <span class='ocrx_word' id='word_1_359' title='bbox 1047 3950 1310 4006; x_wconf 84' lang='lat' dir='ltr'><strong><em>superare,</em></strong></span> <span class='ocrx_word' id='word_1_360' title='bbox 1342 3949 1432 3986; x_wconf 88' lang='lat' dir='ltr'><strong><em>nec</em></strong></span> <span class='ocrx_word' id='word_1_361' title='bbox 1461 3930 1645 4002; x_wconf 89' lang='lat' dir='ltr'><strong><em>attingi</em></strong></span> <span class='ocrx_word' id='word_1_362' title='bbox 1675 3944 1822 4001; x_wconf 90' lang='lat' dir='ltr'><strong><em>posse</em></strong></span> <span class='ocrx_word' id='word_1_363' title='bbox 1853 3927 1954 3981; x_wconf 90' lang='lat' dir='ltr'><strong><em>nisi</em></strong></span> 
     </span>
    </p>
   </div>
   <div class='ocr_carea' id='block_1_52' title="bbox 422 4019 1954 4103">
    <p class='ocr_par' dir='ltr' id='par_1_52' title="bbox 422 4019 1954 4103">
     <span class='ocr_line' id='line_1_52' title="bbox 422 4019 1954 4103; baseline -0.01 -17"><span class='ocrx_word' id='word_1_364' title='bbox 422 4032 560 4103; x_wconf 68' lang='lat' dir='ltr'><strong><em>fide;</em></strong></span> <span class='ocrx_word' id='word_1_365' title='bbox 593 4031 810 4097; x_wconf 82' lang='lat' dir='ltr'><strong><em>hincque</em></strong></span> <span class='ocrx_word' id='word_1_366' title='bbox 839 4036 986 4082; x_wconf 88' lang='lat' dir='ltr'><strong><em>natas</em></strong></span> <span class='ocrx_word' id='word_1_367' title='bbox 1017 4027 1254 4082; x_wconf 74' lang='lat' dir='ltr'><strong><em>hwreses.</em></strong></span> <span class='ocrx_word' id='word_1_368' title='bbox 1291 4023 1428 4094; x_wconf 85' lang='lat' dir='ltr'><strong><em>quod</em></strong></span> <span class='ocrx_word' id='word_1_369' title='bbox 1478 4022 1782 4090; x_wconf 89' lang='lat' dir='ltr'><strong><em>inﬁnitatem</em></strong></span> <span class='ocrx_word' id='word_1_370' title='bbox 1810 4019 1954 4073; x_wconf 88' lang='lat' dir='ltr'><strong><em>illius</em></strong></span> 
     </span>
    </p>
   </div>
   <div class='ocr_carea' id='block_1_53' title="bbox 426 4110 1955 4190">
    <p class='ocr_par' dir='ltr' id='par_1_53' title="bbox 426 4110 1955 4190">
     <span class='ocr_line' id='line_1_53' title="bbox 426 4110 1955 4190; baseline -0.01 -11"><span class='ocrx_word' id='word_1_371' title='bbox 426 4128 564 4180; x_wconf 87' lang='lat' dir='ltr'><strong><em>intra</em></strong></span> <span class='ocrx_word' id='word_1_372' title='bbox 590 4140 770 4177; x_wconf 87' lang='lat' dir='ltr'><strong><em>sensus</em></strong></span> <span class='ocrx_word' id='word_1_373' title='bbox 821 4123 901 4176; x_wconf 90' lang='lat' dir='ltr'><strong><em>sui</em></strong></span> <span class='ocrx_word' id='word_1_374' title='bbox 947 4121 1101 4190; x_wconf 91' lang='lat' dir='ltr'><strong><em>ﬁnem</em></strong></span> <span class='ocrx_word' id='word_1_375' title='bbox 1149 4116 1453 4172; x_wconf 86' lang='lat' dir='ltr'><strong><em>concludere</em></strong></span> <span class='ocrx_word' id='word_1_376' title='bbox 1498 4114 1768 4168; x_wconf 82' lang='lat' dir='ltr'><strong><em>voluerint.</em></strong></span> <span class='ocrx_word' id='word_1_377' title='bbox 1811 4110 1955 4164; x_wconf 84' lang='lat' dir='ltr'><strong><em>Duas</em></strong></span> 
     </span>
    </p>
   </div>
   <div class='ocr_carea' id='block_1_54' title="bbox 426 4205 1954 4288">
    <p class='ocr_par' dir='ltr' id='par_1_54' title="bbox 426 4205 1954 4288">
     <span class='ocr_line' id='line_1_54' title="bbox 426 4205 1954 4288; baseline -0.01 -16"><span class='ocrx_word' id='word_1_378' title='bbox 426 4218 736 4288; x_wconf 70' lang='lat' dir='ltr'><strong><em>prarsertim,</em></strong></span> <span class='ocrx_word' id='word_1_379' title='bbox 767 4214 1015 4267; x_wconf 82' lang='lat' dir='ltr'><strong><em>Arianam</em></strong></span> <span class='ocrx_word' id='word_1_380' title='bbox 1043 4211 1273 4265; x_wconf 81' lang='lat' dir='ltr'><strong><em>uidelicet</em></strong></span> <span class='ocrx_word' id='word_1_381' title='bbox 1300 4219 1347 4262; x_wconf 92' lang='lat' dir='ltr'><strong><em>et</em></strong></span> <span class='ocrx_word' id='word_1_382' title='bbox 1376 4206 1746 4267; x_wconf 83' lang='lat' dir='ltr'><strong><em>Sabellianam,</em></strong></span> <span class='ocrx_word' id='word_1_383' title='bbox 1779 4205 1954 4272; x_wconf 87' lang='lat' dir='ltr'><strong><em>impu-</em></strong></span> 
     </span>
    </p>
   </div>
   <div class='ocr_carea' id='block_1_55' title="bbox 425 4296 1957 4385">
    <p class='ocr_par' dir='ltr' id='par_1_55' title="bbox 425 4296 1957 4385">
     <span class='ocr_line' id='line_1_55' title="bbox 425 4296 1957 4385; baseline -0.01 -20"><span class='ocrx_word' id='word_1_384' title='bbox 425 4311 664 4385; x_wconf 82' lang='lat' dir='ltr'><strong><em>gnandos</em></strong></span> <span class='ocrx_word' id='word_1_385' title='bbox 711 4308 976 4378; x_wconf 89' lang='lat' dir='ltr'><strong><em>proponit.</em></strong></span> <span class='ocrx_word' id='word_1_386' title='bbox 1035 4304 1267 4375; x_wconf 83' lang='lat' dir='ltr'><strong><em>Denique</em></strong></span> <span class='ocrx_word' id='word_1_387' title='bbox 1305 4319 1407 4369; x_wconf 85' lang='lat' dir='ltr'><strong><em>quo</em></strong></span> <span class='ocrx_word' id='word_1_388' title='bbox 1451 4303 1624 4355; x_wconf 87' lang='lat' dir='ltr'><strong><em>animo</em></strong></span> <span class='ocrx_word' id='word_1_389' title='bbox 1671 4314 1818 4353; x_wconf 89' lang='lat' dir='ltr'><strong><em>sacra</em></strong></span> <span class='ocrx_word' id='word_1_390' title='bbox 1864 4296 1957 4351; x_wconf 89' lang='lat' dir='ltr'><strong><em>Dei</em></strong></span> 
     </span>
    </p>
   </div>
   <div class='ocr_carea' id='block_1_56' title="bbox 427 4389 1957 4473">
    <p class='ocr_par' dir='ltr' id='par_1_56' title="bbox 427 4389 1957 4473">
     <span class='ocr_line' id='line_1_56' title="bbox 427 4389 1957 4473; baseline -0.01 -14"><span class='ocrx_word' id='word_1_391' title='bbox 427 4405 579 4460; x_wconf 79' lang='lat' dir='ltr'><strong><em>verba</em></strong></span> <span class='ocrx_word' id='word_1_392' title='bbox 627 4403 728 4473; x_wconf 83' lang='lat' dir='ltr'><strong><em>legi</em></strong></span> <span class='ocrx_word' id='word_1_393' title='bbox 754 4403 988 4465; x_wconf 88' lang='lat' dir='ltr'><strong><em>debeant,</em></strong></span> <span class='ocrx_word' id='word_1_394' title='bbox 1021 4414 1182 4469; x_wconf 87' lang='lat' dir='ltr'><strong><em>quave</em></strong></span> <span class='ocrx_word' id='word_1_395' title='bbox 1208 4398 1405 4451; x_wconf 88' lang='lat' dir='ltr'><strong><em>ratione</em></strong></span> <span class='ocrx_word' id='word_1_396' title='bbox 1433 4395 1567 4464; x_wconf 85' lang='lat' dir='ltr'><strong><em>quod</em></strong></span> <span class='ocrx_word' id='word_1_397' title='bbox 1615 4393 1728 4461; x_wconf 89' lang='lat' dir='ltr'><strong><em>ipse</em></strong></span> <span class='ocrx_word' id='word_1_398' title='bbox 1753 4391 1818 4445; x_wconf 89' lang='lat' dir='ltr'><strong><em>de</em></strong></span> <span class='ocrx_word' id='word_1_399' title='bbox 1847 4389 1957 4445; x_wconf 85' lang='lat' dir='ltr'><strong><em>Deo</em></strong></span> 
     </span>
    </p>
   </div>
   <div class='ocr_carea' id='block_1_57' title="bbox 425 4482 1952 4565">
    <p class='ocr_par' dir='ltr' id='par_1_57' title="bbox 425 4482 1952 4565">
     <span class='ocr_line' id='line_1_57' title="bbox 425 4482 1952 4565; baseline -0.013 -9"><span class='ocrx_word' id='word_1_400' title='bbox 425 4502 697 4556; x_wconf 71' lang='lat' dir='ltr'><strong><em>locuturus</em></strong></span> <span class='ocrx_word' id='word_1_401' title='bbox 731 4504 809 4549; x_wconf 87' lang='lat' dir='ltr'><strong><em>est</em></strong></span> <span class='ocrx_word' id='word_1_402' title='bbox 836 4494 1004 4565; x_wconf 75' lang='lat' dir='ltr'><strong><em>excipi</em></strong></span> <span class='ocrx_word' id='word_1_403' title='bbox 1033 4490 1151 4546; x_wconf 86' lang='lat' dir='ltr'><strong><em>velit</em></strong></span> <span class='ocrx_word' id='word_1_404' title='bbox 1170 4533 1183 4553; x_wconf 82' lang='lat'><strong><em>,</em></strong></span> <span class='ocrx_word' id='word_1_405' title='bbox 1215 4491 1400 4544; x_wconf 86' lang='lat' dir='ltr'><strong><em>lectore</em></strong></span> <span class='ocrx_word' id='word_1_406' title='bbox 1429 4486 1730 4557; x_wconf 60' lang='lat' dir='ltr'><strong><em>praemonito</em></strong></span> <span class='ocrx_word' id='word_1_407' title='bbox 1752 4527 1769 4554; x_wconf 95' lang='lat'><strong><em>,</em></strong></span> <span class='ocrx_word' id='word_1_408' title='bbox 1797 4482 1952 4538; x_wconf 90' lang='lat' dir='ltr'><strong><em>libro-</em></strong></span> 
     </span>
    </p>
   </div>
   <div class='ocr_carea' id='block_1_58' title="bbox 426 4576 1957 4651">
    <p class='ocr_par' dir='ltr' id='par_1_58' title="bbox 426 4576 1957 4651">
     <span class='ocr_line' id='line_1_58' title="bbox 426 4576 1957 4651; baseline -0.013 -4"><span class='ocrx_word' id='word_1_409' title='bbox 426 4608 544 4647; x_wconf 84' lang='lat' dir='ltr'><strong><em>rum</em></strong></span> <span class='ocrx_word' id='word_1_410' title='bbox 571 4603 780 4645; x_wconf 83' lang='lat' dir='ltr'><strong><em>suorum</em></strong></span> <span class='ocrx_word' id='word_1_411' title='bbox 802 4586 1033 4640; x_wconf 84' lang='lat' dir='ltr'><strong><em>ordinem</em></strong></span> <span class='ocrx_word' id='word_1_412' title='bbox 1064 4594 1111 4637; x_wconf 87' lang='lat' dir='ltr'><strong><em>et</em></strong></span> <span class='ocrx_word' id='word_1_413' title='bbox 1136 4590 1437 4651; x_wconf 82' lang='lat' dir='ltr'><strong><em>argumenta</em></strong></span> <span class='ocrx_word' id='word_1_414' title='bbox 1461 4577 1748 4650; x_wconf 63' lang='lat' dir='ltr'><strong><em>praemittit,</em></strong></span> <span class='ocrx_word' id='word_1_415' title='bbox 1796 4576 1957 4628; x_wconf 88' lang='lat' dir='ltr'><strong><em>hanc-</em></strong></span> 
     </span>
    </p>
   </div>
   <div class='ocr_carea' id='block_1_59' title="bbox 425 4666 1960 4755">
    <p class='ocr_par' dir='ltr' id='par_1_59' title="bbox 425 4666 1960 4755">
     <span class='ocr_line' id='line_1_59' title="bbox 425 4666 1960 4755; baseline -0.01 -19"><span class='ocrx_word' id='word_1_416' title='bbox 425 4701 527 4755; x_wconf 85' lang='lat' dir='ltr'><strong><em>qne</em></strong></span> <span class='ocrx_word' id='word_1_417' title='bbox 557 4680 847 4735; x_wconf 80' lang='lat' dir='ltr'><strong><em>humillima</em></strong></span> <span class='ocrx_word' id='word_1_418' title='bbox 876 4694 937 4731; x_wconf 91' lang='lat' dir='ltr'><strong><em>ac</em></strong></span> <span class='ocrx_word' id='word_1_419' title='bbox 962 4676 1068 4747; x_wconf 82' lang='lat' dir='ltr'><strong><em>ﬁde</em></strong></span> <span class='ocrx_word' id='word_1_420' title='bbox 1092 4674 1245 4748; x_wconf 87' lang='lat' dir='ltr'><strong><em>plena</em></strong></span> <span class='ocrx_word' id='word_1_421' title='bbox 1271 4672 1339 4726; x_wconf 88' lang='lat' dir='ltr'><strong><em>ad</em></strong></span> <span class='ocrx_word' id='word_1_422' title='bbox 1371 4669 1537 4726; x_wconf 89' lang='lat' dir='ltr'><strong><em>Deum</em></strong></span> <span class='ocrx_word' id='word_1_423' title='bbox 1565 4685 1712 4741; x_wconf 86' lang='lat' dir='ltr'><strong><em>prece</em></strong></span> <span class='ocrx_word' id='word_1_424' title='bbox 1751 4666 1960 4723; x_wconf 88' lang='lat' dir='ltr'><strong><em>conclu-</em></strong></span> 
     </span>
    </p>
   </div>
   <div class='ocr_carea' id='block_1_60' title="bbox 424 4778 528 4831">
    <p class='ocr_par' dir='ltr' id='par_1_60' title="bbox 424 4778 528 4831">
     <span class='ocr_line' id='line_1_60' title="bbox 424 4778 528 4831; baseline -0.01 0"><span class='ocrx_word' id='word_1_425' title='bbox 424 4778 528 4831; x_wconf 82' lang='lat' dir='ltr'><strong><em>dit.</em></strong></span> 
     </span>
    </p>
   </div>
   <div class='ocr_carea' id='block_1_61' title="bbox 428 4894 1957 4974">
    <p class='ocr_par' dir='ltr' id='par_1_61' title="bbox 428 4894 1957 4974">
     <span class='ocr_line' id='line_1_61' title="bbox 428 4894 1957 4974; baseline -0.009 -11"><span class='ocrx_word' id='word_1_426' title='bbox 428 4909 482 4963; x_wconf 80' lang='grc'><strong><em>1.</em></strong></span> <span class='ocrx_word' id='word_1_427' title='bbox 512 4905 577 4960; x_wconf 83' lang='lat' dir='ltr'><strong><em>In</em></strong></span> <span class='ocrx_word' id='word_1_428' title='bbox 605 4907 709 4961; x_wconf 65' lang='lat' dir='ltr'><strong><em>otio</em></strong></span> <span class='ocrx_word' id='word_1_429' title='bbox 732 4914 778 4959; x_wconf 91' lang='lat' dir='ltr'><strong><em>et</em></strong></span> <span class='ocrx_word' id='word_1_430' title='bbox 810 4902 1069 4974; x_wconf 89' lang='lat' dir='ltr'><strong><em>opulentia</em></strong></span> <span class='ocrx_word' id='word_1_431' title='bbox 1093 4917 1194 4955; x_wconf 91' lang='lat' dir='ltr'><strong><em>non</em></strong></span> <span class='ocrx_word' id='word_1_432' title='bbox 1225 4907 1299 4955; x_wconf 89' lang='lat' dir='ltr'><strong><em>est</em></strong></span> <span class='ocrx_word' id='word_1_433' title='bbox 1325 4898 1426 4953; x_wconf 88' lang='lat' dir='ltr'><strong><em>nisi</em></strong></span> <span class='ocrx_word' id='word_1_434' title='bbox 1457 4896 1659 4952; x_wconf 81' lang='lat' dir='ltr'><strong><em>beluino</em></strong></span> <span class='ocrx_word' id='word_1_435' title='bbox 1693 4894 1767 4969; x_wconf 89' lang='lat' dir='ltr'><strong><em>(a)</em></strong></span> <span class='ocrx_word' id='word_1_436' title='bbox 1795 4896 1957 4967; x_wconf 79' lang='lat' dir='ltr'><strong><em>felici-</em></strong></span> 
     </span>
    </p>
   </div>
   <div class='ocr_carea' id='block_1_62' title="bbox 350 4990 1957 5068">
    <p class='ocr_par' dir='ltr' id='par_1_62' title="bbox 350 4990 1957 5068">
     <span class='ocr_line' id='line_1_62' title="bbox 350 4990 1957 5068; baseline -0.009 -9"><span class='ocrx_word' id='word_1_437' title='bbox 350 5015 455 5059; x_wconf 83' lang='lat' dir='ltr'><strong><em>tas.</em></strong></span> <span class='ocrx_word' id='word_1_438' title='bbox 491 5031 565 5043; x_wconf 85' lang='lat'><strong><em>-—-</em></strong></span> <span class='ocrx_word' id='word_1_439' title='bbox 594 4996 1058 5068; x_wconf 85' lang='lat' dir='ltr'><strong><em>Circumspicienti</em></strong></span> <span class='ocrx_word' id='word_1_440' title='bbox 1089 4993 1218 5050; x_wconf 88' lang='lat' dir='ltr'><strong><em>mihi</em></strong></span> <span class='ocrx_word' id='word_1_441' title='bbox 1248 4994 1522 5063; x_wconf 68' lang='lat' dir='ltr'><strong><em>prolirium</em></strong></span> <span class='ocrx_word' id='word_1_442' title='bbox 1553 4993 1801 5045; x_wconf 79' lang='lat' dir='ltr'><strong><em>humana:</em></strong></span> <span class='ocrx_word' id='word_1_443' title='bbox 1831 4990 1957 5045; x_wconf 72' lang='lat' dir='ltr'><strong><em>vita:</em></strong></span> 
     </span>
    </p>
   </div>
   <div class='ocr_carea' id='block_1_63' title="bbox 351 5084 1955 5166">
    <p class='ocr_par' dir='ltr' id='par_1_63' title="bbox 351 5084 1955 5166">
     <span class='ocr_line' id='line_1_63' title="bbox 351 5084 1955 5166; baseline -0.009 -13"><span class='ocrx_word' id='word_1_444' title='bbox 351 5114 418 5152; x_wconf 81' lang='lat' dir='ltr'><strong><em>ac</em></strong></span> <span class='ocrx_word' id='word_1_445' title='bbox 434 5095 755 5166; x_wconf 73' lang='lat' dir='ltr'><strong><em>religinsum</em></strong></span> <span class='ocrx_word' id='word_1_446' title='bbox 775 5091 1040 5156; x_wconf 83' lang='lat' dir='ltr'><strong><em>officium,</em></strong></span> <span class='ocrx_word' id='word_1_447' title='bbox 1060 5088 1201 5157; x_wconf 90' lang='lat' dir='ltr'><strong><em>quod</em></strong></span> <span class='ocrx_word' id='word_1_448' title='bbox 1235 5087 1314 5143; x_wconf 85' lang='lat' dir='ltr'><strong><em>vel</em></strong></span> <span class='ocrx_word' id='word_1_449' title='bbox 1334 5102 1363 5141; x_wconf 87' lang='lat' dir='ltr'><strong><em>a</em></strong></span> <span class='ocrx_word' id='word_1_450' title='bbox 1384 5095 1571 5141; x_wconf 86' lang='lat' dir='ltr'><strong><em>natura</em></strong></span> <span class='ocrx_word' id='word_1_451' title='bbox 1603 5098 1854 5149; x_wconf 81' lang='lat' dir='ltr'><strong><em>manans,</em></strong></span> <span class='ocrx_word' id='word_1_452' title='bbox 1871 5084 1955 5139; x_wconf 87' lang='lat' dir='ltr'><strong><em>vel</em></strong></span> 
     </span>
    </p>
   </div>
   <div class='ocr_carea' id='block_1_64' title="bbox 351 5173 1963 5259">
    <p class='ocr_par' dir='ltr' id='par_1_64' title="bbox 351 5173 1963 5259">
     <span class='ocr_line' id='line_1_64' title="bbox 351 5173 1963 5259; baseline -0.008 -17"><span class='ocrx_word' id='word_1_453' title='bbox 351 5204 383 5242; x_wconf 83' lang='lat' dir='ltr'><strong><em>a</em></strong></span> <span class='ocrx_word' id='word_1_454' title='bbox 413 5186 748 5259; x_wconf 80' lang='lat' dir='ltr'><strong><em>prudentum</em></strong></span> <span class='ocrx_word' id='word_1_455' title='bbox 785 5180 981 5237; x_wconf 82' lang='lat' dir='ltr'><strong><em>studiis</em></strong></span> <span class='ocrx_word' id='word_1_456' title='bbox 1026 5177 1347 5249; x_wconf 87' lang='lat' dir='ltr'><strong><em>profectum,</em></strong></span> <span class='ocrx_word' id='word_1_457' title='bbox 1377 5176 1597 5244; x_wconf 77' lang='lat' dir='ltr'><strong><em>dignum</em></strong></span> <span class='ocrx_word' id='word_1_458' title='bbox 1629 5173 1832 5244; x_wconf 87' lang='lat' dir='ltr'><strong><em>aliquid</em></strong></span> <span class='ocrx_word' id='word_1_459' title='bbox 1861 5175 1963 5229; x_wconf 85' lang='lat' dir='ltr'><strong><em>hoc</em></strong></span> 
     </span>
    </p>
   </div>
   <div class='ocr_carea' id='block_1_65' title="bbox 350 5268 1963 5344">
    <p class='ocr_par' dir='ltr' id='par_1_65' title="bbox 350 5268 1963 5344">
     <span class='ocr_line' id='line_1_65' title="bbox 350 5268 1963 5344; baseline -0.009 -5"><span class='ocrx_word' id='word_1_460' title='bbox 350 5294 629 5339; x_wconf 68' lang='lat' dir='ltr'><strong><em>conce~so</em></strong></span> <span class='ocrx_word' id='word_1_461' title='bbox 657 5279 757 5334; x_wconf 80' lang='lat' dir='ltr'><strong><em>sibi</em></strong></span> <span class='ocrx_word' id='word_1_462' title='bbox 788 5277 855 5331; x_wconf 89' lang='lat' dir='ltr'><strong><em>ad</em></strong></span> <span class='ocrx_word' id='word_1_463' title='bbox 889 5273 1299 5344; x_wconf 79' lang='lat' dir='ltr'><strong><em>intelligentiam</em></strong></span> <span class='ocrx_word' id='word_1_464' title='bbox 1329 5270 1521 5326; x_wconf 80' lang='lat' dir='ltr'><strong><em>divino</em></strong></span> <span class='ocrx_word' id='word_1_465' title='bbox 1567 5285 1792 5323; x_wconf 87' lang='lat' dir='ltr'><strong><em>munere</em></strong></span> <span class='ocrx_word' id='word_1_466' title='bbox 1822 5268 1963 5324; x_wconf 86' lang='lat' dir='ltr'><strong><em>obti-</em></strong></span> 
     </span>
    </p>
   </div>
   <div class='ocr_carea' id='block_1_66' title="bbox 354 5361 1960 5441">
    <p class='ocr_par' dir='ltr' id='par_1_66' title="bbox 354 5361 1960 5441">
     <span class='ocr_line' id='line_1_66' title="bbox 354 5361 1960 5441; baseline -0.011 -9"><span class='ocrx_word' id='word_1_467' title='bbox 354 5383 543 5440; x_wconf 88' lang='lat' dir='ltr'><strong><em>neret,</em></strong></span> <span class='ocrx_word' id='word_1_468' title='bbox 576 5373 739 5427; x_wconf 85' lang='lat' dir='ltr'><strong><em>multa</em></strong></span> <span class='ocrx_word' id='word_1_469' title='bbox 760 5367 979 5441; x_wconf 85' lang='lat' dir='ltr'><strong><em>quidem</em></strong></span> <span class='ocrx_word' id='word_1_470' title='bbox 1000 5366 1251 5433; x_wconf 82' lang='lat' dir='ltr'><strong><em>aderant,</em></strong></span> <span class='ocrx_word' id='word_1_471' title='bbox 1275 5380 1394 5436; x_wconf 74' lang='lat' dir='ltr'><strong><em>qua:</em></strong></span> <span class='ocrx_word' id='word_1_472' title='bbox 1424 5361 1683 5434; x_wconf 89' lang='lat' dir='ltr'><strong><em>opinione</em></strong></span> <span class='ocrx_word' id='word_1_473' title='bbox 1711 5361 1785 5435; x_wconf 81' lang='grc' dir='ltr'><strong><em>(ὁ)</em></strong></span> <span class='ocrx_word' id='word_1_474' title='bbox 1808 5376 1960 5418; x_wconf 88' lang='lat' dir='ltr'><strong><em>com-</em></strong></span> 
     </span>
    </p>
   </div>
   <div class='ocr_carea' id='block_1_67' title="bbox 428 5525 1970 5609">
    <p class='ocr_par' dir='ltr' id='par_1_67' title="bbox 428 5525 1970 5609">
     <span class='ocr_line' id='line_1_67' title="bbox 428 5525 1970 5609; baseline -0.008 -17"><span class='ocrx_word' id='word_1_475' title='bbox 428 5537 514 5609; x_wconf 86' lang='lat' dir='ltr'><strong><em>(a)</em></strong></span> <span class='ocrx_word' id='word_1_476' title='bbox 546 5534 875 5609; x_wconf 81' lang='lat' dir='ltr'><strong><em>Constanter</em></strong></span> <span class='ocrx_word' id='word_1_477' title='bbox 903 5533 1009 5609; x_wconf 76' lang='lat' dir='ltr'><strong><em>hoc</em></strong></span> <span class='ocrx_word' id='word_1_478' title='bbox 1033 5532 1358 5609; x_wconf 78' lang='lat' dir='ltr'><strong><em>adjectivum</em></strong></span> <span class='ocrx_word' id='word_1_479' title='bbox 1390 5544 1586 5609; x_wconf 78' lang='lat' dir='ltr'><strong><em>nomen</em></strong></span> <span class='ocrx_word' id='word_1_480' title='bbox 1628 5542 1752 5582; x_wconf 90' lang='lat' dir='ltr'><strong><em>eum</em></strong></span> <span class='ocrx_word' id='word_1_481' title='bbox 1784 5541 1893 5583; x_wconf 90' lang='lat' dir='ltr'><strong><em>uno</em></strong></span> <span class='ocrx_word' id='word_1_482' title='bbox 1950 5525 1970 5580; x_wconf 93' lang='lat' dir='ltr'><strong><em>l</em></strong></span> 
     </span>
    </p>
   </div>
   <div class='ocr_carea' id='block_1_68' title="bbox 357 5601 1725 5673">
    <p class='ocr_par' dir='ltr' id='par_1_68' title="bbox 357 5601 1725 5673">
     <span class='ocr_line' id='line_1_68' title="bbox 357 5601 1725 5673; baseline -0.01 -7"><span class='ocrx_word' id='word_1_483' title='bbox 357 5601 553 5666; x_wconf 79' lang='lat' dir='ltr'><strong><em>scribit</em></strong></span> <span class='ocrx_word' id='word_1_484' title='bbox 581 5607 747 5663; x_wconf 80' lang='lat' dir='ltr'><strong><em>editio</em></strong></span> <span class='ocrx_word' id='word_1_485' title='bbox 775 5601 1176 5671; x_wconf 78' lang='lat' dir='ltr'><strong><em>accuratissima</em></strong></span> <span class='ocrx_word' id='word_1_486' title='bbox 1209 5617 1367 5673; x_wconf 87' lang='lat' dir='ltr'><strong><em>quam</em></strong></span> <span class='ocrx_word' id='word_1_487' title='bbox 1398 5601 1725 5673; x_wconf 73' lang='lat' dir='ltr'><strong><em>recedimus.</em></strong></span> 
     </span>
    </p>
   </div>
   <div class='ocr_carea' id='block_1_69' title="bbox 390 5670 1963 5753">
    <p class='ocr_par' dir='ltr' id='par_1_69' title="bbox 390 5670 1963 5753">
     <span class='ocr_line' id='line_1_69' title="bbox 390 5670 1963 5753; baseline -0.007 -17"><span class='ocrx_word' id='word_1_488' title='bbox 390 5745 398 5751; x_wconf 39' lang='grc'>,</span> <span class='ocrx_word' id='word_1_489' title='bbox 434 5682 513 5753; x_wconf 77' lang='lat' dir='ltr'><strong><em>(b)</em></strong></span> <span class='ocrx_word' id='word_1_490' title='bbox 537 5680 636 5753; x_wconf 72' lang='lat' dir='ltr'><strong><em>Per</em></strong></span> <span class='ocrx_word' id='word_1_491' title='bbox 647 5688 886 5753; x_wconf 70' lang='lat' dir='ltr'><strong><em>vetustus</em></strong></span> <span class='ocrx_word' id='word_1_492' title='bbox 900 5678 1071 5732; x_wconf 81' lang='lat' dir='ltr'><strong><em>codex</em></strong></span> <span class='ocrx_word' id='word_1_493' title='bbox 1085 5670 1429 5753; x_wconf 78' lang='lat' dir='ltr'><strong><em>Colbertinus</em></strong></span> <span class='ocrx_word' id='word_1_494' title='bbox 1445 5687 1566 5728; x_wconf 86' lang='lat' dir='ltr'><strong><em>cum</em></strong></span> <span class='ocrx_word' id='word_1_495' title='bbox 1581 5670 1937 5728; x_wconf 85' lang='lat' dir='ltr'><strong><em>Gertnanensi</em></strong></span> <span class='ocrx_word' id='word_1_496' title='bbox 1948 5712 1963 5738; x_wconf 91' lang='lat'><strong><em>,</em></strong></span> 
     </span>
    </p>
   </div>
   <div class='ocr_carea' id='block_1_70' title="bbox 360 5746 1334 5820">
    <p class='ocr_par' dir='ltr' id='par_1_70' title="bbox 360 5746 1334 5820">
     <span class='ocr_line' id='line_1_70' title="bbox 360 5746 1334 5820; baseline -0.01 -13"><span class='ocrx_word' id='word_1_497' title='bbox 360 5746 755 5818; x_wconf 57' lang='lat' dir='ltr'><strong><em>communione;</em></strong></span> <span class='ocrx_word' id='word_1_498' title='bbox 782 5751 940 5820; x_wconf 62' lang='lat' dir='ltr'><strong><em>f~rlc,</em></strong></span> <span class='ocrx_word' id='word_1_499' title='bbox 969 5746 1334 5805; x_wconf 68' lang='lat' dir='ltr'><strong><em>communium.</em></strong></span> 
     </span>
    </p>
   </div>
   <div class='ocr_carea' id='block_1_71' title="bbox 1974 3231 3654 3305">
    <p class='ocr_par' dir='ltr' id='par_1_71' title="bbox 1974 3231 3654 3305">
     <span class='ocr_line' id='line_1_71' title="bbox 1974 3231 3654 3305; baseline 0.001 -18"><span class='ocrx_word' id='word_1_500' title='bbox 1974 3235 2020 3298; x_wconf 86' lang='lat' dir='ltr'><strong><em>C</em></strong></span> <span class='ocrx_word' id='word_1_501' title='bbox 2054 3232 2203 3289; x_wconf 89' lang='lat' dir='ltr'><strong><em>muni</em></strong></span> <span class='ocrx_word' id='word_1_502' title='bbox 2228 3232 2449 3290; x_wconf 80' lang='lat' dir='ltr'><strong><em>efﬁcere</em></strong></span> <span class='ocrx_word' id='word_1_503' title='bbox 2479 3234 2667 3289; x_wconf 88' lang='lat' dir='ltr'><strong><em>utilem</em></strong></span> <span class='ocrx_word' id='word_1_504' title='bbox 2698 3242 2863 3305; x_wconf 88' lang='lat' dir='ltr'><strong><em>atque</em></strong></span> <span class='ocrx_word' id='word_1_505' title='bbox 2891 3232 3183 3305; x_wconf 88' lang='lat' dir='ltr'><strong><em>optandam</em></strong></span> <span class='ocrx_word' id='word_1_506' title='bbox 3201 3234 3368 3288; x_wconf 86' lang='lat' dir='ltr'><strong><em>vitam</em></strong></span> <span class='ocrx_word' id='word_1_507' title='bbox 3397 3231 3654 3290; x_wconf 83' lang='lat' dir='ltr'><strong><em>videban-</em></strong></span> 
     </span>
    </p>
   </div>
   <div class='ocr_carea' id='block_1_72' title="bbox 2021 3120 2108 3136">
    <p class='ocr_par' dir='ltr' id='par_1_72' title="bbox 2021 3120 2108 3136">
     <span class='ocr_line' id='line_1_72' title="bbox 2021 3120 2108 3136; baseline 0 -9"><span class='ocrx_word' id='word_1_508' title='bbox 2021 3120 2108 3136; x_wconf 42' lang='grc' dir='ltr'><strong><em>κ.-</em></strong></span> 
     </span>
    </p>
   </div>
   <div class='ocr_carea' id='block_1_73' title="bbox 2018 3121 2683 3160">
    <p class='ocr_par' dir='ltr' id='par_1_73' title="bbox 2018 3121 2683 3160">
     <span class='ocr_line' id='line_1_73' title="bbox 2018 3121 2683 3160; baseline -0.003 0"><span class='ocrx_word' id='word_1_509' title='bbox 2018 3121 2683 3160; x_wconf 69' lang='lat'><strong><em>===——-——-—-</em></strong></span> 
     </span>
    </p>
   </div>
   <div class='ocr_carea' id='block_1_74' title="bbox 2054 3324 3654 3397">
    <p class='ocr_par' dir='ltr' id='par_1_74' title="bbox 2054 3324 3654 3397">
     <span class='ocr_line' id='line_1_74' title="bbox 2054 3324 3654 3397; baseline 0.001 -18"><span class='ocrx_word' id='word_1_510' title='bbox 2054 3333 2163 3392; x_wconf 86' lang='lat' dir='ltr'><strong><em>tur,</em></strong></span> <span class='ocrx_word' id='word_1_511' title='bbox 2220 3324 2563 3395; x_wconf 79' lang='lat' dir='ltr'><strong><em>maximeque</em></strong></span> <span class='ocrx_word' id='word_1_512' title='bbox 2603 3340 2667 3381; x_wconf 90' lang='lat' dir='ltr'><strong><em>ea</em></strong></span> <span class='ocrx_word' id='word_1_513' title='bbox 2740 3341 2862 3397; x_wconf 73' lang='lat' dir='ltr'><strong><em>qua:</em></strong></span> <span class='ocrx_word' id='word_1_514' title='bbox 2898 3336 2953 3380; x_wconf 90' lang='lat' dir='ltr'><strong><em>et</em></strong></span> <span class='ocrx_word' id='word_1_515' title='bbox 2976 3341 3116 3381; x_wconf 91' lang='lat' dir='ltr'><strong><em>nunc</em></strong></span> <span class='ocrx_word' id='word_1_516' title='bbox 3162 3334 3219 3382; x_wconf 89' lang='lat' dir='ltr'><strong><em>et</em></strong></span> <span class='ocrx_word' id='word_1_517' title='bbox 3246 3341 3467 3396; x_wconf 90' lang='lat' dir='ltr'><strong><em>semper</em></strong></span> <span class='ocrx_word' id='word_1_518' title='bbox 3497 3334 3654 3380; x_wconf 86' lang='lat' dir='ltr'><strong><em>antea</em></strong></span> 
     </span>
    </p>
   </div>
   <div class='ocr_carea' id='block_1_75' title="bbox 2054 3419 3655 3489">
    <p class='ocr_par' dir='ltr' id='par_1_75' title="bbox 2054 3419 3655 3489">
     <span class='ocr_line' id='line_1_75' title="bbox 2054 3419 3655 3489; baseline 0.001 -16"><span class='ocrx_word' id='word_1_519' title='bbox 2054 3419 2335 3489; x_wconf 88' lang='lat' dir='ltr'><strong><em>potissima</em></strong></span> <span class='ocrx_word' id='word_1_520' title='bbox 2367 3419 2508 3475; x_wconf 89' lang='lat' dir='ltr'><strong><em>inter</em></strong></span> <span class='ocrx_word' id='word_1_521' title='bbox 2539 3420 2797 3475; x_wconf 85' lang='lat' dir='ltr'><strong><em>mortales</em></strong></span> <span class='ocrx_word' id='word_1_522' title='bbox 2830 3419 3098 3475; x_wconf 84' lang='lat' dir='ltr'><strong><em>habentur</em></strong></span> <span class='ocrx_word' id='word_1_523' title='bbox 3122 3460 3137 3485; x_wconf 85' lang='lat'><strong><em>,</em></strong></span> <span class='ocrx_word' id='word_1_524' title='bbox 3171 3420 3341 3475; x_wconf 82' lang='lat' dir='ltr'><strong><em>Otium</em></strong></span> <span class='ocrx_word' id='word_1_525' title='bbox 3389 3419 3547 3475; x_wconf 90' lang='lat' dir='ltr'><strong><em>simul</em></strong></span> <span class='ocrx_word' id='word_1_526' title='bbox 3572 3428 3655 3474; x_wconf 88' lang='lat' dir='ltr'><strong><em>at-</em></strong></span> 
     </span>
    </p>
   </div>
   <div class='ocr_carea' id='block_1_76' title="bbox 2052 3512 3655 3585">
    <p class='ocr_par' dir='ltr' id='par_1_76' title="bbox 2052 3512 3655 3585">
     <span class='ocr_line' id='line_1_76' title="bbox 2052 3512 3655 3585; baseline 0.001 -19"><span class='ocrx_word' id='word_1_527' title='bbox 2052 3527 2158 3585; x_wconf 90' lang='lat' dir='ltr'><strong><em>que</em></strong></span> <span class='ocrx_word' id='word_1_528' title='bbox 2188 3512 2459 3582; x_wconf 82' lang='lat' dir='ltr'><strong><em>opulentia</em></strong></span> <span class='ocrx_word' id='word_1_529' title='bbox 2487 3554 2502 3579; x_wconf 89' lang='lat'><strong><em>,</em></strong></span> <span class='ocrx_word' id='word_1_530' title='bbox 2553 3512 2695 3583; x_wconf 89' lang='lat' dir='ltr'><strong><em>quod</em></strong></span> <span class='ocrx_word' id='word_1_531' title='bbox 2726 3512 2873 3567; x_wconf 86' lang='lat' dir='ltr'><strong><em>aliud</em></strong></span> <span class='ocrx_word' id='word_1_532' title='bbox 2919 3513 3039 3569; x_wconf 90' lang='lat' dir='ltr'><strong><em>sine</em></strong></span> <span class='ocrx_word' id='word_1_533' title='bbox 3078 3513 3251 3569; x_wconf 82' lang='lat' dir='ltr'><strong><em>altero</em></strong></span> <span class='ocrx_word' id='word_1_534' title='bbox 3304 3512 3431 3568; x_wconf 88' lang='lat' dir='ltr'><strong><em>mali</em></strong></span> <span class='ocrx_word' id='word_1_535' title='bbox 3478 3513 3655 3583; x_wconf 85' lang='lat' dir='ltr'><strong><em>potius</em></strong></span> 
     </span>
    </p>
   </div>
   <div class='ocr_carea' id='block_1_77' title="bbox 2057 3606 3655 3679">
    <p class='ocr_par' dir='ltr' id='par_1_77' title="bbox 2057 3606 3655 3679">
     <span class='ocr_line' id='line_1_77' title="bbox 2057 3606 3655 3679; baseline 0.001 -19"><span class='ocrx_word' id='word_1_536' title='bbox 2057 3606 2354 3672; x_wconf 87' lang='lat' dir='ltr'><strong><em>materies,</em></strong></span> <span class='ocrx_word' id='word_1_537' title='bbox 2416 3623 2574 3678; x_wconf 85' lang='lat' dir='ltr'><strong><em>quam</em></strong></span> <span class='ocrx_word' id='word_1_538' title='bbox 2621 3608 2747 3662; x_wconf 86' lang='lat' dir='ltr'><strong><em>boni</em></strong></span> <span class='ocrx_word' id='word_1_539' title='bbox 2791 3616 2937 3663; x_wconf 86' lang='lat' dir='ltr'><strong><em>esset</em></strong></span> <span class='ocrx_word' id='word_1_540' title='bbox 2963 3609 3213 3667; x_wconf 86' lang='lat' dir='ltr'><strong><em>occasio:</em></strong></span> <span class='ocrx_word' id='word_1_541' title='bbox 3239 3608 3362 3679; x_wconf 91' lang='lat' dir='ltr'><strong><em>quia</em></strong></span> <span class='ocrx_word' id='word_1_542' title='bbox 3417 3616 3474 3663; x_wconf 88' lang='lat' dir='ltr'><strong><em>et</em></strong></span> <span class='ocrx_word' id='word_1_543' title='bbox 3502 3606 3655 3677; x_wconf 80' lang='lat' dir='ltr'><strong><em>quies</em></strong></span> 
     </span>
    </p>
   </div>
   <div class='ocr_carea' id='block_1_78' title="bbox 2054 3698 3655 3772">
    <p class='ocr_par' dir='ltr' id='par_1_78' title="bbox 2054 3698 3655 3772">
     <span class='ocr_line' id='line_1_78' title="bbox 2054 3698 3655 3772; baseline 0 -18"><span class='ocrx_word' id='word_1_544' title='bbox 2054 3698 2210 3769; x_wconf 82' lang='lat' dir='ltr'><strong><em>inops</em></strong></span> <span class='ocrx_word' id='word_1_545' title='bbox 2252 3715 2423 3771; x_wconf 86' lang='lat' dir='ltr'><strong><em>prope</em></strong></span> <span class='ocrx_word' id='word_1_546' title='bbox 2451 3700 2722 3770; x_wconf 85' lang='lat' dir='ltr'><strong><em>quoddam</em></strong></span> <span class='ocrx_word' id='word_1_547' title='bbox 2770 3702 2897 3755; x_wconf 68' lang='lat' dir='ltr'><strong><em>vita:</em></strong></span> <span class='ocrx_word' id='word_1_548' title='bbox 2945 3701 3114 3772; x_wconf 87' lang='lat' dir='ltr'><strong><em>ipsius</em></strong></span> <span class='ocrx_word' id='word_1_549' title='bbox 3163 3702 3495 3771; x_wconf 72' lang='lat' dir='ltr'><strong><em>intelligatur</em></strong></span> <span class='ocrx_word' id='word_1_550' title='bbox 3532 3715 3655 3755; x_wconf 81' lang='lat' dir='ltr'><strong><em>esse</em></strong></span> 
     </span>
    </p>
   </div>
   <div class='ocr_carea' id='block_1_79' title="bbox 2056 3790 3656 3866">
    <p class='ocr_par' dir='ltr' id='par_1_79' title="bbox 2056 3790 3656 3866">
     <span class='ocr_line' id='line_1_79' title="bbox 2056 3790 3656 3866; baseline -0.001 -20"><span class='ocrx_word' id='word_1_551' title='bbox 2056 3790 2329 3859; x_wconf 80' lang='lat' dir='ltr'><strong><em>exsilium,</em></strong></span> <span class='ocrx_word' id='word_1_552' title='bbox 2361 3801 2417 3847; x_wconf 91' lang='lat' dir='ltr'><strong><em>et</em></strong></span> <span class='ocrx_word' id='word_1_553' title='bbox 2439 3793 2668 3862; x_wconf 90' lang='lat' dir='ltr'><strong><em>opulens</em></strong></span> <span class='ocrx_word' id='word_1_554' title='bbox 2695 3792 3010 3863; x_wconf 88' lang='lat' dir='ltr'><strong><em>inquietudo</em></strong></span> <span class='ocrx_word' id='word_1_555' title='bbox 3036 3797 3089 3866; x_wconf 76' lang='lat'><strong>2</strong></span> <span class='ocrx_word' id='word_1_556' title='bbox 3112 3802 3260 3848; x_wconf 88' lang='lat' dir='ltr'><strong><em>tanto</em></strong></span> <span class='ocrx_word' id='word_1_557' title='bbox 3288 3793 3408 3864; x_wconf 85' lang='lat' dir='ltr'><strong><em>plus</em></strong></span> <span class='ocrx_word' id='word_1_558' title='bbox 3432 3790 3656 3849; x_wconf 82' lang='lat' dir='ltr'><strong><em>calami-</em></strong></span> 
     </span>
    </p>
   </div>
   <div class='ocr_carea' id='block_1_80' title="bbox 2058 3884 3653 3959">
    <p class='ocr_par' dir='ltr' id='par_1_80' title="bbox 2058 3884 3653 3959">
     <span class='ocr_line' id='line_1_80' title="bbox 2058 3884 3653 3959; baseline -0.001 -19"><span class='ocrx_word' id='word_1_559' title='bbox 2058 3885 2183 3940; x_wconf 87' lang='lat' dir='ltr'><strong><em>tatis</em></strong></span> <span class='ocrx_word' id='word_1_560' title='bbox 2204 3884 2421 3951; x_wconf 86' lang='lat' dir='ltr'><strong><em>afferat,</em></strong></span> <span class='ocrx_word' id='word_1_561' title='bbox 2451 3895 2655 3959; x_wconf 82' lang='lat' dir='ltr'><strong><em>quanto</em></strong></span> <span class='ocrx_word' id='word_1_562' title='bbox 2697 3885 2904 3956; x_wconf 78' lang='lat' dir='ltr'><strong><em>majore</em></strong></span> <span class='ocrx_word' id='word_1_563' title='bbox 2934 3884 3252 3958; x_wconf 75' lang='lat' dir='ltr'><strong><em>indignitate</em></strong></span> <span class='ocrx_word' id='word_1_564' title='bbox 3282 3886 3362 3939; x_wconf 74' lang='lat' dir='ltr'><strong><em>bis</em></strong></span> <span class='ocrx_word' id='word_1_565' title='bbox 3401 3892 3653 3948; x_wconf 86' lang='lat' dir='ltr'><strong><em>caretur.</em></strong></span> 
     </span>
    </p>
   </div>
   <div class='ocr_carea' id='block_1_81' title="bbox 2057 3974 3653 4048">
    <p class='ocr_par' dir='ltr' id='par_1_81' title="bbox 2057 3974 3653 4048">
     <span class='ocr_line' id='line_1_81' title="bbox 2057 3974 3653 4048; baseline -0.002 -18"><span class='ocrx_word' id='word_1_566' title='bbox 2057 3993 2178 4048; x_wconf 68' lang='lat' dir='ltr'><strong><em>quin</em></strong></span> <span class='ocrx_word' id='word_1_567' title='bbox 2205 3978 2438 4034; x_wconf 80' lang='lat' dir='ltr'><strong><em>maxime</em></strong></span> <span class='ocrx_word' id='word_1_568' title='bbox 2474 3988 2528 4032; x_wconf 89' lang='lat' dir='ltr'><strong><em>ct</em></strong></span> <span class='ocrx_word' id='word_1_569' title='bbox 2553 3985 2820 4047; x_wconf 58' lang='lat' dir='ltr'><strong><em>optata‘et</em></strong></span> <span class='ocrx_word' id='word_1_570' title='bbox 2859 3977 3085 4047; x_wconf 57' lang='lat' dir='ltr'><strong><em>quaesita</em></strong></span> <span class='ocrx_word' id='word_1_571' title='bbox 3115 3986 3242 4033; x_wconf 87' lang='lat' dir='ltr'><strong><em>sunt</em></strong></span> <span class='ocrx_word' id='word_1_572' title='bbox 3269 3975 3334 4030; x_wconf 88' lang='lat' dir='ltr'><strong><em>ad</em></strong></span> <span class='ocrx_word' id='word_1_573' title='bbox 3371 3974 3653 4030; x_wconf 85' lang='lat' dir='ltr'><strong><em>utendum.</em></strong></span> 
     </span>
    </p>
   </div>
   <div class='ocr_carea' id='block_1_82' title="bbox 2058 4070 3657 4141">
    <p class='ocr_par' dir='ltr' id='par_1_82' title="bbox 2058 4070 3657 4141">
     <span class='ocr_line' id='line_1_82' title="bbox 2058 4070 3657 4141; baseline -0.003 -16"><span class='ocrx_word' id='word_1_574' title='bbox 2058 4073 2233 4140; x_wconf 82' lang='lat' dir='ltr'><strong><em>Atque</em></strong></span> <span class='ocrx_word' id='word_1_575' title='bbox 2259 4070 2371 4125; x_wconf 76' lang='lat' dir='ltr'><strong><em>lnuc</em></strong></span> <span class='ocrx_word' id='word_1_576' title='bbox 2393 4070 2608 4141; x_wconf 87' lang='lat' dir='ltr'><strong><em>quidem</em></strong></span> <span class='ocrx_word' id='word_1_577' title='bbox 2632 4086 2952 4141; x_wconf 87' lang='lat' dir='ltr'><strong><em>quamquam</em></strong></span> <span class='ocrx_word' id='word_1_578' title='bbox 2971 4071 3023 4123; x_wconf 90' lang='lat' dir='ltr'><strong><em>in</em></strong></span> <span class='ocrx_word' id='word_1_579' title='bbox 3046 4085 3106 4126; x_wconf 86' lang='lat' dir='ltr'><strong><em>se</em></strong></span> <span class='ocrx_word' id='word_1_580' title='bbox 3136 4083 3350 4124; x_wconf 89' lang='lat' dir='ltr'><strong><em>summa</em></strong></span> <span class='ocrx_word' id='word_1_581' title='bbox 3371 4075 3536 4136; x_wconf 84' lang='lat' dir='ltr'><strong><em>atque</em></strong></span> <span class='ocrx_word' id='word_1_582' title='bbox 3561 4084 3657 4137; x_wconf 82' lang='lat' dir='ltr'><strong><em>op-</em></strong></span> 
     </span>
    </p>
   </div>
   <div class='ocr_carea' id='block_1_83' title="bbox 2061 4160 3631 4231">
    <p class='ocr_par' dir='ltr' id='par_1_83' title="bbox 2061 4160 3631 4231">
     <span class='ocr_line' id='line_1_83' title="bbox 2061 4160 3631 4231; baseline -0.002 -13"><span class='ocrx_word' id='word_1_583' title='bbox 2061 4164 2185 4219; x_wconf 78' lang='lat' dir='ltr'><strong><em>tium</em></strong></span> <span class='ocrx_word' id='word_1_584' title='bbox 2220 4164 2343 4218; x_wconf 69' lang='lat' dir='ltr'><strong><em>vita:</em></strong></span> <span class='ocrx_word' id='word_1_585' title='bbox 2369 4163 2736 4219; x_wconf 87' lang='lat' dir='ltr'><strong><em>blandimenta</em></strong></span> <span class='ocrx_word' id='word_1_586' title='bbox 2768 4164 3111 4231; x_wconf 88' lang='lat' dir='ltr'><strong><em>contineant,</em></strong></span> <span class='ocrx_word' id='word_1_587' title='bbox 3149 4173 3327 4218; x_wconf 86' lang='lat' dir='ltr'><strong><em>tamen</em></strong></span> <span class='ocrx_word' id='word_1_588' title='bbox 3367 4176 3473 4217; x_wconf 91' lang='lat' dir='ltr'><strong><em>non</em></strong></span> <span class='ocrx_word' id='word_1_589' title='bbox 3517 4160 3631 4216; x_wconf 89' lang='lat' dir='ltr'><strong><em>mul</em></strong></span> 
     </span>
    </p>
   </div>
   <div class='ocr_carea' id='block_1_84' title="bbox 2059 4252 3659 4312">
    <p class='ocr_par' dir='ltr' id='par_1_84' title="bbox 2059 4252 3659 4312">
     <span class='ocr_line' id='line_1_84' title="bbox 2059 4252 3659 4312; baseline -0.003 -2"><span class='ocrx_word' id='word_1_590' title='bbox 2059 4265 2171 4310; x_wconf 90' lang='lat' dir='ltr'><strong><em>tum</em></strong></span> <span class='ocrx_word' id='word_1_591' title='bbox 2215 4256 2469 4311; x_wconf 87' lang='lat' dir='ltr'><strong><em>videntur</em></strong></span> <span class='ocrx_word' id='word_1_592' title='bbox 2502 4271 2530 4308; x_wconf 89' lang='lat' dir='ltr'><strong><em>a</em></strong></span> <span class='ocrx_word' id='word_1_593' title='bbox 2563 4256 2960 4312; x_wconf 85' lang='lat' dir='ltr'><strong><em>consuetudine</em></strong></span> <span class='ocrx_word' id='word_1_594' title='bbox 2991 4270 3114 4312; x_wconf 85' lang='lat' dir='ltr'><strong><em>esse</em></strong></span> <span class='ocrx_word' id='word_1_595' title='bbox 3157 4255 3386 4311; x_wconf 75' lang='lat' dir='ltr'><strong><em>beluinte</em></strong></span> <span class='ocrx_word' id='word_1_596' title='bbox 3420 4252 3659 4309; x_wconf 85' lang='lat' dir='ltr'><strong><em>oblecta-</em></strong></span> 
     </span>
    </p>
   </div>
   <div class='ocr_carea' id='block_1_85' title="bbox 2061 4346 3659 4415">
    <p class='ocr_par' dir='ltr' id='par_1_85' title="bbox 2061 4346 3659 4415">
     <span class='ocr_line' id='line_1_85' title="bbox 2061 4346 3659 4415; baseline -0.001 -16"><span class='ocrx_word' id='word_1_597' title='bbox 2061 4346 2221 4399; x_wconf 90' lang='lat' dir='ltr'><strong><em>tionis</em></strong></span> <span class='ocrx_word' id='word_1_598' title='bbox 2244 4346 2421 4400; x_wconf 88' lang='lat' dir='ltr'><strong><em>aliena</em></strong></span> <span class='ocrx_word' id='word_1_599' title='bbox 2449 4363 2462 4399; x_wconf 87' lang='lat'><strong>:</strong></span> <span class='ocrx_word' id='word_1_600' title='bbox 2496 4346 2688 4415; x_wconf 86' lang='lat' dir='ltr'><strong><em>quibus</em></strong></span> <span class='ocrx_word' id='word_1_601' title='bbox 2717 4348 2769 4402; x_wconf 92' lang='lat' dir='ltr'><strong><em>in</em></strong></span> <span class='ocrx_word' id='word_1_602' title='bbox 2796 4349 3035 4404; x_wconf 86' lang='lat' dir='ltr'><strong><em>saltuosa</em></strong></span> <span class='ocrx_word' id='word_1_603' title='bbox 3061 4346 3177 4402; x_wconf 88' lang='lat' dir='ltr'><strong><em>loca</em></strong></span> <span class='ocrx_word' id='word_1_604' title='bbox 3208 4360 3271 4401; x_wconf 90' lang='lat' dir='ltr'><strong><em>ac</em></strong></span> <span class='ocrx_word' id='word_1_605' title='bbox 3295 4346 3531 4402; x_wconf 77' lang='lat' dir='ltr'><strong><em>maxime</em></strong></span> <span class='ocrx_word' id='word_1_606' title='bbox 3568 4358 3659 4413; x_wconf 83' lang='lat' dir='ltr'><strong><em>pa-</em></strong></span> 
     </span>
    </p>
   </div>
   <div class='ocr_carea' id='block_1_86' title="bbox 2061 4435 3657 4509">
    <p class='ocr_par' dir='ltr' id='par_1_86' title="bbox 2061 4435 3657 4509">
     <span class='ocr_line' id='line_1_86' title="bbox 2061 4435 3657 4509; baseline 0.001 -19"><span class='ocrx_word' id='word_1_607' title='bbox 2061 4436 2201 4491; x_wconf 86' lang='lat' dir='ltr'><strong><em>bulis</em></strong></span> <span class='ocrx_word' id='word_1_608' title='bbox 2224 4435 2344 4491; x_wconf 65' lang='lat' dir='ltr'><strong><em>laela</em></strong></span> <span class='ocrx_word' id='word_1_609' title='bbox 2373 4436 2444 4509; x_wconf 89' lang='lat' dir='ltr'><strong><em>(c)</em></strong></span> <span class='ocrx_word' id='word_1_610' title='bbox 2465 4438 2838 4506; x_wconf 74' lang='lat' dir='ltr'><strong><em>evagantibus,</em></strong></span> <span class='ocrx_word' id='word_1_611' title='bbox 2863 4437 3005 4493; x_wconf 80' lang='lat' dir='ltr'><strong><em>adsit</em></strong></span> <span class='ocrx_word' id='word_1_612' title='bbox 3029 4446 3085 4492; x_wconf 88' lang='lat' dir='ltr'><strong><em>et</em></strong></span> <span class='ocrx_word' id='word_1_613' title='bbox 3106 4438 3369 4493; x_wconf 70' lang='lat' dir='ltr'><strong><em>securitas</em></strong></span> <span class='ocrx_word' id='word_1_614' title='bbox 3394 4453 3426 4492; x_wconf 88' lang='lat' dir='ltr'><strong><em>a</em></strong></span> <span class='ocrx_word' id='word_1_615' title='bbox 3448 4436 3657 4502; x_wconf 89' lang='lat' dir='ltr'><strong><em>labore,</em></strong></span> 
     </span>
    </p>
   </div>
   <div class='ocr_carea' id='block_1_87' title="bbox 2059 4526 3660 4597">
    <p class='ocr_par' dir='ltr' id='par_1_87' title="bbox 2059 4526 3660 4597">
     <span class='ocr_line' id='line_1_87' title="bbox 2059 4526 3660 4597; baseline -0.002 -13"><span class='ocrx_word' id='word_1_616' title='bbox 2059 4536 2116 4584; x_wconf 90' lang='lat' dir='ltr'><strong><em>et</em></strong></span> <span class='ocrx_word' id='word_1_617' title='bbox 2150 4528 2374 4585; x_wconf 84' lang='lat' dir='ltr'><strong><em>satietas</em></strong></span> <span class='ocrx_word' id='word_1_618' title='bbox 2405 4544 2477 4584; x_wconf 81' lang='lat' dir='ltr'><strong><em>ex</em></strong></span> <span class='ocrx_word' id='word_1_619' title='bbox 2509 4529 2741 4597; x_wconf 83' lang='lat' dir='ltr'><strong><em>pascuis.</em></strong></span> <span class='ocrx_word' id='word_1_620' title='bbox 2777 4527 2907 4584; x_wconf 83' lang='lat' dir='ltr'><strong><em>Nam</em></strong></span> <span class='ocrx_word' id='word_1_621' title='bbox 2935 4530 2979 4583; x_wconf 90' lang='lat' dir='ltr'><strong><em>si</em></strong></span> <span class='ocrx_word' id='word_1_622' title='bbox 3008 4529 3095 4583; x_wconf 90' lang='lat' dir='ltr'><strong><em>bic</em></strong></span> <span class='ocrx_word' id='word_1_623' title='bbox 3128 4528 3365 4597; x_wconf 85' lang='lat' dir='ltr'><strong><em>optimus</em></strong></span> <span class='ocrx_word' id='word_1_624' title='bbox 3396 4536 3453 4582; x_wconf 88' lang='lat' dir='ltr'><strong><em>et</em></strong></span> <span class='ocrx_word' id='word_1_625' title='bbox 3499 4526 3660 4581; x_wconf 84' lang='lat' dir='ltr'><strong><em>abso-</em></strong></span> 
     </span>
    </p>
   </div>
   <div class='ocr_carea' id='block_1_88' title="bbox 1983 4619 3660 4693">
    <p class='ocr_par' dir='ltr' id='par_1_88' title="bbox 1983 4619 3660 4693">
     <span class='ocr_line' id='line_1_88' title="bbox 1983 4619 3660 4693; baseline -0.002 -15"><span class='ocrx_word' id='word_1_626' title='bbox 1983 4632 2038 4693; x_wconf 88' lang='lat'><strong><em>1)</em></strong></span> <span class='ocrx_word' id='word_1_627' title='bbox 2064 4622 2361 4678; x_wconf 80' lang='lat' dir='ltr'><strong><em>latissimus</em></strong></span> <span class='ocrx_word' id='word_1_628' title='bbox 2378 4623 2501 4677; x_wconf 63' lang='lat' dir='ltr'><strong><em>vitae</em></strong></span> <span class='ocrx_word' id='word_1_629' title='bbox 2518 4622 2676 4677; x_wconf 85' lang='lat' dir='ltr'><strong><em>huma</em></strong></span> <span class='ocrx_word' id='word_1_630' title='bbox 2686 4638 2766 4678; x_wconf 67' lang='lat' dir='ltr'><strong><em>nae</em></strong></span> <span class='ocrx_word' id='word_1_631' title='bbox 2792 4638 2920 4678; x_wconf 90' lang='lat' dir='ltr'><strong><em>usus</em></strong></span> <span class='ocrx_word' id='word_1_632' title='bbox 2937 4621 3350 4687; x_wconf 79' lang='lat' dir='ltr'><strong><em>existimabitur,</em></strong></span> <span class='ocrx_word' id='word_1_633' title='bbox 3376 4619 3660 4691; x_wconf 81' lang='lat' dir='ltr'><strong><em>quiescere</em></strong></span> 
     </span>
    </p>
   </div>
   <div class='ocr_carea' id='block_1_89' title="bbox 2061 4710 3658 4781">
    <p class='ocr_par' dir='ltr' id='par_1_89' title="bbox 2061 4710 3658 4781">
     <span class='ocr_line' id='line_1_89' title="bbox 2061 4710 3658 4781; baseline -0.002 -11"><span class='ocrx_word' id='word_1_634' title='bbox 2061 4723 2118 4770; x_wconf 89' lang='lat' dir='ltr'><strong><em>et</em></strong></span> <span class='ocrx_word' id='word_1_635' title='bbox 2143 4714 2449 4781; x_wconf 80' lang='lat' dir='ltr'><strong><em>abundare;</em></strong></span> <span class='ocrx_word' id='word_1_636' title='bbox 2479 4730 2704 4770; x_wconf 87' lang='lat' dir='ltr'><strong><em>necesse</em></strong></span> <span class='ocrx_word' id='word_1_637' title='bbox 2742 4722 2828 4770; x_wconf 87' lang='lat' dir='ltr'><strong><em>est</em></strong></span> <span class='ocrx_word' id='word_1_638' title='bbox 2871 4714 3012 4769; x_wconf 84' lang='lat' dir='ltr'><strong><em>hunc</em></strong></span> <span class='ocrx_word' id='word_1_639' title='bbox 3048 4712 3319 4775; x_wconf 84' lang='lat' dir='ltr'><strong><em>eumdem.</em></strong></span> <span class='ocrx_word' id='word_1_640' title='bbox 3362 4710 3658 4767; x_wconf 88' lang='lat' dir='ltr'><strong><em>secundum</em></strong></span> 
     </span>
    </p>
   </div>
   <div class='ocr_carea' id='block_1_90' title="bbox 2061 4804 3661 4881">
    <p class='ocr_par' dir='ltr' id='par_1_90' title="bbox 2061 4804 3661 4881">
     <span class='ocr_line' id='line_1_90' title="bbox 2061 4804 3661 4881; baseline -0.003 -16"><span class='ocrx_word' id='word_1_641' title='bbox 2061 4811 2144 4865; x_wconf 90' lang='lat' dir='ltr'><strong><em>sui</em></strong></span> <span class='ocrx_word' id='word_1_642' title='bbox 2177 4809 2441 4881; x_wconf 86' lang='lat' dir='ltr'><strong><em>cujusque</em></strong></span> <span class='ocrx_word' id='word_1_643' title='bbox 2466 4807 2681 4880; x_wconf 79' lang='lat' dir='ltr'><strong><em>generis</em></strong></span> <span class='ocrx_word' id='word_1_644' title='bbox 2724 4824 2966 4875; x_wconf 86' lang='lat' dir='ltr'><strong><em>sensum,</em></strong></span> <span class='ocrx_word' id='word_1_645' title='bbox 2997 4807 3152 4864; x_wconf 89' lang='lat' dir='ltr'><strong><em>nobis</em></strong></span> <span class='ocrx_word' id='word_1_646' title='bbox 3196 4816 3358 4877; x_wconf 86' lang='lat' dir='ltr'><strong><em>atque</em></strong></span> <span class='ocrx_word' id='word_1_647' title='bbox 3394 4804 3661 4863; x_wconf 83' lang='lat' dir='ltr'><strong><em>universis</em></strong></span> 
     </span>
    </p>
   </div>
   <div class='ocr_carea' id='block_1_91' title="bbox 2061 4897 3662 4974">
    <p class='ocr_par' dir='ltr' id='par_1_91' title="bbox 2061 4897 3662 4974">
     <span class='ocr_line' id='line_1_91' title="bbox 2061 4897 3662 4974; baseline -0.005 -15"><span class='ocrx_word' id='word_1_648' title='bbox 2061 4904 2291 4959; x_wconf 85' lang='lat' dir='ltr'><strong><em>rationis</em></strong></span> <span class='ocrx_word' id='word_1_649' title='bbox 2320 4905 2641 4974; x_wconf 84' lang='lat' dir='ltr'><strong><em>expertibus</em></strong></span> <span class='ocrx_word' id='word_1_650' title='bbox 2692 4903 2868 4960; x_wconf 87' lang='lat' dir='ltr'><strong><em>beluis</em></strong></span> <span class='ocrx_word' id='word_1_651' title='bbox 2896 4918 3019 4958; x_wconf 82' lang='lat' dir='ltr'><strong><em>esse</em></strong></span> <span class='ocrx_word' id='word_1_652' title='bbox 3065 4914 3406 4957; x_wconf 90' lang='lat' dir='ltr'><strong><em>communem</em></strong></span> <span class='ocrx_word' id='word_1_653' title='bbox 3431 4916 3444 4952; x_wconf 88' lang='lat'><strong>:</strong></span> <span class='ocrx_word' id='word_1_654' title='bbox 3469 4897 3662 4970; x_wconf 85' lang='lat' dir='ltr'><strong><em>quibus</em></strong></span> 
     </span>
    </p>
   </div>
   <div class='ocr_carea' id='block_1_92' title="bbox 2062 4989 3662 5068">
    <p class='ocr_par' dir='ltr' id='par_1_92' title="bbox 2062 4989 3662 5068">
     <span class='ocr_line' id='line_1_92' title="bbox 2062 4989 3662 5068; baseline -0.003 -19"><span class='ocrx_word' id='word_1_655' title='bbox 2062 4994 2337 5059; x_wconf 83' lang='lat' dir='ltr'><strong><em>omnibus,</em></strong></span> <span class='ocrx_word' id='word_1_656' title='bbox 2364 5005 2552 5052; x_wconf 87' lang='lat' dir='ltr'><strong><em>natura</em></strong></span> <span class='ocrx_word' id='word_1_657' title='bbox 2586 4997 2699 5068; x_wconf 90' lang='lat' dir='ltr'><strong><em>ipsa</em></strong></span> <span class='ocrx_word' id='word_1_658' title='bbox 2744 4995 2795 5050; x_wconf 91' lang='lat' dir='ltr'><strong><em>in</em></strong></span> <span class='ocrx_word' id='word_1_659' title='bbox 2837 5009 3045 5049; x_wconf 88' lang='lat' dir='ltr'><strong><em>summa</em></strong></span> <span class='ocrx_word' id='word_1_660' title='bbox 3096 5007 3277 5047; x_wconf 89' lang='lat' dir='ltr'><strong><em>rerum</em></strong></span> <span class='ocrx_word' id='word_1_661' title='bbox 3309 4989 3463 5059; x_wconf 76' lang='lat' dir='ltr'><strong><em>capia</em></strong></span> <span class='ocrx_word' id='word_1_662' title='bbox 3493 4998 3550 5045; x_wconf 86' lang='lat' dir='ltr'><strong><em>et</em></strong></span> <span class='ocrx_word' id='word_1_663' title='bbox 3575 5002 3662 5044; x_wconf 80' lang='lat' dir='ltr'><strong><em>se-</em></strong></span> 
     </span>
    </p>
   </div>
   <div class='ocr_carea' id='block_1_93' title="bbox 2061 5081 3663 5154">
    <p class='ocr_par' dir='ltr' id='par_1_93' title="bbox 2061 5081 3663 5154">
     <span class='ocr_line' id='line_1_93' title="bbox 2061 5081 3663 5154; baseline -0.004 -10"><span class='ocrx_word' id='word_1_664' title='bbox 2061 5088 2294 5144; x_wconf 85' lang='lat' dir='ltr'><strong><em>curitate</em></strong></span> <span class='ocrx_word' id='word_1_665' title='bbox 2334 5087 2627 5143; x_wconf 84' lang='lat' dir='ltr'><strong><em>famulante</em></strong></span> <span class='ocrx_word' id='word_1_666' title='bbox 2651 5129 2667 5153; x_wconf 95' lang='lat'><strong><em>,</em></strong></span> <span class='ocrx_word' id='word_1_667' title='bbox 2696 5087 2815 5144; x_wconf 88' lang='lat' dir='ltr'><strong><em>sine</em></strong></span> <span class='ocrx_word' id='word_1_668' title='bbox 2838 5102 2967 5143; x_wconf 83' lang='lat' dir='ltr'><strong><em>cura</em></strong></span> <span class='ocrx_word' id='word_1_669' title='bbox 3001 5084 3232 5141; x_wconf 81' lang='lat' dir='ltr'><strong><em>habendi</em></strong></span> <span class='ocrx_word' id='word_1_670' title='bbox 3270 5081 3422 5154; x_wconf 82' lang='lat' dir='ltr'><strong><em>copia</em></strong></span> <span class='ocrx_word' id='word_1_671' title='bbox 3465 5081 3663 5140; x_wconf 89' lang='lat' dir='ltr'><strong><em>redun-</em></strong></span> 
     </span>
    </p>
   </div>
   <div class='ocr_carea' id='block_1_94' title="bbox 2061 5178 2387 5234">
    <p class='ocr_par' dir='ltr' id='par_1_94' title="bbox 2061 5178 2387 5234">
     <span class='ocr_line' id='line_1_94' title="bbox 2061 5178 2387 5234; baseline -0.006 0"><span class='ocrx_word' id='word_1_672' title='bbox 2061 5178 2155 5234; x_wconf 87' lang='lat' dir='ltr'><strong><em>dat</em></strong></span> <span class='ocrx_word' id='word_1_673' title='bbox 2180 5178 2387 5233; x_wconf 82' lang='lat' dir='ltr'><strong><em>utendi.</em></strong></span> 
     </span>
    </p>
   </div>
   <div class='ocr_carea' id='block_1_95' title="bbox 2133 5267 3666 5342">
    <p class='ocr_par' dir='ltr' id='par_1_95' title="bbox 2133 5267 3666 5342">
     <span class='ocr_line' id='line_1_95' title="bbox 2133 5267 3666 5342; baseline -0.003 -18"><span class='ocrx_word' id='word_1_674' title='bbox 2133 5270 2189 5326; x_wconf 71' lang='lat'><strong><em>2.</em></strong></span> <span class='ocrx_word' id='word_1_675' title='bbox 2234 5271 2316 5325; x_wconf 79' lang='lat' dir='ltr'><strong><em>Ad</em></strong></span> <span class='ocrx_word' id='word_1_676' title='bbox 2345 5271 2453 5326; x_wconf 90' lang='lat' dir='ltr'><strong><em>alia</em></strong></span> <span class='ocrx_word' id='word_1_677' title='bbox 2489 5282 2639 5326; x_wconf 86' lang='lat' dir='ltr'><strong><em>natos</em></strong></span> <span class='ocrx_word' id='word_1_678' title='bbox 2668 5289 2722 5328; x_wconf 86' lang='lat' dir='ltr'><strong><em>se</em></strong></span> <span class='ocrx_word' id='word_1_679' title='bbox 2766 5280 3033 5328; x_wconf 86' lang='lat' dir='ltr'><strong><em>senserunt</em></strong></span> <span class='ocrx_word' id='word_1_680' title='bbox 3059 5271 3290 5342; x_wconf 88' lang='lat' dir='ltr'><strong><em>plerique</em></strong></span> <span class='ocrx_word' id='word_1_681' title='bbox 3317 5267 3562 5324; x_wconf 83' lang='lat' dir='ltr'><strong><em>homines.</em></strong></span> <span class='ocrx_word' id='word_1_682' title='bbox 3594 5296 3666 5308; x_wconf 93' lang='lat'>—</span> 
     </span>
    </p>
   </div>
   <div class='ocr_carea' id='block_1_96' title="bbox 2064 5359 3665 5436">
    <p class='ocr_par' dir='ltr' id='par_1_96' title="bbox 2064 5359 3665 5436">
     <span class='ocr_line' id='line_1_96' title="bbox 2064 5359 3665 5436; baseline -0.005 -15"><span class='ocrx_word' id='word_1_683' title='bbox 2064 5362 2146 5421; x_wconf 81' lang='lat' dir='ltr'><strong><em>Ac</em></strong></span> <span class='ocrx_word' id='word_1_684' title='bbox 2177 5364 2309 5420; x_wconf 88' lang='lat' dir='ltr'><strong><em>mihi</em></strong></span> <span class='ocrx_word' id='word_1_685' title='bbox 2340 5365 2582 5436; x_wconf 89' lang='lat' dir='ltr'><strong><em>plerique</em></strong></span> <span class='ocrx_word' id='word_1_686' title='bbox 2613 5366 2920 5420; x_wconf 85' lang='lat' dir='ltr'><strong><em>mortalium</em></strong></span> <span class='ocrx_word' id='word_1_687' title='bbox 2959 5380 3066 5421; x_wconf 91' lang='lat' dir='ltr'><strong><em>non</em></strong></span> <span class='ocrx_word' id='word_1_688' title='bbox 3095 5363 3164 5421; x_wconf 84' lang='lat' dir='ltr'><strong><em>ob</em></strong></span> <span class='ocrx_word' id='word_1_689' title='bbox 3188 5363 3243 5436; x_wconf 80' lang='lat'><strong>3</strong></span> <span class='ocrx_word' id='word_1_690' title='bbox 3266 5362 3427 5417; x_wconf 85' lang='lat' dir='ltr'><strong><em>aliam</em></strong></span> <span class='ocrx_word' id='word_1_691' title='bbox 3450 5359 3665 5432; x_wconf 88' lang='lat' dir='ltr'><strong><em>quidem</em></strong></span> 
     </span>
    </p>
   </div>
   <div class='ocr_carea' id='block_1_97' title="bbox 2150 5519 3670 5604">
    <p class='ocr_par' dir='ltr' id='par_1_97' title="bbox 2150 5519 3670 5604">
     <span class='ocr_line' id='line_1_97' title="bbox 2150 5519 3670 5604; baseline -0.007 -21"><span class='ocrx_word' id='word_1_692' title='bbox 2150 5528 2243 5604; x_wconf 9' lang='lat' dir='ltr'><strong><em>(c),</em></strong></span> <span class='ocrx_word' id='word_1_693' title='bbox 2268 5528 2563 5604; x_wconf 23' lang='lat' dir='ltr'><strong><em>lnAiisdem</em></strong></span> <span class='ocrx_word' id='word_1_694' title='bbox 2611 5528 3131 5604; x_wconf 73' lang='lat' dir='ltr'><strong><em>mss._vacantibus_;</em></strong></span> <span class='ocrx_word' id='word_1_695' title='bbox 3168 5544 3295 5604; x_wconf 68' lang='lat' dir='ltr'><strong><em>quae</em></strong></span> <span class='ocrx_word' id='word_1_696' title='bbox 3339 5541 3444 5604; x_wconf 68' lang='lat' dir='ltr'><strong><em>vox</em></strong></span> <span class='ocrx_word' id='word_1_697' title='bbox 3484 5519 3670 5604; x_wconf 75' lang='lat' dir='ltr'><strong><em>Hilarii</em></strong></span> 
     </span>
    </p>
   </div>
   <div class='ocr_carea' id='block_1_98' title="bbox 2078 5598 3671 5672">
    <p class='ocr_par' dir='ltr' id='par_1_98' title="bbox 2078 5598 3671 5672">
     <span class='ocr_line' id='line_1_98' title="bbox 2078 5598 3671 5672; baseline -0.004 -17"><span class='ocrx_word' id='word_1_698' title='bbox 2078 5598 2244 5655; x_wconf 74' lang='lat' dir='ltr'><strong><em>menti</em></strong></span> <span class='ocrx_word' id='word_1_699' title='bbox 2272 5641 2286 5663; x_wconf 88' lang='lat'><strong><em>,</em></strong></span> <span class='ocrx_word' id='word_1_700' title='bbox 2340 5600 2871 5672; x_wconf 68' lang='lat' dir='ltr'><strong><em>liestiarumscilicet</em></strong></span> <span class='ocrx_word' id='word_1_701' title='bbox 2918 5599 3030 5655; x_wconf 91' lang='lat' dir='ltr'><strong><em>otio</em></strong></span> <span class='ocrx_word' id='word_1_702' title='bbox 3066 5598 3435 5672; x_wconf 70' lang='lat' dir='ltr'><strong><em>designanda,</em></strong></span> <span class='ocrx_word' id='word_1_703' title='bbox 3466 5598 3671 5665; x_wconf 78' lang='lat' dir='ltr'><strong><em>Optime</em></strong></span> 
     </span>
    </p>
   </div>
   <div class='ocr_carea' id='block_1_99' title="bbox 2075 5671 2992 5743">
    <p class='ocr_par' dir='ltr' id='par_1_99' title="bbox 2075 5671 2992 5743">
     <span class='ocr_line' id='line_1_99' title="bbox 2075 5671 2992 5743; baseline -0.004 -16"><span class='ocrx_word' id='word_1_704' title='bbox 2075 5674 2345 5743; x_wconf 78' lang='lat' dir='ltr'><strong><em>congruit,</em></strong></span> <span class='ocrx_word' id='word_1_705' title='bbox 2378 5672 2472 5729; x_wconf 86' lang='lat' dir='ltr'><strong><em>sed</em></strong></span> <span class='ocrx_word' id='word_1_706' title='bbox 2501 5688 2606 5730; x_wconf 88' lang='lat' dir='ltr'><strong><em>non</em></strong></span> <span class='ocrx_word' id='word_1_707' title='bbox 2638 5671 2712 5729; x_wconf 87' lang='lat' dir='ltr'><strong><em>ita</em></strong></span> <span class='ocrx_word' id='word_1_708' title='bbox 2742 5672 2992 5729; x_wconf 87' lang='lat' dir='ltr'><strong><em>orationi.</em></strong></span> 
     </span>
    </p>
   </div>
  </div>
