4216 6254
615 279 683 334 27
1830 272 2079 336 SANCTI
2115 274 2377 335 HILARII
2418 275 2724 339 EPISCOPI
3855 283 3923 337 98

609 411 831 457 causam
864 396 1003 455 hanc
1028 396 1226 467 inepta:
1262 410 1327 455 ac
1354 395 1587 453 beluinae
1614 395 1740 451 vitae
1768 394 2217 453 consuetudinem
2246 394 2300 463 Α
2324 393 2739 451 venerabantur.
2768 393 3021 467 Plerique
3049 408 3182 453 vero
3219 394 3385 452 Deum
3412 397 3630 469 quidem
3659 412 3781 457 esse
3805 403 3922 472 opi-

612 503 671 553 et
698 496 972 566 respuisse
994 508 1024 551 s
1053 508 1134 561 se,
1153 500 1207 549 et
1229 492 1614 569 coarguissein
1631 491 1753 548 aliis
1774 490 2040 559 videntur,
2061 504 2219 562 quam

613 589 778 660 quod,
823 597 1015 645 natura
1036 589 1148 656 ipsa
1174 594 1397 645 auctore
1423 586 1662 656 impulsi,
1694 585 1972 656 indignum
2001 585 2219 643 homine

612 696 736 739 esse
772 682 1237 742 existimaverunt,
1274 678 1327 734 in
1358 678 1595 737 officium
1617 693 1678 733 se
1705 677 1910 737 ventris
1936 688 2142 733 tantum
2164 683 2220 732 et

614 775 823 833 inertia:
869 786 1025 831 natos
1073 773 1359 837 arbitrari;
1389 780 1445 828 et
1489 772 1541 829 in
1603 773 1740 829 hanc
1783 772 1943 828 vitam
1996 786 2103 827 non
2147 769 2219 831 ob

613 868 789 937 aliqua
824 866 1067 935 praeclari
1105 865 1361 921 facinoris
1390 873 1484 921 aut
1532 865 1684 921 boum
1712 863 1845 920 artis
1870 863 2045 920 studia
2095 878 2217 919 esse

611 958 909 1024 deductos,
942 969 1033 1017 aut
1055 958 1192 1015 hanc
1224 944 1399 1028 ipsam'
1426 957 1590 1017 vitam
1614 971 1719 1015 nou
1743 956 1808 1012 ad
1837 958 2068 1026 aliquem
2095 969 2216 1025 pro-

613 1052 809 1109 fectutn
882 1067 1002 1111 esse
1076 1052 1391 1107 aeternitatis
1439 1049 1697 1107 indultatu
1748 1050 1826 1122 (a)
1882 1064 2040 1120 quam
2092 1062 2217 1119 pro—

614 1146 753 1199 tecto
793 1157 899 1201 nou
932 1143 1296 1213 ambigeretur
1323 1156 1518 1198 munus
1552 1141 1641 1195 Dei
1670 1157 1775 1195 non
1805 1156 1927 1196 esse
1958 1149 2218 1209 reputan-

611 1235 764 1301 dum,
806 1251 927 1292 cum
958 1237 1124 1293 tantis
1156 1233 1411 1291 afﬂictata
1443 1233 1755 1305 angmibus,
1784 1240 1838 1288 et
1857 1240 1934 1287 tot
1955 1231 2216 1287 molestiis

612 1326 894 1396 impedita,
923 1342 1043 1383 sese
1073 1328 1185 1397 ipsa
1214 1335 1376 1395 atque
1404 1327 1540 1381 intra
1564 1341 1623 1379 se
1653 1341 1679 1376 a
1727 1323 1970 1393 pueritiae
1998 1326 2212 1394 ignora-

613 1422 758 1476 tione
795 1436 966 1491 usque
995 1421 1060 1477 ad
1089 1421 1383 1477 senectutis
1404 1420 1758 1477 deliramenta
1786 1427 2163 1489 consumeret)
2197 1436 2210 1472 :

611 1520 668 1567 et
697 1513 899 1567 ideirco
937 1513 1003 1568 ad
1052 1513 1259 1581 aliquas
1289 1528 1347 1566 se
1375 1512 1643 1581 patientia:
1674 1524 1729 1567 et
1772 1510 2117 1567 continentia:
2159 1522 2214 1567 ct

613 1604 989 1676 placabilitatis
1036 1608 1266 1661 virtutes
1311 1613 1365 1660 et
1393 1604 1635 1659 doctrina
1679 1614 1733 1659 et
1779 1619 1946 1674 opere
1977 1615 2209 1659 transm-

614 1705 764 1767 lisse,
803 1704 947 1773 quod
978 1705 1113 1758 bene
1155 1718 1319 1770 agere
1346 1709 1508 1772 atque
1548 1698 1873 1771 intelligere.
1909 1699 1960 1755 id
1990 1699 2209 1756 demum

2324 486 2487 543 nione
2515 486 2725 558 publica
2757 486 3135 559 loquebantur,
3166 488 3262 545 sed
3303 488 3444 546 hunc
3488 491 3737 548 eumdem
3768 493 3921 551 iucu-

2324 578 2526 635 riosum
2564 594 2746 635 rerum
2781 579 3137 641 humanarum
3167 596 3230 639 ac
3276 582 3636 654 negligentem
3682 600 3920 656 pronun-

2324 671 2547 728 tiabant.
2589 672 2765 743 Aliqui
2793 682 2972 729 autem
3006 675 3151 744 ipsas
3181 674 3301 731 illas
3330 684 3697 733 creaturarum
3725 693 3919 750 corpo-

2320 781 2442 822 reas
2489 767 2992 839 conspicabilesque
3029 769 3229 824 formas
3274 770 3329 825 in
3374 771 3658 829 elementis
3689 774 3918 835 terrenis

2320 868 2375 915 et
2399 860 2715 916 ctnlestihus
2736 860 3054 921 adurebant.
3096 863 3380 919 i’osu-emo
3406 864 3624 936 quidam
3655 867 3708 922 in
3748 868 3911 927 simu-

2320 950 2479 1007 lacris
2531 953 2849 1018 hominum,
2897 954 3159 1023 pecudum
3191 996 3207 1022 ,
3262 954 3539 1023 ferarum,
3596 958 3912 1026 voluerunt.

2319 1054 2629 1113 serpentum
2659 1086 2676 1113 ,
2722 1045 2853 1101 deos
2891 1061 3021 1102 suos
3049 1047 3413 1115 collocabant,
3448 1058 3504 1106 et
3552 1052 3916 1109 universitatis

2321 1136 2604 1195 Dominum
2636 1147 2797 1208 atque
2839 1138 3125 1197 infinitatis
3152 1150 3430 1210 parentem
3476 1144 3616 1201 intra
3644 1147 3917 1215 angustias

2318 1229 2654 1285 metallorum
2687 1240 2739 1285 et
2772 1231 3007 1300 lapidum
3048 1242 3103 1285 et
3142 1230 3385 1301 stipitum
3414 1236 3749 1293 coartahaut.
3786 1237 3912 1308 Dig-

2320 1337 2557 1389 numque
2582 1323 2692 1391 jant
2735 1339 2840 1378 non
2874 1334 3010 1389 erat,
3039 1333 3289 1381 auctores
3315 1341 3411 1382 eos
3450 1329 3690 1385 veritatis
3725 1332 3912 1403 (b)ex-

2316 1413 2526 1479 sistere,
2561 1413 2651 1484 qui
2682 1413 2907 1470 ridicula
2940 1426 2994 1472 et
3021 1415 3161 1474 foeda
3200 1428 3254 1474 et
3291 1420 3585 1490 irreligiosa
3616 1433 3906 1489 sectantes,

2315 1505 2449 1576 ipsis
2480 1505 2588 1561 illis
2630 1507 3065 1565 inanissiutarutn
3097 1514 3487 1568 sententiarum
3539 1530 3759 1573 suarum
3798 1519 3915 1589 opi-

2315 1596 2567 1652 nionibus
2596 1598 2941 1655 tiissiderent.
2992 1602 3099 1657 Sed
3134 1603 3273 1661 inter
3322 1604 3437 1661 haee
3476 1609 3686 1664 animus
3715 1611 3915 1667 sollici-

2318 1699 2424 1752 tus,
2476 1692 2590 1747 utili
2630 1707 2693 1746 ac
2721 1695 3027 1753 necessaria
3059 1696 3126 1752 ad
3173 1699 3535 1767 cognitionem
3586 1702 3796 1759 Domini
3829 1705 3910 1759 sui

611 1796 749 1855 bene
780 1796 959 1850 vivere
981 1809 1106 1852 esse
1144 1793 1506 1865 opinabantur
1531 1810 1543 1847 :
1573 1793 1737 1847 vitam
1779 1801 1959 1847 autem
2006 1807 2113 1847 nou
2144 1791 2210 1848 ad
2242 1791 2291 1852 Β
2317 1782 2400 1837 via
2433 1783 2631 1848 nitens,
2665 1800 2786 1842 cum
2814 1801 2988 1857 neque
3011 1788 3271 1844 incuriam
3301 1790 3411 1847 Deo
3441 1808 3619 1849 rerum
3647 1811 3675 1849 tl
3699 1810 3757 1851 SB
3778 1810 3911 1853 Oull-

611 1897 845 1943 mortem
890 1896 1093 1946 tantum
1126 1887 1194 1943 ab
1221 1884 1516 1943 immortali
1558 1885 1669 1939 Deo
1700 1884 1861 1938 tribui
1891 1884 2211 1940 existimau-

612 1979 775 2043 datu:
815 1995 936 2035 cum
980 1978 1107 2035 boui
1150 1977 1423 2049 largitoris
1471 1993 1577 2033 nou
1624 1991 1744 2032 esse
1776 1975 2209 2046 intelligeretur,

613 2072 829 2130 vivendi
855 2071 1305 2142 jucundiSsimum
1358 2087 1576 2128 sensqu
1613 2071 1678 2127 ad
1712 2071 2074 2129 tristissimum
2100 2087 2213 2129 mc-

610 2174 720 2219 tum
755 2164 1008 2219 tribuisse
1048 2163 1331 2218 moriendi.

681 2260 737 2314 5.
772 2257 838 2314 In
866 2256 966 2312 Dei
996 2258 1337 2329 cognitionem
1366 2256 1514 2313 ardet
1547 2255 1801 2312 Hilarius.
1824 2286 1897 2299 -—
1925 2254 1992 2313 Et
2022 2272 2212 2331 quam—

610 2368 767 2421 quam
793 2367 899 2407 non
927 2351 1161 2421 ineptam
1186 2351 1324 2406 hanc
1340 2366 1528 2406 eorum
1555 2365 1678 2406 esse
1706 2350 2025 2406 sententiam
2050 2359 2209 2422 atque

611 2444 855 2499 inutilem
897 2445 1309 2510 existimarem,
1342 2443 1727 2498 conscientiam
1770 2444 1839 2499 ab
1864 2444 2010 2499 omni
2051 2445 2208 2515 culpa

614 2536 837 2591 liberam
866 2550 1215 2604 conservare,
1260 2544 1316 2592 et
1340 2551 1529 2591 omnes
1573 2536 1821 2591 humana:
1856 2537 1980 2592 vita:
2009 2539 2208 2592 moles~

611 2630 712 2684 tias
763 2630 845 2685 vel
882 2630 1164 2700 providere
1208 2630 1539 2701 prudenter,
1590 2630 1674 2686 vel
1719 2632 1892 2687 vitare
1928 2632 2204 2696 consulte,

609 2723 694 2777 vel
734 2723 874 2777 ferre
908 2723 1177 2792 patienter
1231 2740 1244 2777 :
1296 2732 1473 2777 tamen
1505 2720 1557 2776 hi
1599 2722 1705 2791 ipsi
1743 2737 1850 2777 non
1890 2723 2028 2785 satis
2074 2721 2205 2779 mihi

609 2814 790 2869 idonei
835 2814 901 2868 ad
949 2814 1084 2869 bene
1115 2815 1379 2883 beateque
1425 2813 1714 2868 vivendum
1761 2818 2011 2868 auctores
2057 2813 2207 2870 vide-

606 2904 800 2960 bantur
824 2947 840 2972 ,
894 2905 1199 2961 communia
1233 2913 1440 2959 tantum
1469 2916 1523 2961 et
1546 2905 1922 2962 convenientia
1970 2904 2204 2969 humano

604 2999 789 3054 sensui
820 2999 1187 3054 doctrinarum
1222 3008 1488 3069 pra-cepta
1536 3005 1837 3054 statuentes
1866 3013 1880 3057 :
1914 3014 2036 3069 quat
2080 3014 2202 3059 cum

603 3106 709 3146 non
778 3092 1077 3162 intelligere
1131 3091 1403 3145 heluiuum
1459 3101 1648 3157 esset,
1692 3090 1963 3147 intellecta
2015 3099 2199 3147 tamen

2316 1873 2547 1928 ditartnn
2596 1874 2809 1945 dignam
2867 1892 2990 1932 esse
3034 1881 3426 1951 arbitraretur,
3478 1901 3653 1956 neque
3709 1896 3912 1947 natura:

2315 1962 2519 2040 potenti
2560 1977 2721 2039 atque
2768 1971 3093 2042 incorrupta:
3122 1986 3430 2045 competere
3473 1994 3634 2034 sexus
3664 1980 3905 2046 deorum,

2312 2067 2368 2113 et
2394 2060 2760 2114 successiones
2791 2071 3031 2117 satorum
3062 2074 3226 2135 atque
3271 2074 3514 2122 ortorttm
3547 2070 3907 2141 intelligeret:

2312 2166 2474 2221 porro
2520 2161 2698 2207 autem
2731 2152 2971 2209 divinum
3018 2166 3073 2211 et
3113 2168 3373 2212 aeternum
3428 2160 3562 2216 nihil
3604 2163 3707 2218 nisi
3744 2181 3908 2220 unum

2312 2258 2435 2300 esse
2464 2252 2517 2299 et
2546 2243 2859 2303 indiﬂ'erens
2905 2262 3000 2317 pro
3025 2254 3177 2306 certe
3225 2250 3461 2309 habebat
3485 2295 3500 2320 ,
3532 2255 3655 2324 quia
3688 2258 3738 2310 id
3767 2260 3909 2328 quod

2311 2336 2415 2395 sibi
2439 2337 2506 2393 ad
2532 2338 2583 2393 id
2611 2338 2754 2408 quod
2782 2348 2926 2395 esset
2953 2352 3143 2399 auctor
3175 2354 3319 2399 esset
3347 2385 3364 2410 ,
3413 2345 3544 2401 nihil
3580 2364 3801 2405 necesse
3827 2362 3911 2406 cst

2314 2441 2464 2486 extra
2490 2448 2549 2487 se
2580 2432 2719 2502 quod
2744 2433 2825 2488 sui
2860 2445 3002 2489 esset
3020 2436 3362 2503 przcstantius
3381 2439 3724 2510 reliquisset:
3750 2451 3909 2513 atque

2309 2524 2383 2582 ita
2435 2522 2887 2596 omnipotentiatn
2938 2528 3404 2599 aeternitatemque
3444 2547 3549 2584 non
3593 2533 3696 2587 nisi
3746 2550 3907 2605 penes

2312 2632 2477 2671 unum
2509 2632 2668 2683 esse;
2700 2618 2823 2688 quia
2856 2634 3032 2689 neque
3061 2619 3112 2673 in
3154 2622 3543 2692 omnipotentis
3574 2627 3805 2682 validius
3832 2629 3908 2684 in-

2309 2708 2645 2779 firmiusquc,
2684 2725 2859 2780 neque
2884 2708 2937 2765 in
2979 2713 3283 2767 aeternitate
3307 2718 3574 2784 posterius
3596 2720 3906 2777 anteriusve

2307 2814 2668 2874 Congrucret:
2720 2804 2772 2857 in
2804 2803 2913 2858 Deo
2958 2812 3139 2860 autem
3188 2807 3321 2862 nihil
3354 2808 3457 2864 nisi
3502 2820 3765 2868 mternum
3813 2830 3905 2884 po-

2308 2907 2534 2967 tensquc
2564 2912 2687 2953 esse
2712 2898 3101 2954 venerandum.

2377 2989 2432 3047 5.
2465 2988 2513 3047 E
2535 2989 2821 3059 Scripturis
2846 2992 2994 3044 discit
3022 2991 3147 3060 quid
3172 2993 3238 3045 sit
3282 2993 3421 3048 Deus
3445 3010 3466 3061 ;
3490 2997 3628 3065 quod
3664 3008 3900 3053 internus.

2303 3112 2375 3122 --
2405 3082 2528 3137 Haec
2557 3084 2733 3153 igitur,
2768 3082 3040 3153 multaque
3078 3084 3184 3138 alia
3230 3085 3496 3155 ejusmodi
3547 3104 3668 3143 cum
3722 3091 3904 3146 animo

605 3198 710 3237 non
743 3198 926 3253 agere,
959 3185 1096 3238 ultra
1138 3183 1374 3239 beluino:
1424 3182 1780 3238 immanitatis
1825 3199 1945 3239 esse
1992 3185 2196 3239 rabiem
2226 3178 2270 3242 C
2305 3185 2580 3247 reputt-HIS,
2613 3177 2771 3231 incidi
2801 3176 2854 3229 in
2883 3190 2977 3230 eos
3007 3176 3195 3240 libros,
3252 3195 3386 3248 quos
3411 3195 3440 3234 a
3470 3180 3652 3253 Moyse
3683 3190 3843 3253 atque
3873 3199 3902 3239 τι

602 3276 899 3333 videretur.
950 3276 1266 3333 chtinabat
1296 3288 1474 3333 autem
1505 3276 1751 3345 animus,
1798 3292 1904 3333 non
1933 3276 2049 3334 btec
2079 3287 2194 3333 tan-

607 3369 889 3424 tummodo
918 3385 1101 3441 agere,
1127 3385 1248 3440 qua:
1289 3384 1395 3424 non
1427 3370 1625 3439 egisse,
1656 3378 1709 3424 et
1737 3368 2024 3425 criminum
2054 3378 2201 3425 esset

600 3462 847 3533 plenum,
882 3472 939 3517 et
974 3462 1222 3518 dolorum
1249 3479 1264 3517 :
1290 3462 1384 3516 sed
1419 3462 1560 3517 hunc
1588 3462 1720 3517 tanti
1760 3463 1999 3518 muneris
2029 3462 2196 3518 Deum

611 3565 995 3625 parentemque
1021 3569 1374 3624 cognoscere,
1406 3554 1494 3608 cui
1523 3569 1582 3609 se
1605 3563 1771 3611 totum
1803 3555 1917 3624 ipse
1947 3555 2192 3624 deberet,

596 3649 682 3705 cui
706 3647 972 3704 famulans
995 3648 1387 3704 nobilitandum
1428 3662 1486 3703 se
1515 3647 1890 3713 existimabat,
1938 3648 2004 3703 ad
2035 3664 2192 3718 quem

596 3758 813 3798 omnem
858 3744 973 3813 spei
1016 3758 1128 3797 sum
1167 3743 1474 3811 opinionem
1509 3740 1755 3807 referret,
1786 3742 1838 3797 in
1862 3742 2012 3810 cujus
2042 3742 2196 3798 beni-

598 3845 706 3891 tate
727 3836 870 3891 inter
900 3845 1074 3892 tantas
1101 3836 1444 3906 prtcsentium
1472 3834 1807 3904 negetiorutn
1831 3836 2190 3903 calamitates,

600 3939 867 4000 tamquam
903 3929 1167 3985 tutissimo
1194 3929 1297 3984 sibi
1346 3940 1502 3999 portu
1545 3929 1900 3999 familiarique
1948 3929 2193 4000 requies-

600 4034 767 4080 ceret.
799 4023 880 4079 Ad
926 4027 1067 4080 hunc
1096 4025 1255 4095 igitur
1282 4024 1363 4079 vel
1394 4023 1827 4095 intelligendum,
1858 4023 1940 4078 vel
1963 4038 2194 4094 cognos-

594 4117 848 4185 ceuduut,
901 4117 1083 4173 studio
1141 4116 1558 4188 ﬂagrantissimo
1601 4116 1816 4172 animus
1857 4115 2192 4172 accendeba-

593 4219 703 4265 ειη.

661 4304 717 4357 4.
754 4301 930 4357 Vario:
949 4302 1281 4374 antiquorum
1302 4301 1366 4355 de
1387 4301 1499 4356 Deo
1519 4300 1811 4372 opiniones.
1852 4300 2057 4358 Hilario
2086 4318 2189 4357 non

586 4396 893 4467 probantur,
917 4412 1012 4467 pro
1033 4406 1169 4451 certe
1200 4395 1408 4450 habenti
1433 4394 1601 4449 Deum
1622 4410 1726 4449 non
1755 4412 1862 4450 esse
1887 4395 1990 4450 nisi
2010 4412 2186 4452 unum.

591 4517 663 4530 -ο
688 4487 927 4558 Namque
994 4488 1180 4559 plures
1234 4502 1420 4543 eorum
1490 4502 1808 4543 numerosas
1857 4488 2186 4545 incertorum

2303 3271 2588 3342 prophetis
2626 3270 2857 3339 scriptos
2907 3284 3026 3327 esse
3068 3270 3418 3329 Hebraeorum
3464 3276 3653 3346 religio
3701 3277 3772 3348 (c)
3806 3289 3905 3331 tra-

2299 3370 2464 3427 debat
2492 3388 2503 3425 :
2540 3371 2591 3425 in
2619 3370 2815 3442 quibus
2845 3370 2961 3439 ipso
3002 3379 3251 3425 creatore
3282 3370 3389 3424 Deo
3423 3377 3654 3425 testante
3695 3371 3762 3424 de
3801 3385 3859 3425 se
3884 3412 3899 3438 ,

2300 3463 2417 3519 inec
2447 3465 2515 3517 ita
2548 3463 3003 3518 continebantur:
3036 3462 3148 3536 Ego
3176 3481 3312 3528 sum,
3341 3464 3427 3531 qui
3458 3480 3570 3517 sum
3599 3462 3795 3535 (Exod.
3822 3481 3899 3530 tu,

2300 3558 2417 3627 id);
2470 3564 2524 3613 ct
2547 3572 2759 3611 rursum
2787 3575 2799 3609 :
2835 3555 2961 3610 lla-‘0
2981 3556 3118 3611 dices
3140 3556 3266 3625 ﬁliis
3297 3554 3481 3609 Israel.
3514 3554 3657 3610 Misit
3703 3573 3783 3610 me
3830 3559 3900 3611 ad

2299 3667 2387 3704 vos
2416 3650 2458 3705 is
2487 3651 2574 3722 qui
2622 3660 2699 3705 est
2740 3647 3013 3723 (Ibidem).
3067 3648 3384 3705 Admiratus
3423 3664 3542 3703 sum
3594 3649 3753 3719 plane
3791 3657 3901 3705 tam

2296 3736 2595 3797 absolutam
2636 3741 2705 3796 de
2743 3742 2852 3796 Deo
2882 3741 3328 3810 signiﬁcationem
3355 3782 3371 3809 ,
3410 3757 3530 3812 qua:
3579 3752 3785 3797 natura:
3814 3742 3900 3797 di-

2296 3835 2432 3890 vina:
2472 3820 3072 3906 iucomprciicnsiliiletu
3118 3836 3481 3906 cognitionem
3529 3837 3807 3905 aptissimo
3834 3837 3898 3891 ad

2297 3927 2711 3999 intelligentiam
2755 3928 3045 3982 humanam
3093 3942 3346 3983 sermone
3393 3927 3725 3998 loqueretur.
3780 3927 3899 3985 Non

2295 4022 2439 4080 enim
2465 4022 2607 4079 aliud
2641 4023 2920 4093 preprium
2957 4012 3126 4093 magis
3165 4022 3295 4087 Deo,
3329 4038 3488 4093 quam
3518 4037 3669 4088 esse,
3701 4022 3900 4077 intelli-

2294 4117 2472 4187 gitur;
2501 4115 2624 4186 quia
2657 4115 2707 4171 id
2739 4117 2914 4187 ipsum
2944 4115 3086 4187 quod
3129 4123 3213 4171 est
3240 4157 3255 4183 ,
3285 4131 3458 4186 neque
3489 4116 3787 4171 desinentis
3813 4126 3900 4171 est

2294 4209 2601 4282 aliquando,
2637 4225 2809 4281 neque
2831 4211 2991 4281 empti
3016 4210 3142 4266 :sed
3174 4209 3249 4279 id,
3270 4210 3410 4281 quod
3432 4226 3552 4267 cum
3577 4212 3901 4281 incorrupta:

2295 4301 2645 4356 beatitudinis
2680 4312 2945 4373 poteSIatc
2975 4313 3290 4374 perpetuum
3320 4312 3423 4367 est,
3456 4318 3561 4357 non
3592 4307 3764 4371 potuit
3805 4314 3899 4358 aut

2296 4396 2497 4467 poterit
2527 4395 2817 4466 aliquando
2850 4410 2955 4448 non
2986 4410 3148 4460 esse;
3184 4395 3305 4465 quia
3338 4393 3582 4448 divinum
3613 4409 3771 4450 omne
3803 4412 3896 4451 ne-

2294 4504 2397 4565 que
2424 4488 2728 4555 abolitioui,
2761 4502 2935 4557 neque
2964 4487 3189 4543 exordio
3220 4472 3513 4543 obnoxium
3536 4496 3636 4543 est.
3680 4489 3745 4543 Et
3773 4504 3896 4544 cum

583 4579 807 4635 deorum
834 4579 1067 4635 familias
1087 4579 1504 4636 introducebant
1535 4599 1547 4634 :
1579 4590 1635 4635 et
1662 4581 1870 4638 virilem
1894 4595 1959 4635 ac
1985 4581 2178 4637 mulie-
2210 4562 2264 4623 Ῑ)
2291 4562 2342 4636 in
2376 4580 2522 4635 nullo
2548 4598 2575 4632 a
2600 4596 2660 4635 sc
2692 4580 2786 4635 Dei
2816 4580 2954 4635 desit
2982 4581 3295 4648 :eternitas;
3327 4581 3489 4653 digne
3518 4582 3621 4639 hoc
3668 4586 3841 4639 solum
3878 4626 3894 4650 ,

585 4671 735 4729 brem
766 4688 956 4731 sexum
985 4675 1041 4729 in
1087 4674 1283 4728 divinis
1322 4675 1532 4729 naturis
1560 4689 1721 4744 agere
1754 4675 2129 4731 existimantes
2159 4718 2173 4743 ,

583 4773 735 4818 ortus
761 4779 825 4819 ac
870 4750 1244 4821 successiones
1287 4780 1354 4819 ex
1409 4765 1513 4820 diis
1562 4765 1787 4820 deorum
1837 4768 2173 4822 asserebant.

584 4855 690 4911 Alii
717 4855 950 4927 majores
981 4871 1043 4911 ac
1078 4856 1318 4911 minores
1343 4866 1399 4912 et
1442 4856 1756 4913 diﬂ'ereutes
1784 4873 1883 4929 pro
1914 4866 2179 4927 potestate

582 4947 714 5003 deos
763 4948 1148 5020 praedicabant.
1185 4949 1438 5007 Nonnulli
1484 4950 1690 5004 nullum
1737 4951 1960 5006 omnino
2008 4951 2176 5008 Deum

582 5057 704 5099 esse
732 5043 1088 5111 afﬁrmantes,
1121 5060 1240 5100 eam
1275 5055 1503 5113 tantum,
1521 5043 1578 5117 4
1602 5059 1722 5117 quas
1750 5043 1986 5101 fortuitis
2017 5049 2176 5101 moti-

582 5134 682 5191 bus
709 5145 871 5207 atque
899 5138 1250 5196 concursibus
1275 5138 1329 5194 in
1363 5139 1564 5211 aliquid
1593 5138 1901 5208 exsisteret,
1930 5147 2173 5209 naturam

655 5362 732 5488 (ex
762 5364 1020 5422 Martinus
1041 5365 1255 5437 Lipsius
1272 5375 1390 5439 post
1417 5365 1702 5429 Erasmum
1724 5366 1785 5421 ob
1805 5383 1979 5442 quam,
2002 5362 2183 5429 addita

655 5448 699 5488 rt
724 5438 838 5488 eula
863 5438 924 5488 ob
944 5452 1139 5488 nrmter
1166 5439 1325 5488 {idem
1348 5452 1477 5488 mss.
1499 5438 1617 5488 Mox
1644 5438 1781 5488 anud
1807 5439 2025 5488 eosdem
2043 5439 2183 5488 refu-

579 5438 838 5510 part‘icula
863 5438 924 5491 ob
944 5452 1139 5507 prtcter
1166 5439 1325 5493 fidem
1348 5452 1477 5510 mss.
1499 5438 1619 5493 Mox
1644 5438 1782 5508 apud
1807 5438 2025 5494 eosdem
2043 5439 2185 5510 refu-

582 5507 798 5561 tandum
817 5525 835 5562 :
860 5510 910 5564 in
925 5509 1160 5566 editione
1179 5510 1328 5565 Badii
1352 5508 1620 5576 Ascensii,
1644 5507 1985 5579 reputandum
2007 5512 2087 5564 vel
2103 5507 2186 5566 re-

582 5579 875 5651 fatendum,
893 5585 1165 5651 quomodo
1179 5591 1356 5637 exstat
1382 5582 1433 5635 in
1458 5599 1563 5637 uno
1581 5599 1612 5638 e
1632 5581 1960 5638 Colltertinis
1977 5597 2107 5637 mss.
2126 5583 2186 5638 In

579 5648 710 5722 edit.
737 5648 1024 5707 Parisieusi
1049 5669 1137 5707 an.
1161 5653 1324 5714 i605,
1342 5660 1396 5707 et
1417 5656 1655 5722 pluribus
1678 5668 1806 5709 mss.
1823 5655 2186 5719 reputantium.

588 5721 658 5776 At
684 5720 738 5773 in
771 5737 903 5776 tuss.
928 5724 1329 5786 vetustioribus,
1358 5720 1722 5793 repetundum.
1758 5724 1913 5791 Quod
1937 5724 1988 5779 iu
2018 5726 2101 5782 Itis
2128 5726 2197 5781 ad

594 5807 809 5861 inuitus,
835 5793 887 5850 in
916 5793 1034 5852 aliis
1052 5795 1242 5853 eodem
1270 5807 1432 5853 sensu
1458 5797 1525 5854 ad
1547 5799 1701 5854 vitam
1728 5796 1978 5856 refertur.
1997 5798 2202 5857 Deinde

2287 4672 2430 4743 quod
2464 4682 2630 4739 esset,
2659 4671 2725 4727 ad
2767 4673 3214 4743 protestationcm
3244 4672 3573 4746 incorrupta:
3600 4691 3712 4731 suae
3741 4686 3897 4731 mter-

2286 4766 2469 4821 nitatis
2497 4765 2754 4821 ostendit.
3828 4784 3845 4794 ι

2358 4862 2409 4934 5
2430 4860 2485 4915 6.
2510 4858 2652 4914 Deus
2680 4859 2944 4927 inﬁnitus;
2966 4869 3130 4917 mente
3158 4862 3275 4932 capi
3302 4848 3641 4932 itequit.—Et
3662 4862 3727 4919 ad
3758 4862 3897 4920 hanc

2286 4955 2505 5025 quidem
2546 4952 2825 5008 infinitatis
2863 4954 3311 5025 signiﬁcationem
3352 4954 3679 5012 satisfecisse
3715 4972 3896 5012 sermo

2286 5046 2556 5103 dicentis:
2588 5044 2702 5117 Ego
2733 5061 2848 5100 sum
2876 5047 2967 5115 qui
2996 5061 3141 5114 sum,
3177 5046 3496 5104 videbatur:
3526 5049 3620 5104 sed
3653 5049 3896 5118 magnifi-

2285 5141 2478 5198 centiae
2505 5146 2562 5194 et
2590 5137 2806 5193 virtutis
2836 5152 2949 5193 suae
2986 5148 3106 5195 erat
3142 5153 3173 5194 a
3209 5139 3366 5196 nobis
3403 5153 3541 5211 opus
3580 5140 3889 5213 intelligam

2292 5368 2345 5424 in
2380 5381 2511 5442 mss.
2542 5364 2698 5442 Qolb_.
2725 5375 2781 5422 et
2798 5366 3009 5442 perm”
3040 5368 3398 5442 languoribus,
3422 5386 3528 5427 non
3557 5372 3853 5442 angoribus.

2370 5437 2444 5510 (b)
2474 5436 2629 5513 liam,
2656 5436 2771 5500 Er.,
2798 5437 2970 5513 μυξη
2997 5450 3051 5496 et
3080 5436 3209 5496 mss.
3240 5458 3346 5497 non
3376 5443 3554 5513 pauci,
3579 5436 3889 5500 eiistimare.

2299 5508 2625 5578 At‘potiores
2654 5524 2774 5562 cum
2802 5509 2920 5564 Par.
2945 5512 3202 5566 exsistere.

2372 5581 2444 5650 (ο)
2472 5579 2587 5633 Non
2617 5580 2687 5634 ita
2719 5581 2978 5637 abhorret
3002 5582 3256 5645 Hilarius.
3284 5592 3340 5637 ut
3368 5584 3639 5640 Scultetus
3659 5585 3764 5639 sibi
3792 5588 3893 5641 iiii-

2302 5652 2402 5723 git,
2435 5669 2463 5705 a
2496 5651 2740 5724 doctrina
2772 5655 3078 5708 traditionis
3100 5693 3117 5717 ,
3162 5669 3224 5707 ex
3249 5669 3352 5724 qua
3390 5671 3509 5710 cum
3542 5658 3707 5711 sacris
3740 5657 3892 5715 libris

2304 5722 2677 5794 auctoritatem
2719 5722 2807 5778 hic
2835 5724 3052 5789 tribuat,
3078 5724 3131 5778 in
3160 5722 3294 5794 psal’.
3327 5741 3387 5791 ll,
3421 5743 3475 5780 n.
3497 5726 3554 5790 2,
3576 5732 3888 5785 earumdem

2307 5809 2526 5857 sensum
2554 5807 2621 5853 ex
2640 5793 2755 5867 ipsa
2784 5798 3134 5868 quaerendum
3156 5793 3276 5856 esse
3302 5796 3563 5857 defendit.
