4216 6254
296 331 371 385 29
1186 329 1203 338 “
1525 327 1614 390 DE
1656 332 2053 402 TBINITATE,
2094 334 2298 391 LIBER
2336 336 2377 395 Ι,
3538 340 3615 397 30

300 449 452 503 dum.
488 446 732 519 Namque
759 462 883 503 cum
913 462 1036 503 esse
1064 449 1114 504 ei
1146 449 1419 521 proprium
1451 461 1630 516 esset,
1663 450 1755 524 qui
1791 466 1906 507 ma-
1935 452 1984 517 Α
2014 468 2108 506 nas
2131 468 2270 507 meas
2294 462 2412 508 ante
2437 454 2623 524 lucem,
2655 464 2701 510 et
2722 455 3014 514 habitavere
3042 457 3095 512 in
3123 458 3393 527 postremis
3418 461 3614 521 maris,-

302 561 441 601 nens
470 561 687 616 Semper
717 560 825 600 non
856 544 1015 601 etiam
1057 544 1347 617 aliquando
1385 545 1678 617 erupisset;
1718 547 1906 603 mlerni

302 652 357 695 et
403 640 699 710 incorrupti
743 639 838 694 Dei
878 638 1073 709 dignus
1112 639 1181 696 de
1218 654 1280 696 se
1317 640 1404 695 hic
1442 655 1654 697 rursum
1692 642 1908 697 auditus

301 742 386 788 est
416 748 632 789 sermo:
666 732 771 801 Qui
801 742 934 787 tenet
964 730 1145 787 ctelum
1178 733 1349 803 palma
1371 774 1389 800 ,
1420 742 1469 788 et
1493 744 1678 789 terram
1709 734 1906 807 pugillo

303 824 460 899 (Esa.
499 841 602 887 XL,
640 825 764 896 12);
797 834 850 880 et
877 840 1089 881 rursum
1114 843 1131 882 :
1160 824 1355 880 Caelum
1386 828 1510 881 milii
1550 828 1763 882 thronus
1793 837 1900 896 est,

302 928 444 972 terra
481 928 650 972 autem
689 916 966 972 scabellunt
1005 917 1193 989 pedum
1221 934 1468 973 meorum.
1502 919 1665 986 Quam
1695 919 1904 975 domum

297 1011 432 1063 mihi
456 1009 775 1078 mdiﬁcabitis
794 1051 811 1075 ,
838 1018 928 1063 aut
954 1010 1069 1080 quis
1099 1010 1241 1066 locus
1268 1012 1359 1065 erit
1389 1011 1713 1080 requietionis
1739 1013 1905 1067 metu?

298 1101 496 1156 Nonne
524 1119 705 1158 manus
734 1119 847 1157 utea
876 1102 998 1176 fecit
1028 1100 1137 1157 luet:
1167 1100 1257 1175 (α)
1290 1100 1442 1173 (Esa.
1474 1119 1632 1168 var,
1660 1102 1687 1161 i
1718 1113 1763 1157 et
1788 1103 1902 1176 2)?

304 1195 641 1253 Universitas
678 1196 803 1252 coeli
846 1195 1022 1265 palma
1063 1195 1164 1251 Dei
1208 1203 1443 1263 tenetur,
1483 1204 1540 1252 et
1578 1196 1899 1254 univira-itas

297 1298 464 1346 terra:
491 1290 691 1362 pugillo
718 1289 1080 1346 concluditur.
1108 1289 1300 1348 Sermo
1326 1300 1504 1345 autem
1536 1290 1659 1357 Dei,
1688 1290 1898 1345 etiamsi

294 1383 364 1438 ad
408 1384 717 1454 opinionem
760 1382 1029 1453 religiosae
1070 1382 1442 1451 intelligentiae
1483 1382 1732 1453 proﬁcit,
1778 1382 1898 1452 plus

294 1484 477 1531 tamen
524 1476 938 1546 signiﬁcationis
987 1476 1349 1546 iutrospectus
1400 1491 1564 1532 sensu
1613 1476 1893 1544 continet,

290 1585 456 1640 quam
484 1580 746 1639 exceptus
773 1567 961 1624 auditu
1003 1567 1162 1637 (Vide
1183 1567 1457 1638 Augustin.
1483 1568 1632 1637 epist.
1666 1582 1894 1625 cxxxvtt

290 1664 361 1717 ad
398 1662 690 1731 Volusium,
725 1680 778 1717 rt.
819 1661 910 1734 5).
954 1662 1084 1719 Nam
1126 1662 1440 1718 conclusum
1481 1661 1655 1732 palma
1695 1661 1890 1718 cmlum

286 1772 507 1814 rursum
540 1758 648 1813 Deo
680 1756 908 1813 thronus
938 1766 1052 1819 est;
1086 1765 1141 1811 et
1173 1763 1312 1811 terra
1334 1798 1348 1824 ,
1380 1772 1500 1826 quat
1534 1756 1732 1825 pugillo
1761 1771 1893 1812 con-

2012 544 2195 599 etenim
2222 545 2350 600 illuc
2382 563 2562 602 manus
2590 556 2678 603 tua
2707 548 2920 605 deducet
2950 566 3057 619 me,
3089 559 3137 605 et
3168 549 3349 607 tenebit
3381 566 3460 606 nte
3490 552 3614 607 de.»

2009 646 2118 703 tera
2146 647 2233 691 tua
2261 638 2437 711 (Psal.
2464 656 2707 697 cxxxvtu
2725 683 2741 707 ,
2768 643 2798 696 7
2828 651 2874 696 et
2898 641 3085 713 seqq.).
3111 641 3305 697 Nullus
3332 642 3450 699 siue
3481 643 3607 717 Deo,

2009 748 2185 805 neque
2223 732 2367 789 ullus
2407 748 2513 791 non
2555 734 2608 789 in
2654 734 2765 790 Deo
2805 734 2958 791 locus
2998 742 3100 789 est.
3137 735 3191 790 lu
3224 735 3377 791 etelis
3406 745 3483 791 est
3509 773 3525 801 ,
3558 736 3609 793 in

2006 824 2220 881 inferno
2258 832 2375 890 est,
2419 824 2558 880 ultra
2598 825 2765 880 maria
2808 837 2909 880 est.
2941 823 3091 880 inest
3119 825 3367 891 interior,
3398 817 3612 883 excedit

2006 916 2265 972 exterior.
2296 910 2373 970 ita
2415 931 2536 971 cum
2582 916 2776 983 habet,
2819 925 2979 986 atque
3023 915 3283 981 habetur;
3318 916 3390 989 (ε)
3434 932 3607 988 neque

2009 1008 2063 1063 in
2093 1008 2275 1075 aliquo
2308 1008 2422 1078 ipse
2446 1048 2461 1073 ,
2495 1024 2673 1076 neque
2704 1024 2811 1063 non
2842 1009 2891 1061 iu
2921 1008 3174 1062 omnibus
3206 1016 3307 1062 est.

2076 1101 2131 1159 7.
2164 1098 2303 1155 Deus
2343 1102 2740 1171 pulcherrimus.
2789 1101 2921 1170 Quia
2963 1111 3260 1157 cwterarunt
3291 1117 3462 1156 rerum
3490 1118 3607 1174 spe-

2002 1194 2129 1249 ciem
2150 1235 2166 1262 ,
2199 1194 2245 1249 si
2273 1210 2378 1251 non
2402 1192 2569 1256 uerbo,
2601 1205 2734 1249 certe
2760 1210 2912 1248 sensu
2939 1196 3288 1267 assequimur;
3314 1193 3409 1249 Dei
3435 1204 3603 1251 autem

2001 1290 2222 1359 speciem
2267 1296 2445 1343 neutro
2490 1289 2664 1342 modo.
2710 1318 2782 1329 -—
2818 1289 3150 1357 Quamquam
3187 1289 3348 1359 igitur
3388 1289 3534 1357 nptin
3559 1305 3607 1347 re

2001 1383 2160 1454 hujus
2190 1395 2352 1455 atque
2379 1384 2774 1453 inexplicabilis
2799 1383 3169 1453 intelligentite
3198 1398 3359 1439 sensu
3390 1382 3601 1437 animus

1998 1477 2292 1548 gauderet,
2323 1477 2465 1547 quod
2496 1476 2636 1533 hanc
2666 1478 2716 1531 in
2751 1485 2972 1545 parente
3002 1492 3101 1531 suo
3130 1486 3187 1532 et
3215 1486 3461 1533 creatore
3486 1476 3558 1533 im
3578 1505 3592 1519 -

1996 1584 2198 1629 mensa:
2247 1569 2566 1625 aeternitatis
2616 1570 2935 1624 inﬁnitatem
2978 1579 3358 1635 veneraretur;
3414 1578 3593 1627 tamen

1996 1663 2178 1719 studio
2207 1662 2384 1718 adhuc
2412 1662 2705 1719 intentiore
2739 1664 2907 1735 ipsam
2936 1663 3082 1718 illam
3113 1664 3305 1719 inﬁniti
3336 1674 3387 1718 et
3413 1661 3602 1723 aeterni

2001 1754 2213 1813 Domini
2244 1757 2325 1809 sui
2357 1755 2593 1826 Speciem
2624 1756 2896 1825 qurere-bat
2918 1797 2932 1823 ,
2968 1756 3045 1828 (Ῑ)
3077 1763 3137 1809 ttt
3169 1756 3604 1828 incircumscripv

290 1854 517 1915 tinetur,
555 1850 746 1907 eadem
787 1861 840 1904 et
878 1849 1173 1906 scabellum
1218 1849 1409 1919 pedum
1444 1848 1561 1919 ejus
1588 1856 1704 1906 est:
1735 1864 1805 1904 ne
1835 1848 1889 1904 in
1919 1846 1968 1913 B
1997 1859 2102 1905 tam
2149 1848 2568 1905 immensitatem
2623 1849 2673 1903 in
2719 1848 2899 1915 aliquo
2944 1848 3180 1918 pulchra:
3226 1848 3599 1918 intelligentia:

282 1945 489 1999 throno
526 1952 579 1999 et
616 1942 885 2012 scabello,
923 1941 1217 2000 secundum
1250 1942 1488 1997 habitum
1518 1941 1888 2008 considentis,

283 2038 562 2107 protensio
590 2037 789 2106 speciei
821 2052 1102 2104 corporetc
1135 2044 1318 2106 posset
1350 2036 1614 2106 intelligi,
1646 2052 1769 2091 cum
1798 2036 1848 2091 id
1871 2078 1886 2103 ,

278 2128 431 2200 quod
460 2128 563 2185 sibi
598 2128 825 2184 thronus
852 2137 907 2183 et
932 2128 1227 2184 Seabellum
1260 2137 1344 2184 est
1364 2168 1380 2196 ,
1410 2143 1624 2183 rursum
1655 2128 1765 2198 ipsa
1799 2128 1887 2185 illa

281 2221 529 2277 inﬁnitas
555 2230 748 2291 potens
772 2221 951 2293 palma
979 2237 1041 2279 ac
1068 2221 1271 2293 pugillo
1296 2221 1736 2294 apprehendente
1761 2237 1891 2277 cou-

279 2313 561 2380 cluderet;
604 2313 699 2369 sed
741 2326 797 2369 ut
838 2315 891 2370 in
935 2314 1019 2368 bis
1075 2314 1287 2369 cunctis
1333 2314 1633 2385 originibus
1678 2322 1891 2371 creatu-

279 2420 468 2462 rarum
502 2407 643 2463 Deus
673 2407 810 2463 intra
840 2416 1133 2476 extraque,
1175 2413 1231 2462 et
1267 2406 1682 2477 supereminens
1720 2414 1773 2461 et
1804 2405 1886 2461 in-

283 2509 506 2567 ternus,
539 2500 612 2574 (b)
646 2500 698 2555 id
736 2508 855 2566 est,
897 2500 1253 2556 circumfusus
1292 2508 1348 2555 et
1383 2498 1593 2554 infusus
1625 2499 1677 2557 in
1708 2499 1886 2555 omnia

278 2602 628 2657 nosceretur,
655 2608 778 2650 cum
810 2602 867 2649 et
895 2594 1074 2665 palma
1106 2594 1446 2665 pugillusque
1472 2593 1759 2648 continens
1790 2609 1885 2662 po-

288 2692 544 2741 testatem
586 2692 799 2740 natura:
837 2686 1123 2741 exterioris
1163 2684 1516 2749 ostenderet;
1560 2699 1622 2739 ac
1661 2685 1887 2742 thronus

280 2784 339 2830 et
374 2776 672 2832 scabellum
714 2777 980 2833 substrata
1021 2792 1143 2833 esse
1188 2776 1260 2849 (c)
1288 2788 1346 2832 ut
1376 2777 1589 2833 interno
1617 2777 1886 2833 exteriora

284 2878 656 2938 monstraret,
698 2886 820 2927 cum
861 2872 1134 2928 exteriora
1173 2886 1271 2926 sua
1327 2870 1553 2928 interior
1605 2871 1845 2931 insidens
1870 2912 1884 2938 ,

283 2963 403 3035 ipse
446 2980 661 3023 rursum
700 2966 940 3024 exterior
968 2967 1176 3023 interna
1212 2967 1593 3023 concluderet:
1624 2976 1784 3039 atque
1815 2968 1884 3022 ita

279 3064 425 3112 totus
455 3058 571 3127 ipse
597 3057 736 3114 intra
768 3069 1027 3129 extraque
1057 3074 1117 3115 se
1146 3059 1431 3115 continens
1462 3058 1725 3131 (supple,
1756 3074 1889 3115 cun-

279 3148 416 3221 cta),
449 3167 623 3222 neque
652 3151 894 3209 inﬁnitus
918 3152 1135 3210 abesset
1162 3168 1190 3207 a
1223 3153 1430 3209 cunctis
1449 3194 1466 3223 ,
1497 3168 1670 3225 neque
1695 3165 1887 3210 cuncta

1995 1957 2117 1999 esse
2171 1943 2483 2013 opinaretur
2538 1952 2753 1996 ornatu.
2812 1941 2867 1995 in
2922 1942 3120 2012 quibus
3173 1956 3297 1997 cum
3348 1942 3599 2012 religiosa

1996 2050 2150 2091 mens
2176 2035 2313 2090 intra
2341 2034 2725 2093 imbecillitatis
2749 2049 2860 2088 sua:
2889 2034 3304 2090 concluderetur
3330 2047 3593 2103 errorem,

1998 2129 2139 2183 hunc
2185 2128 2254 2185 de
2305 2129 2415 2185 Deo
2460 2127 2838 2198 pulcherrima:
2880 2128 3164 2185 sententia:
3210 2127 3427 2183 tnodutn
3474 2144 3598 2198 pro-

1996 2220 2228 2292 plteticis
2270 2220 2491 2278 vocibus
2529 2220 2923 2293 apprehendit:
2956 2218 3035 2276 De
3072 2221 3425 2292 magnitudine
3463 2221 3599 2275 enim

1994 2332 2203 2385 operum
2228 2357 2243 2380 ,
2295 2323 2342 2370 et
2382 2314 2762 2389 pulchritudine
2802 2324 3194 2380 creaturarum,
3236 2325 3602 2386 consequenter

1992 2411 2378 2482 generationum
2422 2411 2659 2467 conditor
2689 2411 3005 2484 conspicitur
3036 2410 3201 2482 (Sap.
3234 2428 3360 2479 xm,
3392 2409 3426 2467 5
3447 2451 3462 2477 ,
3494 2426 3598 2467 sec.

1994 2520 2095 2561 Lxx
2116 2506 2155 2573 ).
2188 2506 2502 2576 Magnorum
2530 2514 2747 2561 creator
2769 2504 2822 2560 iu
2855 2504 3100 2560 titasimis
3126 2511 3240 2569 est,
3269 2513 3323 2559 et
3345 2500 3599 2572 pulcher—~

1993 2600 2252 2656 rimorum
2284 2599 2537 2657 conditor
2570 2600 2621 2657 in
2655 2598 3028 2669 pulcherrimis
3058 2605 3162 2653 est.
3206 2597 3273 2653 Et
3301 2610 3423 2651 cunt
3466 2610 3595 2653 sen-

1992 2706 2111 2748 sum
2154 2691 2326 2760 ipsum
2370 2691 2449 2762 (ρ)
2494 2690 2802 2761 egrediatur
2845 2687 3119 2759 operatio,
3159 2702 3376 2743 omnem
3419 2697 3599 2743 tamen

1991 2799 2208 2838 sensum
2232 2784 2389 2854 longe
2410 2797 2632 2839 necesse
2652 2792 2735 2837 est
2755 2781 2981 2837 excedat
3001 2789 3275 2849 operator.
3300 2778 3589 2835 Pulchrum

1992 2877 2174 2946 itaque
2204 2876 2402 2934 ccelttm
2427 2916 2443 2940 ,
2472 2875 2663 2940 aether,
2713 2885 2852 2929 terra
2875 2914 2890 2938 ,
2933 2873 3098 2929 maria
3123 2912 3140 2941 ,
3181 2883 3236 2929 et
3274 2873 3600 2928 universitas

1992 2971 2170 3025 omnis
2198 2979 2312 3036 est,
2342 2984 2463 3039 quae
2491 2983 2557 3023 ex
2588 2975 2781 3023 ornatu
2810 2982 2941 3034 suo,
2975 2975 3032 3021 ut
3059 2965 3222 3023 etiam
3249 2964 3455 3022 Grmcis
3484 2965 3597 3033 pla-

1993 3074 2116 3131 cet,
2149 3063 2310 3134 digne
2339 3063 2558 3137 κόσμος,
2595 3061 2645 3116 id
2687 3070 2800 3127 est,
2843 3059 3073 3115 mundus
3113 3058 3411 3129 nuncupari
3449 3058 3601 3114 videv

1994 3166 2098 3215 tur.
2149 3156 2254 3215 Sed
2298 3156 2342 3213 si
2395 3158 2533 3211 hanc
2574 3155 2745 3224 ipsam
2792 3169 2973 3209 rerum
3017 3152 3470 3225 pulchritudinem
3515 3151 3585 3207 ita

280 3242 330 3297 ei
369 3244 461 3313 qui
504 3242 744 3301 inﬁnitus
785 3254 873 3301 est
910 3261 1016 3301 non
1051 3245 1309 3302 inessent.
1347 3246 1439 3302 llis
1479 3247 1641 3317 igitur
1670 3246 1888 3319 religio-

1994 3262 2185 3309 se’usus
2226 3250 2454 3307 naturali
2497 3251 2715 3305 metitur
2756 3249 3044 3314 instinctu,
3089 3259 3149 3303 ut
3176 3247 3337 3303 etiam
3368 3246 3424 3302 in
3455 3263 3587 3316 qua-

282 3335 517 3390 sissimis
546 3336 613 3395 de
644 3337 751 3391 Deo
776 3338 1123 3405 oniuionibus
1147 3338 1258 3394 veri
1288 3339 1465 3395 studio
1492 3339 1744 3395 detentus
1771 3339 1890 3394 ani-

282 3444 404 3484 mus
442 3429 835 3486 deleCtabalur.
877 3430 1063 3507 Neque
1111 3432 1255 3488 enim
1304 3430 1449 3489 aliud
1500 3433 1627 3504 quid
1672 3433 1891 3503 dignum

287 3536 410 3576 esse
458 3522 568 3578 Deo
605 3523 997 3594 arbitrabatur,
1036 3541 1196 3599 quam
1238 3525 1311 3581 ita
1352 3541 1472 3581 eum
1514 3527 1653 3583 ultra
1695 3526 1895 3581 intelli-

288 3614 503 3683 gentias
549 3629 725 3670 rerum
757 3631 914 3684 esse,
957 3626 1013 3672 ut
1056 3618 1110 3672 iu
1152 3629 1411 3691 quantum
1450 3602 1509 3673 se
1548 3620 1615 3674 ad
1655 3618 1889 3687 aliquem

281 3716 630 3777 praesumpta
686 3709 814 3766 licet
865 3710 1136 3783 opinionis
1195 3711 1412 3767 modum
1473 3727 1627 3768 mens
1684 3713 1890 3769 inﬁnita

280 3800 672 3868 protenderet,
707 3802 760 3857 in
793 3811 999 3859 tantum
1028 3820 1246 3863 omnem
1287 3806 1657 3877 persequi-ritis
1696 3822 1757 3862 se
1795 3823 1891 3863 na-

281 3899 419 3946 tum:
476 3893 796 3949 inﬁnitatem
850 3894 1096 3952 inﬁnitas
1150 3896 1520 3954 immoderata:
1572 3899 1891 3955 atterttitatis

278 3985 592 4043 excederet.
637 3987 791 4056 Quod
832 4004 954 4045 cum
986 4006 1016 4044 a
1048 3991 1208 4048 nobis
1238 3991 1325 4062 pie
1365 3992 1777 4065 intelligeretur,
1808 4004 1888 4051 ta-

276 4094 404 4136 men
437 4095 467 4134 a
500 4080 764 4153 propheta
798 4082 913 4139 haec
953 4083 1024 4138 ita
1053 4085 1110 4157 θ
1136 4085 1349 4144 dicente
1380 4086 1662 4143 manifeste
1691 4087 1887 4144 conﬁr-

277 4172 564 4228 mabatur:
596 4173 710 4239 Quo
739 4173 822 4247 (ά)
856 4174 1004 4229 abibo
1031 4192 1063 4229 a
1091 4176 1276 4247 spiritu
1307 4186 1395 4231 tuo
1414 4219 1428 4242 ,
1462 4188 1550 4231 aut
1577 4195 1607 4230 ιι
1636 4178 1770 4248 facie
1799 4189 1887 4235 tua

272 4280 380 4332 quo
409 4266 648 4336 fugiam?
685 4265 749 4321 Si
790 4265 1106 4321 adscendero
1147 4268 1198 4323 in
1243 4268 1456 4335 cmlum,
1491 4278 1545 4323 tu
1580 4269 1688 4323 illic
1719 4287 1806 4337 es;
1841 4273 1889 4327 si

274 4356 590 4413 descendere
620 4358 674 4415 in
704 4359 1001 4432 infernum,
1033 4368 1080 4415 et
1110 4359 1179 4416 ibi
1207 4362 1350 4417 ades.
1376 4358 1439 4418 Si
1460 4378 1733 4433 sumpsero
1759 4380 1887 4436 pen-

351 4550 428 4626 (a)
464 4552 518 4607 In
547 4553 1149 4630 aiiquotrmsssadditur
1179 4556 1266 4614 hic
1293 4559 1465 4614 omnia
1484 4600 1498 4625 ,
1530 4560 1672 4630 quod
1703 4568 1759 4616 et
1788 4560 1885 4619 ba-

1996 3342 2241 3399 rumdam
2266 3343 2547 3397 voluerunt
2572 3357 2634 3397 ac
2656 3341 2915 3412 pecudum
2940 3340 3134 3397 accidit
3153 3339 3357 3411 Specie,
3376 3346 3436 3395 ut
3455 3340 3582 3401 dum
3662 3380 3673 3391 ,

1995 3432 2129 3488 infra
2162 3434 2482 3489 sententiam
2516 3448 2695 3493 sermo
2724 3441 2842 3499 est,
2873 3447 3065 3488 sensus
3104 3443 3280 3488 tamen
3322 3431 3371 3486 id
3416 3433 3587 3499 ipsum

1995 3525 2302 3597 intelligens
2331 3540 2435 3580 non
2465 3511 2784 3596 eloquetur;
2814 3524 2953 3596 quod
2985 3534 3160 3581 tamen
3189 3540 3431 3592 rursum,
3462 3524 3589 3581 dum

1993 3634 2173 3674 sermo
2204 3619 2381 3675 omnis
2408 3633 2473 3674 ex
2508 3633 2669 3674 sensu
2702 3628 2780 3675 est
2801 3660 2816 3687 ,
2849 3632 3039 3675 sensus
3068 3616 3168 3672 sibi
3198 3618 3313 3687 ipse
3341 3617 3592 3687 loquatur

1993 3713 2335 3784 intelligens:
2379 3728 2557 3769 nonne
2604 3712 2764 3780 hujus
2808 3714 2977 3782 ipsius
3019 3710 3432 3784 pulchritudinis
3474 3710 3583 3765 Do-

1992 3809 2198 3865 minum
2242 3821 2466 3864 necesse
2509 3815 2591 3861 est
2636 3806 2800 3861 tctius
2851 3803 3268 3875 pulchritudinis
3312 3816 3434 3857 esse
3479 3801 3593 3869 [ul-

1990 3900 2318 3958 cherrimum
2349 3900 2611 3970 intelligi;
2643 3909 2699 3953 ut
2730 3915 2851 3955 cum
2882 3899 3071 3955 aeterni
3102 3905 3323 3951 ornatus
3353 3896 3434 3951 sui
3463 3910 3589 3965 spe—

1991 3995 2102 4051 cies
2132 4009 2350 4053 scusum
2380 3991 2754 4063 intelligentia:
2785 3992 2960 4047 omtﬁs
2992 3990 3246 4061 elTngiat,
3279 3988 3590 4057 opinionem

1992 4097 2172 4143 tamen
2219 4087 2589 4156 intelligentiae
2629 4100 2822 4141 sensus
2865 4100 2973 4140 non
3020 4083 3287 4151 relinquat
3333 4080 3592 4137 ornatus?

1989 4176 2168 4249 Atque
2202 4179 2270 4232 ita
2302 4177 2701 4249 pulcherrimus
2746 4176 2888 4232 Deus
2927 4184 3013 4231 est
3048 4173 3423 4230 conﬁtendus:
3453 4174 3503 4245 7
3536 4180 3594 4225 ut

1989 4287 2166 4343 neque
2210 4272 2353 4326 intra
2393 4273 2719 4327 sententiam
2769 4268 2850 4344 (It)
2897 4269 2971 4327 sit
3017 4267 3383 4340 intelligendi,
3417 4279 3592 4339 neque

1989 4374 2139 4420 extra
2170 4364 2583 4435 intelligentiam
2626 4361 2916 4421 sentiendi.

1988 4564 2224 4637 interno,
2255 4571 2473 4637 sumpta
2498 4562 2755 4637 particula
2785 4573 2966 4637 ut__pro
2997 4564 3153 4637 velut.

272 4623 664 4707 bentuxude
685 4628 1020 4707 quibuslicet
1040 4630 1182 4685 dicat
1206 4630 1436 4685 Hilarius
1457 4623 1666 4707 iupsal.
1689 4650 1879 4701 cxvnt,
1908 4632 1995 4707 DV
2059 4635 2139 4705 (ά)
2175 4623 2336 4691 νὀιιιε
2377 4623 2553 4707 ὲοάἑχ
2591 4634 2745 4690 Colb.
2786 4623 3040 4707 aliique;
3063 4635 3177 4701 Quo
3214 4634 3317 4691 ibo.
3350 4634 3585 4707 Utraque

272 4696 361 4770 lit.
390 4693 455 4762 4,
489 4714 544 4750 n.
577 4696 610 4752 6
641 4716 652 4749 τ
687 4693 851 4754 Nobis
879 4716 1040 4770 neque
1068 4710 1232 4754 tutum
1257 4711 1331 4756 est
1362 4693 1743 4760 translationem
1777 4693 1875 4761 ut

271 4765 632 4855 Interpretari:
659 4765 1110 4855 transgredi'iho»;
1145 4783 1328 4855 tamen
1354 4773 1405 4855 in
1453 4774 1630 4829 dubiis
1671 4785 1876 4855 tantum

270 4853 343 4894 ac
372 4837 684 4897 difﬁcilibus
712 4837 845 4898 locis
877 4842 1093 4912 pra-fert
1119 4885 1133 4909 ,
1165 4858 1285 4901 eum
1315 4844 1531 4900 latinam
1576 4849 1875 4904 versionem

269 4912 433 4982 sequi
483 4912 681 4976 soleat,
725 4928 788 4969 ac
831 4915 1063 4970 maxime
1085 4914 1191 4990 ‘bic
1213 4957 1227 4979 ,
1262 4916 1379 4990 ubi
1409 4917 1701 4973 secundum
1736 4934 1835 4974 cxx
1858 4964 1873 4990 ,

270 4997 521 5049 namque,
557 4998 653 5051 pro
685 5000 851 5040 nonne
881 4985 1195 5041 vertendum
1226 4987 1273 5042 ei
1312 4987 1519 5041 luisset.

349 5052 426 5123 (ὁ)
470 5053 683 5125 Aliquot
725 5071 853 5112 mss.
889 5072 1009 5132 cum
1039 5060 1265 5132 vulgatis
1286 5100 1300 5119 ,
1334 5058 1468 5113 idem
1496 5060 1839 5132 circumfusus
1861 5104 1875 5127 ,

268 5133 330 5180 et
376 5137 539 5190 mox,
583 5141 695 5180 cum
732 5135 785 5201 et
827 5128 1013 5201 palmo,
1039 5129 1334 5201 pugil/aque
1374 5131 1638 5183 continens
1660 5128 1877 5187 {casti-

266 5203 478 5267 gantur
502 5212 565 5250 ex
596 5199 977 5267 vetustioribus
1004 5199 1175 5256 libris.
1201 5199 1373 5256 Verba
1403 5200 1583 5255 iiilarii
1609 5202 1879 5261 illustrant

270 5265 397 5320 haec
427 5265 675 5337 Gregorii
709 5269 800 5322 lib.
839 5286 871 5324 tt
906 5271 1092 5325 Moral.
1116 5312 1131 5334 ,
1165 5286 1215 5326 c.
1244 5274 1310 5328 8:
1345 5269 1537 5326 leum
1566 5273 1737 5341 palmo
1767 5292 1874 5331 me-

270 5343 410 5419 tiens
432 5378 445 5399 ,
469 5347 541 5419 ,ει
580 5351 775 5419 terram
814 5343 1012 5411 pugillo
1046 5344 1363 5419 concludens
1407 5345 1709 5415 ostenditur,
1742 5346 1879 5419 quod

268 5410 391 5479 ipse
434 5410 500 5465 sit
545 5410 939 5486 circumquaque
980 5417 1130 5469 rebus
1158 5432 1283 5486 quas
1313 5419 1502 5470 creavit
1528 5410 1791 5471 exterior:
1822 5417 1878 5471 id

267 5496 519 5561 namque,
565 5482 703 5561 quod
742 5486 963 5561 exterius
992 5482 1332 5561 concluditur,
1366 5504 1399 5561 ιζ
1428 5487 1760 5561 concludente
1786 5506 1877 5545 ex-

267 5553 434 5629 terius
465 5554 773 5629 continetur.
811 5553 912 5611 I’er
939 5556 1109 5612 sedem
1138 5574 1281 5629 ergo,
1312 5559 1396 5612 cui
1420 5559 1665 5629 praesidet
1684 5601 1697 5622 ,
1729 5562 1876 5615 intel-

269 5622 457 5705 ligitur
485 5639 595 5705 esse
621 5626 834 5705 interius
861 5644 1154 5705 supraque;
1185 5622 1275 5689 per
1304 5622 1556 5700 pugillum
1576 5672 1591 5699 ,
1622 5646 1720 5705 quo
1751 5648 1877 5687 con-

270 5696 438 5771 tinet,
458 5696 692 5771 interius
720 5697 989 5769 subterque
1016 5696 1267 5771 signatur.

347 5764 425 5837 (c)
458 5765 652 5843 Ed‘itio
665 5769 783 5825 Par.
814 5764 935 5843 cum
962 5764 1279 5843 quibusdam
1308 5788 1411 5829 non
1442 5773 1710 5829 inferioris
1737 5782 1878 5830 notat

270 5851 413 5895 mss.
447 5848 503 5894 ut
530 5839 585 5894 in
610 5838 813 5899 throno.
844 5838 1009 5914 Magis
1035 5845 1324 5917 probamus
1351 5861 1473 5903 cum
1501 5846 1619 5903 aliis
1645 5846 1797 5905 libris
1826 5857 1881 5904 ut

1986 4703 2147 4763 lectio
2175 4713 2331 4761 tract.
2364 4707 2417 4761 in
2451 4706 2585 4774 psal.
2618 4720 2889 4770 cxxxvm,
2920 4703 3223 4759 exhibetur.

2060 4776 2129 4851 (ε)
2162 4777 2312 4834 Unus
2349 4793 2380 4832 e
2417 4778 2572 4833 Colb.
2615 4778 3111 4851 mss.,ineque_si_ne
3141 4777 3331 4851 aliqua.
3367 4777 3467 4830 Alii
3502 4793 3586 4851 re-

1986 4848 2283 4914 cent—iores,
2316 4866 2476 4918 neque
2504 4866 2603 4902 non
2632 4851 2683 4903 in
2725 4849 2917 4918 aliquo.
2958 4848 3145 4901 Melius
3183 4849 3335 4903 abest
3374 4865 3474 4902 non
3517 4849 3585 4902 ab

1986 4923 2198 4976 excusis
2226 4930 2279 4975 et
2315 4920 2705 4990 antiquioribus
2745 4935 2876 4975 mss.
2918 4919 3048 4974 Nant
3091 4927 3352 4989 quatenus-
3390 4918 3583 4987 habet,

1989 5007 2095 5047 non
2129 4994 2242 5063 ipse
2289 4994 2339 5045 in
2381 4992 2563 5063 aliquo
2599 4991 2864 5063 inclusus;
2906 4991 2997 5045 sed
3039 4991 3266 5060 quodvis
3309 4995 3484 5061 potius
3527 4991 3579 5045 iu

1988 5065 2103 5134 ipso
2133 5061 2242 5118 est:
2275 5061 2539 5131 quatenus
2568 5077 2697 5119 vero
2727 5061 2975 5134 habetur,
3010 5063 3061 5117 in
3094 5064 3343 5117 omnibus
3372 5069 3474 5134 est.

2059 5134 2126 5206 (f)
2159 5135 2288 5189 Bad.
2323 5142 2377 5188 et
2413 5136 2503 5188 Er.
2535 5144 2792 5206 utunnm.
2834 5133 2982 5201 Lips.
3033 5140 3089 5187 et
3136 5134 3255 5189 Par.
3306 5143 3361 5191 ut
3409 5133 3575 5188 illam.

1984 5204 2170 5273 Neque
2198 5222 2352 5261 unam
2383 5221 2555 5275 neque
2586 5205 2731 5259 illaut
2762 5205 2956 5259 habent
2988 5220 3120 5260 mss.

2056 5277 2133 5350 (g)
2168 5277 2303 5331 Editi
2322 5317 2336 5343 ,
2370 5276 2814 5350 supergrediatur:
2842 5277 3042 5332 nullius
3070 5276 3268 5333 veteris
3298 5275 3418 5332 libri
3447 5291 3577 5332 auc-

1983 5353 2223 5405 toritate.
2822 5361 2829 5365 ·

2057 5419 2137 5503 (It)
2181 5418 2237 5474 Id
2280 5426 2395 5503 est,
2438 5419 2565 5474 licet
2607 5418 3059 5503 pulchritudinem
3103 5419 3246 5503 illius
3284 5434 3351 5476 ne
3388 5420 3585 5503 intelli:

1983 5490 2178 5562 gentia:
2208 5491 2421 5560 quidem
2453 5505 2613 5545 sensu
2643 5493 3081 5559 complectamur,
3113 5490 3354 5559 adeoque
3383 5508 3487 5546 non
3515 5493 3586 5546 sit

1984 5564 2121 5635 intra
2141 5564 2441 5619 sententiam
2465 5562 2813 5635 intelligendi;
2831 5568 3222 5635 St-nsustameu
3247 5564 3411 5619 dictat
3433 5578 3578 5630 cum,

1983 5634 2072 5705 qui
2098 5635 2167 5687 ita
2199 5646 2408 5703 captum
2436 5649 2589 5687 suum
2616 5632 2862 5705 Superat,
2891 5632 3295 5699 intelligendum
3323 5651 3442 5690 esse
3468 5638 3584 5705 pul-

1986 5704 2343 5760 cherrimum:
2372 5721 2474 5775 qua
2504 5707 2711 5759 ratione
2741 5704 2831 5758 Dei
2860 5705 3069 5774 species
3096 5723 3200 5762 non
3228 5716 3311 5763 est
3334 5718 3475 5763 extra
3500 5710 3582 5759 in-

1988 5776 2317 5847 telligentiam
2353 5776 2633 5844 sentiendi,
2674 5786 2830 5847 puta,
2870 5792 2989 5833 eant
3026 5793 3147 5837 esse
3178 5782 3415 5840 nuntium
3460 5780 3578 5852 pul-

1988 5848 2333 5904 chcrrimam.

1986 5861 2333 5906 cucrnmam.
