4216 6254
535 241 602 306 31
1586 206 1589 211 Ι
1752 249 2000 309 SANCTI
2041 250 2302 309 HILARII
2339 251 2651 310 EPISCOPI
3775 250 3846 310 δὲ

613 370 669 428 8.
700 368 843 425 Deus
871 368 1265 442 intelligentiam
1293 369 1539 426 excedens
1567 369 1672 442 ﬁde
1700 370 2046 442 attingendus.
2070 399 2140 411 —
2163 372 2220 433 Α
2244 372 2328 425 cui
2367 387 2551 426 nomen
2590 378 2698 425 erat
2725 368 2975 425 Joannes.
3013 367 3111 424 llic
3139 370 3272 425 venit
3300 370 3355 425 in
3386 369 3725 427 testimonium
3744 412 3759 435 ,
3791 383 3849 428 ut

542 460 641 520 llis
670 463 853 534 itaque
886 466 987 534 piae
1015 461 1288 533 opinionis
1315 470 1478 534 atque
1505 462 1769 519 doctrina:
1807 451 1999 519 sttidiis
2025 463 2143 519 ani-

543 568 667 611 mus
710 554 986 620 imbutus,
1036 555 1088 609 in
1135 568 1356 610 secessu
1399 553 1633 626 quodam
1673 569 1738 611 ac
1778 556 1991 625 specula
2023 553 2147 626 pul-

544 645 836 702 cherrima:
886 646 1046 714 hujus
1093 645 1380 701 sententiae
1425 644 1836 715 requiescebat,
1888 661 1998 700 non
2041 645 2143 701 sibi

542 738 791 796 relictum
823 738 1116 811 quidquam
1147 738 1294 795 aliud
1324 754 1355 793 a
1385 750 1575 794 natura
1608 754 1703 794 sua
1733 738 2058 810 intelligens,
2090 738 2144 794 in

546 847 654 903 quo
698 833 872 903 majus
916 831 1153 887 ofﬁcium
1194 840 1455 905 praestare
1491 831 1773 887 Conditori
1804 848 1903 887 suo
1932 831 2010 905 (a)
2042 831 2146 886 mi-

546 938 717 980 nusve
742 933 958 996 posset,
989 939 1149 996 quam
1178 934 1237 979 ut
1263 934 1466 980 tantum
1497 941 1620 980 eum
1645 939 1766 981 esse
1790 926 2147 996 intelligeret,

542 1031 778 1088 quantus
804 1026 858 1072 et
884 1016 1108 1087 intelligi
1139 1033 1243 1071 non
1275 1026 1489 1088 potest,
1520 1023 1575 1072 et
1604 1026 1780 1088 potest
1802 1015 1983 1073 credi:
2015 1016 2144 1073 dum

545 1109 958 1181 intelligentiam
990 1121 1041 1166 et
1073 1110 1207 1166 ﬁdes
1235 1111 1337 1167 sibi
1380 1113 1700 1168 necessariae
1743 1113 2022 1185 religionis
2062 1128 2151 1169 as-

550 1205 752 1271 sumit,
785 1215 838 1260 et
871 1204 1109 1260 inﬁnitas
1141 1216 1358 1261 aeternae
1389 1206 1671 1277 potestatis
1698 1207 1931 1262 excedit.

616 1297 672 1353 9.
720 1296 787 1352 In
824 1297 1221 1353 immortalitatis
1258 1314 1398 1368 spem
1436 1299 1657 1370 assurgit
1698 1297 1953 1352 Hilarius.
2002 1296 2150 1353 Hanc

548 1390 680 1444 ratio
695 1389 810 1461 ipsa
840 1390 885 1444 ei
909 1390 1110 1444 suadet.
1133 1418 1206 1432 —-
1227 1389 1461 1447 Suberat
1475 1401 1650 1444 autem
1678 1389 1931 1445 omnibus
1952 1388 2037 1446 bis
2057 1405 2152 1446 na-

548 1480 742 1535 turalis
770 1480 947 1536 adhuc
974 1496 1204 1548 sensus,
1236 1488 1295 1535 ut
1333 1482 1549 1551 pietatis
1589 1480 1983 1553 professionem
2028 1498 2152 1553 spes

546 1571 729 1643 aliqua
759 1573 1086 1646 incorruptae
1125 1573 1478 1630 beatitudinis
1514 1576 1722 1643 aleret,
1765 1591 1925 1648 quam
1967 1585 2150 1632 sancta

546 1663 618 1719 de
648 1664 760 1720 Deo
786 1666 971 1735 opinio
1001 1676 1056 1723 et
1086 1667 1213 1723 boni
1253 1683 1435 1724 mores
1461 1669 1695 1739 quodam
1733 1670 1973 1726 victricis
2013 1671 2155 1726 mili-

2247 462 2590 518 testimonium
2617 462 2901 534 perhiberet
2931 462 2993 516 de
3022 462 3235 518 lumine.
3280 461 3403 516 Non
3440 473 3550 518 erat
3590 462 3678 518 ille
3718 466 3843 532 lux,

2246 555 2338 610 sed
2363 564 2418 608 ut
2444 555 2787 609 testimonium
2815 554 3097 618 perhiberet
3123 557 3185 609 de
3209 555 3418 611 lumine.
3444 554 3578 610 Erat
3597 556 3690 611 lux
3708 574 3848 622 vera,

2247 661 2364 716 qua:
2384 645 2647 701 illuminat
2669 663 2867 702 onmem
2890 648 3142 702 hominem
3167 648 3444 703 venientem
3470 650 3523 703 in
3547 648 3683 705 hunc
3703 667 3853 705 mun-

2248 740 2390 792 dum.
2419 737 2498 811 (ά)
2524 738 2591 793 In
2612 739 2803 793 munda
2829 750 2957 805 erat,
2990 750 3034 794 et
3060 743 3280 795 mundus
3314 757 3406 811 per
3425 758 3537 797 eum
3565 745 3733 814 factas
3750 753 3848 809 est,

2249 838 2296 884 et
2325 831 2547 884 mundus
2575 846 2690 885 eam
2721 847 2824 885 non
2851 831 3105 903 cognovit.
3139 830 3165 885 1
3175 848 3208 885 η
3235 848 3327 886 sua
3353 834 3483 886 venit
3504 874 3518 899 ,
3551 843 3597 886 et
3626 833 3708 887 sui
3736 849 3852 888 eum

2250 938 2351 977 non
2391 934 2704 992 receperunt.
2744 922 3001 995 Quotquot
3030 934 3199 978 autent
3227 934 3525 995 receperunt
3557 941 3673 979 eum
3697 965 3712 991 ,
3759 928 3851 979 de-

2251 1013 2326 1068 dit
2353 1014 2424 1068 cis
2451 1024 2753 1084 potestatem
2776 1014 2913 1084 ﬁlios
2942 1014 3037 1069 Dei
3066 1015 3179 1085 ﬁeri
3198 1056 3214 1081 ,
3241 1016 3306 1071 iis
3329 1016 3414 1084 qui
3440 1015 3649 1070 credunt
3675 1016 3729 1070 in
3754 1032 3854 1070 no-

2251 1104 2385 1159 mine
2414 1109 2561 1176 ejns:
2590 1107 2676 1176 qui
2703 1122 2807 1160 non
2839 1104 2912 1177 (e)
2956 1123 3019 1161 ea:
3056 1107 3338 1178 sanguine,
3379 1123 3535 1175 neque
3573 1124 3635 1161 ea:
3671 1107 3852 1163 uolun-

2252 1207 2356 1251 tate
2383 1199 2511 1264 viri,
2544 1214 2704 1265 neque
2732 1214 2793 1253 ea:
2818 1200 3078 1253 voluntate
3116 1200 3320 1266 carnis,
3364 1201 3453 1254 sed
3490 1217 3556 1255 ea:
3596 1200 3701 1255 Deo
3740 1201 3850 1256 nati

2251 1299 2389 1344 sunt.
2423 1288 2492 1344 Et
2530 1289 2748 1345 Verbum
2778 1307 2897 1345 cara
2928 1292 3120 1361 factum
3159 1303 3269 1360 est,
3301 1303 3347 1348 et
3386 1292 3631 1349 habitavit
3670 1297 3723 1350 in
3763 1312 3857 1349 no-

2254 1383 2368 1439 bis:
2397 1394 2443 1437 et
2473 1383 2691 1438 vidimus
2717 1383 2937 1455 gloriam
2966 1387 3078 1456 ejus
3100 1426 3112 1448 ,
3143 1384 3361 1457 gloriam
3389 1395 3647 1458 tamquam
3676 1387 3861 1459 unige-

2254 1477 2351 1530 niti
2375 1492 2407 1530 a
2435 1475 2628 1546 Patre,
2659 1475 2863 1545 plenam
2891 1479 3056 1549 gratia
3081 1490 3127 1533 et
3156 1480 3364 1534 veritate
3388 1478 3567 1550 (Jonn.
3598 1497 3643 1547 ι,
3672 1479 3858 1555 1-H).

2255 1568 2477 1623 Prolicit
2506 1585 2660 1625 mens
2691 1569 2827 1624 ultra
2871 1571 3134 1626 naturalis
3170 1585 3363 1627 sensus
3405 1573 3813 1644 intelligentiam
3838 1616 3855 1643 ,

2254 1665 2314 1718 ’et
2338 1663 2458 1733 plus
2479 1661 2546 1718 de
2571 1662 2682 1718 Deo
2708 1679 2866 1734 quam
2894 1665 3215 1734 opinabatur
3239 1664 3515 1720 edocetur.
3542 1665 3858 1724 Creatorem

550 1755 641 1811 tite
661 1757 933 1828 stipendio
957 1771 1320 1817 mererentur.
1350 1760 1534 1832 Neque
1558 1762 1702 1816 enim
1728 1761 1935 1818 fructus
1957 1764 2152 1835 aliquis
2184 1771 2230 1832 Β
2259 1755 2401 1809 enim
2435 1769 2594 1810 suum
2628 1754 2794 1810 Deum
2827 1770 2893 1811 εἰ
2936 1756 3046 1811 Deo
3084 1756 3274 1812 άίεείιε
3303 1756 3541 1813 Verbum
3578 1759 3743 1815 Deum
3762 1801 3779 1828 ι
3808 1768 3864 1816 οι

551 1858 726 1916 esset,
760 1849 900 1905 bene
943 1851 1010 1906 de
1058 1851 1167 1906 Deo
1213 1852 1458 1922 opinari:
1506 1870 1631 1909 cum
1674 1870 1890 1911 omnem
1934 1871 2153 1912 sensum

551 1954 702 1996 mors
747 1943 1079 2012 perimeret,
1130 1952 1187 1999 et
1236 1959 1462 2003 occasus
1504 1946 1721 2017 quidam
1771 1960 1979 2004 natura:
2023 1949 2159 2006 dell-

553 2033 751 2090 cientis
780 2035 1045 2092 aboleret.
1076 2037 1247 2096 Porro
1276 2049 1454 2096 autem
1486 2055 1591 2097 non
1632 2056 1755 2098 esse
1796 2043 1901 2100 hoc
1936 2044 2156 2117 dignum

556 2126 668 2182 Deo
716 2127 853 2183 ratio
900 2128 1016 2200 ipsa
1068 2131 1363 2200 suadebat,
1411 2131 1701 2190 deduxisse
1749 2151 1871 2191 eum
1920 2134 1974 2192 in
2020 2136 2160 2194 hanc

556 2219 869 2291 participem
900 2223 1111 2278 consilii
1134 2225 1540 2297 prudentiaeque
1562 2226 1723 2282 vitam
1754 2226 2027 2285 hominem
2058 2230 2159 2285 sub

553 2309 855 2367 defectione
898 2314 1113 2370 vivendi
1153 2326 1209 2372 et
1245 2318 1549 2375 aeternitate
1590 2320 1889 2376 moriendi:
1923 2322 2064 2377 utin
2107 2322 2157 2377 id

554 2409 763 2459 tantum
804 2405 881 2478 (ὁ)
921 2421 1029 2462 non
1070 2410 1343 2466 assistens
1381 2411 1823 2478 substitueretur,
1855 2429 1922 2469 ne
1961 2414 2161 2471 substi—

557 2501 709 2551 tutus
750 2500 1072 2566 exsisteret;
1105 2516 1225 2557 cum
1269 2505 1670 2563 constitutionis
1706 2515 1907 2564 nostra:
1944 2524 2006 2564 ea
2046 2509 2160 2565 sola

555 2604 678 2647 esse
706 2591 845 2647 ratio
875 2592 1283 2666 intelligeretur,
1313 2607 1371 2651 ut
1398 2598 1540 2668 quod
1572 2614 1680 2656 non
1713 2609 1857 2657 esset
1894 2617 2015 2657 esse
2051 2616 2164 2659 cte-

561 2681 731 2754 pisset
755 2725 772 2750 ,
804 2700 910 2741 non
940 2696 999 2741 ut
1027 2688 1170 2758 quod
1199 2691 1457 2760 ctepisset
1484 2706 1605 2749 esse
1637 2708 1742 2748 non
1772 2701 1939 2750 esset.

634 2776 722 2831 10.
768 2777 928 2852 Spem
964 2797 1025 2835 ac
1057 2780 1152 2836 Dei
1189 2785 1427 2840 notitiam
1464 2797 1616 2859 auget
1657 2787 1879 2842 Joannis
1919 2788 2159 2862 Evange-

558 2867 707 2924 lium.
728 2899 803 2913 —
823 2871 1170 2945 Fatigabatur
1196 2885 1375 2933 autem
1402 2880 1635 2948 animus,
1666 2882 1859 2951 partim
1889 2895 2009 2947 suo,
2042 2897 2165 2950 par-

554 2963 652 3018 tim
683 2966 929 3035 corporis
957 2976 1127 3025 metu.
1171 2969 1272 3040 Qui
1304 2987 1425 3027 cum
1468 2983 1524 3030 et
1563 2984 1900 3031 constantem
1943 2982 2165 3032 senten-

559 3056 687 3112 tiam
717 3073 868 3113 suam
902 3060 986 3130 pia
1015 3061 1083 3117 de
1115 3063 1224 3119 Deo
1250 3064 1584 3134 professione
1612 3068 1907 3132 retineret,
1936 3076 1992 3125 et
2016 3068 2165 3123 solli-

2258 1848 2399 1919 apud
2434 1849 2599 1905 Deum
2632 1849 2683 1904 in
2717 1850 2978 1921 principio
3005 1864 3126 1906 esse
3151 1850 3322 1907 audit.
3366 1851 3550 1907 Mundi
3591 1853 3770 1908 lumen
3804 1853 3858 1908 in

2261 1941 2462 1997 mundo
2493 1957 2749 2008 manens,
2780 1949 2837 1997 et
2862 1958 2895 1997 a
2926 1941 3126 1997 mundo
3156 1956 3263 1997 non
3295 1943 3632 2014 recognitum
3666 1944 3866 2001 intelli-

2258 2033 2354 2105 git.
2387 2032 2707 2089 Venientem
2733 2048 2948 2104 quoque
2974 2035 3027 2089 in
3054 2049 3151 2090 sua
3171 2076 3187 2101 ,
3219 2049 3249 2089 a
3277 2036 3390 2090 suis
3415 2050 3523 2091 non
3551 2045 3862 2108 receptum:

2260 2127 2587 2197 recipientes
2615 2136 2793 2184 autem
2826 2128 2928 2183 sub
2956 2127 3080 2184 ﬁdei
3109 2143 3221 2183 suae
3261 2130 3455 2184 merito
3494 2131 3547 2184 in
3593 2130 3688 2185 Dei
3727 2130 3867 2186 ﬁlios

2260 2221 2557 2293 profecisse
2596 2222 2905 2292 cognoscit;
2953 2237 3058 2277 non
3100 2239 3164 2277 ex
3205 2223 3495 2293 complexu
3527 2226 3743 2291 carnis,
3773 2240 3867 2280 nc-

2261 2331 2366 2387 que
2395 2331 2461 2371 ex
2491 2324 2755 2387 conceptu
2797 2316 3108 2387 sanguinis,
3148 2331 3323 2386 neque
3353 2331 3417 2371 cx
3460 2331 3749 2388 corporum
3783 2316 3862 2391 (ί)

2264 2409 2573 2476 voluntate,
2626 2406 2721 2463 sed
2761 2423 2825 2462 cx
2874 2407 2985 2464 Deo
3028 2413 3202 2462 natos.
3239 2406 3442 2483 Deinde
3484 2406 3738 2482 (supple,
3771 2423 3866 2463 co-

2262 2500 2510 2572 gnoscit)
2545 2500 2776 2555 Verbum
2821 2514 3042 2556 carnem
3083 2498 3321 2567 factum,
3371 2508 3428 2557 et
3492 2501 3764 2558 habitasse
3808 2503 3867 2558 in

2265 2593 2424 2648 nobis
2447 2635 2463 2661 ,
2506 2599 2564 2649 et
2603 2592 2831 2664 gloriam
2874 2601 3219 2663 conspectam
3256 2593 3411 2664 ejus,
3444 2610 3564 2664 qua:
3596 2608 3869 2667 tamquam

2266 2689 2412 2763 unici
2440 2704 2470 2745 a
2504 2697 2684 2758 patre,
2713 2689 2785 2743 sit
2815 2687 3048 2758 perfecta
3078 2703 3199 2743 cum
3234 2688 3400 2759 gratia
3432 2694 3490 2743 et
3515 2688 3761 2744 veritate.

2339 2783 2428 2839 il.
2465 2780 2510 2835 F
2512 2782 2632 2836 ilius
2674 2779 2773 2836 Dei
2815 2779 2974 2835 Deus.
3033 2779 3201 2836 Filios
3229 2779 3326 2834 Dei
3352 2781 3466 2852 ﬁeri
3507 2788 3729 2852 potestas
3759 2790 3869 2847 est,

2269 2892 2373 2932 non
2403 2876 2701 2931 necessitas.
2734 2873 2785 2928 F
2786 2875 2906 2929 ilius
2932 2872 3030 2928 Dei
3057 2878 3225 2947 factus
3253 2874 3436 2941 homo,
3468 2883 3524 2927 ut
3550 2874 3702 2928 homo
3731 2874 3875 2941 ﬁeret

2267 2973 2409 3043 ﬁlius
2455 2970 2573 3026 Dei.
2618 2968 2858 3026 Christus
2887 2987 3035 3025 verus
3064 2969 3204 3026 Deus
3233 2978 3278 3026 et
3307 2986 3453 3026 verus
3482 2968 3654 3025 homo.
3683 3000 3757 3012 —
3778 2970 3875 3026 Hic

2262 3065 2377 3137 jam
2410 3081 2566 3123 mens
2594 3066 2805 3145 trepida
2836 3072 2894 3121 et
2921 3065 3078 3120 anxia
3107 3066 3228 3137 plus
3268 3066 3386 3136 Spei
3427 3066 3670 3132 invenit,
3711 3080 3872 3136 quam

561 3150 723 3206 citam
753 3151 822 3209 de
850 3168 911 3210 se
939 3163 1102 3227 atque
1134 3157 1239 3214 hoc
1267 3171 1527 3216 occasuro
1555 3177 1771 3230 secum,
1815 3171 1873 3217 ut
1911 3162 2161 3234 putabat,
2191 3163 2238 3228 C
2269 3160 2635 3228 “Spectabat.
2669 3162 2747 3215 Ac
2776 3159 3007 3230 primum
3053 3159 3120 3215 ad
3157 3159 3520 3231 cognitionem
3568 3160 3661 3216 Dei
3705 3161 3873 3231 patris

563 3241 872 3302 habitaculo
901 3263 1002 3303 suo
1038 3264 1223 3306 curam
1267 3254 1595 3325 recepisset,
1639 3263 1759 3324 post
1798 3256 2161 3328 cognitionem

564 3334 702 3407 legis
738 3352 802 3392 ac
845 3338 1227 3410 prOpbet'arum
1271 3346 1426 3402 istius
1465 3345 1609 3401 modi
1648 3362 1861 3418 quoque
1905 3347 2167 3402 doctrinae

574 3431 902 3500 evangelicae
931 3446 1092 3506 atque
1120 3438 1431 3508 apostolica:
1461 3440 1701 3495 instituta
1749 3442 2059 3512 cognoscit:
2103 3438 2169 3494 In

566 3522 823 3596 principio
860 3535 967 3580 erat
1008 3526 1227 3584 Verbum
1251 3572 1265 3596 ,
1307 3542 1355 3585 et
1390 3529 1612 3587 Verbum
1651 3543 1759 3586 erat
1799 3532 1939 3604 apud
1969 3531 2131 3586 Deam
2153 3573 2168 3599 ,

569 3624 618 3670 et
639 3614 778 3671 Deus
798 3630 906 3673 erat
938 3619 1173 3677 Verbum.
1200 3622 1316 3679 Hoc
1335 3633 1444 3680 erat
1465 3625 1520 3679 in
1547 3626 1796 3695 principio
1820 3627 1960 3695 apud
1983 3623 2169 3679 Deum.

572 3708 761 3765 Omnia
799 3729 891 3782 per
927 3714 1097 3781 ipsum
1138 3720 1279 3787 facta
1318 3728 1468 3785 sunt,
1501 3728 1548 3773 et
1579 3718 1690 3773 sine
1717 3718 1831 3789 ipso
1869 3718 2061 3787 factum
2104 3727 2176 3771 est

566 3802 720 3858 nihil.
766 3803 918 3870 Quod
947 3806 1021 3881 (e)
1053 3811 1244 3880 factum
1274 3822 1347 3865 est
1375 3812 1429 3866 in
1469 3828 1560 3879 eo,
1601 3813 1704 3867 vita
1744 3822 1855 3878 est,
1892 3819 1939 3866 et
1985 3811 2088 3864 vita
2113 3811 2172 3883 8

570 3905 684 3952 erat
712 3897 804 3953 lux
832 3899 1131 3970 hominum,
1164 3913 1212 3959 et
1243 3903 1337 3959 lux
1364 3906 1494 3960 lueet
1524 3907 1576 3960 in
1605 3906 1824 3961 tenebris
1845 3945 1859 3971 ,
1889 3915 1937 3959 et
1963 3902 2182 3959 tenebra:

574 4003 687 4046 eam
718 4010 820 4049 non
849 3998 1362 4071 comprehenderunt.
1402 3999 1525 4055 Fuit
1558 4000 1708 4055 homo
1749 4000 1936 4053 missus
1974 4014 2005 4052 a
2038 4000 2144 4053 Deo
2164 4038 2180 4062 ,

649 4132 725 4204 (a)
752 4132 907 4201 Apud
946 4134 1073 4191 Bad.
1114 4149 1169 4193 et
1207 4139 1259 4193 in
1287 4155 1396 4195 uno
1424 4156 1525 4195 ms.
1552 4138 1707 4196 Colb.
1738 4139 1961 4193 muneris
1983 4138 2085 4193 sui.
2115 4136 2168 4191 Ιιι

578 4203 738 4281 editis
768 4205 920 4272 aliis,
955 4224 1219 4281 ninnusve.
1252 4211 1418 4279 Magis
1451 4213 1770 4281 placetcum
1799 4209 2015 4266 duobus
2041 4224 2172 4263 mss.

577 4275 734 4329 Colb.
763 4292 970 4331 necnon
997 4278 1255 4337 German.
1286 4275 1531 4338 minusue.

654 4345 729 4419 (b)
757 4347 1044 4422 Abestnon
1072 4352 1141 4406 ab
1169 4368 1276 4406 uno
1297 4370 1397 4408 ms.
1423 4354 1574 4409 Colb.
1598 4351 2009 4422 male:perinde
2034 4352 2177 4406 enim

582 4428 668 4474 est
703 4434 801 4493 non
831 4421 1075 4476 exsistens
1118 4423 1531 4493 substitueretur,
1571 4438 1636 4480 ac
1669 4440 1733 4479 ea:
1772 4421 1873 4479 non
1913 4425 2180 4477 exsistente

583 4489 921 4564 conderetur._
955 4493 1154 4560 Porro,
1201 4489 1539 4563 substituere,
1597 4511 1694 4564 pro
1743 4510 1919 4549 creare
1947 4507 2177 4564 rursum

588 4569 875 4633 usurpatur
908 4562 1047 4619 infra
1084 4565 1179 4620 lib.
1220 4583 1269 4622 vt
1294 4609 1309 4632 ,
1350 4586 1405 4621 ιι.
1445 4569 1547 4633 18,
1585 4562 1725 4619 sicut
1760 4574 1814 4619 et
1848 4580 1878 4616 a
1923 4562 2180 4633 Faustino

2269 3253 2547 3309 imbuitur.
2584 3252 2646 3308 Et
2679 3253 2824 3325 quod
2856 3264 3011 3310 antea
3041 3252 3110 3309 de
3137 3251 3410 3309 Creatoris
3439 3256 3520 3310 sui
3550 3256 3875 3324 aeternitate,

2270 3353 2327 3400 et
2367 3345 2667 3410 inﬁnitate,
2713 3355 2769 3401 et
2805 3345 3019 3416 Specie,
3065 3345 3290 3401 naturali
3330 3360 3493 3402 sensu
3536 3348 3876 3415 cpinabalur,

2272 3437 2361 3493 hic
2387 3453 2529 3493 nunc
2562 3439 2837 3509 proprium
2865 3453 2988 3494 esse
3017 3438 3178 3494 etiam
3207 3438 3482 3509 unigenito
3512 3439 3623 3494 Deo
3651 3441 3877 3510 accipit:

2274 3528 2354 3603 (g)
2406 3546 2514 3585 non
2561 3532 2613 3586 in
2658 3531 2790 3586 deos
2835 3529 2994 3585 ﬁdem
3040 3530 3261 3595 laxans,
3309 3531 3429 3598 quia
3475 3546 3540 3586 ex
3571 3531 3678 3585 Deo
3711 3531 3879 3588 Deum

2275 3622 2460 3687 audit;
2500 3639 2606 3678 non
2652 3623 2717 3677 ad
2762 3630 2969 3678 natura:
3010 3621 3379 3678 diversitatem
3414 3623 3492 3694 (It)
3525 3623 3576 3677 in
3612 3624 3776 3680 Deum
3807 3639 3880 3679 ex

2281 3717 2392 3773 Deo
2441 3716 2747 3781 decedens,
2800 3718 2858 3790 9
2903 3719 3028 3788 quia
3071 3717 3286 3788 plenum
3336 3718 3506 3789 gratia
3555 3726 3610 3773 et
3655 3721 3883 3776 veritate

2287 3810 2454 3866 Deum
2495 3825 2560 3864 ex
2610 3810 2718 3864 Deo
2762 3809 2958 3875 discit;
3005 3825 3179 3881 neque
3224 3819 3612 3882 prmposterum
3659 3826 3725 3867 ex
3776 3813 3887 3867 DI'O

2284 3902 2452 3957 Deum
2486 3903 2759 3967 sentiens,
2805 3904 2926 3972 quia
2974 3905 3025 3958 in
3072 3904 3338 3975 principio
3378 3905 3519 3976 apud
3570 3905 3733 3959 Deum
3764 3919 3887 3961 esse

2287 3996 2456 4052 Deum
2482 3996 2766 4067 comperit.
2799 3997 3149 4052 Rarissimam
3192 3998 3387 4054 deinde
3431 3998 3593 4070 hujus
3635 3997 3887 4053 salutaris

2278 4155 2384 4193 non
2420 4139 2474 4192 in
2512 4137 2734 4191 duorum
2775 4152 3043 4191 numerum
3083 4135 3307 4190 veritatis
3337 4135 3633 4189 diversitate
3660 4135 3889 4204 referen-

2282 4209 2426 4263 dum.
2457 4208 2695 4279 Utraque
2724 4208 2813 4264 illa
2851 4206 3351 4279 lectioiconﬁrmari
3391 4214 3560 4279 potest
3590 4220 3656 4279 es
3686 4206 3782 4261 lib.
3814 4223 3887 4273 tv,

2284 4297 2341 4336 ιι.
2379 4282 2444 4347 4,
2488 4281 2576 4333 ubi
2611 4274 2795 4334 Ariani
2848 4278 2979 4331 hanc
3016 4276 3342 4344 improbandi
3364 4274 3643 4347 Altomousii
3678 4293 3891 4331 causam

2282 4345 2756 4411 comminiscuntur,
2783 4349 2917 4409 quod
2951 4348 3226 4420 secundum
3268 4345 3406 4420 verbi
3444 4348 3612 4420 hujus
3627 4348 3893 4420 signiﬁca-

2285 4423 2470 4476 tionem
2499 4436 2561 4473 επ
2587 4420 2833 4472 divisione
2859 4427 3084 4486 paterna?
3108 4416 3405 4471 substantia:
3431 4416 3538 4472 esse
3566 4416 3734 4473 Filius
3758 4416 3892 4474 exis—

2285 4493 2522 4555 timetur;
2550 4500 2811 4560 tamquam
2838 4489 3070 4560 desectus
3107 4504 3168 4541 ea:
3193 4505 3251 4560 eo
3291 4490 3474 4558 fuerit,
3503 4490 3574 4543 ita
3599 4499 3655 4544 ut
3680 4490 3735 4544 in
3763 4493 3893 4546 duos

2285 4563 2349 4616 sit
2375 4577 2456 4615 res
2482 4578 2587 4615 una
2612 4558 2794 4614 diuisa.
2828 4559 2883 4616 Si
2914 4558 3168 4624 praeferas
3195 4559 3280 4613 hic
3309 4576 3408 4613 non
3443 4561 3496 4612 in
3533 4563 3663 4615 duos
3683 4603 3697 4625 ,
3729 4562 3892 4617 tacita

588 4620 788 4704 llilario
837 4646 1022 4688 nostra
1069 4620 1267 4704 a-qtt.:|i
1296 4620 1559 4692 adversus
1605 4634 1792 4688 Arian.
1843 4632 2177 4688 Attendentla
2211 4620 2258 4678 D
2286 4632 2630 4704 intelligenda
2661 4642 2745 4685 est
2771 4646 2874 4704 vox
2903 4620 3054 4704 deos,
3084 4646 3204 4695 ante
3232 4631 3367 4704 intra
3398 4649 3452 4704 ιι.
3487 4632 3574 4693 Π,
3607 4620 3885 4701 ἰῑξιρχριτί-

587 4703 747 4754 etiam
790 4704 1046 4775 particula
1085 4703 1176 4772 ne,
1214 4724 1334 4775 qum
1374 4718 1431 4761 ut
1467 4707 1583 4772 hic,
1625 4707 1694 4759 ita
1721 4716 1771 4760 et
1799 4705 1968 4768 alias,
2000 4719 2095 4770 pm
2121 4715 2179 4756 ut

590 4788 693 4827 non
717 4773 914 4842 saepius
940 4773 1183 4843 ell‘ertur,
1213 4773 1333 4833 scil.
1371 4787 1431 4832 ut
1475 4793 1579 4833 non
1627 4777 1945 4838 exsiSteret,
1993 4781 2177 4842 postea

588 4860 746 4912 quam
775 4846 1088 4899 exsistentia
1115 4843 1343 4904 (limatus
1377 4860 1480 4904 est.
1521 4848 1664 4903 Idem
1703 4856 2074 4915 argumentum
2113 4845 2181 4900 de

592 4915 991 4970 immortalitate
1018 4917 1248 4974 hominis
1274 4936 1377 4975 non
1412 4920 1588 4975 minus
1616 4917 1759 4973 clare
1789 4924 2071 4972 tractatum
2102 4917 2180 4971 vi-
2242 4934 2247 4935 ν

593 4985 733 5041 desis
762 4987 812 5040 in
843 4989 975 5055 psal.
1007 5004 1201 5055 cxvnt,
1231 4990 1309 5045 lit.
1342 4992 1440 5052 14,
1470 5008 1525 5045 ιι.
1565 4993 1609 5045 l.

666 5056 739 5132 (e)
770 5057 893 5113 llazc
920 5060 1112 5132 verba,
1141 5062 1276 5132 quod
1303 5063 1497 5131 factum
1532 5070 1636 5124 est,
1671 5075 1793 5132 cum
1833 5055 2187 5132 praecedenti-

597 5129 697 5205 bus
718 5129 960 5205 jungunt
980 5129 1174 5200 vulgati
1199 5175 1212 5197 ,
1241 5129 1359 5204 qum
1385 5131 1743 5205 disjungenda
1773 5129 1894 5205 esse
1921 5130 2086 5205 liquet
2120 5144 2187 5183 ex

593 5200 685 5254 lib.
718 5217 786 5257 ιι.
817 5216 870 5254 ιι.
902 5202 999 5266 ill,
1033 5205 1118 5259 ubi
1148 5200 1372 5271 deinde,
1403 5200 1673 5275 qtnnnodo
1700 5213 1754 5259 et
1790 5203 1878 5258 ltic
1915 5214 2010 5269 pro
2044 5201 2095 5252 in
2133 5215 2192 5253 eo

597 5276 697 5327 vita
723 5282 848 5345 erat,
870 5276 1204 5344 reposuimus
1229 5278 1280 5329 in
1305 5293 1364 5331 eo
1387 5278 1487 5331 vita
1511 5286 1584 5331 est
1607 5276 1845 5332 omnium
1867 5286 2036 5345 prope
2057 5286 2187 5345 mss.

595 5340 944 5418 auctoritate.
975 5346 1047 5403 De
1073 5348 1416 5405 distinctione
1456 5350 1742 5406 verborum
1779 5340 1938 5418 hujus
1971 5340 2076 5398 loci
2115 5341 2193 5398 vi-

596 5417 808 5472 dendus
838 5418 1153 5474 Ambrosius
1179 5421 1268 5477 lib.
1303 5437 1359 5476 ιιι
1387 5420 1454 5474 de
1484 5421 1699 5487 Fide,c.
1726 5420 1780 5475 6.

676 5488 760 5554 (ἀ)
789 5487 1038 5543 Vetustas
1063 5492 1235 5547 codex
1260 5491 1413 5548 Cnlb.
1448 5492 1508 5547 In
1537 5493 1632 5546 hoc
1653 5491 1863 5545 mundo.

679 5558 751 5629 (e)
779 5557 917 5612 Editi
935 5600 950 5621 ,
980 5575 1043 5615 ea:
1067 5565 1431 5629 sanguinibus:
1461 5563 1815 5620 renitentibus
1843 5574 1973 5616 mss.

677 5628 752 5702 (Γ)
782 5628 821 5683 Β
841 5630 1021 5702 {Silicm
1040 5628 1310 5702 Vatiranae
1331 5636 1723 5702 vctusﬁssimus
1748 5632 1915 5690 codex
1936 5646 2058 5686 cum
2084 5628 2196 5700 ple-

605 5695 1088 5774 l'iStjtttt_;tllls_ttt§S.
1120 5695 1392 5774 velu‘ptat’é‘.
1454 5766 1457 5769 η
1864 5754 1886 5774 λ,
1928 5755 1951 5774 Α,
2084 5695 2126 5774 ξ

783 5770 905 5825 Mss.
936 5769 1085 5828 Cdlb.
1112 5776 1167 5827 cl.
1188 5760 1371 5829 librat.
1399 5766 1499 5832 non
1521 5778 1573 5829 in
1598 5776 1759 5828 duos:
1786 5776 1838 5827 cl
1862 5760 1998 5827 lhl’i‘a
2023 5789 2078 5827 ιι.
2103 5760 2194 5829 ττι,

2283 4701 2482 4758 ιιιῑιιιιξ
2531 4702 2712 4757 Edoeti
2760 4701 2999 4772 divinitus
3040 4718 3199 4771 neque
3232 4703 3360 4757 duos
3396 4703 3519 4755 deos
3568 4704 3883 4772 prwdicare,

2282 4790 2447 4844 neque
2463 4775 2625 4828 soluat
2642 4789 2659 4827 .'
2676 4783 2729 4827 et
2748 4790 2800 4827 ιι.
2818 4772 2888 4825 24
2907 4790 2918 4824 :
2940 4770 3050 4826 Nec
3074 4770 3204 4826 duos
3229 4774 3367 4835 deos.
3384 4791 3476 4828 nec
3502 4770 3789 4828 solitarium
3810 4791 3897 4829 re-

2280 4843 2395 4900 rum
2416 4843 2585 4899 Deum
2608 4844 3017 4914 prtedicavimus.
3049 4844 3190 4898 Idem
3218 4847 3443 4899 habetur
3468 4845 3558 4899 lib.
3584 4861 3695 4911 vttt,
3718 4862 3772 4901 ιι.
3797 4845 3891 4900 29.

2360 4916 2444 4986 (It)
2476 4920 2728 4972 Erasmus
2757 4930 2817 4970 ac
2846 4923 2967 4984 post
2990 4930 3110 4970 eum
3142 4917 3310 4983 l.ips.,
3341 4915 3503 4971 Deum
3528 4933 3591 4970 ea:
3618 4915 3727 4969 Deo
3756 4918 3897 4970 deci-

2289 4985 2446 5043 dens:
2476 4989 2617 5058 quod
2649 5003 2755 5041 non
2802 4985 3136 5058 displiceret,
3171 4989 3214 5041 si
3261 4986 3476 5040 adesset
3512 4987 3738 5057 alicujus
3789 5003 3892 5042 ms.

2294 5057 2609 5114 auctoritas.
2641 5059 2907 5113 Arriserat
2935 5057 3094 5111 etiam
3133 5073 3255 5111 cum
3296 5060 3581 5111 veterrima
3606 5059 3795 5114 codice
3834 5059 3895 5114 S.

2296 5130 2440 5185 Petri
2468 5134 2518 5185 in
2553 5130 2830 5193 Vaticano,
2856 5129 2911 5181 in
2941 5128 3099 5180 Deum
3130 5127 3292 5181 Deum
3318 5128 3589 5183 decidens:
3619 5129 3723 5185 Sed
3752 5129 3896 5184 anti-

2295 5202 2385 5270 qui
2416 5202 2606 5257 notarii
2636 5203 2799 5255 multa
2831 5199 3027 5265 passim
3057 5199 3314 5253 mutantis
3356 5201 3549 5254 nimius
3587 5215 3748 5256 ausus
3788 5200 3897 5255 for-

2298 5271 2583 5335 midamus,
2612 5272 2700 5326 ubi
2723 5271 2905 5325 nullus
2926 5270 3063 5326 alias
3086 5270 3253 5324 codex
3279 5270 3618 5339 suffragatur.
3643 5271 3897 5339 Plerique

2299 5358 2430 5399 mss.
2458 5359 2578 5399 cum
2609 5343 2737 5398 Bad.
2768 5343 2821 5396 in
2853 5341 2985 5407 Deo,
3009 5342 3088 5396 vel
3112 5344 3164 5397 in
3196 5340 3384 5407 Deum,
3410 5358 3473 5395 ea:
3502 5341 3606 5395 Deo
3631 5343 3895 5401 decidens.

2298 5415 2405 5472 Alii
2436 5416 2616 5486 proba:
2648 5426 2789 5470 notae
2820 5429 2943 5469 cum
2975 5414 3107 5486 Par.
3126 5415 3179 5468 in
3210 5412 3371 5466 Deum
3398 5430 3460 5467 ex
3490 5411 3599 5486 Deo
3628 5414 3896 5486 decedens.

2303 5483 2457 5555 Quod
2493 5490 2571 5543 sic
2607 5486 2830 5553 intelligi
2866 5485 3146 5540 commode
3172 5493 3363 5554 queat:
3396 5499 3500 5537 non
3528 5483 3799 5539 decedens
3829 5486 3895 5540 ad

2306 5558 2660 5615 invebendam
2688 5558 2739 5611 in
2773 5557 3000 5622 Filium,
3023 5556 3112 5626 qui
3149 5555 3286 5626 [lens
3314 5569 3377 5608 ex
3400 5555 3523 5626 lico
3547 5564 3659 5617 est,
3692 5568 3901 5626 natm-ge

2305 5630 2705 5702 diversitatem.
2725 5620 3056 5702 Legentibus'
3079 5627 3133 5702 in
3160 5622 3362 5702 Decem
3381 5622 3531 5702 Deo,
3552 5626 3805 5699 supplere
3832 5620 3899 5683 lio

2304 5696 2392 5757 'cct
2418 5700 2719 5756 credendam
2747 5694 2869 5755 an'lc
2896 5696 3141 5753 det-edens
3169 5695 3251 5750 vcl
3282 5694 3537 5751 decidens.
