4216 6254
610 308 681 381 ss
1810 320 2053 380 SANCTI
2088 304 2344 378 HILARII
2387 318 2691 380 EPISCOPI
3848 317 3920 374 ss

614 437 988 493 neressitatem
1020 434 1368 494 circumcisus
1406 449 1434 489 a
1473 434 1618 492 vitiis
1658 435 1881 506 Spiritus
1925 434 2208 490 criminum
2240 434 2293 494 Α
2317 431 2480 487 dium.
2509 462 2579 474 --
2606 431 2665 488 In
2697 431 2801 488 hoc
2832 445 2963 502 ergo
2985 426 3064 503 (ά)
3090 428 3309 485 conscio
3333 427 3641 485 securitatis
3669 443 3781 484 sua:
3807 430 3920 486 otio

611 530 990 585 emundatione
1037 537 1328 599 purgaret:
1370 528 1525 599 cujus
1560 528 1723 584 tuorti
1750 528 2211 603 consepcliremur

611 621 663 675 in
698 620 992 691 baptismo,
1023 629 1083 674 ut
1110 623 1212 692 ιι
1250 620 1304 673 in
1334 618 1652 674 a-tcrnitatis
1682 620 1844 675 vitam
1876 619 2207 685 rediremus;

610 712 737 767 dum
766 712 1102 783 regeneratio
1132 713 1195 765 ad
1227 712 1390 765 vitam
1423 726 1568 766 mors
1594 720 1739 767 esset
1759 727 1824 767 ex
1850 712 1956 766 vita
1976 754 1990 778 ,
2017 722 2070 767 et
2105 727 2211 768 mo-

610 805 812 859 rientes
853 804 999 858 vitiis
1035 803 1422 858 immortalitati
1470 817 1915 868 renasceremur;
1961 803 2081 873 ipso
2114 817 2211 871 pro

606 897 762 951 nobis
800 912 866 951 ex
896 894 1305 952 immortalitate
1353 896 1651 963 moriente,
1690 904 1749 950 ut
1787 894 1852 949 ad
1888 894 2206 949 immortali-

609 998 772 1044 tatem
815 1005 917 1044 una
957 1005 1079 1044 cum
1122 1004 1189 1045 eo
1224 988 1585 1043 excitaremur
1622 1004 1688 1043 ex
1744 997 1937 1043 morte.
1981 988 2208 1042 Carnem

607 1085 750 1138 enim
778 1080 856 1152 (α)
883 1082 1085 1151 peccati
1117 1082 1345 1152 recepit,
1377 1091 1430 1134 ut
1462 1081 1833 1149 assumptione
1864 1089 2062 1134 nostrte
2092 1093 2210 1132 car-

610 1174 695 1228 nis
726 1174 922 1228 delicta
958 1173 1217 1239 donaret,
1251 1172 1378 1227 dum
1413 1173 1532 1242 ejus
1561 1173 1622 1226 lit
1656 1174 1926 1243 particeps
1959 1186 2210 1242 assump-

610 1270 788 1333 tione,
823 1284 927 1320 non
964 1268 1227 1331 crimine;
1272 1267 1457 1322 delens
1496 1282 1594 1337 per
1631 1273 1857 1320 mortem
1887 1266 2208 1319 sententiam

610 1362 821 1423 mortis,
852 1370 911 1415 ut
936 1376 1072 1415 nova
1107 1361 1159 1415 in
1181 1376 1238 1415 se
1270 1362 1483 1427 generis
1507 1360 1674 1413 nostri
1703 1357 1980 1413 creatione
2002 1355 2210 1411 consti-

612 1451 1121 1508 tutionemdecreti
1168 1451 1456 1507 anterioris
1504 1449 1781 1515 aboleret;
1826 1448 1970 1502 cruci
2017 1461 2076 1501 se
2121 1446 2211 1517 ﬁgi

608 1548 947 1617 permittens,
981 1555 1034 1599 ut
1064 1541 1541 1598 maledictoerucis
1558 1540 1954 1611 oblitterata(b)
1976 1547 2210 1593 terrente

608 1638 968 1693 damnationis
994 1635 1279 1692 maledicta
1313 1636 1499 1705 ﬁgeret
1527 1635 1706 1688 omnia
1733 1650 1746 1686 :
1777 1633 1846 1687 ad
1878 1633 2124 1687 ultimum
2156 1634 2208 1686 in

610 1730 826 1784 lunnine
841 1744 1050 1798 passus,
1074 1737 1135 1783 ut
1157 1737 1453 1798 potestates
1470 1726 1887 1791 dehonestaret;
1911 1723 2037 1778 dum
2064 1724 2209 1780 Deus

2320 540 2474 580 mens
2510 526 2706 599 spebus
2744 526 2856 579 suis
2892 526 3010 578 heia
3050 523 3434 593 requieverat:
3471 523 3918 579 intercessiOncm

2317 619 2506 672 mortis
2552 618 2714 691 hujus
2761 632 2931 688 usque
2968 632 3035 672 eo
3073 632 3178 670 non
3213 624 3491 675 metuens,
3532 617 3635 691 12
3671 624 3728 673 ut
3758 616 3920 669 etiam

2315 718 2588 779 reputaret
2615 708 2690 782 (e)
2714 708 2765 762 in
2790 709 2953 762 vitam
2991 707 3327 763 aeternitatis.
3359 705 3531 760 Vitam
3556 717 3736 763 autem
3761 705 3922 783 hujus

2314 799 2562 871 corporis
2592 800 2676 854 sui
2704 816 2811 854 non
2841 799 3000 859 modo
3032 817 3135 852 non
3166 798 3448 857 molestam
3474 797 3576 854 sibi
3605 809 3696 852 aut
3723 813 3921 869 tegram

2315 890 2700 959 arbitrabatur,
2748 901 2807 947 ut
2853 906 2971 946 eam
3015 890 3155 960 quod
3192 890 3435 958 pueritia:
3485 891 3727 956 litteras,
3778 888 3921 963 quod

2315 984 2474 1049 agris
2497 982 2839 1044 medicinam,
2866 981 3008 1052 quod
3039 980 3309 1051 naufragis
3334 990 3597 1046 natatum,
3623 981 3765 1057 quod
3789 979 3919 1036 ade-

2315 1062 2648 1132 lescentibus
2688 1076 3062 1147 disciplinam,
3090 1072 3162 1147 (Ῑ)
3204 1074 3345 1146 quod
3381 1075 3624 1135 militiam
3658 1090 3779 1130 esse
3804 1089 3923 1130 cre-

2315 1168 2468 1225 deret
2510 1170 2851 1239 imperaturis
2882 1187 2894 1221 :
2929 1183 3110 1223 rerum
3149 1167 3357 1222 scilicet
3388 1168 3734 1236 prtesentinm
3781 1166 3919 1221 tole-

2315 1265 2570 1328 rantiam,
2600 1261 2667 1317 ad
2693 1260 2968 1331 prtemium
2998 1260 3169 1314 beata:
3191 1258 3618 1313 inmortalitatis
3640 1257 3923 1328 proﬁcien-

2317 1364 2446 1408 tem.
2487 1353 2624 1421 Quin
2653 1352 2815 1408 etiam
2844 1351 2927 1419 id,
2959 1351 3099 1422 quod
3135 1349 3238 1405 sibi
3283 1350 3570 1415 credebat,
3612 1360 3787 1406 tamen
3827 1366 3925 1421 per

2320 1444 2680 1500 ministerium
2715 1444 2950 1516 impositi
2984 1443 3271 1498 sacerdotii
3299 1445 3459 1499 etiam
3488 1446 3697 1499 caeteris
3730 1443 3925 1514 praedi—

2316 1539 2500 1604 eahat,
2535 1554 2730 1593 munus
2773 1554 2929 1593 suum
2958 1538 3024 1594 ad
3056 1536 3294 1592 ofﬁcium
3339 1537 3568 1609 publieae
3608 1538 3800 1597 salutis
3824 1554 3921 1593 cx—

2315 1632 2566 1689 tendens.

2390 1727 2479 1781 15.
2517 1724 2892 1780 Htcreticorunt
2913 1725 3192 1796 ingenium.
3211 1754 3284 1767 --
3302 1723 3408 1781 Sed
3436 1724 3576 1780 inter
3606 1724 3721 1779 haec
3750 1740 3919 1781 emer‘

607 1823 904 1878 secundum
950 1821 1261 1889 Scripturas
1306 1819 1636 1886 moriturus,
1670 1828 1724 1873 et
1766 1817 1837 1889 (c)
1883 1818 1933 1872 in
1980 1817 2065 1872 his
2091 1818 2210 1871 vin—
2239 1825 2289 1886 Β
2315 1828 2502 1874 serunt
2545 1817 2827 1888 deSperata
2861 1818 2914 1872 in
2944 1832 3096 1883 sese,
3140 1825 3195 1871 et
3235 1831 3377 1872 szeva
3427 1816 3479 1870 in
3521 1831 3711 1872 omnes
3743 1817 3920 1887 impie

606 1916 779 1969 centius
822 1916 872 1967 in
923 1928 982 1968 se
1026 1912 1220 1966 ﬁducia
1269 1910 1661 1981 triumpharet;
1712 1910 1837 1965 dum
1894 1909 2213 1965 immortalis

607 2007 742 2074 ipse,
772 2020 947 2076 neque
978 2013 1153 2061 morte
1179 2003 1478 2059 Vincendus
1500 2045 1515 2071 ,
1548 2019 1644 2073 pro
1675 2004 2020 2058 morientium
2054 2012 2210 2058 atter-

608 2101 774 2153 uitate
802 2108 1124 2154 moreretur.
1158 2099 1288 2154 llaec
1331 2111 1510 2168 Itaque
1542 2098 1677 2151 ultra
1719 2106 1923 2152 natura:
1961 2096 2213 2152 humanae

606 2191 1018 2261 intelligentiam
1047 2206 1074 2242 a
1112 2190 1225 2245 Deo
1263 2203 1410 2259 gesm
1452 2204 1561 2243 non
1605 2193 1967 2244 succumbunt
1996 2205 2209 2243 rursum

609 2283 944 2337 naturalibus
976 2282 1236 2336 mentium
1269 2282 1554 2347 sensibus;
1587 2282 1706 2351 quia
1741 2281 1966 2335 inﬁnita:
1995 2281 2214 2335 {eterni-

609 2376 732 2430 tatis
761 2376 1007 2445 operatio
1042 2374 1303 2429 inﬁnitam
1347 2374 1603 2429 metiendi
1642 2373 1820 2445 exigat
1846 2374 2155 2445 opinionem
2191 2392 2205 2428 :

609 2477 665 2522 ut
699 2484 819 2523 cum
867 2469 1007 2523 Deus
1042 2466 1243 2530 homo,
1272 2482 1394 2521 cum
1428 2466 1751 2521 immortalis
1780 2477 2058 2533 mortuus,
2087 2482 2210 2521 cum

606 2573 844 2616 aeternus
868 2562 1113 2629 sepultus
1132 2569 1248 2625 est,
1285 2576 1388 2613 non
1421 2560 1490 2614 sit
1514 2559 1885 2631 intelligentia:
1914 2561 2083 2626 ratio,
2115 2560 2213 2616 sed

607 2652 891 2725 potestatis
918 2652 1200 2722 exceptio;
1233 2650 1307 2707 ita
1338 2667 1551 2706 rursum
1581 2667 1611 2706 e
1638 2651 1914 2707 contrario
1943 2669 2049 2707 non
2084 2666 2212 2707 sen-

608 2760 734 2809 sus,
770 2744 866 2799 sed
907 2744 1122 2799 virtutis
1152 2743 1344 2798 modus
1366 2745 1481 2810 sit,
1521 2754 1575 2797 ut
1605 2744 1748 2799 Deus
1774 2759 1843 2799 ex
1874 2743 2091 2799 homine
2113 2787 2128 2810 ,
2156 2755 2215 2799 ttt

604 2833 926 2889 immortalis
965 2850 1032 2887 ex
1075 2843 1322 2899 mortuo,
1366 2843 1431 2889 ut
1469 2846 1707 2890 aeternus
1751 2836 1824 2889 sit
1866 2851 1935 2890 ex
1977 2838 2209 2906 sepulto.

603 2925 982 2981 Coexeitamur
1006 2941 1140 2996 ergo
1160 2942 1188 2979 a
1224 2928 1334 2981 Deo
1364 2926 1415 2980 in
1439 2924 1656 3004 Christo
1691 2942 1786 2996 per
1811 2938 2039 2989 mortem
2069 2928 2211 2997 ejus.

601 3017 710 3074 Sed
735 3018 864 3073 dum
892 3019 948 3073 in
981 3016 1202 3073 Christo
1235 3017 1515 3088 plenitudo
1543 3027 1629 3072 est
1667 3018 1996 3085 divinitatis,
2046 3019 2213 3077 hahe-

608 3127 726 3166 mus
755 3120 809 3167 et
837 3112 1285 3183 signiﬁcationem
1318 3111 1407 3166 Dei
1453 3111 1620 3182 patris
1648 3127 1745 3167 nos
1773 3113 2131 3168 coexcitantis
2158 3114 2211 3168 iu

2315 1913 2638 1968 temeritatis
2670 1913 2881 1981 ingenia
2912 1911 3137 1983 (supple,
3168 1908 3492 1983 hominum),
3525 1917 3799 1980 potentem
3826 1911 3918 1967 Dei

2314 2014 2561 2061 naturam
2591 2013 2798 2060 natura:
2826 2020 2937 2058 sure
2966 2003 3279 2059 inﬁrmitate
3298 2003 3693 2059 moderantinm
3713 2022 3725 2057 :
3748 2019 3922 2071 neque

2315 2106 2375 2151 ut
2401 2096 2502 2168 ipsi
2534 2112 2702 2167 usque
2733 2096 2799 2151 ad
2837 2096 3153 2150 inlinitatem
3183 2095 3438 2164 opinandi
3472 2095 3539 2152 de
3570 2096 3795 2151 inﬁnitis
3822 2112 3913 2151 re-

2317 2192 2421 2255 bus
2444 2202 2806 2262 emergerent,
2834 2191 2929 2247 sed
2959 2191 3097 2246 intra
3126 2190 3287 2248 ﬁnem
3320 2204 3511 2246 sensus
3534 2191 3613 2245 sui
3644 2189 3922 2251 indeﬁnite

2317 2285 2732 2350 concluderent;
2764 2293 3054 2356 essentque
3092 2284 3195 2339 sibi
3225 2284 3414 2339 arbitri
3452 2284 3762 2355 religionis,
3801 2299 3926 2339 cum

2318 2375 2598 2447 religionis
2626 2391 2763 2445 opus
2786 2374 2863 2449 (g)
2892 2376 3217 2431 obedientiae
3244 2384 3390 2431 esset
3414 2374 3686 2442 ofﬁcium;
3717 2375 3803 2433 sui
3828 2378 3928 2430 im-

2319 2484 2610 2536 memores,
2638 2468 2945 2526 diriuorum
2965 2467 3320 2540 negligentes,
3339 2480 3733 2538 praeceptorum
3753 2484 3931 2525 emcn-

2320 2561 2563 2616 datores.

2394 2652 2485 2709 16.
2517 2652 2756 2708 Hmreses
2800 2652 2919 2707 dua:
2958 2652 3235 2725 prtecipute
3272 2651 3334 2706 de
3380 2649 3604 2709 Christo.
3640 2652 3860 2707 Sabellii
3886 2662 3932 2707 rt

2328 2747 2462 2803 Arii.
2486 2777 2561 2793 ν·-
2590 2746 2720 2802 Nam
2752 2754 2811 2801 ut
2836 2746 2904 2802 de
2935 2746 3152 2802 etetcris
3184 2745 3560 2800 litercticorum
3594 2745 3932 2801 stultissimis

2320 2841 2516 2896 studiis
2543 2840 2766 2906 sileam,
2797 2839 2863 2895 de
2891 2840 3084 2911 quibus
3114 2847 3325 2907 tamen,
3357 2841 3437 2894 sic
3463 2839 3548 2894 ubi
3578 2839 3926 2895 occasionem

2320 2935 2589 2989 sermonis
2616 2934 2753 2989 ratio
2782 2934 3043 3007 prmbebit
3063 2977 3077 3001 ,
3111 2949 3218 2989 non
3244 2934 3578 2999 tacebintus;
3610 2933 3825 3004 quidam
3851 2933 3933 3007 (It)

2319 3026 2392 3079 ita
2415 3026 2741 3095 evangelicae
2772 3025 2892 3081 ﬁdei
2920 3037 3275 3098 corrumpunt
3305 3038 3726 3095 sacramentum,
3750 3036 3806 3082 ut
3828 3027 3933 3083 sub

2318 3117 2482 3172 unius
2530 3118 2621 3172 Dei
2664 3118 2747 3189 pia
2787 3124 2994 3172 tantum
3041 3116 3383 3187 professione
3434 3118 3769 3173 nativitatem
3814 3118 3933 3173 uni-

606 3214 845 3272 mortuo,
870 3214 924 3259 et
944 3204 1225 3259 Christum
1254 3203 1439 3259 Jesum
1462 3220 1565 3258 nou
1598 3204 1745 3259 aliud
1771 3220 1932 3277 quam
1964 3206 2131 3262 Deum
2156 3208 2208 3262 in
2236 3206 2284 3271 C
2316 3211 2485 3281 geniti
2514 3210 2607 3265 Dei
2635 3210 2937 3281 abuegent;
2970 3220 3027 3264 ut
3053 3220 3331 3282 protensm
3361 3210 3430 3265 sit
3458 3211 3638 3281 potius
3669 3212 3721 3265 in
3755 3210 3931 3264 homi—

606 3296 901 3353 divinitatis
925 3296 1260 3367 plenitudine
1289 3295 1678 3352 conﬁtentium.

674 3390 766 3446 M.
799 3387 991 3444 Christi
1030 3389 1159 3460 ﬁdes
1189 3398 1235 3444 et
1276 3389 1459 3443 mortis
1489 3399 1680 3443 metum
1727 3399 1775 3445 et
1803 3390 1919 3445 vita:
1957 3390 2091 3445 tollit
2119 3402 2208 3448 ta:-

680 3546 755 3619 (a)
802 3547 963 3621 Solus
987 3546 1109 3603 eod.
1154 3547 1461 3621 Victorinus
1481 3589 1496 3609 .
1539 3548 1741 3621 peccati
1757 3557 2014 3621 expertem
2044 3550 2163 3621 fecit
2192 3567 2213 3617 ;

605 3617 764 3690 quam
786 3619 1075 3675 lectionem
1100 3620 1435 3689 amplexatus
1459 3617 1702 3675 estLud.
1726 3617 1964 3685 Mirteus,
1990 3617 2171 3689 inepte
2196 3638 2210 3674 :

608 3692 723 3745 Vult
750 3696 949 3761 quippe
978 3700 1184 3745 tantum
1210 3691 1442 3744 Hilarius
1463 3690 1763 3763 Christum,
1798 3693 1863 3763 in,
1881 3707 2044 3745 carne
2065 3692 2213 3763 ejus-

606 3763 729 3818 dem
776 3763 1054 3818 nobiseum
1104 3772 1341 3825 naturte,
1375 3761 1554 3815 carnis
1594 3761 1790 3817 delicta
1838 3761 2103 3817 donasse.
2140 3763 2210 3820 Ut

602 3838 746 3899 enim
768 3833 924 3889 docet
945 3832 1310 3905 Tertullianus
1327 3832 1395 3888 de
1410 3847 1581 3888 carne
1601 3831 1800 3888 Christi
1826 3851 1878 3887 ιι.
1916 3834 2002 3897 16,
2026 3850 2208 3905 neque

606 3906 671 3959 ad
704 3907 1034 3973 propositum
1063 3902 1306 3968 Christi,
1340 3912 1619 3974 peceatum
1651 3906 1833 3959 carnis
1856 3902 2169 3960 evacuatu'ri
2191 3948 2207 3973 ,

606 3991 782 4045 neque
816 3978 882 4029 ad
908 3978 1134 4045 gloriam
1182 3979 1410 4038 laceret,
1441 3991 1547 4030 non
1576 3976 1627 4028 in
1660 3991 1721 4029 ea
1753 3991 1916 4030 carne
1940 3992 2209 4033 evaeuare

605 4046 731 4100 illttd
754 4088 769 4108 ,
803 4048 856 4100 in
886 4063 989 4116 qua
1010 4055 1130 4101 erat
1158 4058 1348 4116 natura
1381 4046 1606 4113 peccati.
1640 4047 1774 4100 Tum
1802 4047 2013 4102 cuidam
2043 4048 2207 4103 Alex-

604 4117 775 4172 andro
801 4116 878 4172 sic
902 4115 1214 4188 argutanti;
1236 4115 1378 4188 Ergo
1405 4121 1449 4172 si
1475 4128 1702 4172 nostram
1730 4120 1917 4183 induit,
1948 4122 2209 4181 peccati-its

602 4189 702 4256 fuit
731 4202 849 4241 caro
894 4184 1134 4241 Christi:
1171 4184 1437 4253 Nostram,
1487 4189 1721 4254 reponit,
1770 4189 2012 4253 indueus,
2060 4208 2208 4243 suam

606 4261 763 4340 fecit;
790 4259 1200 4340 sanguineum,
1249 4275 1350 4313 non
1395 4260 1725 4340 peccatricem
1760 4276 1874 4313 eam
1920 4261 2057 4331 fecit.
2111 4261 2207 4315 llic

605 4329 765 4401 igitur
794 4331 928 4385 dixit
959 4329 1189 4384 Hilarius
1225 4333 1428 4398 peccati
1456 4346 1675 4385 carnem
1694 4372 1708 4392 .
1737 4347 1858 4401 quae
1894 4329 1986 4401 per
2011 4347 2202 4401 pecca-

607 4412 750 4474 tttt‘es
775 4401 846 4474 ad
871 4401 1139 4474 Christum
1175 4415 1342 4471 usque
1369 4413 1656 4473 prOpagata
1679 4414 1790 4466 est,
1824 4419 1966 4474 quat,
1998 4417 2058 4459 ut
2089 4406 2203 4459 lau-

606 4472 734 4545 tlato
772 4472 891 4545 loco
918 4470 1312 4545 :l‘ertttlliantts,
1345 4470 1561 4545 genere,
1598 4491 1697 4528 non
1739 4470 1889 4539 tua.
1924 4477 2051 4531 Atla:
2074 4486 2199 4531 est:

606 4544 731 4597 dum
762 4544 879 4598 scil.
907 4542 1173 4613 Christus,
1200 4554 1255 4598 ut
1286 4542 1369 4599 hic
1392 4547 1552 4599 habet
1581 4545 1839 4611 Hilarius,
1863 4548 1974 4615 ejus
1995 4548 2052 4615 [it
2075 4562 2201 4615 par-

606 4615 763 4683 liccps
782 4617 1147 4686 assumptione,
1163 4633 1265 4669 non
1284 4617 1517 4669 crimine.
1539 4619 1714 4681 Quare
1740 4616 1941 4686 frustra
1964 4618 2017 4669 in
2037 4617 2202 4669 limho

609 4675 765 4740 unius
791 4702 886 4738 ms.
916 4675 1068 4739 Citlh.
1102 4675 1206 4738 non
1230 4703 1388 4739 uenio
1412 4675 1709 4747 anuet'avit,
1738 4683 1956 4739 Carnem
1985 4688 2200 4753 peccati,
2230 4675 2281 4735 Ι)

606 4766 753 4808 caute
778 4758 904 4826 lege.
934 4755 1113 4821 Alias,
1150 4766 1271 4826 puta
1296 4756 1330 4807 I.
1369 4755 1515 4826 xude
1565 4755 1794 4821 Triuit.,
1831 4773 1975 4809 num.
2009 4757 2104 4822 25,
2138 4759 2205 4812 de

602 4828 792 4882 eadem
810 4824 1008 4898 Christi
1028 4840 1190 4898 carne
1212 4824 1362 4889 dicit,
1391 4824 1568 4898 eque
1583 4841 1702 4898 caro
1725 4827 1817 4880 illa
1837 4843 1956 4881 caro
1985 4830 2202 4898 peccati,

602 4898 692 4952 sed
721 4896 1008 4951 similitudo
1035 4896 1205 4950 carnis
1247 4897 1461 4967 peccati.
1507 4895 1642 4951 Vide
1688 4904 1845 4952 tract.
1888 4895 1994 4969 ps.'
2020 4914 2200 4967 mm,

608 4986 663 5023 η.
696 4969 789 5024 ‘25.

677 5060 751 5131 (b)
782 5059 839 5117 In
869 5061 1039 5116 tribus
1070 5074 1202 5115 mss.
1233 5071 1447 5114 terrena:
1474 5059 1865 5131 maledictionis.
1897 5060 1953 5114 lu
1985 5060 2202 5131 Remig.

603 5130 793 5193 Corb.,
812 5131 1036 5199 Pratel.,
1055 5143 1186 5199 etc.,
1208 5141 1421 5186 terrente
1438 5132 1823 5188 dominationis.
1842 5130 2204 5188 Retineudum

607 5215 855 5275 putamus
882 5220 1001 5257 cum
1035 5204 1276 5275 plurihtts
1308 5206 1429 5261 aliis
1448 5245 1462 5268 ,
1499 5213 1713 5275 terrente
1736 5201 2120 5275 damnationis;
2149 5213 2207 5259 ut

603 5274 674 5327 sit
693 5275 886 5345 allusio
916 5276 979 5329 ad
1010 5276 1334 5329 sententiam
1362 5290 1521 5345 quam
1551 5274 1712 5331 homo
1741 5274 2027 5334 damnatus
2048 5289 2209 5332 acce-

606 5346 715 5411 pit,
753 5343 914 5401 Terra
942 5364 1022 5415 es,
1057 5356 1105 5401 et
1131 5347 1183 5400 in
1213 5343 1403 5400 terram
1430 5348 1545 5405 ibis.

679 5435 749 5509 (c)
781 5436 909 5493 Sex.
935 5454 1065 5511 mss.
1095 5454 1202 5495 non
1232 5446 1413 5496 tamen
1445 5439 1718 5511 potiores,
1750 5439 1805 5494 in
1837 5439 1921 5493 his
1947 5438 2208 5497 uiuendis

609 5508 661 5560 in
692 5508 745 5563 se
773 5525 891 5563 cum
922 5510 1133 5578 ﬁducia.

680 5598 759 5675 (tl)
786 5602 1018 5675 Exeusi,
1048 5605 1251 5675 conscia
1285 5624 1297 5658 :
1332 5603 1884 5675 refragantibus-mss.

610 5759 624 5796 t
648 5670 760 5795 ilei'
786 5671 936 5729 unus
964 5673 1379 5746 mdn‘aemig-
1407 5670 1530 5731 cui“
1555 5675 2011 5741 Theod.,inl¢ium
2046 5685 2195 5733 (πεν-

628 5761 640 5794 l
690 5760 808 5797 ((16.

679 5812 748 5885 (f)
774 5812 1096 5869 Particulam
1120 5814 1257 5885 quod
1289 5814 1375 5870 hic
1412 5816 1466 5871 iu
1495 5815 1722 5886 vulgatis
1750 5817 2007 5875 omissam
2042 5820 2199 5875 resti-

2317 3318 2475 3369 nem,
2505 3317 2665 3369 quam
2703 3300 3027 3359 descensio:
3074 3315 3249 3372 neque
3294 3310 3350 3355 ut
3380 3300 3469 3372 qui
3512 3301 3654 3356 ﬁlius
3696 3301 3931 3358 hominis

2321 3394 2619 3450 secundum
2651 3402 2892 3465 tempora
2921 3401 3215 3465 assumpta:
3245 3394 3426 3449 carnis
3453 3393 3573 3463 fuit,
3600 3394 3740 3451 idem
3768 3404 3929 3452 antea

2322 3550 2525 3604 tuimus
2547 3564 2608 3603 ex
2628 3562 2760 3603 mss.
2788 3547 2860 3603 Ita
2887 3548 3002 3604 haec
3023 3549 3323 3618 intelligere
3338 3559 3442 3611 est,
3462 3548 3616 3618 quasi
3637 3548 3926 3620 legeretur,

2321 3631 2379 3675 ut
2406 3638 2518 3675 eam
2538 3662 2552 3685 ,
2589 3620 2820 3689 quamvis
2842 3622 3001 3675 tantis
3028 3621 3307 3691 angoribus
3338 3620 3660 3691 aﬂlictatam,
3700 3623 3930 3678 crederet

2319 3709 2459 3764 esse,
2482 3695 2618 3764 quod
2647 3692 2882 3764 pueritia
2904 3692 3120 3756 litteras,
3143 3703 3249 3747 etc.

2391 3763 2472 3836 (g)
2495 3764 2568 3818 lta
2590 3762 2861 3836 Perseum
2890 3764 3282 3836 antiquioribus
3304 3778 3434 3836 mss.
3466 3762 3536 3817 At
3572 3763 3697 3836 Bad.
3750 3763 3845 3836 Er.
3873 3772 3930 3820 et;

2316 3834 2469 3904 Lips.
2502 3850 2622 3905 cum
2656 3834 2808 3897 aliis,
2836 3834 3040 3905 ingsolo
3077 3834 3378 3889 obedientia:
3423 3844 3552 3888 esset
3597 3835 3791 3905 ofﬁcio.
3829 3835 3929 3891 llic

2315 3904 2731 3960 commendatur
2760 3903 3065 3959 obedientia
3109 3905 3260 3971 ﬁdei,
3307 3908 3375 3960 de
3413 3921 3514 3975 qua
3546 3903 3677 3960 inira
3712 3922 3767 3958 η.
3816 3907 3929 3963 57:

2319 3974 2470 4031 Ultra
2489 3976 2777 4029 naturalem
2799 3976 3094 4045 opinionem
3110 3977 3231 4046 ﬁdei
3249 3974 3537 4032 obedientia
3552 3993 3649 4033 nos
3674 3975 3926 4046 provehit.

2387 4045 2470 4120 (lt)
2503 4047 2631 4102 Haec
2655 4046 2887 4103 Noetum
2908 4087 2924 4114 ,
2944 4045 3241 4120 iPraxeam,
3273 4058 3327 4103 et
3350 4048 3741 4119 Hermogenem
3772 4063 3934 4117 Spec-

2314 4127 2465 4184 tant,
2510 4121 2746 4191 maxime
2774 4134 2905 4191 vero
2926 4119 3227 4191 Sabelliqu
3250 4161 3266 4183 ,
3299 4122 3423 4188 qui,
3459 4131 3517 4173 ιιι
3544 4128 3693 4175 notat
3715 4120 3930 4191 Augus-

2316 4193 2460 4243 littus
2487 4190 2552 4244 de
2575 4189 2780 4245 Haeres.
2815 4190 2880 4244 ad
2904 4190 3362 4257 Quodvultdeum,
3387 4192 3452 4244 iis
3513 4191 3668 4245 uibus
3690 4189 3926 4247 consen-

2316 4262 2524 4316 tiebat.
2554 4261 2789 4316 subinde
2827 4260 3003 4316 factus
3044 4270 3131 4316 est
3169 4263 3438 4316 farrwsior.
3473 4207 3662 4316 (liuius
3702 4262 3926 4316 hau-esis

2316 4262 2524 4327 tiebat,
2554 4261 2789 4318 subinde
2827 4260 3003 4316 factus
3044 4270 3131 4318 est
3168 4263 3438 4329 formator.
3488 4260 3662 4328 Hujus
3702 4262 3926 4318 hau-esis

2314 4348 2529 4388 rursum
2551 4335 2841 4400 esponitur
2869 4333 2963 4387 lib.
2989 4333 3055 4385 de
3086 4332 3291 4401 Synod.
3322 4348 3378 4383 η.
3404 4329 3509 4384 45ε
3539 4332 3763 4397 Quidam
3791 4336 3925 4387 enim

2311 4404 2426 4458 ausi
2452 4414 2572 4475 sunt
2595 4402 2945 4475 irritascibileiit
2977 4400 3147 4475 Deum
3186 4417 3345 4475 usque
3372 4402 3442 4455 ad
3469 4414 3699 4456 sanctum
3748 4403 3925 4475 Virgi-

2314 4490 2429 4528 nem
2458 4472 2753 4527 substantiat
2785 4471 3086 4525 dilatatione
3116 4472 3418 4537 protendere
3438 4515 3449 4534 ,
3483 4484 3537 4529 ut,
3579 4474 3797 4529 latitudo
3835 4471 3928 4529 de—

2313 4544 2466 4614 ducta
2494 4543 2717 4610 quodam
2746 4551 2946 4596 natura:
2968 4556 3077 4597 suae
3094 4552 3260 4614 tractu
3280 4559 3643 4614 assumeusque
3666 4546 3925 4601 horninem

2311 4612 2453 4688 [ilius
2486 4622 2895 4688 nuncuparetur,
2921 4629 3079 4683 neque
3106 4612 3278 4688 ilius
3303 4628 3421 4669 ante
3449 4612 3638 4670 swcula
3666 4620 3926 4688 perfectus

2309 4681 2456 4758 Deus
2488 4694 2639 4758 natus
2660 4724 2675 4747 ,
2872 4681 3044 4758 postea
3071 4694 3115 4758 et
3130 4684 3288 4739 homo
3310 4697 3465 4740 natus
3496 4688 3581 4743 sit.
3616 4681 3921 4758 Utrumque

2316 4756 2462 4809 illum
2493 4754 2667 4809 lorum
2694 4754 2925 4827 illustrat
2951 4756 3312 4827 Epiphanius,
3336 4773 3444 4826 quo
3468 4770 3602 4814 teste
3626 4759 3761 4814 hiBl‘.
3788 4754 3919 4827 Litt,

2314 4841 2370 4878 ιι.
2400 4828 2451 4894 l,
2476 4826 2752 4881 asserebat
2772 4826 3063 4888 Sabellius,
3090 4826 3287 4882 Filium
3313 4830 3449 4883 radii
3474 4833 3526 4883 in
3548 4845 3739 4883 morem
3762 4826 3919 4884 emis;

2309 4913 2448 4962 sum,
2472 4896 2673 4971 omnia.
2703 4914 2815 4968 qua:
2844 4899 2912 4951 ad
2941 4897 3207 4971 Evangelii
3232 4908 3279 4952 et
3307 4900 3544 4971 humana
3571 4902 3753 4956 salutis
3793 4919 3918 4971 pro-

2311 4969 2631 5044 curationem
2657 4971 2958 5044 attinerent,
2991 4970 3043 5023 iu
3072 4970 3389 5044 Itoc‘mundo
3415 4974 3742 5040 prastitisse;
3769 4969 3922 5044 atque

2313 5038 2387 5092 ita
2416 5043 2467 5113 iu
2490 5041 2671 5113 (mlum
2697 5041 2909 5096 rediisse
2927 5081 2943 5106 ,
2969 5042 3399 5111 quemadmodum
3416 5038 3477 5097 is
3504 5044 3589 5113 qui
3617 5062 3648 5097 α
3673 5046 3782 5100 sole
3796 5038 3922 5099 ma-

2315 5112 2457 5166 uavit
2495 5112 2674 5169 radius
2714 5114 2768 5169 in
2805 5113 3038 5167 eumdem
3078 5122 3251 5182 postea
3278 5114 3593 5182 refunditur.
3634 5116 3920 5183 Quomodo

2314 5194 2494 5257 autem
2540 5184 2623 5257 sol
2650 5184 2897 5257 radioin
2938 5196 3108 5257 terras
3147 5185 3487 5253 protenditur
3534 5188 3709 5254 potius
3756 5202 3915 5257 quam

2313 5250 2616 5315 descendit,
2648 5254 2722 5309 ita
2747 5255 2839 5310 Dei
2865 5256 2914 5308 in
2948 5250 3218 5325 Virginem
3252 5250 3651 5324 protensionem
3684 5250 3912 5325 tanium,

2318 5339 2422 5376 non
2465 5326 2873 5380 descensionem
2906 5326 3144 5382 admisit.
3192 5325 3347 5381 Haud
3386 5329 3544 5384 aliter
3571 5331 3740 5385 sensit
3775 5328 3919 5384 Mar-

2312 5395 2485 5467 celius
2512 5393 2857 5467 Theodoreto
2886 5406 3043 5463 teste,
3078 5397 3169 5467 qui
3203 5396 3271 5467 de
3301 5412 3367 5453 eo
3400 5398 3577 5467 prodit
3602 5400 3697 5455 lib.
3728 5416 3766 5455 tt
3795 5400 3918 5455 Hre-

2314 5473 2417 5519 rct.
2454 5466 2561 5522 fab.
2596 5484 2608 5519 :
2645 5465 2864 5523 Prorsus
2903 5465 3209 5523 existimavit
3241 5465 3772 5525 Triuitatemmmtendi
3791 5487 3918 5526 con-

2315 5538 2510 5592 tra/tiae
2536 5553 2628 5606 pro
2657 5539 3052 5594 mconomiarutn
3083 5549 3129 5593 et
3152 5540 3480 5594 consiliorum
3510 5542 3796 5596 diversitate
3816 5558 3838 5608 ;
3860 5551 3917 5598 et

2309 5613 2469 5677 paulo
2493 5619 2619 5665 ante
2648 5627 2660 5663 :
2698 5609 3057 5667 Extensionem
3085 5610 3365 5676 quamdam
3404 5612 3688 5668 divinitatis
3736 5610 3913 5668 Patris

2308 5680 2363 5753 in
2380 5678 2639 5753 Christum
2660 5682 2854 5735 venisse
2881 5681 3033 5753 dixit,
3062 5688 3111 5735 et
3139 5682 3270 5735 hanc
3294 5679 3457 5737 Deum
3490 5681 3712 5737 Verbum
3728 5685 3916 5753 appel-

2308 5749 2431 5803 lavit
2465 5766 2485 5803 :
2514 5760 2723 5818 peracta
2750 5760 2918 5806 autem
2947 5752 3184 5809 mtivErsa
3208 5754 3490 5809 oeconomia
3517 5769 3698 5810 rursus
3726 5749 3915 5812 attrac-

2306 5832 2412 5874 tam
2437 5837 2545 5877 esse
2575 5837 2927 5893 reversumque
2955 5824 3022 5877 ad
3048 5820 3213 5878 Deum
3238 5839 3301 5876 ea:
3325 5838 3424 5895 quo
3444 5837 3653 5881 extensa
3678 5825 3796 5897 fuit.
