4216 6254
306 372 376 454 si
1533 388 1622 447 ne
1652 370 2051 458 TRlNlTA’l'E,
2079 382 2281 447 LIBER
2320 390 2360 445 l.
3553 376 3624 448 ss

305 523 522 578 semper
554 502 719 562 fuerit
747 510 907 578 atque
936 505 1007 561 sit
1032 502 1175 560 ﬁlius
1205 505 1340 562 Dei:
1379 517 1448 561 ne
1484 505 1536 560 in
1565 516 1631 561 eo
1663 504 1918 561 nativitas
1944 510 1999 572 Α
2024 502 2245 559 minisse
2285 510 2501 574 oportet
2530 510 2866 560 terrenarum
2897 502 3159 559 mentium
3190 502 3434 559 inflrmas
3468 511 3631 572 atque

306 603 401 658 Dei
430 604 522 665 sit,
550 600 645 657 sed
677 617 743 657 ex
771 598 961 655 eodem
994 598 1136 655 idem
1166 600 1272 665 sit;
1303 609 1361 653 ut
1390 600 1547 655 unius
1579 599 1707 665 Dei,
1738 608 1794 653 nt
1821 615 1920 669 pu-

303 705 445 761 tant,
464 683 832 750 inviolabilem
859 693 1022 748 fidem
1048 689 1124 766 (α)
1151 691 1324 748 series
1344 709 1409 747 ex
1432 691 1606 746 Solido
1626 691 1678 747 in
1698 704 1915 747 carnem

303 786 540 842 deducta
584 793 903 851 conservet,
951 783 1080 839 dum
1127 799 1296 854 usque
1340 782 1406 837 ad
1452 783 1713 853 virginem
1758 782 1919 839 Pater

303 888 628 948 protensns,
656 877 773 947 ipse
797 876 898 931 sibi
925 883 1087 932 natus
1123 874 1224 950 13
1246 877 1317 931 sit
1341 875 1395 931 in
1426 872 1619 930 ﬁlium.
1658 875 1764 931 Alii
1788 888 1918 932 vero

305 968 466 1039 (quia
506 969 655 1023 Salus
697 967 844 1022 nulla
885 967 1006 1024 sine
1034 966 1259 1023 Christo
1285 966 1383 1035 sit,
1428 967 1518 1037 qui
1552 967 1610 1021 in
1654 967 1918 1037 principio

303 1061 449 1130 apud
479 1062 643 1116 Deum
670 1072 785 1117 erat
810 1062 950 1115 Deus
970 1060 1253 1129 Verbum),
1277 1061 1609 1115 nativitatem
1636 1068 1912 1129 negantes,

303 1157 633 1212 creationem
665 1154 838 1209 solam
868 1153 1102 1225 professi
1133 1161 1261 1208 sunt
1291 1170 1303 1206 :
1337 1168 1406 1207 ne
1437 1151 1689 1206 nativitas
1719 1153 1920 1206 verita—

302 1256 418 1302 tem
450 1246 540 1301 Dei
570 1244 911 1309 admitteret,
942 1243 1018 1318 (b)
1066 1243 1165 1300 sed
1196 1246 1400 1299 creatio
1430 1244 1719 1299 falsitatem
1750 1243 1916 1299 doce-

304 1345 422 1404 ret,
461 1354 581 1407 quae
609 1339 738 1393 dum
770 1338 1131 1393 ementiretur
1170 1335 1225 1392 in
1265 1350 1464 1407 genere
1503 1335 1577 1411 (c)
1627 1336 1719 1391 Dei
1757 1337 1919 1392 unius

304 1430 494 1496 fidem,
522 1445 629 1485 non
653 1429 973 1485 excluderet
989 1427 1043 1483 in
1063 1438 1439 1484 sacramento:
1459 1427 1554 1482 sed
1580 1427 1915 1483 nativitatem

303 1538 487 1578 veram
520 1522 726 1577 nomini
768 1535 832 1576 ac
859 1520 983 1577 ﬁdei
1014 1521 1306 1578 creationis
1348 1522 1428 1593 (ἁ)
1468 1520 1820 1591 subjicientes
1842 1562 1855 1587 ,
1886 1532 1917 1575 a

302 1618 537 1672 veritate
559 1617 719 1670 unius
742 1615 840 1670 Dei
869 1616 1225 1686 separabilem
1254 1632 1375 1671 eum
1395 1614 1659 1681 facerent,
1677 1623 1737 1670 ut
1764 1628 1919 1670 crea-

305 1710 381 1763 tio
411 1707 848 1775 substitutionis,
893 1708 1282 1777 perfectionem
1322 1707 1423 1763 sibi
1466 1706 1762 1763 divinitatis
1804 1720 1914 1763 non

304 1809 613 1869 usurparet,
644 1815 803 1871 quam
832 1800 1080 1856 veritatis
1104 1801 1358 1857 nativitas
1381 1814 1487 1856 non
1517 1799 1777 1856 dedisset.

2022 595 2320 650 imbecillas
2349 596 2631 665 opiniones
2662 610 2783 649 esse
2812 592 3146 664 ahjiciendas
3169 636 3182 659 ,
3213 602 3267 649 et
3301 609 3491 649 omnes
3524 595 3627 647 im-

2022 684 2276 755 perfectae
2316 686 2607 741 sententiae
2653 686 2932 754 angustias
2979 687 3228 755 religiosa
3260 685 3502 741 discendi
3531 700 3631 741 ex-

2022 779 2356 848 spectatione
2384 779 2663 834 laxandas.
2710 780 2874 834 Novis
2898 780 3044 835 enim
3086 781 3387 851 regenerati
3433 779 3634 850 ingenii

2020 870 2272 925 sensibus
2299 885 2437 941 opus
2455 880 2563 936 est,
2592 882 2652 926 ut
2694 886 3136 943 unumquemque
3164 873 3500 928 conscientia
3536 887 3635 928 sua

2022 962 2319 1017 secundum
2356 964 2598 1019 caelestis
2639 964 2866 1033 originis
2915 979 3109 1020 munus
3152 965 3443 1021 illuminet.
3476 966 3638 1023 Stans

2021 1052 2147 1107 dum
2176 1054 2357 1124 itaque
2388 1070 2483 1125 per
2515 1055 2676 1110 [idem
2706 1065 2837 1111 ante
2874 1067 2978 1122 est,
3008 1066 3070 1111 ut
3102 1064 3327 1112 sanctus
3369 1057 3636 1115 Jeremias

2022 1147 2275 1203 admonet
2296 1147 2478 1222 (unt,
2510 1147 2629 1222 Ἠ),
2650 1148 2732 1222 (h)
2761 1151 2812 1204 in
2841 1150 3142 1206 substantia
3174 1150 3384 1207 Deimt
3409 1151 3479 1207 de
3506 1152 3637 1208 sub-

2020 1239 2216 1294 stantia
2235 1240 2325 1296 Dei
2340 1240 2645 1308 auriturus,
2661 1257 2883 1297 sensum
2908 1257 3063 1298 suum
3086 1244 3159 1298 ad
3182 1243 3288 1316 ιι
3304 1260 3366 1299 ea
3390 1259 3509 1314 quae
3541 1244 3635 1300 Dei

2022 1334 2343 1390 substantia:
2368 1336 2479 1391 sint
2506 1336 2668 1407 digna
2711 1338 3059 1400 moderetur;
3106 1340 3424 1393 moderetur
3451 1346 3634 1393 autem

2023 1440 2131 1480 non
2170 1426 2355 1497 aliquo
2394 1429 2561 1484 modo
2602 1429 2965 1500 intelligendi,
3011 1432 3107 1487 sed
3153 1431 3439 1485 inﬁnitate.
3492 1431 3633 1500 Quin

2022 1518 2184 1572 etiam
2214 1521 2469 1575 conscius
2492 1520 2601 1574 sibi
2639 1520 2836 1576 divinae
2862 1536 2922 1577 se
2948 1531 3156 1577 naturae
3196 1522 3538 1592 participem,
3578 1532 3637 1576 et

2021 1611 2216 1667 beatus
2257 1614 2539 1683 apostolus
2586 1614 2779 1670 Petrus
2824 1616 2877 1670 in
2924 1615 3155 1687 epistola
3208 1631 3304 1671 sua
3350 1616 3523 1670 altera
3558 1615 3637 1670 ait

2023 1701 2164 1775 (cap.
2196 1719 2257 1769 ιι,
2286 1703 2405 1775 {4),
2438 1705 2692 1761 effectum
2733 1706 2900 1762 fuisse
2925 1744 2941 1772 ,
2988 1708 3085 1762 Dei
3128 1718 3374 1763 naturam
3402 1724 3511 1763 non
3542 1722 3639 1763 na-

2019 1804 2154 1852 tum:
2178 1813 2292 1854 suae
2319 1799 2529 1870 legibus
2560 1802 2835 1869 metiatur,
2880 1802 2974 1858 sed
3012 1802 3231 1859 diuinas
3258 1803 3634 1874 professiones

1944 1909 1993 1971 Β
2019 1890 2316 1945 secundum
2364 1893 2822 1962 magniﬁcentiam
2865 1895 3065 1951 divina:
3096 1896 3162 1951 de
3190 1912 3250 1952 se
3282 1898 3634 1966 protestatio-

380 1976 470 2031 17.
503 1976 656 2033 Fides
677 1993 794 2033 vera
819 1988 1002 2034 contra
1028 1988 1296 2049 utramque
1323 1989 1427 2035 toto
1448 1981 1545 2034 liae
1567 1992 1723 2051 opere
1748 1979 1911 2034 stabi-

306 2073 498 2128 lienda.
553 2103 624 2114 —
660 2073 864 2129 Horum
916 2075 1079 2144 igitur
1124 2074 1294 2130 furori
1322 2075 1657 2145 respondere
1700 2074 1913 2130 animus

304 2169 544 2223 exarsit:
568 2167 817 2222 recolens
844 2167 946 2222 hoc
967 2168 1051 2222 vel
1078 2169 1348 2238 praecipue
1375 2166 1480 2222 sibi
1499 2169 1738 2222 salutare
1765 2180 1913 2235 esse,

307 2277 417 2316 non
443 2261 619 2317 solum
649 2262 703 2316 in
733 2262 899 2317 Deum
954 2261 1276 2326 credidisse,
1307 2252 1401 2316 sed
1441 2261 1604 2316 etiam
1660 2262 1713 2316 in
1745 2260 1915 2315 Deum

306 2364 554 2425 patrem;
588 2368 764 2425 neque
803 2355 858 2409 in
896 2353 1117 2410 ChriSto
1150 2361 1355 2409 tantum
1402 2361 1673 2424 sperasse,
1720 2355 1815 2410 sed
1862 2355 1916 2409 in

308 2448 526 2503 Christo
560 2448 653 2503 Dei
706 2448 849 2515 lilio;
896 2462 1072 2517 neque
1122 2448 1174 2501 in
1224 2456 1496 2515 creatura,
1550 2447 1644 2502 sed
1692 2447 1748 2501 in
1806 2447 1919 2501 Deo

308 2552 558 2597 creatore
580 2555 651 2595 ex
679 2540 794 2595 Deo
833 2549 980 2595 nato.
1013 2539 1241 2595 Maxime
1281 2554 1411 2610 ergo
1458 2553 1811 2610 properamus
1846 2553 1920 2595 ex

312 2632 644 2704 propheticis
706 2642 867 2705 atque
920 2634 1247 2705 evangeliois
1301 2634 1585 2705 praeconiis
1637 2635 1918 2690 vesaniam

311 2742 502 2781 eorum
546 2728 1017 2796 ignominiamque
1061 2726 1417 2795 cenfundere,
1470 2727 1561 2798 qui
1610 2727 1712 2783 sub
1762 2729 1921 2782 unius

314 2818 429 2887 Dei,
474 2820 596 2874 sola
645 2834 778 2874 sane
816 2820 936 2874 utili
974 2835 1039 2875 ac
1090 2819 1340 2891 religiosa
1370 2821 1777 2889 praedicatione,
1827 2831 1923 2875 aut

316 2914 487 2969 Deum
513 2922 697 2967 natum
727 2912 1004 2968 Christum
1032 2921 1250 2984 negant,
1279 2922 1372 2968 aut
1400 2928 1588 2969 verum
1618 2914 1782 2968 Deum
1814 2930 1920 2968 non

312 3020 436 3061 esse
460 3005 830 3071 contendunt;
878 3015 937 3060 ut
976 3006 1182 3061 creatio
1220 3004 1461 3076 potentis
1487 3015 1752 3060 creaturre
1782 3005 1923 3060 intra

312 3114 482 3152 unum
498 3097 671 3152 Deum
699 3096 820 3152 ﬁdei
851 3109 1249 3153 sacramentum
1280 3098 1585 3168 relinquat;
1614 3097 1739 3167 quia
1782 3097 1924 3151 nati-

318 3193 457 3246 ritas
510 3191 603 3245 Dei
638 3200 791 3247 extra
824 3191 993 3247 unius
1026 3192 1118 3247 Dei
1151 3191 1310 3247 tidem
1355 3192 1673 3262 religionem
1710 3196 1926 3261 protra-

2019 1982 2105 2035 nis
2133 1982 2424 2052 expendat.
2450 1983 2707 2054 Optimus
2730 1986 2878 2042 enim
2910 1987 3081 2043 lector
3110 1997 3216 2054 est,
3250 1989 3339 2057 qui
3358 1987 3630 2070 dictorum

2016 2073 2426 2145 intelligentiam
2460 2086 2743 2146 eaSpectet
2769 2093 2837 2134 ex
2864 2078 3025 2134 dictis
3048 2080 3232 2149 potius
3256 2094 3418 2149 quam
3455 2081 3634 2150 impo-

2020 2175 2133 2231 nat,
2164 2177 2217 2222 et
2242 2167 2487 2223 retulerit
2511 2171 2686 2239 magis
2712 2185 2874 2240 quam
2904 2172 3169 2237 attulerit,
3196 2187 3371 2241 neque
3395 2182 3557 2243 cogat
3582 2172 3638 2229 id

2025 2257 2195 2312 videri
2246 2257 2407 2313 dictis
2451 2262 2742 2328 contineri,
2789 2262 2932 2332 quod
2977 2270 3107 2318 ante
3158 2262 3450 2319 tectioswm
3496 2280 3641 2335 prat-

2020 2350 2315 2419 sumpserit
2337 2351 2769 2423 intelligendum.
2789 2354 2921 2409 Cum
2946 2356 3125 2426 itaque
3142 2356 3213 2412 de
3234 2356 3396 2413 rebus
3419 2357 3513 2415 Dei
3534 2359 3640 2414 erit

2022 2455 2230 2511 sermo,
2265 2445 2628 2501 concedamus
2667 2447 3034 2517 cognitionem
3065 2449 3149 2506 sui
3183 2449 3295 2505 Deo
3318 2488 3335 2516 ,
3364 2448 3640 2520 dictisque

2021 2533 2140 2607 ejus
2170 2536 2255 2608 pia
2286 2539 2637 2595 veneratione
2681 2539 3025 2596 fanudemur.
3077 2541 3308 2598 ldoneus
3348 2543 3493 2599 enim
3528 2541 3638 2598 sibi

2023 2630 2178 2685 testis
2193 2642 2303 2697 est,
2327 2631 2421 2702 qui
2449 2632 2553 2686 nisi
2578 2647 2673 2702 per
2692 2648 2753 2688 se
2776 2634 3026 2703 cognitus
3048 2648 3159 2688 mn
3189 2644 3292 2690 est.

2097 2723 2184 2776 i9.
2206 2721 2537 2792 Comparatio
2552 2726 2622 2779 ad
2638 2725 2811 2779 diuina
2822 2727 2973 2781 nullo
2990 2733 3065 2781 est
3095 2723 3491 2795 perfecta—Si
3515 2741 3629 2797 qua

2023 2828 2154 2868 vero
2182 2829 2279 2869 nos
2305 2814 2374 2869 de
2395 2823 2589 2870 natura
2620 2816 2712 2871 Dei
2741 2826 2793 2872 et
2820 2817 3101 2871 nativitate
3131 2826 3450 2883 tractantes,
3484 2833 3637 2873 com-

2025 2903 2370 2974 parationum
2420 2909 2669 2978 exempla
2713 2909 3005 2965 afferemus
3029 2950 3046 2976 ,
3080 2922 3239 2964 nemo
3264 2926 3326 2964 ea
3360 2910 3636 2966 existimet

2024 2996 2287 3052 absolutas
2310 2999 2362 3053 in
2394 3013 2452 3053 se
2475 3002 2702 3055 ratiunis
2724 2999 3108 3071 perfectionem
3139 3002 3445 3057 continere.
3475 3003 3639 3058 Com-

2026 3091 2233 3159 paratio
2262 3091 2406 3146 enim
2441 3100 2781 3148 terrenorum
2808 3092 2878 3149 ad
2910 3094 3073 3148 Deum
3104 3095 3248 3149 nulla
3280 3104 3400 3150 est:
3434 3094 3529 3149 sed
3561 3095 3643 3150 in-

2027 3183 2486 3242 tirntitasznostrae
2512 3186 2897 3259 intelligentia:
2928 3189 3075 3256 cogit
3120 3187 3333 3259 species
3377 3188 3642 3261 quasdam

325 3283 909 3355 lnt(p)mnﬁtenmm,
944 3285 1050 3341 Sed
1097 3299 1197 3340 nos
1238 3284 1418 3341 edocti
1455 3284 1713 3339 divinitus
1747 3299 1923 3352 neque
1950 3307 1995 3370 ρ
2030 3291 2096 3330 ex
2142 3277 2512 3346 inferioribus,
2550 3289 2835 3350 tamquam
2880 3280 3222 3350 superiorum
3251 3278 3459 3336 indices
3487 3296 3643 3349 quau-

320 3377 459 3431 duos
490 3377 621 3430 deos
644 3375 942 3445 praedicare
980 3391 1156 3446 neque
1200 3375 1399 3442 solum,
1450 3374 1589 3429 hanc
1624 3374 1925 3443 owingelici

322 3484 385 3525 ac
412 3466 717 3539 prophetici
747 3467 998 3537 prmconii
1029 3468 1296 3522 rationem
1344 3468 1397 3521 in
1442 3465 1785 3521 confessione
1822 3465 1924 3520 Dei

321 3564 493 3634 patris
515 3573 571 3617 et
590 3561 689 3617 Dei
712 3562 803 3617 lilii
834 3562 902 3633 (f)
930 3560 1251 3627 eiet-emus,
1281 3571 1339 3616 ut
1369 3576 1534 3618 unum
1571 3561 1629 3615 in
1661 3561 1766 3616 [ide
1797 3576 1925 3616 nosi-

323 3667 405 3712 tra
424 3657 537 3712 sint
560 3668 807 3728 uterque,
846 3670 957 3711 non
1000 3670 1142 3711 unus
1172 3672 1185 3709 :
1220 3671 1395 3726 neque
1413 3655 1667 3712 eumdem
1704 3665 1924 3711 utrum-

322 3764 452 3820 qoe,
484 3764 661 3820 neque
686 3750 828 3804 inter
848 3764 1033 3804 verum
1060 3764 1127 3802 ac
1153 3748 1344 3803 falsum
1370 3748 1518 3803 aliud
1557 3748 1883 3804 conﬁtentes
1907 3764 1924 3815 ;

325 3842 451 3911 quia
487 3841 595 3895 Deo
623 3855 692 3895 ex
722 3841 832 3895 Deo
859 3849 1008 3905 nato,
1039 3855 1213 3909 tneque
1230 3841 1488 3895 eumdem
1512 3839 1764 3895 natisitas
1800 3855 1930 3911 pcr-

328 3934 490 3987 mittit
518 3948 658 3997 esse,
692 3949 869 4004 neque
888 3934 1061 3990 aliud.

400 4027 487 4081 t8.
527 4025 733 4081 Latiari
782 4027 909 4096 ﬁdes
955 4028 1264 4082 necessario.
1307 4027 1475 4082 —--Et
1518 4042 1618 4084 vos
1664 4027 1925 4097 *quidem,

325 4132 461 4187 quos
482 4117 607 4174 ﬁdei
633 4119 784 4174 calor
810 4128 864 4174 et
888 4118 968 4192 (g)
993 4119 1247 4190 ignorata!
1277 4119 1479 4174 mundo
1499 4134 1563 4174 ac
1584 4120 1925 4190 sapientibus

331 4209 519 4266 ntundi
549 4210 792 4267 veritatis
828 4210 1067 4267 studium
1105 4211 1173 4266 ad
1214 4212 1499 4281 legendum
1526 4212 1766 4277 vocavit,
1806 4226 1926 4267 me-

403 4410 478 4485 (α)
507 4411 564 4468 In
588 4411 914 4485 ,Pratellensi
948 4428 1047 4468 ms.
1081 4412 1237 4467 series
1266 4427 1332 4485 gat
1349 4410 1516 4485 solido
1547 4408 1672 4485 Deo,
1709 4419 1765 4465 et
1788 4425 1935 4474 mox,

333 4478 493 4555 Pater
519 4484 701 4553 spiritu
725 4495 1028 4555 protensus:
1064 4500 1223 4543 voces
1254 4478 1364 4537 Deo
1387 4480 1672 4555 etispiritu
1692 4498 1757 4536 ex
1784 4497 1938 4555 Amar-

330 4557 453 4620 gine
478 4554 528 4608 in
549 4552 750 4608 textum
770 4554 907 4608 haud
931 4556 1093 4611 dubie
1112 4555 1405 4610 translatae.
1424 4552 1523 4609 Hic
1545 4568 1757 4607 rursum
1782 4553 1934 4609 locus

329 4627 630 4680 illustratur
660 4625 1008 4681 similitudine
1038 4626 1172 4682 solis
1192 4667 1207 4690 ,
1259 4635 1315 4679 ut
1344 4625 1798 4693 quemadmodum
1846 4641 1935 4679 ra-

331 4697 454 4751 dius
475 4705 557 4749 est
574 4698 745 4767 series
766 4713 830 4752 ex
849 4697 1023 4751 solido
1040 4699 1171 4752 solis
1189 4712 1421 4767 corpore
1440 4697 1631 4750 educta
1656 4697 1709 4749 in
1737 4706 1930 4762 terras,

331 4771 405 4822 ita
457 4776 511 4822 et
560 4766 730 4822 Filius
772 4770 844 4823 sit
886 4769 1055 4823 series
1098 4766 1345 4824 eductae
1378 4768 1536 4822 Patre
1568 4784 1581 4821 :
1613 4777 1670 4821 ut
1700 4769 1844 4822 enim
1877 4768 1929 4821 in

2030 3384 2191 3435 rere;
2215 3379 2275 3425 ut
2301 3386 2483 3426 rerum
2506 3372 2855 3427 familiarium
2879 3373 3274 3429 consuetudine
3290 3373 3640 3442 admonente,

2030 3477 2096 3517 cr
2129 3478 2323 3520 sensus
2366 3466 2537 3521 nostri
2581 3468 2916 3522 conscientia
2962 3468 3028 3522 ad
3072 3467 3275 3523 insoliti
3305 3483 3499 3526 sensus
3525 3470 3647 3543 cpi-

2031 3556 2248 3610 nionem
2279 3556 2641 3613 educerentur
2676 3557 2832 3631 (Ησξσ
2860 3569 3209 3615 memorantur
3247 3560 3338 3616 lib.
3369 3578 3443 3630 tv,
3473 3579 3527 3617 ιι.
3561 3562 3643 3633 ‘2).

2030 3646 2219 3703 Omnis
2249 3649 2408 3721 igitur
2437 3653 2774 3721 comparatio
2807 3653 3012 3708 homini
3044 3656 3226 3725 petius
3258 3656 3406 3712 utilis
3440 3655 3646 3712 habea-

2034 3750 2144 3807 tur,
2175 3758 2334 3813 quam
2378 3744 2498 3800 lDeo
2543 3756 2704 3815 apta,
2755 3747 2878 3817 quia
2922 3748 3340 3818 intelligentiam
3374 3748 3543 3819 magis
3573 3751 3651 3804 si-

2036 3839 2274 3907 gniticet,
2306 3855 2466 3909 quam
2495 3841 2711 3909 cXpIeat
2745 3860 2757 3894 :
2804 3858 2979 3911 neque
3007 3845 3217 3898 naturis
3246 3843 3426 3898 carnis
3455 3853 3509 3900 et
3538 3846 3651 3915 spi-

2035 3934 2191 3997 ritus,
2213 3946 2264 3988 et
2285 3933 2634 3989 invisibilium
2656 3949 2720 3989 ac
2740 3936 3104 3990 tractabilium
3137 3936 3484 4006 coaequandis
3506 3952 3649 4009 pra:-

2038 4038 2255 4097 suntptn
2276 4037 2576 4098 reputetur,
2602 4037 2910 4098 protestans
2929 4040 2983 4083 et
3003 4029 3379 4086 inﬂnnitati’se
3398 4030 3652 4087 humana:

2041 4120 2416 4191 intelligentia:
2446 4122 2839 4189 necessariam,
2868 4130 2926 4178 et
2948 4122 3017 4178 ab
3043 4123 3239 4178 invidia
3266 4138 3393 4180 esse
3408 4123 3649 4182 liberam

2042 4230 2148 4270 non
2174 4214 2563 4271 sutislacientis
2593 4214 2850 4286 exempli.
2880 4213 3166 4287 Pergimus
3204 4217 3384 4288 itaque
3428 4217 3495 4274 de
3538 4217 3653 4274 Deo

2048 4422 2207 4470 antea
2239 4416 2657 4489 praemitteretur
2700 4417 2790 4489 qui
2817 4416 2963 4483 dum,
2997 4432 3103 4473 non
3130 4434 3248 4489 que
3264 4420 3413 4485 diem,
3442 4431 3577 4487 etc.,
3601 4421 3655 4476 id

2048 4494 2153 4559 est,
2185 4500 2306 4559 quis
2332 4487 2536 4540 creatio
2576 4501 2684 4541 non
2719 4487 2822 4541 nisi
2860 4487 3189 4543 mendaciter
3216 4491 3503 4559 subjicitur
3529 4493 3656 4549 ﬁdei

2051 4554 2166 4629 Dei,
2214 4555 2305 4629 qui
2351 4566 2658 4629 genereet
2694 4568 2891 4629 natura
2944 4575 3078 4612 Imus
3128 4570 3230 4622 est,
3260 4554 3506 4629 quamvis
3547 4580 3653 4617 non

2048 4627 2369 4700 excludatur
2402 4642 2441 4680 .a
2506 4626 2615 4700 {ide
2684 4628 2776 4683 Dei
2836 4628 2889 4682 in
2959 4626 3338 4698 sacramento,
3390 4642 3657 4700 quatenus

2049 4698 2231 4765 plures
2262 4713 2360 4769 per
2382 4699 2668 4768 quamdam
2701 4701 3114 4769 prterogativam
3166 4702 3269 4756 hoc
3309 4698 3506 4759 nomen
3540 4722 3659 4761 sor-

2047 4768 2277 4823 tiuntur.
2308 4768 2524 4826 Videsis
2544 4770 2637 4825 lib.
2668 4780 2854 4827 contra
2884 4768 3122 4826 Auxent.
3153 4790 3209 4826 n.
3243 4774 3297 4829 5.

332 4840 449 4913 sole
480 4839 559 4913 vis
588 4839 802 4909 triplex,
836 4841 1202 4913 illutnioandi,
1233 4838 1605 4900 calefaciendi,
1636 4848 1689 4892 et
1716 4839 1931 4894 orbieu-
1955 4831 2012 4893 D
2054 4912 2081 4913 γέ
2112 4839 2368 4913 (d)Solus
2389 4841 2555 4894 codex
2582 4842 2698 4897 Vat.
2720 4843 2835 4897 bas.
2858 4843 3220 4899 substiluenles
3242 4861 3263 4900 ς
3294 4845 3474 4901 minus
3494 4845 3655 4904 bene.

333 4912 463 4966 laris
496 4911 694 4979 ﬁgura,
730 4927 825 4965 seu
854 4912 1085 4966 solidum
1120 4912 1248 4966 illud
1276 4913 1415 4965 unde
1446 4922 1527 4963 est
1561 4918 1787 4979 utraque
1818 4917 1933 4966 vis:

334 4986 405 5037 ita
440 4993 496 5037 et
541 4984 593 5036 in
624 4980 887 5037 Trinitate
932 4983 1307 5051 escogitahant
1335 4981 1624 5037 Sabelliani
1668 4982 1936 5049 triplicem

334 5055 477 5119 vim,
520 5053 673 5126 cujus
723 5053 881 5110 Pater
926 5062 1072 5126 esset
1102 5054 1406 5126 hypostasis
1450 5068 1515 5126 ac
1555 5052 1725 5126 yeluti
1774 5052 1940 5107 totius

335 5126 506 5178 forma
527 5166 541 5189 ,
577 5135 634 5178 ut
662 5125 896 5196 loquitur
925 5123 1262 5195 Epiphanius
1302 5126 1420 5179 loco
1451 5123 1666 5196 laudato
1693 5139 1940 5196 :Aexuuo

335 5196 563 5251 haeresis
597 5194 757 5266 hujus
805 5199 1051 5253 notitiam
1096 5198 1165 5253 ad
1211 5196 1505 5268 eripiendus
1552 5194 1741 5252 Hilarii
1772 5195 1941 5251 libros

337 5269 704 5339 necessariam
735 5283 1134 5339 omnparamus.

412 5336 489 5464 ﬁb)
516 5338 667 5408 Apud
699 5335 1010 5425 Bad.,'Er.,
1062 5356 1276 5426 necnon
1320 5341 1377 5396 in
1420 5354 1538 5422 .ms.
1581 5336 1705 5420 vat.
1739 5335 1856 5420 bas.
1884 5345 1942 5420 et

412 5434 417 5458 >
442 5412 494 5464 ιι.
540 5427 667 5464 ιιιιυ.
692 5412 781 5464 sed
811 5423 999 5464 erectio
1025 5412 1181 5464 velut:
1205 5421 1471 5464 composui
1504 5418 1556 5464 et
1593 5411 1815 5464 aemulati
1844 5406 1942 5462 Det

336 5406 494 5467 Coih.
540 5406 667 5478 uno,
692 5412 781 5466 sed
811 5416 999 5468 erectio
1025 5412 1181 5468 veluti
1205 5411 1472 5478 compositi
1504 5418 1556 5465 et
1593 5410 1817 5464 simulati
1844 5406 1944 5462 Dei

341 5481 626 5555 falsitatem
686 5485 884 5555 doceret
942 5501 960 5538 :
1027 5483 1171 5553 quod
1247 5485 1514 5555 glossema
1577 5482 1942 5555 suspicitumlf.

343 5551 582 5679 maxime
638 5570 758 5610 cum
826 5554 947 5612 hinc
997 5551 1272 5626 hquendi'
1301 5558 1438 5611 notio
1488 5554 1557 5610 ab
1612 5552 1818 5608 Hilario
1873 5551 1947 5606 sit

343 5639 544 5679 arena.

341 5639 544 5680 auena.

418 5695 495 5767 (ι)
540 5691 856 5769 lo'vulgatis
887 5705 944 5753 et
973 5698 1227 5768 .pluribus
1257 5712 1397 5754 vmss.
1424 5696 1533 5769 hic
1568 5693 1944 5769 additurdm

344 5766 637 5837 creationis,
666 5766 788 5840 quae
828 5766 1030 5825 rectius
1058 5769 1213 5825 abest
1242 5784 1270 5822 a
1301 5768 1732 5839 castigatioribus
1762 5766 1947 5840 «libris.

348 5842 518 5910 Antea
539 5839 721 5910 excuSi
746 5840 945 5896 habent
964 5843 1350 5905 ementirentur,
1374 5851 1428 5896 et
1448 5849 1572 5910 post
1592 5839 1948 5910 excluderent,

347 5909 500 5965 nullo
531 5909 642 5968 fere
669 5910 999 5984 sull'ragante
1023 5928 1126 5970 ms.
1157 5911 1275 5970 Non
1309 5908 1624 5983 displiceret
1648 5918 1858 5976 tamen,
1903 5908 1953 5965 si

2048 4912 2162 4967 Hoc
2191 4914 2335 4968 enim
2350 4912 2458 4966 sibi
2490 4913 2606 4967 vult
2638 4931 2651 4967 :
2680 4930 2837 4983 quem
2861 4914 3111 4969 catholici
3145 4916 3314 4972 Deum
3338 4933 3546 4983 verum,
3575 4927 3660 4973 ut-

2046 4995 2170 5056 pote
2193 5000 2258 5038 ex
2287 4984 2395 5036 Deo
2415 4999 2540 5039 vera
2571 4986 2849 5040 nativitate
2868 4996 3059 5040 natum
3084 4987 3333 5056 credunt,
3368 4989 3441 5044 illi
3473 4988 3652 5047 haere-

2049 5055 2138 5127 tici
2158 5056 2367 5110 nomini
2390 5071 2462 5127 ac
2494 5055 2616 5109 lidei
2634 5057 2939 5112 creationis
2965 5058 3283 5127 subjiciunt.

2120 5125 2191 5196 (θ)
2226 5127 2403 5199 Editio
2431 5126 2555 5199 Par.
2580 5128 2832 5197 antiquos
2853 5129 3040 5192 libros,
3064 5125 3262 5199 quibus
3306 5131 3657 5191 solemnes“

2052 5206 2271 5269 mutare
2295 5207 2313 5250 ι
2344 5197 2396 5269 in
2429 5198 2484 5262 d,
2511 5208 2720 5265 secuta,
2744 5197 3116 5269 conﬁtendum.

2152 5266 2196 5336 f)
2225 5266 2348 5321 Vat.
2380 5267 2493 5322 bas.
2520 5283 2647 5334 ms.,
2681 5266 2981 5327 armi—mus.

2150 5336 2204 5420 ρ)
2232 5337 2440 5393 Bod.-et
2461 5339 2576 5405 Er.,
2596 5340 2883 5411 ignorante,
2904 5342 3051 5413 Lips.
3076 5351 3135 5400 et
3159 5342 3307 5412 Por.,
3323 5345 3656 5418 ignoratum:

2051 5420 2385 5479 castigantur
2410 5425 2477 5463 ex
2502 5424 2631 5464 mss.

2124 5481 2206 5551 (Ii)
2238 5479 2391 5550 Apud
2433 5496 2572 5558 axx,
2616 5482 2675 5558 s’u
2703 5482 3016 5558 ὑποστάσει.
3048 5484 3356 5558 ιϐπεεονίιιε
3402 5488 3659 5549 Pluinna.

2051 5552 2201 5634 Orat.
2240 5567 2421 5633 xxxiv,
2455 5553 2636 5634 legens
2663 5555 2714 5634 ἂν
2752 5554 3107 5634 tineas-rimi,
3135 5552 3471 5634 eiplieonda
3500 5563 3664 5634 hujus

2053 5622 2585 5703 vocis.g_ratia_addit,
2608 5627 2698 5680 καὶ
2723 5626 2872 5701 οὐσίᾳ
2888 5622 3077 5703 supino
3111 5646 3124 5683 :
3150 5622 3542 5701 quodquidem
3566 5622 3667 5692 {nu

2056 5695 2351 5773 viventium
2384 5695 2495 5749 hac
2512 5709 2661 5773 .ottus
2686 5695 3016 5773 concessum
3056 5695 3251 5770 iungat,
3303 5695 3426 5773 quia
3458 5720 3671 5767 tensum

2062 5767 2265 5823 nemini
2293 5766 2477 5824 datum
2503 5774 2588 5821 est
2612 5766 2797 5823 videre
2830 5780 3073 5827 natum
3101 5766 3516 5832 séu.essentinm
3532 5766 3665 5831 Dei.

2063 5838 2400 5907 Ambrosius,
2422 5840 2473 5895 «Ι.
2512 5838 2681 5897 unde
2711 5838 2866 5907 Fide,
2889 5858 2948 5899 .c.
2987 5840 3091 5899 45:
3126 5844 3266 5910 ﬂat
3284 5845 3433 5903 stetit
3454 5849 3517 5902 in
3542 5847 3666 5901 mb-

2066 5911 2258 5966 stantia
2287 5910 2520 5981 Domini,
2554 5921 2603 5967 et
2622 5911 2749 5966 vidit
2769 5913 2976 5968 verbum
2998 5916 3151 5983 ejus?
