4216 6254
695 254 766 311 39
1886 248 2130 310 SANCTI
2168 247 2427 319 HILARII
2466 247 2774 308 EPISCOPI
3932 247 4014 304 ιο

695 365 928 422 locuturi
957 365 1050 422 Dei
1091 364 1296 433 verbis,
1335 378 1555 422 sensum
1605 373 1784 424 tamen
1823 377 2070 429 nostrum
2117 383 2296 424 rerum
2326 366 2378 426 A
2405 366 2533 422 olim
2560 366 2763 422 editam
2791 363 3096 436 proferens,
3131 372 3186 421 et
3207 363 3434 423 subdole
3463 379 3581 436 eos,
3609 379 3673 422 ac
3699 379 3795 437 per
3823 364 3872 420 id
3903 365 4012 420 im-

697 472 1008 516 nostrarum
1037 459 1220 530 specie
1254 458 1579 515 imbuentes.

767 573 862 629 20.
906 573 1048 629 Ordo
1093 573 1248 628 totius
1286 573 1474 646 aperis.
1504 573 1675 629 —Ac
1717 573 1955 645 primum
2007 574 2078 630 ita
2135 575 2300 628 totius

697 667 882 737 Operis
921 664 1140 721 modum
1173 661 1614 736 temperavimus,
1653 673 1713 720 ut
1751 664 2066 734 aptissimus
2115 665 2300 735 legen-

699 761 832 816 tium
872 758 1203 830 profeCtibus
1252 772 1621 815 connexorum
1667 758 1770 813 sibi
1808 758 2114 814 libellorum
2163 757 2299 814 ordo

696 853 1036 910 succederet.
1067 851 1208 906 Nihil
1234 853 1379 908 enim
1418 852 1835 923 incompositum
1863 851 2300 922 indigestumque

697 948 897 1018 placuit
939 946 1176 1004 afferre:
1207 961 1276 1002 ne
1322 947 1503 1017 operis
1533 946 1836 1002 inordinata
1877 946 2159 1016 congeries
2187 961 2300 1000 rus-

696 1040 860 1096 ticum
891 1038 1180 1111 quemdam
1223 1039 1509 1095 tumultum
1557 1038 1866 1110 perturbata
1911 1038 2299 1095 vociferatione

697 1133 983 1203 prmberet.
1010 1131 1118 1189 Sed
1145 1133 1268 1203 quia
1311 1131 1491 1188 nullus
1536 1146 1633 1202 per
1663 1139 1932 1202 praerupta
1965 1147 2298 1188 conscensns

697 1234 801 1292 est,
852 1225 955 1280 nisi
995 1225 1285 1280 substratis
1327 1224 1586 1295 paulatim
1627 1223 1884 1294 gradibus
1915 1224 2120 1280 feratur
2149 1240 2300 1295 gres-

695 1333 788 1373 sus
815 1318 882 1373 ad
911 1333 1150 1384 summa;
1185 1333 1284 1373 nos
1309 1332 1524 1388 quoque
1554 1317 1798 1387 quaedam
1835 1319 2116 1388 gradiendi
2148 1320 2297 1374 initia

695 1411 1026 1476 ordinantes,
1073 1409 1298 1465 arduum
1339 1410 1443 1467 hoc
1495 1409 1864 1481 intelligentia:
1912 1412 2016 1468 iter
2043 1411 2121 1486 (a)
2157 1413 2298 1469 clivo

695 1504 848 1575 quasi
873 1504 1123 1560 molliore
1154 1504 1443 1559 lenivimus
1474 1520 1581 1559 non
1617 1503 1717 1576 15
1739 1505 1849 1575 jam
1880 1507 2138 1576 gradibus
2164 1506 2299 1561 inci-

695 1610 838 1664 sum,
891 1597 989 1653 sed
1030 1596 1255 1668 planitie
1304 1597 1634 1667 subrepente
1682 1598 1969 1664 devexum,
2020 1608 2077 1652 ut
2127 1613 2296 1670 prope

693 1689 813 1744 sine
856 1689 1234 1746 scandentinm
1281 1705 1480 1758 sensu,
1532 1689 1776 1745 euntium
1832 1690 2120 1760 proﬁceret
2166 1705 2297 1746 con-

693 1797 941 1839 808118118.

763 1895 855 1951 21.
903 1895 1043 1963 Quid
1091 1896 1348 1949 contineat
1391 1895 1517 1949 liber
1551 1894 1824 1949 secundus.
1865 1923 1938 1936 —
1981 1893 2109 1951 Post
2154 1894 2297 1952 hunc

694 1990 839 2046 enim
866 1989 1026 2060 primi
1054 1989 1212 2060 hujus
1234 1988 1504 2045 sermonis
1532 1988 1795 2056 libellum,
1827 2003 2059 2060 sequens
2098 1988 2170 2044 ita
2211 2003 2298 2045 sa-

694 2090 1032 2138 cramentum
1057 2080 1250 2137 edocet
1276 2079 1472 2136 divinae
1497 2081 1882 2152 generationis,
1908 2089 1968 2136 ut
1990 2080 2296 2150 baptizandi

694 2171 748 2227 in
781 2172 941 2227 Patre
968 2180 1023 2227 et
1048 2170 1188 2227 Filio
1212 2179 1268 2226 et
1307 2169 1514 2240 Spiritu
1544 2180 1736 2226 sancto
1777 2186 1882 2224 non
1914 2172 2166 2240 ignorent
2195 2187 2296 2226 no-

693 2265 898 2320 minum
947 2263 1233 2320 veritatem
1267 2306 1284 2332 ,
1340 2279 1515 2335 neque
1556 2263 1834 2319 vocabulis
1883 2263 2295 2336 intelligentiam

693 2356 1049 2424 confundant,
1076 2356 1172 2412 sed
1205 2361 1629 2427 unumquodque
1655 2357 1727 2410 ita
1776 2370 1938 2411 sensu
1967 2356 2295 2427 concipiant,

694 2458 756 2505 ttt
798 2458 883 2506 est
925 2463 990 2505 ac
1037 2459 1416 2520 nuncupatur;
1454 2448 1685 2520 agnituri
1719 2448 2119 2504 absolutissime
2144 2447 2198 2504 in
2229 2449 2297 2504 iis

691 2557 811 2614 qua:
832 2542 972 2598 dicta
1013 2549 1158 2607 sunt,
1183 2541 1329 2613 quod
1355 2555 1532 2611 neque
1575 2556 1681 2596 non
1723 2541 1835 2612 ipsa
1872 2541 2072 2597 veritas
2104 2542 2172 2596 sit
2199 2557 2298 2596 no-

692 2635 876 2704 minis,
904 2651 1080 2706 neque
1111 2651 1220 2692 non
1244 2650 1441 2692 nomen
1472 2635 1825 2691 sitveritatis.
1973 2620 1981 2629 ’

761 2770 855 2825 22.
896 2769 1052 2825 Liber
1080 2771 1375 2825 tertius.—
1402 2771 1534 2826 Post
1579 2771 1724 2826 hunc
1765 2772 1945 2843 itaque
1995 2771 2175 2827 lenem
2233 2787 2296 2828 ac

694 2861 913 2918 brevem
959 2861 1348 2918 demonstratae
1392 2862 1675 2918 Trinitatis
1712 2878 2047 2929 sermonem,
2106 2865 2297 2918 tertius

691 2955 849 3022 liber,
878 2958 981 3012 etsi
1035 2959 1263 3024 sensim,
1293 2966 1470 3012 tamen
1515 2957 1628 3028 jam
1670 2956 2022 3028 proficienter
2070 2958 2291 3014 incedit.

691 3047 826 3104 Nam
867 3049 940 3117 id,
975 3049 1119 3122 quod
1175 3049 1313 3104 ultra
1364 3051 1584 3104 humani
1634 3065 1828 3105 sensus
1882 3050 2293 3122 intelligentiam

2405 461 2668 532 piissime,
2703 476 2867 515 unum
2897 461 3060 516 Deum
3085 476 3153 516 ex
3179 461 3298 532 lege
3317 460 3624 518 defendisse
3651 461 4011 526 convincens,

2402 554 2653 609 omnibus
2694 554 2828 625 legis
2876 569 2940 610 ac
2992 553 3376 625 pr0phetarum
3427 555 3752 612 testimoniis
3792 556 3862 611 ita
3906 554 4016 612 de-

2403 644 2740 712 monstratis,
2797 657 2856 702 ut
2902 648 3020 704 sine
3067 648 3176 704 Deo
3215 647 3434 705 Christo
3477 665 3642 705 unum
3673 649 3841 706 Deum
3866 665 4014 704 con-

2403 737 2541 792 fiteri
2588 738 2961 810 irreligiositas
3003 740 3104 807 sit;
3155 751 3211 796 et
3261 739 3517 798 confesso
3564 741 3838 814 unigenito
3889 741 4014 798 Deo

2401 827 2622 886 Christo
2652 872 2667 897 ,
2740 846 2846 888 non
2928 848 3090 889 unum
3167 832 3336 889 Deum
3407 833 3706 904 praedicare
3776 832 4011 905 perfidia

2401 927 2492 981 sit.

2471 1021 2566 1078 24.
2598 1021 2751 1076 Liber
2769 1021 3002 1091 quintus.
3031 1049 3104 1060 —
3127 1018 3358 1087 Quintus
3385 1033 3512 1075 vero
3543 1018 3622 1092 (l)
3685 1017 3857 1076 tenuit
3881 1035 4009 1075 eum

2401 1114 2771 1184 responsionis
2822 1112 3100 1178 ordinem,
3152 1127 3312 1183 quem
3361 1111 3602 1168 hatretiei
3660 1111 4014 1169 instituerant

2402 1209 2775 1279 professionis.
2831 1207 3074 1277 Namque
3117 1222 3239 1261 cum
3290 1221 3454 1261 unum
3501 1205 3665 1261 Deum
3709 1207 4014 1276 prindicare

2400 1318 2461 1358 se
2497 1302 2795 1359 secundum
2830 1300 3003 1371 legem
3034 1299 3276 1354 ementiti
3321 1308 3539 1365 essent;
3587 1314 3750 1354 unum
3790 1315 4014 1370 quoque

2403 1394 2573 1449 Deum
2603 1410 2787 1448 verum
2812 1409 2878 1448 ex
2902 1392 3088 1447 eadem
3117 1392 3358 1460 proferre
3383 1406 3442 1448 se
3475 1391 3787 1448 fefellerunt
3813 1413 3825 1447 :
3851 1404 3906 1447 ut
3925 1393 4009 1464 (e)

2400 1503 2494 1558 per
2521 1487 2892 1556 exceptionem
2931 1487 3020 1540 Dei
3077 1493 3132 1540 et
3177 1486 3336 1540 unius
3383 1494 3438 1540 et
3486 1485 3622 1551 veri,
3669 1487 4012 1541 nativitatem

2402 1579 2632 1634 Domino
2675 1575 2897 1632 Christo
2943 1577 3279 1641 adimerent;
3311 1575 3436 1646 quia
3480 1576 3570 1631 ubi
3616 1578 3866 1633 nativitas
3896 1589 4011 1646 est,

2399 1671 2470 1726 ibi
2498 1680 2553 1726 et
2581 1669 2934 1737 intelligentia
2967 1670 3037 1723 sit
3059 1666 3129 1741 (ί)
3156 1669 3415 1722 veritatis.
3445 1667 3555 1724 Nos
3586 1678 3764 1724 autem
3807 1671 4010 1727 iisdem

2321 1766 2371 1826 B
2397 1763 2672 1835 gradibus,
2724 1762 2918 1832 quibus
2963 1760 3196 1830 idipsum
3243 1763 3560 1831 negabatur,
3590 1762 3868 1828 docentes,
3902 1780 4011 1821 nec

2399 1859 2537 1914 duos
2562 1857 2715 1920 deos,
2742 1871 2844 1912 nec
2864 1854 3165 1911 solitarium
3190 1871 3376 1911 verum
3413 1856 3516 1928 ιθ
3541 1856 3736 1922 Deum,
3769 1859 3864 1913 sed
3898 1859 3972 1913 Pa
3990 1889 4008 1900 -

2405 1960 2542 2006 trem
2585 1965 2772 2005 verum
2807 1950 2973 2004 Deum
3005 1948 3074 2002 ita
3107 1964 3174 2002 ex
3207 1948 3324 2019 lege
3351 1963 3413 2002 ac
3441 1949 3719 2021 prophetis
3750 1952 4012 2020 praedica-

2399 2043 2596 2108 vimus,
2645 2055 2715 2096 ne
2754 2048 2847 2094 aut
2887 2040 3044 2095 unius
3084 2037 3180 2094 Dei
3210 2038 3368 2094 fidem
3399 2055 3893 2112 corrumperemus,
3922 2044 4007 2116 (9)

2400 2147 2492 2191 aut
2522 2135 2856 2190 nativitatem
2901 2133 3317 2203 denegaremus.
3368 2134 3474 2190 Sed
3529 2137 3675 2205 quia,
3707 2139 4010 2194 secundum

2402 2233 2547 2298 illos,
2590 2239 2777 2286 creato
2827 2229 3162 2299 potiusquam
3213 2235 3340 2283 nato
3389 2243 3584 2284 nomen
3631 2231 3725 2286 Dei
3775 2233 4008 2288 Domino

2399 2326 2528 2382 Jesu
2569 2325 2784 2380 Christo
2810 2325 3166 2392 deputaretur
3190 2323 3368 2392 potius
3408 2337 3566 2394 quam
3600 2324 3836 2389 inesset;
3867 2325 4010 2380 divi-

2402 2418 2584 2474 nitatis
2614 2416 2814 2472 veritas
2855 2415 2924 2470 ita
2966 2431 3034 2470 ex
3073 2415 3485 2470 auctoritatibus
3533 2417 3866 2488 propheticis
3911 2419 4009 2475 de-

2402 2521 2703 2568 monstrata
2760 2519 2862 2575 est,
2915 2519 2975 2564 ut
3025 2523 3146 2577 nos,
3191 2507 3419 2562 Domino
3461 2508 3590 2565 Jesn
3632 2510 3848 2566 Christo
3893 2513 4007 2568 Deo

2402 2623 2530 2663 vero
2601 2605 2933 2678 praedicata,
2993 2604 3130 2658 intra
3195 2603 3607 2674 intelligentiam
3676 2605 3836 2662 unius
3910 2608 4009 2664 Dei

2400 2702 2510 2756 veri
2562 2700 2754 2756 nativa:
2811 2699 2861 2752 in
2907 2713 2972 2753 eo
3019 2696 3317 2752 divinitatis
3357 2699 3556 2754 veritas
3606 2702 3928 2758 contineret.

2470 2794 2560 2850 25.
2602 2791 2756 2847 Liber
2785 2799 2978 2847 sextus.
3010 2820 3081 2830 —
3107 2789 3302 2845 Sextus
3332 2805 3463 2845 vero
3480 2790 3590 2860 jam
3621 2791 3757 2849 liber
3787 2810 4006 2850 omnem

2402 2885 2673 2943 hmreticae
2696 2885 3015 2940 assertionis
3056 2881 3474 2938 fraudulentiam
3527 2885 3728 2954 pandit.
3762 2886 4010 2958 Namque

2400 2987 2460 3032 ut
2485 2978 2643 3033 dictis
2665 2976 2776 3032 suis
2806 2976 2965 3033 fidem
2998 2976 3260 3042 facerent,
3285 2967 3768 3033 damnantes‘ﬁicta
3795 2989 3849 3034 et
3879 2981 4009 3038 vitia

2400 3067 3087 3133 hatreticnrumNalentini
3109 3067 3314 3123 scilicet
3337 3074 3392 3122 et
3411 3068 3629 3124 Sabellii
3647 3078 3702 3126 et
3726 3071 4010 3130 Manichrei

696 3142 956 3198 Dominus
981 3143 1049 3199 de
1077 3159 1137 3199 se
1171 3141 1447 3213 professus
1473 3151 1579 3209 est,
1609 3143 1826 3214 quantis
1875 3151 2054 3214 potest
2107 3153 2296 3214 poten-

2400 3174 2453 3219 et
2482 3163 2743 3224 Hieraezc.
2795 3164 2910 3232 pias
2957 3161 3219 3217 Ecclesia:
3252 3161 3668 3231 pra-dicationes
3697 3164 4012 3222 velamento

694 3234 782 3289 tite
810 3235 1072 3305 exemplis
1099 3234 1165 3290 ad
1209 3232 1575 3305 intelligentia:
1605 3234 1766 3290 fidem
1802 3243 2039 3304 coaptat,
2061 3234 2249 3290 dicens
2277 3252 2290 3288 :

695 3325 805 3399 Ego
829 3329 882 3382 in
906 3326 1087 3394 Patre,
1118 3337 1165 3383 et
1194 3328 1353 3383 Pater
1396 3329 1449 3382 in
1489 3345 1568 3382 nte
1597 3327 1776 3398 (Joan.
1810 3344 1867 3396 χ,
1899 3325 1992 3400 58)
2026 3345 2038 3382 :
2070 3338 2129 3382 ut
2152 3328 2294 3398 quod

690 3420 758 3475 ab
781 3420 1001 3476 homine
1031 3437 1127 3491 per
1159 3433 1406 3476 naturam
1441 3421 1690 3477 hebetem
1723 3438 1828 3475 non
1874 3423 2102 3491 capitur,
2138 3421 2189 3476 id
2219 3421 2291 3493 (ὁ)

690 3513 827 3570 fides
869 3514 975 3585 iam
1020 3515 1355 3571 rationabilis
1411 3516 1653 3571 scientia:
1693 3525 2056 3587 consequatur
2109 3534 2121 3569 :
2169 3516 2293 3587 quia

690 3621 866 3677 neque
890 3623 997 3662 non
1029 3606 1360 3664 credendum
1391 3607 1459 3664 de
1487 3623 1546 3664 se
1579 3609 1688 3664 Deo
1730 3617 1833 3675 est,
1864 3624 2037 3680 neque
2067 3609 2297 3680 Opinan-

689 3700 816 3757 dum
843 3710 948 3769 est,
971 3710 1124 3758 extra
1154 3701 1423 3758 rationem
1452 3701 1578 3758 fidei
1608 3716 1731 3757 esse
1760 3701 2172 3772 intelligentiam
2199 3716 2296 3773 po-

689 3796 925 3852 testatis.

759 3910 850 3966 25.
895 3909 1049 3965 Liber
1071 3919 1307 3982 quartus.
1341 3940 1411 3951 -—
1431 3910 1666 3978 Quartus
1695 3908 1892 3965 deinde
1921 3909 2059 3965 liber
2086 3906 2294 3964 initium

689 4001 770 4057 sui
803 4001 1284 4058 exhaareticorum
1329 4001 1590 4059 doctrinis
1620 4001 1954 4070 auspicatur,
2004 4014 2066 4056 se
2117 3999 2295 4070 ipsum

690 4093 856 4162 vitiis,
872 4093 1068 4166 quibus
1096 4094 1230 4150 fides
1249 4092 1598 4164 Ecclesiaafc)
1618 4093 1930 4160 infamatur,
1950 4107 2258 4164 expurgans
2278 4108 2292 4145 :

690 4185 862 4257 ipsam
910 4185 1056 4240 illam
1088 4184 1328 4256 perﬁdiae
1372 4184 1770 4255 expositionem
1800 4200 1829 4238 a
1860 4185 2046 4238 multis
2068 4182 2151 4256 (ά)
2185 4199 2294 4240 non

763 4325 845 4400 (l)
883 4325 982 4381 Ms.
1016 4325 1220 4382 Veron.
1247 4332 1404 4391 tenet;
1433 4332 1493 4380 ut
1523 4323 1683 4395 paulo
1707 4329 1854 4391 ante,
1890 4320 2116 4389 Quartus
2163 4320 2290 4376 liber

691 4398 1014 4468 auspicatur,
1041 4406 1146 4455 etc.

767 4536 840 4612 (a)
864 4537 1061 4612 Hoc_ad
1090 4536 1444 4612 imitationem
1472 4535 1631 4612 Plinii
1670 4533 1885 4612 videtur
1929 4533 2155 4612 dictum,
2202 4531 2294 4612 qui
2323 4527 2374 4586 Ι)

691 4601 786 4664 lib:
825 4601 908 4672 'VI.
959 4609 1130 4678 Epist.
1165 4624 1196 4661 v
1239 4627 1252 4660 :
1296 4608 1402 4668 Ita,
1434 4608 1626 4678 inquit,
1659 4605 1840 4678 leviter
1866 4614 1916 4657 et
1947 4603 2137 4656 sensim
2165 4601 2296 4655 clivo

691 4680 902 4751 fallente
931 4676 1192 4750 consurgit
1216 4686 1274 4730 ut
1297 4694 1413 4730 cum
1442 4676 1750 4728 adscendere
1778 4685 1825 4728 te
1849 4691 1950 4728 non
1984 4681 2148 4744 putes,
2182 4690 2298 4727 sen-

690 4753 788 4806 tias
816 4751 1160 4804 adscendisse.

767 4821 841 4894 (b)
875 4820 1037 4894 Editi,
1061 4826 1288 4894 excepto
1313 4815 1437 4872 Par.
1470 4831 1591 4872 cum
1623 4815 1792 4894 unico
1816 4829 1942 4894 m_s_.,
1969 4813 2297 4894 ﬁdestamen

693 4883 991 4948 rationabili
1019 4883 1234 4946 scientia
1262 4897 1629 4957 consequatur.
1671 4883 1830 4941 Ratio
1862 4885 1948 4940 hic
1970 4883 2296 4954 subjicitur,

692 4979 788 5020 cur
835 4963 967 5018 ﬁdes
1025 4962 1235 5017 dicatur
1281 4958 1602 5014 rationabilis
1655 4959 1890 5012 scientia.
1939 4957 2299 5012 Rationahilis

692 5035 909 5106 quidem
938 5043 1042 5099 est,
1061 5033 1186 5106 quia
1216 5030 1568 5106 ratiosuadet
1596 5029 1928 5106 credendum
1955 5032 2065 5106 Deo
2087 5045 2099 5081 :
2123 5028 2292 5106 scien-

695 5098 821 5162 tiam
870 5098 1035 5161 etiam
1081 5098 1261 5169 habet,
1288 5104 1413 5172 quia
1475 5100 1716 5170 opinioni
1802 5117 1906 5154 non
1970 5098 2293 5167 relinquitur

691 5178 862 5242 locns,
892 5191 1012 5231 cum
1039 5191 1132 5245 per
1152 5171 1376 5231 effectus
1398 5171 1747 5242 intelligimus
1773 5175 1891 5245 plus
1915 5173 2082 5245 Deum
2107 5185 2284 5245 posse,

693 5265 850 5320 quam
873 5243 1050 5319 capiat
1090 5247 1320 5320 humana
1350 5246 1506 5300 ratio.
1540 5245 1672 5298 Hine
1705 5244 1846 5299 ntale
1875 5246 1928 5320 in
1956 5243 2287 5320 vulgatisle-

693 5315 1339 5391 gebatur,intelligentiw
1387 5325 1705 5391 potestatem,
1756 5330 1851 5384 pro
1897 5315 2287 5391 intelligentiam

695 5387 980 5462 potestatis,
1012 5387 1235 5461 quod—et
1265 5389 1433 5462 magis
1463 5388 1801 5462 perspicuum
1834 5391 1903 5441 sit
1925 5402 1989 5442 ex
2025 5387 2105 5441 his
2131 5387 2164 5438 l.
2203 5401 2282 5454 ιιι,

695 5459 845 5516 hum.
871 5461 943 5515 5:
971 5459 1105 5517 sunt
1145 5459 1434 5516 istiusmodi
1484 5460 1538 5513 in
1565 5459 1675 5514 Deo
1722 5467 2019 5525 potestates,
2073 5473 2287 5524 quarum

694 5549 811 5587 cum
837 5534 971 5586 ratio
1017 5533 1366 5602 intelligentia:
1391 5543 1577 5587 nostra:
1621 5530 2145 5602 incomprehensibilis
2191 5540 2286 5597 est,

695 5603 826 5674 ﬁdes
852 5614 1020 5658 tamen
1051 5619 1140 5672 per
1169 5601 1428 5657 ueritatem
1455 5604 1748 5674 afﬁcientur
1774 5603 1830 5655 in
1857 5601 2092 5655 absoluto
2117 5611 2213 5674 est.

769 5674 931 5748 (εμπ
963 5674 1209 5748 vulgatis,
1253 5672 1569 5748 inﬁrmatur,
1623 5673 1764 5728 male
1811 5689 1823 5724 :
1869 5686 2043 5741 neque
2093 5672 2286 5728 melius

695 5741 892 5807 deinde
919 5741 1245 5817 apud'Bad.,
1280 5741 1371 5798 Er.
1400 5751 1456 5798 et
1484 5741 1630 5816 Lips.
1664 5758 1985 5816 expugnans.

2403 3258 2754 3329 professionis
2807 3256 2986 3330 impi.e
3041 3259 3200 3315 furati
3250 3271 3374 3316 sunt
3407 3271 3500 3318 :ut
3530 3260 3610 3333 (2)
3635 3263 3901 3332 correptis
3926 3263 4011 3337 (Ir)

2401 3350 2454 3404 in
2486 3350 2680 3406 melius
2706 3352 2885 3406 verbis
2913 3353 3360 3423 irreligiosorum,
3380 3365 3434 3410 et
3464 3356 3714 3426 ambigua
3737 3357 4011 3426 significa-

2403 3443 2548 3498 tione
2569 3441 2881 3510 moderatis,
2907 3444 3007 3499 sub
3022 3444 3316 3516 impietatis
3329 3447 3677 3503 damnatione
3699 3447 4007 3504 doctrinam

2401 3534 2613 3604 pietatis
2625 3533 3050 3603 exstinguerent.
3066 3535 3174 3592 Sed
3190 3552 3288 3592 nos
3301 3537 3634 3607 singulorum
3649 3538 3806 3596 dictis
3820 3547 3874 3595 et
3890 3555 4011 3610 pro-

2400 3626 2724 3684 fessionibus
2749 3629 3134 3686 demonstratis
3157 3672 3173 3697 ,
3203 3643 3418 3688 sanctas
3445 3631 3705 3689 Ecclesia:
3736 3633 4004 3704 praedica-

2401 3719 2575 3776 tiones
2617 3720 2970 3790 absolvimus,
3013 3739 3187 3794 neque
3225 3726 3516 3796 quidquam
3567 3741 3689 3782 cum
3734 3726 4007 3783 damnatis

2399 3811 2670 3867 luereticis
2709 3828 2996 3870 commune
3026 3815 3100 3870 (is
3129 3831 3249 3872 esse
3305 3818 3670 3887 permisimus,
3735 3827 3793 3872 ut
3845 3818 4007 3875 dant-

2406 3905 2583 3960 nanda
2647 3906 2989 3977 damnantes,
3024 3910 3137 3965 sola
3185 3912 3569 3968 venerabiliter
3615 3912 3866 3969 sectanda
3916 3929 4007 3968 se-

2403 4015 2715 4070 queremur,
2747 4002 2914 4058 filium
2948 4005 3041 4060 Dei
3068 4004 3296 4078 (supple,
3341 4007 3484 4079 esse)
3511 4007 3796 4063 Dominum
3818 4008 4003 4064 lesum

2404 4093 2698 4164 Christum,
2727 4097 2870 4168 quod
2902 4099 3134 4155 maxime
3179 4100 3248 4154 ab
3291 4099 3357 4155 iis
3382 4102 3696 4172 negabatur,
3745 4118 3841 4173 per
3889 4101 4006 4157 haec

2403 4184 2663 4244 docentes
2688 4231 2703 4257 ,
2745 4189 2872 4247 dum
2919 4191 2990 4248 de
3040 4207 3108 4249 eo
3149 4202 3378 4249 testatur
3426 4194 3615 4262 Pater,
3663 4194 3791 4251 dum
3833 4194 3902 4250 de
3942 4207 4004 4250 se

2468 4321 2548 4396 (2)
2587 4323 2875 4396 Corruptis,
2905 4325 3033 4380 ibid.

2475 4527 2566 4602 (d)_
2611 4527 2846 4602 Pro__non
2875 4528 3018 4602 olim,
3049 4529 3393 4586 substitutum
3423 4539 3511 4587 est
3556 4531 3695 4601 apud
3749 4532 3896 4600 Lips.
3947 4541 4002 4588 ct

2405 4597 2653 4672 Par.ja_r_n
2672 4597 2815 4672 olim.
2841 4601 3200 4672 renitentibus
3234 4618 3363 4658 mss.
3391 4597 3603 4658 necnon
3625 4605 3765 4672 quod
3800 4597 3890 4657 lib.
3922 4621 3995 4669 vr,

2409 4689 2463 4726 n.
2494 4672 2549 4736 '5,
2579 4670 2798 4743 dicitur,
2826 4670 3081 4725 Arianam
3128 4674 3266 4728 luem
3307 4676 3537 4743 proxime
3561 4670 3871 4730 emersisse.
3924 4676 3999 4731 De

2407 4743 2508 4796 hac
2536 4741 2738 4808 perfida
2770 4743 3107 4808 expositione
3127 4741 3367 4801 dicemus
3396 4748 3534 4801 libro
3565 4761 3638 4800 IV.

2481 4811 2553 4885 (e)
2598 4811 2758 4888 Solus
2801 4827 2902 4867 ms.
2935 4813 3047 4888 bas.
3086 4814 3230 4882 Vat.,
3255 4825 3310 4871 ut
3340 4834 3429 4888 per
3470 4818 3838 4886 professione»:
3869 4817 3989 4870 Dei.

2406 4885 2575 4942 Usum
2609 4899 2675 4957 ac
2699 4885 2816 4957 vim
2838 4885 2991 4939 verbi
3030 4890 3256 4957 exceptio
3284 4885 3508 4943 cernere
3539 4885 3620 4943 est
3652 4889 3785 4942 infra
3818 4908 3869 4942 ιι.
3900 4888 3994 4950 29.

2407 4959 2479 5014 εὖ
2511 4967 2567 5012 et
2607 4955 2698 5020 3t,
2733 4955 2821 5008 ubi
2866 4971 2971 5010 non
3007 4955 3176 5012 solam
3237 4959 3622 5029 professiOnem
3663 4969 3851 5028 sonat,
3898 4959 3994 5016 Sed

2400 5043 2519 5085 eam
2543 5043 2572 5080 a
2597 5029 2752 5096 cujus
2778 5029 3055 5082 consortio
3085 5031 3258 5098 quivis
3285 5032 3421 5086 alms
3464 5042 3733 5087 arceatur.

2467 5101 2534 5170 (ί)
2573 5099 2684 5153 Iloc
2708 5107 2809 5163 est,
2837 5097 2908 5171 ibi
2946 5097 3258 5171 intelligitur
3290 5104 3559 5170 possessio
3608 5119 3748 5156 verm
3788 5112 3995 5158 natura:

2395 5169 2512 5241 ejus
2539 5186 2603 5225 ex
2633 5184 2740 5238 quo
2767 5169 3019 5244 nativitas
3045 5169 3147 5226 est.
3171 5169 3307 5227 Nam
3331 5189 3430 5228 vox
3457 5176 3642 5229 ueritas
3665 5173 3866 5228 llilario
3897 5190 3993 5244 pro

2395 5240 2530 5312 vera
2550 5249 2762 5312 natura,
2791 5240 2976 5308 utjam
3005 5257 3148 5312 srepe
3179 5245 3430 5308 vidimus,
3456 5247 3717 5301 solemnis
3744 5256 3844 5300 cst.

2465 5310 2542 5385 (g)
2573 5310 2843 5375 Editi,aut
2887 5315 2993 5367 nati
3047 5310 3305 5370 veritatem
3335 5335 3347 5370 :
3378 5317 3516 5373 male
3544 5330 3600 5374 et
3631 5316 3990 5371 renitentibus

2393 5398 2526 5438 mss.

2471 5454 2550 5527 (Ιι)
2586 5453 2915 5527 Reponimus
2968 5457 3383 5527 exi'l‘elleriano
3437 5459 3625 5516 codice
3677 5468 3729 5514 ct
3791 5459 3990 5514 Pratel.

2394 5526 2684 5599 correptis;
2709 5526 2855 5599 quod
2880 5538 2936 5599 et
2964 5526 3016 5580 in
3045 5526 3254 5599 liemig.
3289 5544 3352 5583 ac
3397 5529 3604 5587 Theod.
3637 5531 3844 5599 pridem
3899 5545 3986 5584 se-

2392 5597 2584 5652 cundis
2604 5597 2750 5678 curis
2778 5597 3008 5667 positum
3035 5598 3136 5655 fuit
3159 5614 3314 5658 :cum
3339 5599 3461 5658 aliis
3487 5603 3538 5657 in
3565 5597 3718 5661 libris
3752 5603 3993 5674 legamus

2389 5679 2669 5739 corruptis.
