4216 6254
124 154 135 219 l

124 232 133 275 l

72 288 135 366 al

36 482 131 589 ea!

50 618 97 676 ὡς

35 730 94 769 ξηι-

37 805 89 865 Da

36 900 83 957 iii

35 1070 115 1187 τι

36 1200 113 1321 ῗξι

36 1312 109 1365 “'t

36 1372 111 1509 ei

38 1470 68 1519 id

36 1577 68 1613 ts

35 1669 63 1709 ει,

36 1766 62 1801 Ξ

37 2126 45 2187 i

36 2238 41 2273 ὲ

340 290 406 344 .u
1590 300 1675 356 DE
1712 299 2086 361 TRINITATE
2122 305 2325 368 LIBER
2364 313 2404 369 l.

340 409 456 478 ipso.
504 402 813 478 proﬁtetur,
863 408 988 463 dum
1038 410 1280 480 Apostuli
1313 413 1629 484 prmdicant,
1660 418 1789 475 dum
1821 421 1947 475 reli-
1979 428 2020 483 Α
2054 438 2083 481 ιι

337 501 473 571 giosi
519 502 771 563 credunt.
822 502 947 556 dmn
994 503 1271 559 dmmonus
1308 508 1567 577 clamant,
1609 512 1735 567 dmn
1773 514 1943 570 Judari

339 607 602 667 negantes
636 599 898 663 fatentur,
941 598 1066 655 dum
1104 601 1415 672 ignorantes
1463 607 1768 680 intelligunt
1813 626 1945 680 gen-

339 697 458 754 tes;
492 703 560 744 ne
576 691 689 759 jam
718 689 797 762 (id
826 697 922 757 est,
948 690 1160 763 utnon)
1187 695 1567 766 ambigendum
1605 701 1942 769 permittere-

338 791 450 848 tur,
468 781 610 852 quod
638 781 993 852 ignorandum
1023 782 1583 859 non'relinquebatur.

407 895 497 951 96.
543 895 696 950 Liber
719 899 987 965 septimus.
1019 898 1297 968 Sabellius,
1348 902 1546 959 Hebion
1578 914 1622 960 et
1653 905 1808 962 Arius
1833 925 1943 965 sese

335 989 584 1044 uincendo
613 989 861 1045 Ecclesia:
884 992 1467 1071 vinauina—Septimus
1496 996 1753 1068 deinceps
1779 1000 1937 1070 liber,

335 1084 634 1140 secundum
668 1083 920 1155 perfectae
954 1085 1076 1141 fidei
1107 1087 1354 1157 gradum,
1388 1098 1657 1161 suscepta:
1696 1092 1942 1162 disputa-

337 1179 498 1233 tionis
543 1192 849 1234 sermonem
900 1182 1243 1250 temperavit.
1295 1181 1535 1254 Namque
1563 1184 1815 1253 printum,
1842 1200 1939 1257 per

307 1271 658 1330 .inriolahilis
691 1273 813 1330 fidei
849 1289 1033 1328 sanam
1075 1282 1129 1329 et
1173 1275 1545 1344 incorruptam
1593 1276 1936 1332 dentmistra-

334 1368 558 1434 tionem,
590 1366 731 1421 inter
760 1365 1053 1422 Sabellium
1078 1375 1132 1419 et
1160 1366 1453 1422 llebimiem
1481 1378 1537 1422 et
1574 1366 1673 1423 hos
1695 1385 1799 1423 non
1825 1369 1936 1423 veri

334 1462 430 1517 Dei
462 1459 844 1530 prmdicatores
873 1459 967 1513 lite
997 1458 1224 1513 certavit
1247 1500 1261 1522 .
1292 1475 1390 1514 cur
1420 1459 1686 1517 Sabellius
1726 1462 1935 1517 subsis-

334 1565 449 1608 tere
476 1561 600 1607 ante
622 1551 817 1607 szecula
848 1562 1088 1621 negaret,
1118 1566 1277 1621 quem
1311 1562 1554 1608 creatum
1583 1552 1674 1607 alii
1706 1553 1933 1609 conﬁtc-

332 1660 538 1705 rentur.
564 1646 849 1718 Ignorabat
874 1646 1016 1699 enim
1039 1645 1306 1701 Sabellius
1326 1645 1707 1702 subsistentem
1736 1646 1932 1702 Filium

330 1743 462 1798 dum
492 1742 658 1796 Deum
682 1756 866 1796 verum
894 1751 1176 1810 operatum
1205 1740 1256 1794 in
1288 1754 1517 1811 corpore
1538 1756 1660 1801 esse
1684 1757 1789 1797 non
1812 1759 1931 1797 am-

330 1835 486 1907 bigit.
515 1835 580 1890 Hi
610 1846 790 1891 autem
820 1835 1083 1904 negabant
1113 1833 1469 1901 nativitatem,
1498 1843 1553 1889 et
1590 1834 1933 1890 affirmabant
1960 1817 2009 1876 Β

328 1936 657 1994 creaturam,
684 1929 810 1981 dum
852 1942 1015 1997 opera
1048 1926 1165 1996 rjus
1198 1925 1292 1981 Dei
1325 1928 1437 1982 veri
1481 1942 1605 1984 esse
1631 1944 1795 1998 opera
1826 1944 1932 1985 non

329 2022 658 2091 intelligunt.
693 2020 781 2075 Lis
808 2036 1021 2086 eorum,
1067 2018 1205 2075 ﬁdes
1252 2031 1437 2076 nostra
1484 2028 1586 2077 est.
1629 2021 1760 2077 Nam
1805 2022 1931 2079 dum

327 2116 502 2171 ﬁlium
552 2124 710 2187 negat
754 2115 1011 2187 (ideoque
1036 2113 1228 2185 errat),
1261 2114 1311 2169 in
1339 2132 1404 2170 eo
1435 2116 1602 2171 vincit
1640 2115 1931 2182 Sahcllins,

334 2210 439 2281 17
460 2208 602 2279 quod
636 2209 775 2263 Deus
797 2208 1207 2277 verus(utrccte
1221 2208 1436 2277 probat)
1464 2218 1721 2279 operatus
1753 2219 1863 2314 est:
1882 2219 1936 2266 et

329 2301 577 2358 Ecclesia
603 2316 720 2363 eos,
742 2300 831 2370 qui
860 2315 1047 2357 verum
1074 2301 1125 2354 in
1154 2299 1371 2355 Christo
1401 2301 1570 2357 Deum
1595 2303 1931 2373 negaverint,

332 2393 520 2449 vincit.
554 2393 625 2450 At
653 2407 783 2449 vero
804 2408 924 2449 cum
947 2392 1335 2448 subsistentem
1365 2393 1639 2449 Christum
1670 2403 1797 2451 ante
1825 2410 1932 2451 52e-

331 2489 454 2545 cula
480 2489 531 2541 hi
561 2488 820 2543 adversus
850 2503 970 2542 eum
993 2486 1372 2543 demonstrant
1398 2503 1613 2559 semper
1628 2499 1931 2560 operatum,

332 2581 407 2637 de
455 2579 814 2635 condemnato
863 2592 1045 2634 secum
1091 2577 1327 2635 Sabellio
1372 2579 1526 2635 nobis
1574 2582 1930 2652 triumphant,

332 2674 503 2729 Deum
527 2671 743 2743 quidem
771 2686 959 2728 verum
988 2669 1172 2743 (1)(α)
1199 2672 1422 2739 sciente,
1474 2671 1569 2727 sed
1622 2673 1713 2728 Dei
1760 2674 1931 2731 ﬁlium

329 2766 628 2824 nesciente.
660 2764 866 2821 Hebion
898 2773 1078 2820 autem
1122 2763 1191 2818 ab
1235 2774 1465 2835 utroque
1492 2765 1566 2820 ita
1592 2766 1844 2835 vincitur,
1876 2779 1935 2825 ut

329 2847 425 2914 hic
449 2857 657 2930 (Arius)
686 2869 809 2913 ante
831 2860 1030 2914 smcula
1059 2858 1465 2925 subsistentem,
1498 2860 1587 2915 hic
1609 2859 1926 2931 (Sabellius)

328 2969 524 3010 verum
543 2954 705 3009 Deum
736 2952 1337 3022 convincatoperatum.
1362 2950 1671 3023 Omnesque
1706 2968 1765 3009 se
1796 2954 1932 3009 invi-

327 3063 452 3106 cem
480 3047 743 3103 vincendo
763 3047 1079 3102 vincuntur:
1100 3046 1223 3117 quia
1257 3043 1505 3102 Ecclesia
1531 3055 1585 3103 et
1613 3056 1801 3104 contra
1832 3049 1931 3105 Sa-

325 3141 577 3204 bellium,
603 3151 660 3196 et
678 3129 864 3195 cetitra
886 3148 1149 3195 creaturae
1190 3138 1604 3209 prxedicatores,
1644 3148 1700 3195 et
1738 3151 1927 3197 contra

326 3233 649 3301 Hebionem,
686 3232 852 3289 Deum
878 3247 1067 3288 verum
1097 3247 1164 3287 ex
1193 3232 1303 3288 Deo
1334 3245 1464 3288 vero
1503 3232 1790 3288 Dominum
1833 3233 1927 3290 .Ie-
1956 3203 2002 3268 Ο

324 3342 450 3384 sum
475 3327 770 3396 Christum,
823 3334 881 3383 et
920 3334 1045 3381 ante
1084 3324 1282 3381 saecula
1314 3312 1522 3394 natum,
1546 3333 1602 3381 et
1621 3335 1805 3397 postea
1833 3325 1932 3383 ho-

324 3419 529 3476 minem
554 3418 791 3490 genitum
818 3433 939 3475 esse
962 3426 1207 3473 testatur.

402 3536 492 3591 27.
518 3536 886 3603 Argumentum
936 3535 1137 3607 septimi
1191 3534 1327 3589 libri.
1374 3566 1443 3575 —
1484 3533 1694 3591 Nemini
1745 3547 1925 3591 autem

323 3628 550 3685 dubium
572 3638 691 3694 est,
718 3642 1015 3699 congruum
1047 3626 1099 3682 id
1129 3628 1363 3682 maxime
1391 3626 1474 3699 (Ξ)
1502 3629 1685 3698 pietati
1710 3627 1921 3684 doctri-

324 3736 414 3777 nae
437 3722 630 3786 fuisse.
662 3729 721 3778 ut
751 3724 875 3792 quia
902 3736 968 3776 ex
994 3720 1112 3791 lege
1140 3730 1193 3776 ct
1222 3721 1500 3790 prophetis
1533 3721 1767 3791 primum
1826 3721 1923 3777 Dei

323 3816 532 3881 ﬁlium,
580 3823 704 3886 post
746 3815 906 3870 etiam
952 3812 1122 3869 Deum
1175 3828 1359 3868 verum
1409 3826 1531 3867 eum
1583 3823 1924 3869 sacramento

321 3911 555 3968 unitatis
586 3909 1065 3980 praedicassemus;
1099 3923 1313 3963 rursum
1338 3907 1509 3978 legem
1538 3922 1601 3962 ac
1628 3908 1923 3979 prephetas

319 4018 424 4076 per
444 4002 736 4074 Evangelia
768 4002 1076 4070 ﬁrmantes,
1111 4004 1341 4072 primum
1373 4018 1438 4056 ex
1475 4002 1558 4056 Itis
1585 4002 1678 4057 Dei
1711 4002 1879 4057 ﬁlium
1901 4041 1918 4068 ,

321 4106 448 4170 post
474 4098 636 4154 etiam
664 4096 835 4153 Deum
866 4095 941 4169 (b)
974 4111 1159 4152 verum
1203 4095 1543 4153 duceremus.
1597 4095 1922 4164 Competen-

322 4192 595 4247 tissimum
617 4190 799 4262 itaque
827 4190 965 4254 fuit,
1020 4197 1144 4259 post
1191 4203 1389 4245 nomen
1452 4186 1579 4255 ﬁlii,
1637 4187 1918 4244 veritatem

317 4284 443 4355 ejus
468 4282 794 4339 ostendere:
829 4296 1155 4352 quamquam
1178 4322 1193 4345 ,
1227 4278 1528 4336 secundum
1574 4295 1918 4336 communem

3581 344 3652 400 42

2090 440 2161 485 ite
2182 474 2195 495 ,
2229 443 2416 491 natura
2443 480 2458 503 ,
2492 449 2791 511 potestate,
2823 448 3194 521 professione;
3249 470 3318 511 ne
3366 459 3387 531 ί
3417 468 3474 515 ut
3511 466 3642 535 nou)

2048 522 2195 577 aliud
2227 538 2372 582 esset
2419 546 2581 598 quam
2638 553 3062 609 nuncuparetur,
3110 562 3286 619 neque
3317 558 3644 624 nuncupatio

2050 629 2155 668 non
2183 617 2477 676 nativitatis
2508 637 2688 693 esset,
2721 646 2893 700 neque
2920 636 3167 694 nativitas
3212 652 3457 698 naturam
3512 651 3648 702 ami-

2047 703 2233 773 sisset,
2303 727 2477 783 neque
2520 726 2708 775 natura
2757 738 2864 778 non
2924 729 3238 786 retinuisset
3289 744 3642 806 potestatem,

2046 811 2221 866 neque
2243 812 2481 870 potestas
2510 824 2616 864 non
2648 811 2807 867 etiam
2836 820 3048 873 conscia
3092 822 3194 877 sibi
3242 827 3487 884 veritatis
3519 847 3645 899 pro-

2045 889 2279 949 fessione
2307 906 2628 956 notesceret.
2657 901 2861 961 Causas
2887 923 3017 981 ergo
3058 928 3247 970 omnes
3304 918 3636 989 singulorum

2042 998 2302 1053 generum
2332 992 2399 1046 ita
2431 1007 2496 1048 ex
2527 994 2834 1069 Evangeliis
2864 1016 3158 1076 excerptas
3190 1011 3518 1080 subjecimus
3539 1059 3554 1083 ,
3584 1028 3641 1074 ut

2043 1094 2142 1134 nec
2169 1083 2436 1153 professio
2468 1093 2695 1147 tacuerit
2726 1103 3045 1163 potestatem
3068 1143 3083 1168 ,
3111 1118 3209 1159 nec
3234 1116 3475 1174 potestas
3530 1129 3637 1168 non

2042 1178 2343 1231 exseruerit
2372 1188 2617 1237 naturam
2645 1225 2660 1249 ,
2692 1187 3002 1259 nccﬁaatura
3028 1210 3134 1248 non
3188 1212 3300 1252 sua:
3339 1204 3637 1262 nativitatis

2041 1268 2105 1322 sit
2129 1311 2143 1333 ,
2180 1286 2278 1328 nec
2308 1275 2558 1332 nativitas
2588 1294 2693 1334 non
2743 1282 2825 1337 sui
2855 1286 3090 1343 nominis
3123 1306 3135 1342 :
3166 1298 3223 1345 nt
3276 1309 3369 1358 per
3424 1296 3478 1352 id
3528 1314 3635 1355 non

2041 1360 2439 1432 relinqueretur
2470 1369 2759 1437 impietatis
2789 1376 3054 1433 calumnia
3078 1422 3093 1444 ,
3126 1398 3246 1437 cum
3282 1386 3370 1442 Dei
3403 1390 3517 1444 veri
3567 1408 3635 1447 ex

2040 1451 2154 1507 Deo
2176 1469 2305 1510 vero
2334 1458 2707 1531 divinitatem,
2740 1471 3035 1526 secundant
3062 1483 3117 1528 et
3143 1492 3339 1534 nomen
3397 1491 3453 1537 et
3492 1487 3634 1540 nati-

2036 1543 2256 1602 vitalem
2308 1559 2358 1604 et
2391 1564 2635 1610 naturam
2667 1568 2720 1613 et
2749 1571 3100 1634 potestatem,
3124 1569 3237 1641 ipsa
3265 1588 3481 1648 quoque
3526 1580 3636 1637 Do-

2039 1637 2216 1695 minus
2239 1641 2397 1699 Jesus
2418 1644 2663 1705 Christus
2710 1654 2904 1711 nativa:
2950 1637 3194 1719 veritatis
3220 1637 3333 1723 sua:
3361 1637 3629 1741 protesta-

2038 1731 2184 1787 tioue
2213 1734 2506 1796 docuisset.

2108 1866 2198 1925 28.
2231 1869 2458 1935 Octavus
2506 1879 2653 1938 liber.
2714 1916 2783 1928 -—
2840 1889 3079 1952 Octavus
3112 1896 3224 1968 jam
3274 1917 3406 1959 vero
3454 1904 3623 1975 liber,

2034 1964 2245 2022 duobus
2264 1972 2634 2040 superioribus
2669 1980 2774 2052 18
2796 1980 2949 2039 libris
2997 1987 3064 2042 de
3114 1964 3215 2046 Dei
3254 1993 3366 2049 ﬁlio
3409 2007 3463 2053 et
3523 1964 3632 2058 Deo

2034 2071 2167 2114 vero
2191 2060 2418 2118 multum
2470 2065 2537 2121 ad
2582 2070 2921 2130 credentium
2975 2076 3136 2135 ﬁdem
3186 2086 3626 2161 proﬁcientibus,

2035 2158 2183 2208 totus
2210 2154 2262 2208 in
2291 2156 2449 2213 unius
2480 2160 2568 2215 Dei
2596 2162 3064 2229 demonstratione
3092 2174 3349 2236 detentus
3376 2158 3491 2251 est;
3522 2201 3628 2241 non

2034 2243 2286 2303 auferens
2314 2248 2426 2305 ﬁlio
2456 2252 2549 2308 Dei
2580 2258 2916 2316 nativitatem
2945 2305 2961 2331 ,
3008 2266 3104 2322 sed
3157 2284 3331 2341 neque
3362 2291 3460 2344 per
3509 2293 3627 2333 eam

2035 2337 2199 2393 duum
2216 2339 2438 2399 deorum
2465 2344 2798 2406 divinitatem
2832 2355 3201 2417 introducens.
3247 2337 3629 2439 'Ac-primum

2034 2431 2229 2499 quibus
2260 2434 2431 2491 modis
2459 2436 2697 2498 haeretici
2732 2447 3029 2505 veritatem
3046 2453 3138 2510 Dei
3169 2458 3337 2525 patris
3364 2431 3418 2516 et
3446 2461 3538 2518 Dei
3568 2464 3633 2518 ﬁ-

2033 2521 2126 2589 lii,
2158 2526 2279 2595 quia
2313 2542 2511 2599 negare
2533 2548 2638 2589 non
2658 2548 2913 2604 possent,
2939 2550 3118 2599 tamen
3144 2547 3369 2606 eludere
3400 2554 3631 2611 niteren-

2036 2623 2138 2684 tur,
2170 2619 2425 2690 edocuit;
2454 2625 2757 2687 dissolvens
2790 2634 3000 2705 ineptas
3026 2653 3215 2696 eorum
3271 2654 3325 2700 et
3377 2648 3630 2708 ridiculus

2032 2710 2349 2767 occasiones
2367 2754 2382 2777 ,
2407 2717 2602 2785 quibus
2632 2735 2727 2789 per
2756 2722 2808 2777 id
2839 2726 2980 2795 quod
3003 2727 3204 2787 dictum
3231 2743 3314 2790 est
3340 2756 3354 2793 :
3387 2738 3631 2796 Multim-

2033 2798 2172 2854 dinis
2196 2810 2369 2857 autem
2395 2808 2710 2866 credentium
2762 2826 2871 2869 erat
2903 2817 2983 2891 (d)
3009 2822 3183 2879 animo
3237 2836 3284 2880 et
3336 2846 3425 2884 cor
3470 2849 3630 2889 unum

2037 2889 2176 2960 (Act.
2208 2908 2295 2959 tv,
2325 2895 2418 2969 5‘2)
2444 2915 2457 2964 ;
2486 2910 2540 2955 et
2564 2917 2776 2959 rursum
2811 2923 2825 2960 :
2860 2889 2970 2975 Qui
2994 2912 3193 2978 plantat
3217 2928 3417 2989 autem,
3449 2936 3495 2979 et
3540 2929 3629 2998 qui

2031 2981 2197 3052 rigat,
2227 3000 2383 3041 unum
2412 3000 2532 3045 sunt
2558 2992 2603 3063 (l
2632 2992 2748 3049 Cor.
2782 3014 2871 3066 ttt,
2910 3000 3007 3075 8);
3040 3013 3095 3061 et
3122 3008 3314 3066 iterum
3350 3032 3364 3070 :
3391 2981 3512 3072 lVon
3534 2981 3629 3089 pro

2034 3071 2115 3127 Itis
2159 3088 2329 3130 autem
2380 3089 2579 3138 tantum
2608 3102 2754 3158 rogo,
2786 3092 2877 3145 sed
2924 3071 2969 3148 et
3017 3114 3111 3167 pro
3150 3102 3213 3156 iis
3258 3108 3346 3176 qui
3385 3071 3631 3167 creditruri

2032 3177 2150 3221 sunt
2176 3184 2267 3238 per
2296 3173 2501 3229 verbum
2522 3193 2700 3233 eorum
2728 3182 2785 3236 in
2826 3201 2905 3240 me
2931 3202 2950 3241 :
2981 3197 3037 3242 ut
3083 3208 3254 3250 omnes
3305 3215 3463 3255 unum
3492 3205 3628 3271 sint,

2033 3258 2164 3313 sicut
2187 3271 2263 3330 tu,
2279 3261 2456 3334 Pater,
2481 3268 2534 3323 in
2563 3288 2661 3339 me,
2687 3286 2737 3329 et
2758 3293 2848 3348 ego
2869 3279 2923 3334 in
2945 3290 3014 3348 te,
3049 3296 3105 3359 ut
3131 3298 3178 3340 et
3204 3289 3307 3360 ipsi
3326 3294 3429 3349 sint
3455 3297 3507 3351 in
3538 3315 3632 3355 no-

2032 3351 2109 3407 bis
2134 3353 2314 3424 (Joan.
2344 3374 2486 3427 xvn,
2518 3364 2611 3433 ΞΟ,
2669 3365 2760 3438 21)
2797 3354 3128 3436 :voluntatis
3180 3351 3362 3451 potius
3401 3397 3455 3443 et
3497 3351 3628 3445 una-

2032 3446 2292 3506 uimitatis
2317 3468 2477 3524 quam
2526 3457 2826 3520 divinitatis
2873 3482 3124 3528 asserunt
3180 3446 3486 3537 veritatem.
3519 3483 3628 3541 Sed

2030 3555 2130 3595 nos
2159 3541 2275 3599 base
2297 3546 2412 3616 ipsa
2443 3549 2556 3604 suis
2585 3552 2873 3613 virtutibus
2898 3575 3295 3631 pertractantes
3346 3572 3468 3642 (hoc
3515 3588 3623 3645 est,

2027 3636 2327 3692 secundum
2355 3640 2460 3696 vim
2486 3643 2821 3721 verborum),
2853 3653 3013 3711 ﬁdem
3043 3657 3097 3715 in
3145 3675 3206 3718 se
3259 3663 3456 3721 divinm
3488 3672 3629 3725 nati-

2028 3722 2511 3790 vitatiscontinere
2537 3740 2874 3799 ostendimus
2934 3763 2948 3799 :
3008 3760 3064 3803 et
3110 3766 3299 3810 omnes
3357 3756 3624 3817 dictorum

2026 3816 2426 3881 dominicorum
2478 3829 2845 3897 professiones
2886 3841 3261 3911 revolventes,
3308 3856 3480 3904 totum
3538 3861 3622 3908 at-

2024 3925 2130 3980 que
2160 3914 2456 3982 perfectum
2479 3961 2495 3986 ,
2525 3936 2592 3976 ex
2643 3928 2957 3994 apostolicis
3009 3937 3296 4003 praeconiis
3347 3955 3412 3996 ac
3451 3946 3627 4002 sancti

2023 4002 2259 4072 Spiritus
2279 4007 2465 4080 (Vocis
2492 4016 2663 4071 sancti
2690 4019 2944 4089 Spiritus,
2972 4002 3086 4095 qi...»
3105 4029 3190 4083 hic
3209 4030 3284 4085 vis
3304 4034 3371 4088 sit
3398 4077 3411 4101 ,
3436 4037 3626 4095 videsis

2024 4095 2116 4150 lib.
2141 4113 2254 4167 vtn,
2285 4118 2340 4155 η.
2363 4102 2455 4176 25)
2482 4110 2931 4184 proprietatibus,
2963 4128 3015 4174 et
3044 4130 3284 4190 paterna:
3333 4095 3408 4183 et.
3437 4131 3626 4202 unige-

2023 4190 2151 4246 nita:
2197 4194 2499 4264 majestatis
2526 4214 2924 4264 sacramentum
2954 4212 3237 4272 docuimus
3269 4236 3280 4271 :
3310 4235 3432 4277 cum
3474 4236 3527 4279 et
3570 4226 3623 4282 in

2024 4280 2186 4339 Patre
2219 4285 2390 4343 Filius
2442 4290 2779 4365 intellectus,
2814 4310 2870 4356 et
2897 4301 3059 4361 Pater
3084 4307 3137 4363 in
3161 4308 3299 4365 Filio
3337 4319 3625 4386 cognitus,

316 4390 577 4443 sensum,
610 4375 685 4447 (ε)
717 4373 963 4429 veritatis
987 4373 1384 4429 absolutionem
1438 4373 1785 4478 nuncupatio.
1819 4371 1918 4481 ﬁlii
2019 4377 2283 4481 unigeniti
2306 4381 2399 4439 Dei
2434 4386 2865 4481 nativitatem,et
2894 4398 3121 4467 perfecti
3149 4401 3203 4458 in
3232 4419 3301 4461 eo
3320 4371 3434 4464 Dei”
3433 4408 3512 4481 (5)
3540 4427 3625 4468 os-

314 4472 611 4527 obtineret.
637 4468 747 4525 Sed
774 4483 843 4525 ne
870 4468 996 4540 quid
1021 4510 1035 4533 ,
1058 4466 1473 4524 adversantibus
1527 4465 1787 4536 unigeniti
1824 4466 1917 4521 Dei

313 4566 564 4632 veritati,
595 4563 895 4620 occasionis
918 4561 986 4617 ad
1018 4561 1312 4617 fallendum
1365 4571 1420 4618 et
1467 4557 1799 4616 illudendum
1831 4574 1920 4615 re-
1944 4590 1996 4651 Β

311 4662 685 4732 linqueretur;
719 4663 891 4729 ipsam
926 4656 1072 4711 illam
1107 4654 1251 4759 (seu,
1282 4669 1385 4725 qua
1417 4653 1694 4759 proprius.
1715 4651 1811 4707 Dei
1857 4651 1920 4757 fl-

308 4753 423 4808 lius
450 4749 710 4822 creditur)
733 4750 1075 4821 proprietatis
1120 4747 1278 4804 ﬁdem
1306 4763 1399 4817 per
1427 4747 1727 4803 divinitatis
1774 4747 1917 4801 veri-

311 4858 486 4906 tatem
517 4848 884 4903 adstruximus
910 4863 924 4901 :
950 4845 1119 4900 Deum
1159 4858 1281 4899 esse
1324 4857 1481 4907 eum,
1511 4843 1601 4913 qui
1651 4840 1746 4896 Dei
1775 4839 1917 4945 ﬁlius

309 4957 424 4998 non
454 4946 761 5012 negaretur,
792 4939 875 4994 his
897 4935 1073 4993 modis
1100 4935 1360 4992 docentes
1382 4976 1398 5001 ,
1432 4934 1680 5002 nomine,
1713 4934 1912 4990 nativi-

389 5078 469 5153 (i)
497 5076 725 5153 S_c_ient_es
743 5115 756 5138 ,
782 5073 980 5153 deinde
1007 5073 1318 5153 nescientes;

389 5078 438 5150 (i
497 5078 725 5133 Scientes
743 5115 756 5138 ,
782 5078 980 5131 deinde
1007 5078 1318 5153 nescientes:

386 5078 469 5225 (εξ
503 5147 615 5202 Pia:
643 5146 1168 5201 doctrinmfortasse
1191 5142 1407 5197 melius.

386 5271 463 5347 (α)
489 5269 631 5326 Editi
661 5277 714 5323 et
740 5262 1389 5344 pleriqttemss.s_cientes;
1408 5268 1463 5315 et
1489 5273 1645 5326 mox,
1677 5262 1908 5313 nescien-

416 5363 436 5399 :
473 5343 801 5403 castigantur
849 5351 916 5393 ex
965 5345 1283 5403 perannquo
1340 5347 1442 5387 ms.
1489 5332 1644 5403 Colh.
1684 5344 1909 5403 necnon

305 5357 386 5404 tes
416 5363 436 5399 .'
473 5348 801 5411 castigantur
849 5351 916 5393 ex
965 5348 1303 5417 perantiquo.
1340 5348 1442 5387 ms.
1489 5348 1644 5387 Cotti.
1701 5348 1909 5432 necnon

305 5419 500 5476 Germ.
531 5428 595 5469 ac
645 5411 942 5466 vetustiore
966 5408 1174 5486 Remtg.
1205 5407 1413 5474 Quippe
1438 5402 1646 5486 haecode
1676 5400 1913 5481 Sabelho

305 5490 584 5530 rlimmlm‘-
618 5497 726 5530 nnn
758 5481 827 5530 de
855 5478 1089 5530 Ariams.
1116 5476 1252 5530 Tum
1302 5476 1499 5530 dunlex
1557 5490 1608 5528 in
1667 5472 1914 5528 Hebione

305 5490 588 5552 dicuntur,
618 5497 728 5538 non
758 5481 827 5537 de
855 5479 1089 5534 Arianis.
1116 5479 1252 5531 Tum
1302 5479 1499 5558 duplex
1557 5479 1608 5528 in
1667 5479 1913 5528 Hebione

306 5574 473 5618 error
495 5564 711 5612 notatur
742 5570 757 5608 :
791 5553 998 5628 primus
1022 5562 1130 5615 quo
1160 5558 1318 5618 negat
1346 5545 1618 5628 Christum
1647 5552 1773 5599 ante
1797 5543 1913 5599 Ma-

306 5631 445 5688 riam
469 5671 485 5696 ,
506 5628 645 5682 alter
664 5640 772 5696 quo
790 5620 904 5678 vult
923 5634 1047 5676 eum
1076 5633 1284 5673 merum
1313 5632 1435 5673 esse
1476 5620 1769 5672 hominem.
1880 5685 1892 5698 ι

382 5702 460 5741 m
486 5698 606 5741 var
642 5697 766 5741 Ras-
800 5711 903 5741 ms-
934 5694 1100 5741 uiuum
1125 5705 1297 5741 verum
1328 5707 1339 5741 :
1364 5698 1418 5741 et
1445 5703 1606 5741 sunra
1629 5730 1644 5741 .
1679 5686 1813 5741 Deus
1841 5701 1920 5741 ut-

382 5702 460 5773 (b)
486 5698 607 5754 Vat.
642 5697 767 5752 Bas.
800 5711 904 5750 ms.
934 5697 1100 5748 vivum
1125 5705 1297 5745 verum
1328 5707 1339 5743 :
1364 5698 1418 5745 et
1445 5703 1606 5760 supra
1629 5730 1644 5754 ,
1679 5697 1813 5741 usus
1841 5697 1890 5741 vi

305 5789 400 5831 vus
419 5786 567 5830 rem
590 5778 832 5840 operatus
851 5776 946 5823 est.

749 5863 1030 5925 ΡΑτιιοι..
1078 5858 1166 5922 Χ.

2020 4468 2305 4525 tenderent
2345 4478 2651 4535 veritatem.

2092 4627 2183 4686 29.
2216 4629 2367 4688 Liber
2387 4649 2572 4690 nonus.
2615 4637 2933 4712 Argumenta
2978 4655 3157 4704 contra
3191 4649 3386 4708 Christi
3438 4657 3626 4715 divini-

2023 4729 2199 4779 tatem.
2228 4756 2299 4765 —
2328 4726 2521 4784 Parum
2553 4741 2636 4785 est
2682 4742 2860 4791 autem
2888 4777 2904 4805 ,
2963 4739 3018 4794 in
3062 4741 3224 4799 rebus
3276 4747 3344 4801 ad
3389 4750 3617 4808 salutem

2026 4815 2262 4875 maxime
2297 4823 2655 4889 necessariis,
2683 4827 2797 4882 sola
2827 4844 2890 4885 ea
2938 4832 3005 4887 ad
3037 4835 3462 4897 satisfactionem
3495 4843 3621 4901 fidei

2025 4909 2240 4983 afferre,
2266 4928 2386 4984 quae
2412 4918 2631 4989 propria
2659 4929 2786 4976 sunt
2819 4939 2832 4975 :
2864 4924 2989 4994 quia
3017 4927 3335 5000 plerttmque
3364 4933 3443 5006 (4)
3466 4934 3622 4992 blan-

2119 5063 2177 5138 5)
2207 5061 2265 5138 l_n_
2291 5059 2574 5138 superiore
2604 5058 2847 5118 editione
2879 5080 2892 5117 :
2919 5065 3229 5124 ostenderet.

2119 5064 2177 5138 '5)
2207 5064 2264 5117 In
2291 5064 2574 5130 superiore
2604 5064 2691 5113 edi

2095 5064 2178 5209 is)
2199 5132 2506 5188 Blandieute
2527 5146 2698 5185 sensu.

2091 5248 2163 5323 (c)
2193 5249 2305 5305 Hoc
2321 5256 2443 5325 est,
2472 5264 2654 5325 veram
2678 5250 2844 5321 patris
2870 5263 3116 5311 naturam
3139 5273 3264 5316 vera
3288 5261 3380 5319 ﬁlii
3413 5282 3621 5325 nuncu-

2019 5319 2170 5406 patio.
2192 5319 2475 5411 manifeste
2501 5319 2777 5411 obtine—ret
2795 5340 2809 5376 :
2827 5327 3282 5411 quibusdeclarat
3299 5319 3633 5411 Hilarius'se,

2021 5391 2172 5466 Quasi
2196 5408 2260 5448 ex
2285 5391 2580 5468 abundanti
2600 5391 2941 5470 ostensurum
2991 5398 3126 5453 Filio
3170 5391 3622 5470 naturam—Panis

2020 5454 2176 5529 esse,
2208 5454 2495 5549 postquam
2518 5465 2754 5549 ostendit
2780 5465 2831 5520 ei
2886 5467 2981 5549 ﬁlii
3028 5454 3238 5549 nomen;
3278 5454 3617 5549 competere:

2020 5532 2263 5593 Notanda
2282 5550 2391 5588 vox
2413 5532 2702 5619 absolutio,
2713 5551 2839 5619 qua:
2883 5538 2960 5594 illi
3003 5542 3160 5600 valde
3214 5532 3623 5613 Munitis};

2024 5624 2124 5679 pro
2152 5614 2379 5679 recerta
2409 5605 2748 5679 et_evidenti.

2097 5679 2181 5753 (ά)
2211 5678 2284 5732 Ita
2309 5677 2452 5732 hunc
2474 5675 2651 5730 locum
2668 5677 2940 5756 exhibent
2959 5692 3272 5746 constanter
3291 5706 3423 5750 mss.
3481 5696 3625 5756 Editi

2025 5749 2193 5820 vero,
2226 5765 2314 5806 cor
2338 5764 2497 5804 unum
2518 5757 2566 5802 et
2592 5749 2767 5805 anima
2792 5766 2915 5808 una.

2991 5848 3032 5909 2
