4216 6254
510 330 583 388 is
1708 328 1955 390 SANCTI
1988 327 2247 389 HlLARIl
2284 324 2597 394 EPISCOPI
3753 328 3823 407 ιι

500 449 715 506 dientes
735 461 954 506 sensum
984 449 1064 525 (a)
1094 450 1562 508 tallantdictorum
1588 459 1900 508 nostrorum
1945 451 2103 509 inex—
2129 453 2184 514 Α
2206 454 2319 523 scit,
2352 471 2514 527 neque
2542 456 2730 529 Angeli
2753 456 2811 514 in
2836 457 2999 528 caelis,
3022 457 3104 535 (ά)
3130 474 3293 534 neque
3322 461 3515 532 Filius,
3536 464 3638 523 nisi
3658 414 3826 525 Ῥαιεν

497 541 723 611 ploratte
741 544 1071 601 assertiones
1090 586 1106 614 ,
1131 544 1238 600 nisi
1263 543 1427 600 etiam
1460 544 1889 615 propositionum
1908 544 2104 602 adver-

497 648 682 690 sarum
714 635 1102 693 demonstratae
1134 636 1455 706 inanitates,
1486 635 1648 693 ﬁdem
1679 644 1920 693 nostram
1950 637 2003 693 in
2035 653 2103 694 eo

504 726 626 797 ipso
650 770 664 796 ,
696 727 838 799 quod
866 728 1001 801 ipsa:
1041 728 1288 785 ridicula
1310 743 1435 785 esse
1464 737 1782 799 arguantur,
1812 729 2100 785 alﬁrment.

502 818 689 877 Nonus
720 820 901 892 itaque
929 821 1069 878 liber
1098 830 1245 879 totus
1275 823 1329 878 in
1362 821 1442 896 (ι)
1473 821 1802 894 repellendis
1846 822 1944 891 iis,
1978 836 2102 893 quae

498 914 569 971 ad
598 914 978 972 inﬁrmandam
1009 916 1276 988 unigeniti
1309 916 1404 973 Dei
1433 916 1514 990 (2)
1543 916 1879 973 nativitatem
1909 915 1978 972 ab
2008 916 2103 971 im-

498 1009 606 1081 piis
632 1020 982 1081 usurpentur,
998 1011 1240 1068 intentus
1268 1019 1354 1068 est
1381 1027 1396 1068 :
1431 1010 1523 1082 qui
1552 1009 1977 1081 dispensationis
2008 1023 2103 1065 oc-

496 1104 630 1160 culti
660 1119 691 1159 a
723 1105 939 1161 sareulis
964 1104 1212 1178 mysterii
1241 1104 1625 1173 immemores,
1659 1102 1973 1176 evangelica
1994 1102 2101 1159 ﬁde

490 1200 661 1256 Deum
692 1207 855 1271 atque
901 1200 1178 1256 hominem
1227 1199 1509 1271 prmdicari
1558 1213 1666 1254 non
1722 1197 2095 1254 recordentur.

494 1288 742 1363 Namque
769 1307 892 1349 cum
925 1292 1096 1348 Deum
1127 1307 1251 1348 esse
1284 1291 1571 1348 Dominum
1620 1299 1869 1347 nostrum
1913 1290 2099 1346 .lesum

492 1383 770 1441 Christum
792 1427 807 1454 ,
837 1394 894 1441 et
920 1386 1155 1442 similem
1184 1385 1297 1440 Deo
1334 1399 1455 1441 esse
1481 1393 1537 1442 et
1559 1385 1820 1454 mqualem
1848 1394 1906 1440 ut
1930 1385 2098 1442 Deum

486 1475 656 1533 ﬁlium
690 1478 802 1534 Deo
830 1478 1006 1549 patri,
1046 1485 1232 1534 natum
1275 1475 1353 1549 (5)
1399 1492 1469 1532 ex
1502 1477 1650 1543 Deo,
1705 1484 1760 1531 et
1803 1475 2099 1534 secundum

488 1572 791 1629 nativitatis
823 1571 1207 1642 proprietatem
1232 1569 1285 1625 in
1308 1569 1541 1625 veritate
1561 1568 1796 1639 Spiritus
1819 1570 1940 1643 (hoc
1983 1579 2092 1638 est,

491 1665 816 1736 divinitatis)
845 1666 1144 1722 subsistere
1170 1670 1403 1735 negant;
1437 1664 1520 1718 his
1544 1663 1641 1719 niti
1668 1662 1940 1720 dictorum
1991 1649 2096 1720 do-

484 1759 808 1815 minicorum
831 1758 1266 1830 professionibus
1292 1757 1472 1812 solent
1504 1775 1519 1812 :
1546 1757 1687 1825 Quid
1722 1773 1800 1811 me
1847 1757 1978 1812 dicis
2008 1756 2098 1813 bo-

2214 546 2361 603 solus
2393 546 2590 619 (Marci
2641 565 2759 620 xm,
2804 549 2895 623 52)
2951 562 3202 609 :utcum
3231 553 3400 612 Filius
3450 560 3660 616 nesciat
3678 562 3823 632 quod

2206 639 2368 696 Pater
2392 643 2540 699 solus
2561 643 2725 712 sciat,
2751 645 2912 718 longe
2936 645 3149 703 alienus
3175 650 3246 705 sit
3268 651 3524 710 nesciens
3542 668 3571 709 a
3590 654 3820 721 sciente;

2205 735 2327 803 quia
2376 745 2565 792 natura
2588 737 2913 810 ignorationi
2950 740 3217 811 obnoxia,
3250 758 3356 800 non
3385 745 3458 802 sit
3478 744 3596 819 ejus
3647 748 3821 804 virtu-

2205 828 2275 884 tis
2302 837 2359 885 et
2385 832 2688 903 potestatis,
2710 848 2832 907 quae
2861 848 2890 889 a
2917 832 3197 892 dominatu
3229 838 3582 909 ignorationis
3604 837 3687 913 (5)
3721 856 3822 899 ex-

2208 931 2366 992 cepta
2388 923 2480 980 sit.

2275 1014 2364 1072 '50.
2394 1016 2725 1091 Argumentis
2748 1019 3111 1094 respondetur.
3162 1051 3233 1063 ι--
3278 1021 3405 1080 [hec
3430 1022 3650 1095 itaque,
3697 1038 3819 1081 cor-

2202 1119 2365 1181 rupto
2392 1109 2797 1185 depravatoque
2828 1128 3012 1183 sensu,
3043 1114 3368 1187 impiissime
3416 1117 3489 1172 ita
3542 1116 3818 1173 intellecta

2204 1220 2329 1263 esse
2341 1216 2729 1276 monstrantes,
2752 1224 2945 1267 omnes
2971 1208 3236 1266 dictorum
3265 1224 3457 1267 causas
3481 1225 3549 1267 ex
3575 1210 3662 1266 his
3684 1208 3819 1282 ipsis

2199 1301 2285 1357 vel
2325 1301 2810 1373 interrogationum
2853 1302 2938 1359 vel
2968 1313 3270 1375 temporum
3323 1303 3408 1359 vel
3461 1302 3821 1374 dispensatio-

2203 1410 2331 1451 num
2361 1396 2655 1469 generibus
2678 1397 2958 1454 attulimus
2981 1440 2997 1467 ,
3022 1397 3202 1455 causis
3240 1398 3421 1469 potius
3468 1399 3636 1454 verba
3688 1397 3819 1454 sub-

2200 1487 2425 1559 dentes,
2455 1504 2563 1545 non
2585 1504 2780 1545 causas
2808 1490 2993 1548 verbis
3021 1489 3345 1562 deputantes
3387 1510 3401 1548 :
3452 1499 3511 1547 ut
3540 1505 3661 1547 cum
3691 1506 3721 1546 a
3754 1504 3819 1547 se

2200 1580 2465 1637 dissideat
2484 1623 2500 1649 ,
2524 1578 2685 1636 Pater
2711 1586 2883 1657 major
2906 1599 2989 1639 me
3014 1584 3133 1656 est(
3162 1581 3321 1639 Joan.
3366 1597 3489 1653 x1v,
3538 1582 3668 1655 28);
3729 1590 3807 1649 et,

2211 1672 2293 1747 (6)
2314 1673 2427 1746 Ego
2451 1682 2501 1731 et
2529 1674 2692 1730 Pater
2717 1692 2878 1731 unum
2906 1693 3086 1732 sumus
3133 1675 3314 1748 (Joan.
3363 1693 3417 1746 x,
3471 1676 3588 1748 50);
3636 1690 3815 1748 neque

2202 1767 2345 1823 idem
2394 1768 2495 1835 sit,
2529 1766 2698 1825 Nemo
2747 1769 2914 1825 bonus
2968 1781 3080 1840 est,
3132 1771 3235 1826 nisi
3265 1786 3398 1826 unus
3457 1768 3599 1825 Deus
3655 1767 3811 1842 (Luc.

485 1852 638 1906 num?
667 1849 837 1907 Nemo
857 1860 932 1906 est
963 1848 1124 1906 bonus
1144 1849 1249 1904 nisi
1277 1865 1411 1905 unus
1436 1847 1579 1904 Deus
1606 1847 1762 1923 (Luc.
1790 1865 1943 1917 xvm,
1981 1848 2094 1923 i9);
2127 1847 2176 1908 B
2205 1875 2338 1916 mu
2365 1903 2380 1929 ,
2415 1859 2537 1934 19);
2594 1868 2672 1928 et,
2724 1860 2796 1935 (ε)
2851 1862 2956 1931 Qui
3003 1879 3086 1919 me
3138 1863 3287 1930 vidit,
3339 1862 3466 1918 vidit
3510 1871 3556 1918 et
3598 1859 3813 1917 Patrem

485 1952 547 2000 ιιι
573 1958 696 2000 cum
724 1943 834 1999 dici
861 1959 922 2000 se
953 1943 1155 1999 bonum
1178 1950 1471 2013 coarguat,
1505 1951 1559 1997 et
1587 1957 1694 1998 non
1724 1942 1832 1999 nisi
1865 1941 1970 2014 19
1989 1941 2091 1998 bo-

487 2053 618 2094 num
637 2038 807 2094 Deum
827 2052 994 2093 unum
1021 2050 1145 2093 esse
1175 2044 1402 2092 testatur
1421 2034 1592 2109 ;et(b)
1610 2045 1772 2091 extra
1796 2036 2090 2092 bonitatem

490 2131 588 2186 Dei
620 2131 728 2196 sit,
761 2128 853 2200 qui
882 2128 1057 2186 bonus
1100 2136 1217 2195 est,
1247 2136 1299 2184 et
1330 2128 1386 2184 in
1419 2126 1518 2183 Dei
1547 2143 1658 2182 non
1698 2128 1769 2184 sit
1818 2128 2047 2185 veritate
2073 2169 2089 2196 ,

487 2222 580 2293 qui
607 2236 747 2278 unus
770 2227 872 2277 est.
905 2220 1112 2288 Quibus
1148 2220 1311 2277 dictis
1340 2218 1503 2277 etiam
1536 2219 1653 2276 haec
1681 2219 1749 2276 ad
1798 2220 2093 2290 impietatis

478 2328 593 2371 sua:
621 2321 937 2386 argumenta
962 2319 1298 2369 connectunt
1330 2310 1494 2366 :Hazc
1520 2320 1597 2367 est
1623 2320 1795 2368 autem
1823 2313 1926 2368 vita
1942 2321 2092 2368 teter-

480 2422 549 2463 na
566 2448 583 2476 ,
613 2415 667 2461 ut
707 2415 1019 2478 cognoscant
1050 2415 1098 2461 te
1124 2404 1296 2461 solum
1322 2421 1500 2460 verum
1519 2404 1688 2463 Deum
1706 2447 1720 2473 ,
1748 2415 1797 2462 et
1818 2423 1967 2477 quem
1987 2407 2089 2461 nti-

482 2501 597 2554 sisti
633 2497 815 2555 Iesum
841 2497 1102 2554 Christum
1130 2496 1311 2571 (Joan.
1340 2513 1492 2566 xvu,
1524 2496 1582 2570 ὅ)
1611 2515 1625 2552 :
1652 2506 1709 2553 ιιι
1759 2497 1936 2555 solum
1990 2513 2087 2555 ve—

484 2606 606 2648 rum
636 2591 809 2648 Deum
836 2591 1124 2647 confessus
1149 2590 1368 2646 Patrem
1388 2633 1404 2659 ,
1453 2604 1554 2647 nec
1608 2605 1770 2648 verus
1800 2591 1917 2662 ipse
1938 2632 1955 2660 ,
1987 2607 2088 2649 nec

483 2684 630 2743 Deus
658 2687 763 2755 sit;
788 2686 910 2759 quia
943 2686 1112 2743 solius
1136 2686 1235 2743 Dei
1290 2685 1403 2742 veri
1449 2685 1730 2757 exceptio,
1762 2686 2087 2759 signiﬁcat-ae

484 2780 838 2852 preprietatis
860 2780 936 2852 (c)
964 2796 1072 2835 non
1094 2779 1323 2836 excedat
1340 2788 1644 2837 auctorem.
1675 2779 1793 2836 Non
1832 2779 2089 2853 ambigue

478 2880 663 2929 autem
692 2870 797 2927 hoc
824 2871 894 2927 ab
923 2887 991 2928 eo
1021 2871 1226 2928 dictum
1276 2886 1399 2929 esse
1451 2872 1864 2943 intelligendum
1889 2915 1906 2942 ,
1960 2874 2087 2945 quia

480 2965 626 3024 idem
645 2965 844 3022 dixerit
866 2983 879 3021 :
906 2964 1033 3021 Non
1051 2975 1213 3037 potest
1239 2964 1408 3022 Filius
1430 2972 1601 3040 facere
1619 2971 1683 3024 ab
1707 2986 1761 3024 se
1784 2969 2084 3041 quidquam,

482 3059 584 3115 nisi
602 3058 740 3130 quod
759 3059 944 3115 viderit
973 3057 1183 3114 Patrem
1210 3059 1483 3130 facientem
1519 3059 1704 3132 (Joan.
1755 3078 1809 3126 v,
1862 3060 1954 3134 19)
1985 3078 1999 3117 :
2030 3070 2089 3119 ut

487 3169 608 3211 eum
634 3152 770 3208 nihil
797 3152 900 3208 nisi
931 3152 999 3209 de
1025 3153 1278 3223 exemplo
1307 3153 1490 3223 operis
1515 3155 1688 3224 possit
1709 3155 1923 3226 operari
1946 3196 1961 3223 ,
1991 3170 2089 3211 na-

2197 1954 2384 2028 (Joan.
2406 1956 2616 2029 xtv,9);
2645 1956 2735 2014 vel
2759 1966 2910 2014 certe
2936 1966 3084 2015 tanta
3109 1974 3139 2014 a
3167 1973 3228 2016 se
3256 1956 3577 2015 diversitate
3597 1967 3815 2015 contra.

2196 2048 2276 2105 ria
2306 2049 2416 2105 sint
2447 2067 2460 2106 :
2492 2048 2675 2119 Pater,
2708 2051 2883 2107 omnia
2939 2061 3030 2106 tua
3084 2067 3201 2106 mea
3250 2059 3402 2118 sunt,
3453 2059 3501 2105 et
3552 2064 3670 2105 mea
3720 2058 3810 2105 tua

2196 2138 2376 2212 (Ioan.
2401 2157 2532 2208 xvn,
2558 2139 2685 2214 l0);
2712 2152 2768 2198 et
2795 2141 2891 2215 (ι’),
2918 2127 2989 2198 Ut
3014 2150 3327 2215 cognoscant
3353 2150 3403 2197 te
3445 2142 3613 2197 solum
3633 2157 3813 2197 verum

2194 2232 2364 2289 Deum
2387 2233 2639 2305 (Ibidem,
2662 2236 2744 2306 5);
2768 2236 2855 2292 vel
2880 2236 3033 2304 illud,
3057 2235 3171 2307 Ego
3200 2236 3254 2291 in
3285 2235 3463 2301 Patre.
3487 2244 3536 2291 et
3562 2233 3724 2291 Pater
3751 2236 3809 2293 in

2191 2342 2273 2382 me
2303 2324 2484 2396 (Joan.
2509 2343 2622 2395 xrv,
2656 2327 2769 2400 ii);
2804 2337 2879 2398 et,
2904 2326 2984 2384 De
3009 2328 3092 2384 die
3115 2336 3286 2384 autem
3314 2329 3390 2403 (g)
3433 2336 3482 2383 et
3505 2329 3633 2384 hora
3660 2345 3810 2385 nemo

2191 2420 2309 2488 scit,
2362 2436 2522 2492 neque
2549 2422 2719 2493 angeli
2748 2422 2803 2475 in
2831 2423 2994 2490 caelis,
3050 2438 3213 2493 neque
3242 2420 3435 2489 Filius,
3491 2422 3595 2477 nisi
3644 2421 3810 2479 Pater

2191 2513 2333 2568 solus
2356 2511 2553 2587 (Marc.
2580 2530 2701 2581 xm,
2732 2512 2851 2589 51).
2879 2514 3259 2588 lntelligantur
3280 2516 3333 2571 in
3364 2515 3594 2587 singulis
3623 2515 3809 2572 etdiso

2192 2609 2569 2682 pensationum
2595 2610 3013 2683 praedicationes
3032 2654 3048 2681 ,
3085 2613 3196 2689 20
3221 2621 3276 2669 et
3295 2612 3530 2670 conscia:
3565 2619 3808 2684 potesta-

2192 2701 2262 2758 tis
2289 2703 2552 2758 naturalis
2580 2703 2994 2775 professiones:
3019 2713 3074 2761 et
3094 2721 3215 2762 eum
3250 2705 3392 2763 idem
3423 2706 3495 2762 sit
3524 2704 3652 2761 dicti
3671 2720 3807 2761 auc-

2189 2803 2278 2852 tor
2306 2795 2625 2869 utriusque,
2652 2797 3041 2855 demonstratis
3074 2808 3252 2855 tamen
3300 2799 3585 2855 virtutibus
3631 2813 3804 2870 gene-

2189 2904 2309 2945 rum
2341 2890 2671 2963 singulorum
2705 2891 3042 2965 (naturarum
3062 2891 3398 2965 singularum
3428 2907 3550 2964 qua:
3597 2898 3725 2948 sunt
3749 2891 3808 2949 in

2189 2980 2452 3055 Christo),
2496 3000 2601 3040 non
2631 2986 2902 3054 pertineat
2930 2985 2997 3042 ad
3026 2985 3409 3043 contumeliam
3439 3001 3583 3043 verae
3609 2985 3809 3042 divini-
3841 2974 3854 2986 ’

2190 3075 2340 3142 tatis,
2366 3076 2509 3149 quod
2539 3077 2608 3134 ad
2636 3088 3037 3136 sacramentum
3068 3078 3191 3135 ﬁdei
3216 3078 3542 3150 evangelica:
3566 3078 3669 3136 sub
3696 3077 3802 3134 dis-

2190 3169 2516 3240 pensatione
2563 3181 2619 3227 et
2648 3187 2828 3229 causa:
2859 3181 2914 3231 et
2943 3172 3205 3245 temporis
3233 3180 3290 3230 et
3314 3170 3608 3228 nativitatis
3628 3179 3686 3229 et
3709 3184 3809 3229 no—

481 3255 621 3303 turzn
652 3247 706 3301 in
754 3261 822 3303 eo
852 3246 1184 3317 intelligatur
1225 3245 1551 3316 inﬁrmitas;
1600 3249 1725 3319 quia
1755 3264 2095 3322 nequaquam
2127 3248 2177 3318 C
2202 3260 2366 3318 minis
2393 3263 2741 3335 ρι-ωάῑωιυιι,

480 3337 554 3394 sit
577 3338 988 3409 omnipotentiae
1019 3338 1448 3409 comparandum
1469 3381 1485 3409 ,
1531 3340 1679 3412 quod
1731 3342 1926 3399 alienae
1952 3359 2086 3415 ope-

484 3434 714 3490 rationis
757 3434 1060 3505 subjectum
1088 3443 1174 3490 est
1193 3434 1541 3503 necessitati;
1590 3445 1645 3492 et
1691 3438 1833 3494 ratio
1884 3437 2089 3496 intelli-

486 3527 685 3596 gentiae
727 3525 831 3581 hoc
857 3526 1119 3594 suadeat,
1148 3527 1207 3583 in
1235 3527 1485 3585 omnibus
1510 3542 1544 3583 ιι
1574 3541 1634 3585 se
1652 3543 1816 3600 posse
1866 3540 1925 3587 et
1977 3546 2086 3588 non

485 3631 671 3688 posse,
692 3616 934 3674 diﬁ'erre.
965 3617 1193 3676 Differre
1230 3626 1413 3675 autem
1438 3634 1506 3676 eo
1526 3635 1727 3692 usque,
1758 3631 1820 3677 ut
1846 3621 1915 3679 de
1934 3631 2091 3694 patre

486 3711 601 3768 Deo
628 3712 746 3769 haec
775 3712 846 3768 ita
870 3712 1148 3784 professus
1177 3714 1280 3769 sit:
1311 3713 1471 3772 Pater
1498 3717 1668 3789 major
1696 3733 1777 3773 me
1796 3727 1873 3773 est
1901 3717 2086 3793 (Joan.

486 3818 596 3871 xlv,
627 3802 723 3881 28)
751 3812 807 3861 et
833 3802 915 3878 (4)
937 3814 1120 3862 cesset
1145 3806 1200 3861 in
1233 3807 1570 3877 professione
1597 3809 1846 3866 absoluta
1895 3811 2090 3869 adver-

486 3898 644 3953 sandi
674 3897 982 3965 calumnia;
1010 3900 1135 3971 quia
1164 3900 1344 3971 impiae
1372 3902 1607 3958 vesaniae
1635 3906 1708 3960 sit
1728 3903 1992 3963 honorem
2026 3922 2091 3964 ac

491 4001 741 4048 naturam
771 3993 867 4049 Dei
893 3994 1132 4051 tribuere
1155 3995 1439 4053 abnuenti.
1458 3996 1621 4054 Omni
1644 4008 1823 4056 autem
1845 4000 2006 4058 modo
2035 4002 2090 4060 in

489 4094 702 4143 tantum
726 4102 850 4143 eum
880 4102 913 4143 a
942 4090 1272 4159 proprietate
1299 4092 1415 4147 veri
1444 4092 1540 4147 Dei
1562 4093 1756 4150 abesse
1775 4136 1791 4163 ,
1838 4104 1897 4150 ut
1927 4097 2091 4152 etiam

487 4187 719 4236 testatus
744 4177 863 4235 haec
884 4178 1045 4237 fuerit
1072 4199 1086 4235 :
1120 4181 1194 4236 De
1219 4181 1303 4238 die
1325 4193 1497 4239 autem
1524 4184 1620 4240 illa
1664 4194 1713 4241 et
1758 4185 1891 4242 hora
1942 4205 2090 4246 nemo

597 4317 648 4391 Ι)
679 4317 1012 4391 Refellcndis.

567 4317 648 4464 (lg
679 4317 1012 4391 Refellcndis.

566 4393 626 4460 (2
681 4392 862 4446 Ροιίοι
891 4392 1102 4447 videtur
1122 4391 1293 4448 nostri
1317 4392 1695 4451 codicislectio
1721 4414 1733 4451 :
1756 4397 2093 4459 divinitatem.

494 4464 627 4520 Nam
644 4465 887 4535 proiecto
901 4464 952 4517 in
971 4478 1115 4519 nono
1128 4465 1268 4520 libro
1279 4475 1461 4521 contra
1478 4468 1916 4526 adversariorum
1933 4488 2102 4529 cona~

495 4546 581 4590 tus
612 4534 792 4590 veram
824 4534 944 4614 F_il_ii
975 4536 1296 4614 divinitatem
1318 4540 1660 4608 potissimum
1687 4551 1867 4598 tuetur
1913 4563 1926 4597 :
1974 4560 2098 4614 qua:

496 4615 678 4663 tamen
709 4606 923 4662 nonnisi
951 4623 1019 4662 ex
1049 4606 1457 4666 nativitatis—sua:
1487 4622 1678 4667 natura
1705 4614 1807 4669 sibi
1851 4622 1955 4669 est.
1992 4606 2101 4669 Ἀι-

496 4678 1437 4753 quehinreliCQrunLoltjectaomnia
1467 4720 1481 4745 ,
1512 4698 1631 4751 qum
1649 4683 1805 4738 diluit
1837 4684 2098 4753 Hilarius,

497 4751 564 4805 ad
595 4749 969 4803 inﬁrmandam
992 4749 1115 4802 Fllll
1146 4750 1477 4804 divinitatem
1509 4749 1809 4808 collimant.

571 4819 650 4893 (3)
677 4819 734 4874 lu
756 4821 1032 4873 anteriore
1066 4818 1305 4875 editione
1333 4830 1548 4875 :natum
1572 4833 1618 4876 et
1640 4822 1773 4878 Deo.

570 4932 652 5013 (ιι)
682 4931 898 5013 Aliquot
929 4932 1384 5013 mss-litandiente
1408 4950 1559 4990 sensu
1589 4951 1609 4990 :
1633 4944 1687 4992 et
1707 4952 1832 4993 mox
1857 4939 1920 5013 in
1947 4939 2106 5013 refel-

500 5004 665 5077 tendis
690 5045 704 5070 ,
736 5018 834 5073 pro
860 5004 914 5057 in
943 5004 1271 5077 repellendis.
1304 5005 1474 5061 Nemo
1503 5022 1665 5077 porro
1695 5024 1805 5064 non
1835 5010 1981 5067 videt
2005 5004 2106 5068 vo—

499 5076 749 5201 capnlurg
782 5090 987 5129 sensum
1013 5075 1079 5131 ad
1103 5077 1323 5146 fallant,
1354 5092 1463 5133 non
1485 5075 1551 5134 ad
1574 5079 1892 5139 blandientes
1914 5124 1930 5151 ,
1977 5100 2101 5142 esse

497 5161 559 5202 re
587 5162 715 5202 eren
756 5162 867 5201 um.

578 5215 651 5289 (ὁ)
685 5218 741 5300 ιιι
770 5227 882 5303 εει.
913 5226 967 5303 et
999 5234 1106 5303 non
1132 5218 1204 5274 sit
1230 5235 1455 5303 consors
1477 5221 1737 5282 bonitatis
1782 5227 1960 5297 illius,
1991 5245 2099 5303 qua

506 5287 646 5360 Deus
673 5289 1014 5360 singulariter
1036 5290 1207 5347 bonus
1233 5300 1338 5359 est,
1363 5305 1469 5351 etc.

500 5378 505 5381 -
575 5358 646 5430 (ε)
679 5358 789 5436 11οᾷ
810 5372 893 5436 est
913 5404 926 5426 ,
958 5363 1094 5417 intra
1125 5362 1337 5436 Patrem
1363 5381 1584 5436 prorsus
1614 5371 1956 5430 contineatur
1999 5381 2089 5431 at-

498 5446 603 5516 que
626 5433 982 5516 concludatur
1010 5434 1152 5501 quod
1186 5437 1327 5493 illius
1354 5433 1632 5516 proprium
1675 5459 1799 5516 esse
1826 5446 2105 5516 significa-r

496 5511 611 5626 ttum
640 5516 757 5571 εει,
793 5520 891 5561 nec
915 5507 983 5561 ab
1013 5520 1079 5563 eo
1105 5520 1261 5565 exeat
1284 5551 1300 5573 .
1329 5507 1388 5566 ut
1417 5507 1513 5569 ulli
1552 5515 1710 5572 alteri
1734 5507 2101 5575 communice-

522 5589 602 5626 ιιι·.

522 5589 602 5626 ιιι·.

542 5643 658 5731 ,(άὶ
681 5644 737 5731 ξη
758 5645 881 5731 eod.
904 5645 1029 5731 Vat.
1058 5649 1171 5731 bas.
1204 5650 1293 5710 hic
1317 5665 1372 5712 et
1397 5656 1556 5731 infra,
1588 5674 1746 5731 neque
1768 5660 1910 5730 ﬁlius
1934 5662 2097 5718 hami.

499 5717 598 5797 nis.
630 5717 916 5797 Abestvox
938 5719 1158 5774 hominis
1184 5737 1213 5776 a
1240 5728 1485 5797 caeteris,
1515 5717 1622 5785 non
1664 5717 1780 5787 'hoc'
1798 5733 1977 5790 solum
2021 5717 2097 5790 li-

499 5785 767 5876 illiti-3-8???
782 5797 1013 5876 etlttono.
1029 5830 1044 5855 ,
1072 5805 1241 5876 eaque
1260 5785 1484 5855 sublata,
1497 5800 1650 5859 locus
1672 5785 2098 5876 αιίιεζιιὶιῖιῆιιὶῐα

485 5855 667 5914 fronte
684 5858 804 5931 plus
831 5860 1045 5921 Arianis
1071 5855 1232 5920 lavet.

2131 4816 2188 4879 D

2265 3358 2355 3413 51.
2382 3356 2534 3414 Liber
2558 3359 2806 3416 decimus.
2843 3361 3092 3430 Quaado»:
3117 3360 3405 3435 Scriptum
3427 3360 3576 3417 verba
3601 3359 3809 3417 licereli-

2195 3450 2270 3506 cis
2295 3454 2464 3522 specie
2488 3461 2633 3508 tenus
2661 3455 2908 3524 faventia.
2940 3485 3012 3496 —
3033 3455 3238 3512 Decimi
3265 3471 3394 3513 vero
3440 3454 3563 3511 libri
3613 3455 3805 3511 eadem

2194 3548 2282 3598 est
2309 3543 2485 3614 ratio,
2508 3560 2629 3616 qua:
2658 3546 2806 3603 titlei.
2836 3546 2970 3604 Nam
3015 3546 3138 3618 quia
3177 3562 3246 3603 ex
3286 3547 3555 3618 passionis
3603 3560 3809 3616 genere

2194 3642 2253 3693 et
2266 3637 2601 3709 professione
2619 3639 2862 3711 quaedam
2884 3654 2983 3713 per
2995 3640 3173 3697 stulta
3197 3639 3571 3712 intelligentia
3582 3652 3810 3696 sensum

2200 3730 2267 3787 ad
2294 3734 2679 3791 contumeliam
2707 3734 2906 3791 divinae
2935 3736 2989 3791 in
3015 3735 3245 3791 Domino
3269 3734 3401 3792 Iesu
3444 3732 3671 3792 Christo
3712 3748 3813 3790 na-

2199 3831 2334 3880 turae
2366 3826 2688 3900 virtutisque
2737 3839 3070 3900 rapuerunt;
3112 3842 3176 3883 ea
3217 3828 3333 3899 ipsa
3382 3827 3809 3885 demonstranda

2197 3913 2436 3986 fuerunt,
2464 3928 2520 3975 et
2546 3921 2615 3977 ab
2638 3921 2723 3977 his
2749 3921 3067 3991 impiissime
3094 3920 3368 3978 intellecta
3396 3935 3538 3986 esse,
3565 3930 3621 3976 et
3644 3935 3677 3974 ι
3706 3919 3815 3975 Do-

2198 4010 2348 4067 mino
2376 4012 2443 4067 ad
2473 4014 2919 4084 protestationem
2951 4029 3096 4071 verte
3124 4022 3182 4071 et
3233 4013 3490 4087 perfecta
3521 4014 3579 4070 in
3605 4028 3666 4070 se
3694 4028 3814 4069 ma-

2194 4102 2405 4175 jestatis
2427 4121 2549 4164 esse
2572 4118 2893 4165 memorata.
2921 4108 3166 4181 Namque
3213 4107 3299 4165 his
3357 4109 3465 4166 sibi
3523 4106 3708 4175 dictis,
3756 4113 3816 4162 ut

2198 4197 2458 4270 religiose
2485 4201 2635 4273 impii
2656 4202 2788 4270 sint,
2802 4202 3150 4261 blandiuntur
3173 4219 3189 4258 :
3208 4201 3397 4258 Tristis
3414 4210 3491 4259 est
3509 4203 3685 4258 ιιιιὶιιιιι
3701 4215 3816 4256 mea

2283 4334 2366 4409 (4)
2398 4337 2494 4398 Ms.
2528 4349 2751 4398 noster:
2780 4358 2979 4397 necesse
3007 4341 3162 4398 estin
3211 4341 3528 4411 professione
3579 4339 3815 4411 absoluta

2209 4408 2519 4484 adversandi
2547 4413 2808 4466 calumnia
2834 4413 3089 4466 videatur.
3108 4408 3336 4484 Rectius
3375 4427 3535 4484 quam
3562 4411 3617 4467 in
3645 4409 3816 4465 Eras-

2209 4482 2387 4553 miana
2406 4484 2769 4553 ,Acaeterisqne
2794 4498 2808 4535 :
2839 4492 2888 4536 et
2915 4491 3074 4537 cesset
3099 4483 3175 4553 in,
3204 4492 3312 4538 etc.

2309 4552 2364 4693 5;
2394 4550 2653 4623 Excerpta
2672 4550 2758 4607 iit.

2310 4624 2341 4677 6
2395 4623 2491 4679 Hic
2516 4639 2545 4677 a
2566 4625 2755 4681 codice

2310 4623 2364 4693 6)
2395 4623 2491 4679 Hic
2516 4639 2545 4677 a
2566 4625 2755 4681 codice
2786 4623 2982 4681 Veron.
3011 4625 3373 4695 interponitur
3415 4627 3635 4690 iterum;
3674 4625 3817 4681 sicut

2210 4701 2267 4749 et
2291 4708 2415 4750 mox
2440 4703 2566 4770 ante
2593 4696 2803 4770 verba;
2832 4696 2935 4763 Qui
2952 4713 3034 4753 me
3052 4697 3202 4767 vidit,
3232 4708 3363 4766 etc.,
3399 4708 3561 4770 atque
3587 4695 3817 4754 inferius

2211 4775 2338 4822 ante
2365 4767 2531 4824 verba
2564 4785 2579 4823 :
2610 4765 2691 4823 De
2716 4768 2819 4823 die.

2289 4943 2360 5020 (ε)
2393 4944 2491 5002 llic
2520 4955 2576 5004 et
2601 4946 2860 5019 deinceps
2884 4946 3016 5005 editi
3039 4946 3193 5019 juxta
3242 4947 3559 5020 Vulgatam,
3605 4946 3693 5018 qui
3736 4960 3819 4999 me

2210 5016 2368 5074 videt.
2418 5023 2487 5074 At
2535 5016 2811 5076 meliores
2841 5036 2973 5076 mss.
3022 5016 3334 5075 constanter
3352 5016 3529 5090 'juxta
3578 5016 3817 5090 graecum

2211 5096 2417 5164 textum
2441 5102 2778 5164 caeterosque
2821 5092 3012 5149 Patres
3060 5091 3263 5147 Hilario
3310 5091 3577 5163 aequales,
3607 5089 3712 5157 Qui
3740 5102 3821 5141 me

2213 5160 2359 5229 vidit,
2375 5164 2520 5218 vidit.
2688 5160 2705 5164 ’
2889 5205 2901 5217 ι

2287 5255 2359 5330 (Ι)
2392 5256 2461 5334 In
2482 5257 2710 5334 vulgatis
2740 5258 2848 5327 hic,
2901 5267 2949 5334 et
2974 5258 3201 5334 iterum;
3248 5270 3312 5312 ac
3355 5254 3517 5334 paulo
3557 5261 3717 5325 post.
3752 5262 3821 5334 Aet

2206 5327 2490 5408 iterumndc
2515 5327 2618 5383 die.
2646 5329 2888 5408 Utroque
2913 5331 2968 5386 in
2990 5330 3113 5408 loco
3133 5331 3287 5384 abest
3301 5342 3412 5384 vox
3441 5327 3628 5408 iterum
3652 5327 3816 5379 casti-

2210 5400 2510 5471 gatioribus
2542 5417 2673 5455 mss.
2702 5410 2758 5457 et
2785 5398 2980 5458 abesse
3024 5401 3186 5458 debet
3215 5417 3229 5454 :
3254 5414 3363 5456 non
3391 5401 3537 5471 enim
3569 5398 3656 5452 hic
3681 5410 3828 5451 con»-

2216 5473 2393 5544 geries
2413 5483 2499 5528 est
2521 5473 2953 5530 testimoniorum
2982 5474 3035 5530 in
3066 5488 3228 5529 unam
3256 5487 3374 5544 rem
3422 5470 3776 5528 collectorum
3800 5506 3817 5535 ,

2214 5542 2313 5600 sed
2339 5556 2570 5615 quatuor
2597 5545 2700 5600 loci
2728 5556 2958 5616 quatuor
2982 5545 3108 5602 aliis
3133 5542 3388 5616 oppositi.

2285 5658 2475 5739 (g)“‘Ex
2501 5659 2778 5739 meliorum
2806 5677 2937 5719 mss.
2968 5674 3236 5739 consensu
3271 5665 3549 5739 _expuncta
3592 5663 3682 5739 est
3713 5652 3817 5739 hic

2209 5724 2441 5804 voi'illa
2469 5772 2485 5798 ,
2519 5734 2768 5804 quamvis
2796 5743 2972 5790 exstet
3017 5731 3285 5804 superiori
3318 5724 3563 5786 numero.
3592 5727 3700 5804 Sig
3713 5724 3809 5781 lib.

2210 5819 2265 5859 rx
2283 5845 2299 5871 ,
2334 5820 2388 5859 ιι.
2419 5803 2476 5871 2,
2508 5799 2697 5860 eadem
2724 5799 3360 5875 exprimiturfretlcetur
3378 5815 3603 5859 verum.
3632 5799 3727 5867 57,
3756 5806 3814 5854 ut

2206 5885 2266 5933 et
2289 5877 2341 5932 in
2364 5890 2445 5949 ps.
2470 5890 2612 5933 cxut
2631 5917 2646 5947 ,
2669 5891 2724 5932 n.
2754 5874 2812 5931 2.
