4216 6254
422 364 493 429 45
653 415 663 427 .
1667 360 1756 427 DE
1793 367 2165 426 TRINITA'IE
2204 369 2409 425 LIBER
2445 362 2487 424 Ι.
3659 367 3730 425 46

419 503 581 559 usque
610 485 681 540 ad
707 494 917 541 mortem
939 482 1153 558 (Matth.
1176 499 1320 548 xxvn,
1345 482 1459 556 58);
1482 493 1539 538 ut
1568 482 1725 555 longe
1753 499 1782 539 a
1801 483 2029 539 beatitu-
2058 485 2104 545 Α
2132 498 2252 555 qua)
2278 481 2333 538 in
2358 490 2697 540 sacramento
2727 491 2782 540 et
2806 481 2999 538 animae
3030 490 3086 539 et
3109 483 3354 554 corporis
3385 482 3596 539 Domini
3629 487 3723 542 Je-

417 582 547 635 dine
572 589 734 651 atque
762 578 1166 649 incorruptione
1197 578 1287 633 Dei
1316 577 1475 644 sit,in
1506 578 1659 648 cujus
1681 579 1913 633 animam
1932 577 2030 632 do—

418 674 634 729 minans
661 672 1079 728 metustristitia:
1098 670 1429 726 imminentis
1449 668 1698 726 inciderit
1722 688 1735 724 :
1757 669 2028 742 quietiam

423 781 593 835 usque
619 763 685 819 ad
724 762 865 819 hanc
894 778 1112 834 precem
1143 770 1528 818 consternatus
1573 761 1733 818 fuerit
1759 762 2029 833 passionis

424 857 751 914 necessitate
777 873 791 913 :
823 855 1002 923 Pater,
1028 858 1072 911 si
1099 856 1340 930 possibile
1366 866 1439 911 est
1465 898 1479 923 ,
1509 864 1736 912 transeat
1761 855 1900 911 calix
1934 855 2029 910 iste

422 969 455 1005 a
480 969 559 1007 me
583 950 829 1023 (Ibidem,
859 952 951 1020 59)
982 969 996 1006 :
1028 959 1082 1006 et
1109 950 1228 1007 sine
1261 948 1426 1006 dubio
1450 952 1639 1006 timere
1693 950 1768 1023 (I)
1816 948 2029 1007 videre-

426 1056 513 1098 tur
540 1040 615 1115 (a)
647 1043 877 1114 perpeti,
911 1042 1052 1113 quod
1082 1050 1455 1115 ngpateretur
1480 1043 1748 1109 oraverit;
1775 1043 1897 1115 quia
1931 1058 2024 1113 pa~

427 1136 594 1192 tiendi
618 1137 908 1208 trepidatio
934 1152 1153 1192 causam
1176 1135 1758 1207 attuleritdeprecandi
1786 1153 1799 1189 :
1825 1135 1877 1190 in
1911 1147 2023 1189 tan-

428 1242 537 1286 tum
565 1246 696 1287 vero
724 1229 1094 1287 inﬁrmitatem
1122 1231 1239 1303 ejus
1268 1230 1561 1287 obtinuerit
1589 1230 1669 1287 vis
1700 1230 1935 1297 doloris,
1971 1240 2030 1285 ut

427 1323 479 1379 in
510 1326 625 1394 ipso
647 1325 823 1380 crucis
850 1333 1097 1397 tempore
1126 1323 1330 1380 diceret
1387 1342 1398 1377 :
1453 1322 1613 1389 Deus,
1666 1322 1803 1379 Deus
1853 1341 2021 1389 meus,

424 1432 585 1487 quare
602 1432 684 1471 me
710 1416 1026 1488 dereliquisti
1048 1414 1273 1489 (Matth.
1303 1432 1451 1472 xxvtt
1491 1458 1506 1483 ,
1550 1414 1682 1489 46)?
1733 1417 1822 1482 qui
1862 1415 2023 1472 etiam

432 1526 601 1582 usque
631 1511 697 1568 ad
724 1512 1000 1583 querelam
1029 1511 1383 1568 desolationis
1405 1527 1517 1567 sua:
1540 1554 1554 1578 ,
1590 1510 1856 1581 passionis
1878 1525 2029 1565 acer-

426 1605 596 1663 bitate
626 1616 964 1673 commotus,
995 1606 1180 1663 auxilii
1224 1607 1380 1677 inops
1420 1605 1654 1677 paterni,
1685 1604 1935 1676 spiritum
1973 1604 2024 1657 in

425 1701 527 1756 hac
550 1717 683 1756 voce
722 1701 963 1757 emiserit
994 1715 1115 1756 cum
1157 1698 1293 1755 dixit
1344 1718 1357 1754 :
1414 1697 1598 1766 Pater,
1626 1695 1924 1752 commendo
1972 1697 2025 1751 iu

427 1811 609 1848 manus
638 1802 751 1849 tuas
792 1793 1029 1863 spiritum
1060 1809 1225 1846 meum
1268 1790 1417 1860 (Luc.
1450 1806 1605 1854 xxnt,
1627 1789 1718 1861 46)
1748 1807 1762 1857 ;
1787 1797 1841 1844 et
1862 1788 2026 1843 exha-

2132 589 2193 629 su
2219 572 2416 628 Christi
2440 583 2563 630 sunt
2588 616 2604 643 ,
2636 573 2705 646 (e)
2732 573 2865 630 nihil
2891 574 3308 645 inexploratum,
3341 577 3473 633 nihil
3501 577 3719 632 tacitum

2131 665 2212 740 (5)
2261 667 2650 739 dereliquimus
2678 687 2693 724 :
2726 669 2820 725 sed
2844 669 3107 726 dictorum
3151 670 3390 727 omnium
3443 672 3723 742 paciﬁcam

2131 757 2538 831 intelligentiam
2558 763 2781 836 singulis
2802 763 3101 835 quibusque
3129 779 3411 821 causarum
3434 766 3724 837 generibus

2130 861 2446 923 coaptantes
2467 896 2482 922 ,
2519 871 2619 913 nec
2649 856 2921 927 trepidare
2951 856 3226 924 ﬁduciam,
3256 874 3355 915 nec
3382 859 3586 916 evitare
3639 875 3724 915 vo-

2130 945 2417 1014 luntatem,
2448 962 2548 1004 nec
2574 950 2831 1018 conqueri
2878 950 3250 1017 securitatem,
3306 968 3406 1008 nec
3448 967 3728 1009 commen-

2130 1039 2407 1096 dationem
2461 1041 2545 1096 sui
2611 1051 2882 1110 orantem,
2941 1043 3063 1099 aliis
3123 1046 3337 1101 veniam
3385 1044 3726 1102 desiderasse

2131 1133 2553 1191 monStravimus
2583 1153 2596 1190 :
2628 1136 2786 1192 ﬁdem
2817 1137 3085 1193 dictorum
3132 1138 3512 1195 universorum
3565 1139 3727 1196 abso~

2131 1228 2239 1284 luta
2271 1231 2563 1302 evangelici
2597 1231 2840 1304 mysterii
2884 1230 3263 1304 prardicatione
3290 1234 3583 1289 ﬁrmantes.

2202 1323 2290 1376 '53.
2335 1321 2485 1377 Liber
2514 1340 2567 1379 x1
2619 1324 2726 1379 alia
2761 1323 3120 1380 luereticorutu
3167 1335 3467 1399 argumenta
3510 1326 3724 1400 refellit.

2128 1444 2200 1455 —
2225 1414 2391 1486 Igitur
2434 1418 2559 1489 quia
2590 1418 3063 1490 desperatissimos
3089 1419 3335 1477 homines
3365 1437 3432 1477 ne
3464 1422 3577 1490 ipsa
3608 1425 3725 1494 qui-

2130 1505 2252 1561 dem
2283 1509 2697 1565 resurrectionis
2740 1511 2905 1582 gloria
2936 1510 3075 1566 intra
3109 1512 3386 1584 religionis
3417 1514 3720 1584 intelligen-

2132 1597 2258 1651 tiam
2287 1599 2510 1654 edoetos
2531 1598 2790 1668 cohibuit,
2812 1602 2905 1658 sed
2935 1611 3027 1657 aut
3052 1618 3147 1673 per
3173 1604 3499 1675 dignationis
3522 1607 3727 1676 profes-

2130 1689 2360 1757 sionem,
2382 1692 2669 1763 impietatis
2694 1711 2808 1751 sua:
2837 1712 2984 1753 arma
3013 1708 3381 1775 sumpserunt,
3415 1709 3508 1756 aut
3541 1699 3606 1774 (Ῑ)
3648 1717 3734 1756 sa--

2131 1787 2391 1842 cratnenti
2443 1787 2826 1845 revelationem
2872 1789 2938 1845 ad
2992 1790 3085 1846 Dei
3115 1792 3499 1849 contumeliam
3554 1801 3733 1851 trans-

427 1886 569 1942 landi
600 1886 824 1957 spiritus
847 1885 1205 1957 trepidatione
1228 1884 1472 1940 turbatus
1498 1884 1575 1958 (2)
1601 1884 1857 1939 tuendum
1889 1881 2032 1937 hunc
2061 1886 2107 1947 Β
2137 1878 2375 1934 tulerunt
2403 1898 2416 1934 :
2448 1889 2505 1936 ut
2550 1897 2645 1952 per
2675 1880 2727 1937 id
2757 1882 2898 1953 quod
2943 1881 3146 1940 dictum
3195 1893 3279 1941 est
3302 1928 3315 1949 ,
3366 1885 3637 1942 Adscendo
3664 1891 3734 1942 ad

425 1978 507 2050 (b)
575 1979 685 2034 Deo
763 1979 906 2049 patri
959 1975 1453 2042 commendaverit;
1507 1978 1630 2047 quia
1674 1974 2024 2031 commenda-

426 2070 588 2125 tionis
618 2068 997 2126 necessitatem
1021 2069 1329 2141 desperatio
1358 2069 1667 2125 securitatis
1689 2069 1949 2140 exegerit.

498 2164 591 2220 32.
622 2162 739 2218 Alia
764 2164 829 2217 iis
851 2173 1199 2236 apponuntur.
1242 2194 1315 2205 —
1350 2164 1456 2219 Sed
1510 2163 1814 2220 stultissimi
1864 2172 2025 2235 atque

427 2256 732 2329 impiissimi
779 2256 1060 2325 homines,
1093 2273 1199 2313 non
1224 2257 1581 2328 intelligentes
1629 2256 1763 2311 nihil
1810 2263 2026 2312 contra-

425 2352 567 2410 rium
600 2355 652 2408 in
675 2353 836 2410 rebus
858 2351 1048 2408 iisdem
1074 2352 1141 2407 ab
1166 2351 1360 2407 eodem
1390 2352 1589 2407 dictum
1621 2349 1817 2418 fuisse,
1847 2351 2027 2406 verbis

429 2459 636 2504 tantum
662 2448 1023 2512 inhmrentes,
1049 2461 1241 2503 causas
1284 2446 1430 2517 ipsas
1473 2444 1741 2501 dictorum
1786 2444 2025 2515 relique-

428 2552 573 2599 runt.
630 2541 764 2598 Nam
817 2557 941 2596 cum
991 2541 1150 2613 longe
1216 2540 1554 2612 multumque
1599 2538 1873 2595 diversum
1920 2538 2025 2605 sit,

429 2635 617 2691 Tristis
636 2646 710 2691 est
728 2636 903 2689 anima
924 2651 1033 2689 mea
1050 2633 1284 2708 usquead
1297 2644 1504 2688 mortem
1518 2631 1731 2707 (Matth.
1750 2648 1895 2698 xxvt,
1912 2629 2024 2700 58);

427 2743 504 2797 ct,
536 2730 734 2785 Amodo
756 2730 984 2786 videbitis
1014 2727 1062 2782 F
1064 2731 1212 2784 ilium
1247 2729 1465 2785 hominis
1492 2728 1744 2804 sedentem
1769 2744 1801 2779 a
1835 2723 2029 2779 dextris

2128 1981 2326 2040 patrem
2346 1983 2573 2029 meamet
2594 1974 2663 2028 ad
2684 1983 2880 2046 patrem
2906 1985 3123 2031 vestrum
3145 1974 3249 2051 (6),
3280 1977 3349 2031 ad
3373 1975 3543 2033 Deum
3566 1996 3734 2034 meum

2128 2073 2177 2122 et
2204 2069 2272 2120 ad
2297 2064 2457 2120 Deum
2484 2077 2707 2122 vestrum
2736 2066 2912 2141 (Joan.
2949 2084 3048 2134 xx,
3099 2070 3222 2141 I7),
3255 2069 3382 2125 dum
3428 2074 3735 2127 communis

2127 2164 2284 2220 nobis
2307 2171 2469 2233 atque
2496 2162 2594 2234 ipsi
2626 2173 2680 2219 et
2705 2163 2866 2219 Pater
2895 2173 3046 2235 pater
3067 2174 3171 2231 est,
3201 2173 3255 2221 et
3287 2166 3427 2221 Deus
3462 2166 3602 2222 Deus
3630 2175 3735 2231 est,

2128 2271 2278 2315 extra
2310 2256 2682 2328 exceptionem
2715 2259 2830 2314 veri
2862 2258 2956 2314 Dei
2995 2260 3067 2314 sit
3109 2258 3161 2315 in
3206 2256 3547 2330 professione
3589 2274 3739 2315 com-

2130 2350 2299 2418 muni,
2353 2366 2583 2422 eumque
2623 2349 2780 2406 sicuti
2830 2367 2929 2407 nos
2980 2359 3037 2408 et
3083 2352 3381 2408 creationis
3435 2352 3734 2409 necessitas

2129 2445 2358 2501 creatori
2406 2442 2517 2500 Deo
2565 2443 2784 2512 subdat,
2814 2456 2868 2502 et
2916 2443 3138 2518 adoptio
3166 2454 3408 2503 assumat
3438 2446 3489 2501 in
3525 2446 3730 2514 ﬁlium;

2124 2540 2235 2611 jam
2267 2555 2397 2595 vero
2430 2538 2573 2594 nulla
2605 2538 2656 2594 in
2684 2555 2750 2595 eo
2780 2539 2976 2595 divin-12
3023 2551 3232 2595 naturae
3260 2541 3562 2610 proprietas
3587 2540 3735 2597 cxis-

2132 2632 2368 2687 timanda
2397 2633 2488 2699 sit,
2511 2632 2806 2688 secundum
2836 2630 3084 2702 Apostoli
3127 2631 3328 2688 dictum
3349 2674 3365 2699 ,
3399 2631 3529 2686 Cum
3565 2641 3735 2687 autem

2131 2726 2338 2788 dixerit,
2371 2724 2559 2779 Omnia
2586 2723 2662 2800 (g)
2690 2724 2916 2797 subjecta
2946 2734 3086 2794 sunt,
3136 2737 3319 2796 prreter
3346 2742 3463 2781 eum
3488 2728 3576 2797 qui
3615 2726 3738 2782 sub-

428 2829 628 2882 uirtutis
652 2828 722 2898 (ς)
756 2824 1004 2902 (Ibidem,
1034 2824 1125 2897 64)
1153 2842 1166 2891 ;
1199 2841 1370 2896 neque
1394 2824 1620 2895 idipsnm
1644 2825 1742 2887 sit,
1785 2821 1960 2887 Pater,
1987 2821 2029 2873 si
2122 2819 2249 2890 jecit
2275 2818 2319 2871 ei
2347 2819 2555 2885 omnia;
2580 2817 2657 2891 (7)
2688 2817 2765 2890 (h)
2790 2835 2906 2872 cum
2927 2820 3062 2872 enim
3089 2820 3278 2888 fuerint
3303 2817 3529 2883 subiecta
3554 2819 3602 2873 ei
3627 2836 3738 2874 ont-

430 2920 675 2992 possibile
691 2932 763 2977 est
783 2965 798 2989 ,
824 2930 1050 2976 transeat
1092 2921 1228 2976 ralia:
1266 2922 1358 2974 iste
1386 2937 1417 2973 a
1445 2936 1521 2973 tne
1548 2917 1789 2987 (Ibidem,
1819 2913 1910 2988 δ”»)
1935 2932 1948 2978 ;
1978 2924 2033 2969 ct

431 3015 586 3080 illud,
620 3014 837 3071 Calicem
868 3032 1015 3085 quem
1046 3014 1184 3068 dedit
1206 3012 1329 3066 mihi
1362 3011 1518 3066 Pater
1544 3028 1703 3074 mens,
1734 3026 1835 3064 nou
1864 3009 2031 3062 bibant

430 3127 547 3165 eum
568 3110 760 3182 (Joau.
791 3125 945 3173 xvm,
974 3107 1109 3178 Il)?
1136 3108 1399 3177 longeque
1431 3106 1704 3160 diversum
1727 3104 1795 3159 sit
1828 3119 1841 3156 :
1870 3100 2029 3166 Deus,

431 3204 572 3259 Dens
595 3221 757 3270 meus,
780 3220 935 3275 quare
964 3219 1043 3257 me
1065 3201 1376 3270 dereliquiin
1396 3198 1474 3274 (Μ
1481 3208 1572 3254 att.
1591 3196 1863 3269 xxvn,46)
1887 3198 2031 3268 ?2l

2133 2912 2238 2972 nia,
2269 2919 2391 2964 tunc
2418 2920 2464 2964 et
2488 2911 2598 2979 ipse
2624 2909 2922 2983 subjicietur
2947 2911 2993 2964 ei
3018 2910 3105 2978 qui
3131 2911 3177 2963 ei
3202 2909 3415 2981 subjecit
3452 2912 3645 2976 omnia,
3679 2921 3733 2965 ut

2132 3004 2198 3057 sit
2228 3002 2365 3058 Deus
2393 3004 2566 3058 omnia
2589 3003 2643 3057 in
2661 3003 2893 3058 omnibus
2919 3002 2963 3074 (Ι
2986 3002 3105 3061 Cor.
3131 3020 3233 3072 xv,
3286 3004 3379 3071 27,
3428 3003 3557 3077 28).
3600 3003 3737 3073 Quia

2134 3097 2399 3168 subjectio
2422 3106 2480 3152 et.
2507 3095 2872 3153 inﬁrmitatem
2903 3097 3130 3168 subjecti
3163 3108 3509 3168 protestetur,
3538 3110 3591 3156 et
3635 3101 3734 3156 do-

2136 3189 2394 3244 minantis
2432 3188 2702 3259 signiﬁcet
2746 3196 3067 3259 potestatem
3100 3207 3112 3243 :
3145 3191 3196 3245 in
3246 3191 3329 3246 his
3373 3207 3587 3264 quoque
3612 3206 3736 3249 cum

435 3296 517 3368 ('5)
542 3298 610 3352 ab
632 3313 696 3351 eo
725 3314 740 3352 :
767 3296 927 3351 Amen
949 3295 1066 3350 dico
1096 3295 1222 3359 tibi,
1256 3294 1407 3348 hodie
1454 3308 1621 3346 meum
1656 3291 1756 3345 eris
1802 3291 1855 3343 iu
1878 3305 2033 3360 para—
2058 3279 2103 3342 C
2138 3297 2347 3336 summa
2412 3281 2689 3354 religionis
2739 3283 3202 3339 demonstratione
3253 3284 3547 3341 tractandis
3597 3284 3738 3341 liber

433 3390 546 3445 diso
572 3389 725 3459 (Luc.
756 3405 914 3455 xxut,
938 3388 1034 3460 45)
1063 3407 1075 3442 :
1109 3386 1192 3462 (tl)
1218 3388 1442 3442 multum
1466 3401 1678 3457 quoque
1700 3383 1987 3440 dissentiat
2013 3399 2026 3436 :

430 3480 613 3549 Pater,
635 3482 930 3536 commendo
956 3482 1009 3535 in
1028 3497 1209 3534 manus
1236 3489 1352 3533 tuas
1372 3479 1610 3549 spiritum
1654 3492 1820 3530 meum
1865 3472 2027 3543 (Ibid.

432 3574 526 3644 x56)
552 3590 567 3638 ;
590 3585 646 3630 et
669 3573 800 3628 illud
822 3614 835 3637 ,
867 3571 1047 3637 Pater,
1079 3573 1277 3627 remitte
1312 3571 1441 3636 illis,
1482 3570 1603 3640 quia
1649 3568 1787 3638 quod
1834 3566 2028 3638 faciunt

434 3668 663 3723 nesciunt
692 3664 941 3741 (Ibidem,
973 3667 1062 3736 35)
1101 3683 1113 3719 :
1148 3666 1213 3719 ad
1246 3664 1577 3734 impietatem
1611 3660 1687 3733 (tl)
1720 3659 2033 3716 reciderunt

433 3759 739 3815 ditinorum
771 3758 1037 3813 dictorum
1098 3760 1400 3827 incapaces.
1434 3756 1642 3810 Etcum
1687 3769 1791 3808 non
1834 3766 2023 3807 conve-

432 3853 545 3909 trial
568 3851 909 3922 trepidationi
935 3860 988 3907 et
1010 3850 1271 3915 libertati,
1319 3846 1649 3904 festinationi
1695 3853 1750 3901 et
1806 3859 2033 3900 excusa-

433 3944 570 4000 tioni
594 3987 607 4010 ,
636 3942 873 4014 querela:
894 3954 948 3998 et
974 3939 1375 4007 adhortationi,
1405 3937 1723 3994 difﬁdentiae
1767 3943 1822 3991 et
1872 3936 2033 3990 inter-

431 4036 690 4103 ceSsioni,
713 4036 908 4092 divina:
938 4035 1290 4107 professionis
1314 4043 1628 4103 naturaeque
1659 4031 2026 4091 immemores,

432 4132 503 4187 ad
527 4139 901 4204 argumentum
934 4128 1223 4199 impietatis
1255 4142 1366 4182 sure
1388 4171 1403 4195 ,
1437 4119 1861 4194 dispensationis
1879 4131 2031 4192 gesta

431 4232 492 4280 et
516 4223 659 4279 dicta
689 4232 995 4280 tenuerunt.
1014 4221 1196 4292 Itaque
1224 4235 1323 4275 nos
1348 4216 1734 4275 demonstratis
1755 4213 2030 4277 omnibus,

507 4384 592 4453 (1)
630 4382 863 4437 Videtur.

622 4455 753 4510 Tum
780 4452 1037 4529 eumdem.

505 4516 587 4600 (ὃ)
624 4529 680 4583 In
704 4523 1254 4600 superioreeditione
1282 4536 1385 4600 pro
1404 4520 1467 4600 ab
1497 4536 1576 4586 eo,
1606 4518 1831 4600 ut_legit
1873 4516 2031 4572 Eras-

432 4590 814 4672 musfquoqué.
849 4595 1169 4662 habebatur,
1202 4590 1295 4649 aut
1324 4593 1500 4648 illud:
1529 4590 1810 4648 mendose.

507 4669 614 4745 (4)
630 4669 973 4745 Multumque.

512 4741 592 4817 (5)
634 4741 1069 4806 Derelinquimus.

508 4900 584 4976 (a)
612 4901 669 4957 In
695 4900 923 4976 vulgatis
944 4941 958 4976 ε
983 4897 1202 4953 videtur.
1238 4893 1427 4976 Melius
1465 4893 1724 4976 videretur
1754 4891 1805 4976 i_n
1835 4890 2027 4964 pleris-

431 4964 542 5045 que
563 4964 692 5028 mss.
726 4964 853 5027 Hice
874 4964 1016 5026 enim
1039 5011 1054 5035 ,
1076 4979 1140 5045 ut
1160 4967 1440 5036 superiora
1487 4974 1647 5033 atque
1678 4964 2033 5045 subsequen-

432 5034 551 5112 t'ia,
581 5058 691 5099 uno
732 5053 921 5098 tenore
971 5034 1319 5112 proferuntur
1345 5054 1409 5094 ex
1457 5038 1727 5093 sententia
1779 5034 2036 5089 adversa‘

428 5131 664 5175 ΐὶοηῖης

533 5188 591 5257 b)
639 5174 986 5257 Remigiagms
1000 5182 1174 5239 codex
1197 5178 1484 5257 vetustior,
1505 5188 1614 5233 tum
1634 5176 1866 5257 eumdem
1878 5174 2033 5231 hunc.

533 5189 563 5242 ὁ
639 5189 986 5257 Remigiamss
1000 5189 1174 5239 codex
1197 5189 1484 5246 vetustior,
1505 5189 1614 5233 tum
1634 5189 2033 5233 eumdemaunc.

532 5189 591 5333 ei
610 5258 838 5333 Additur
868 5255 967 5311 Dei
989 5256 1041 5311 in
1062 5256 1291 5325 vulgatis
1319 5270 1335 5312 :
1367 5267 1488 5324 quas
1514 5266 1619 5307 vox
1645 5265 1820 5322 neque
1850 5250 1901 5304 in
1934 5262 2036 5303 ms.

430 5330 645 5397 essent,
677 5346 778 5386 nec
806 5330 858 5383 in
884 5343 1059 5398 graeco
1087 5334 1255 5398 textu.

519 5402 599 5477 (d)
629 5403 696 5477 In
726 5397 1229 5477 uno_e’mss_._Cotb.
1257 5403 1593 5477 recesserunt.
1752 5466 1779 5477 Α.
1888 5462 1920 5477 η
1962 5462 1973 5474 ο

511 5462 591 5546 (ἐ)
627 5473 973 5529 Rctnovimus
1022 5471 1143 5546 hinc
1170 5468 1458 5546 verl_)a_,_ad
1477 5466 1782 5521 sacramenti
1823 5462 2037 5546 religio-

436 5538 578 5618 nem,
608 5561 729 5617 qua:
768 5559 874 5599 non
918 5541 1349 5618 reperimu_s_nisi
1374 5538 1429 5593 in
1459 5553 1568 5594 uno
1595 5554 1700 5618 tn_s.
1729 5538 2037 5618 recentiore

431 5605 595 5676 Colla.
624 5605 681 5673 et
720 5605 1121 5687 supervacanea
1152 5612 1403 5687 videntur
1427 5632 1441 5664 :
1468 5625 1594 5687 cum
1620 5609 1866 5687 declaret
1893 5605 2042 5687 Ilila-

434 5692 552 5746 rius
582 5678 899 5757 simpliciter
928 5701 989 5740 se
1032 5684 1245 5752 singula
1265 5683 1697 5738 adversariorum
1720 5681 1930 5749 objecta
1961 5678 2044 5731 di-

435 5761 632 5827 luisse,
662 5761 864 5814 nullum
888 5758 1286 5814 dissimulasse.

511 5834 583 5901 (f)
619 5824 753 5886 Bad.
785 5841 841 5886 et
888 5831 976 5884 Er.
1024 5845 1147 5901 cum
1181 5843 1287 5881 uno
1332 5840 1433 5880 ms.
1462 5824 1619 5901 Colb.
1662 5828 2045 5901 sacramentum

440 5891 789 5964 reuelationis.
814 5901 962 5973 Lips.
988 5908 1044 5958 et
1065 5900 1187 5956 Par.
1214 5898 1519 5954 sacramenti
1540 5895 1888 5951 revelationes.
1921 5891 2042 5947 Vat.

2062 4716 2119 4776 D

2136 3374 2454 3430 undecimus
2482 3383 2797 3443 occupatur,
2847 3376 2954 3448 22
2982 3375 3143 3431 etiam
3171 3392 3236 3431 ex
3268 3375 3348 3431 his
3394 3377 3527 3447 ipsis
3577 3377 3738 3433 dictis

2133 3468 2443 3539 apostolicis
2468 3467 2869 3535 demonstrans,
2900 3487 3004 3525 non
3035 3470 3194 3525 modo
3218 3488 3324 3527 non
3352 3472 3418 3528 ad
3441 3472 3738 3529 divinitatis

2134 3559 2501 3617 inﬁrmitatem
2527 3561 2917 3631 suhjectionem
2951 3561 3235 3631 proﬁcere,
3258 3563 3353 3619 sed
3383 3580 3478 3634 per
3503 3579 3623 3620 eam
3655 3565 3735 3634 ip-

2135 3669 2251 3708 sam
2290 3653 2495 3724 (supple
2521 3694 2535 3720 ,
2562 3651 2977 3725 subjectionem)
3001 3653 3283 3712 veritatem
3336 3655 3468 3724 Dei,
3503 3655 3580 3728 (8)
3609 3656 3731 3725 quia

2149 3747 2210 3820 (i)
2265 3764 2332 3803 ex
2381 3747 2490 3803 Deo
2533 3748 2603 3802 sit
2629 3757 2809 3814 natus,
2858 3748 3067 3803 ostendi
3098 3767 3110 3804 :
3140 3759 3195 3806 et
3231 3765 3327 3821 per
3364 3751 3436 3816 id,
3466 3751 3607 3822 quod
3632 3751 3735 3806 sibi

2135 3853 2198 3893 ac
2221 3838 2377 3895 nobis
2402 3848 2458 3895 et
2499 3839 2658 3895 Pater
2701 3850 2856 3911 pater
2882 3852 2965 3897 est
3006 3850 3062 3899 et
3090 3842 3231 3898 Deus
3280 3843 3420 3897 Deus
3447 3851 3551 3910 est,
3582 3844 3739 3899 nobis

2136 3934 2361 3989 multum
2382 3935 2607 4005 acquiri,
2633 3941 2687 3989 et
2711 3932 2761 3987 ei
2782 3934 2910 3988 nihil
2934 3933 3175 4002 detrahi;
3202 3950 3324 3989 cum
3348 3936 3556 3992 scilicet
3573 3936 3736 3993 homo

2139 4039 2313 4095 natus,
2334 4036 2389 4083 et
2412 4026 2679 4082 universis
2702 4028 2881 4081 carnis
2900 4040 3097 4083 nostra:
3127 4027 3472 4098 passionibus
3495 4030 3730 4096 functus,

2136 4119 2201 4174 ad
2235 4122 2397 4173 Deum
2421 4126 2477 4174 et
2504 4118 2715 4173 Patrem
2746 4127 2988 4173 nostrum
3014 4160 3028 4186 ,
3060 4118 3133 4195 (j)
3165 4129 3222 4176 ut
3265 4119 3428 4179 homo
3456 4132 3641 4180 noster
3682 4124 3736 4179 in

2140 4208 2304 4267 Deum
2331 4209 2715 4284 gloriﬁcandus
2739 4209 3118 4267 adscenderet.

2216 4371 2297 4445 (6)
2334 4369 2408 4445 Et
2427 4371 2496 4445 ad
2524 4370 2713 4427 Deum.

2212 4441 2294 4518 (7-)
2334 4442 2540 4518 Verba,
2562 4459 2683 4511 quae
2711 4441 2773 4518 P_.
2805 4441 3120 4499 Custantius
3150 4444 3489 4518 adnotat
3510 4457 3734 4518 praster-

2143 4512 2279 4567 mitti
2321 4528 2351 4567 a
2383 4514 2628 4594 pluribus
2658 4514 2875 4583 optimae
2918 4524 3059 4569 nota:
3083 4514 3383 4587 codicibus,
3411 4529 3466 4575 et
3491 4512 3525 4574 ti
3546 4530 3739 4578 nostro

2144 4592 2651 4655 prmtermittuntur.

2215 4655 2295 4729 (8)
2339 4657 2440 4724 Qui
2460 4670 2525 4710 ea:
2556 4653 2683 4709 Deo.

2135 4885 2254 4940 bas.
2281 4901 2382 4940 ms.
2405 4886 2709 4941 sacramenti
2733 4881 2825 4937 reli
2861 4882 3050 4937 ionem.
3080 4879 3271 4939 Verius
3294 4883 3403 4952 alii,
3429 4895 3735 4950 sacramenti

2136 4957 2516 5010 reuelationem.
2564 4956 2683 5010 scil.
2722 4902 2880 5010 Verlgii
2926 4955 2979 5008 in
3007 4969 3173 5010 carne
3220 4956 3732 5010 mattifesmlinnem.

2136 4957 2516 5031 reuelationem,
2541 4956 2683 5031 scil.
2722 4954 2880 5031 Yerbi
2926 4955 2979 5008 in
3007 4969 3173 5010 carne
3220 4956 3736 5031 manifestationem,

2138 5029 2281 5099 quod
2324 5029 2474 5098 juxta
2524 5027 2843 5097 Apostolum
2890 5036 3291 5082 sacramentum
3337 5041 3421 5085 est
3450 5047 3479 5087 a
3524 5027 3737 5093 sarculis

2140 5099 2538 5155 absconditum.

2219 5171 2296 5244 (ῃ)
2340 5170 2608 5244 Editihie
2643 5165 2903 5244 adjiciunt
2928 5182 3224 5244 pronomen
3254 5173 3321 5236 ei,
3352 5174 3495 5243 quod
3534 5176 3628 5237 lib.
3686 5196 3740 5235 XI

2145 5239 2424 5298 omittunt.
2458 5239 2780 5311 Utroque’iu
2814 5242 2932 5296 loco
2957 5239 3057 5295 sibi
3085 5250 3336 5299 constant
3357 5239 3487 5302 mss.

2215 5312 2295 5385 (h)
2340 5311 2533 5388 Verba,
2563 5329 2681 5366 cum
2702 5314 2834 5366 enim
2866 5313 3057 5388 fuerint
3088 5314 3317 5383 subiecta
3346 5316 3392 5371 ei
3422 5321 3612 5388 onmia,
3659 5321 3747 5379 ltic

2141 5383 2326 5456 plures
2359 5383 2538 5461 proba:
2556 5395 2696 5439 noue
2728 5397 2884 5450 mss.;
2920 5384 3061 5439 libro
3090 5396 3267 5442 atatem
3297 5403 3371 5456 ιιι,
3412 5405 3465 5444 n.
3496 5391 3530 5445 8
3557 5383 3613 5448 et
3646 5394 3741 5461 2'2,

2140 5471 2330 5512 omnes
2359 5456 2628 5510 omittunt.

2219 5528 2282 5603 (i)
2313 5527 2378 5605 In
2426 5539 2558 5582 mss.
2602 5525 2723 5581 Vat.
2754 5527 2876 5605 bas.
2910 5526 3140 5605 aliisque
3171 5531 3490 5605 petieribus,
3546 5536 3635 5605 qui
3675 5554 3742 5592 ea:

2146 5598 2345 5673 Deo’s_it
2369 5609 2689 5673 natus;_non
2717 5599 2824 5673 alio
2848 5612 3028 5652 sensu.
3060 5598 3351 5673 Contendit
3391 5598 3568 5673 porro'
3592 5608 3742 5663 Ilila-

2144 5675 2257 5729 rius
2288 5670 2482 5745 Filium
2532 5667 2653 5723 ideo
2706 5670 3046 5745 subjectum,
3100 5671 3222 5737 tptia
3268 5667 3432 5745 (natus
3484 5680 3587 5745 sit;
3624 5681 3746 5734 inde

2147 5758 2276 5800 vero
2303 5742 2447 5813 quod
2475 5750 2631 5796 natus
2659 5755 2725 5796 ex
2774 5741 2884 5796 Deo
2910 5740 3004 5806 sit,
3038 5756 3218 5797 veram
3251 5744 3344 5801 Dei
3376 5740 3622 5805 naturain
3655 5753 3748 5806 oh-

2152 5821 2350 5871 linere.

2226 5889 2313 5963 (ἐξ
2353 5886 2453 5943 Aut
2497 5884 2582 5941 hic
2626 5883 2984 5957 supplendum
3011 5884 3235 5943 verbum
3273 5886 3614 5958 adsceudcrit,
3647 5907 3753 5961 quo
