4216 6254
505 335 573 388 47
1726 318 1970 379 SANCTI
2012 318 2271 378 lllLARll
2310 318 2618 380 EPISCOPI
3747 319 3819 376 48

573 455 664 510 55.
711 452 862 507 Liber
892 467 965 506 xu
1020 448 1269 505 Ariauam
1294 445 1529 501 Itreresim
1553 444 1779 514 apertius
1817 451 2098 514 expugnat.
2135 448 2177 506 Α
2210 445 2274 499 Et
2320 444 2447 516 quia
2492 443 2622 499 dicti
2654 441 2953 514 praplietici
2988 440 3163 508 inscii,
3198 448 3251 497 et
3292 438 3531 497 ett-lastis
3556 437 3820 492 doctrinm

501 548 701 603 Filium
730 546 825 601 Dei
850 547 923 599 ita
950 556 1129 600 uatum
1175 557 1284 597 esse
1311 548 1368 594 ut
1414 554 1614 609 semper
1640 538 1815 606 fuerit.
1849 566 1921 577 -—-
1948 535 2104 605 Quod

500 652 680 699 autem
705 642 757 696 in
784 642 928 695 omni
951 652 1151 710 genere
1177 634 1547 693 doctrinarum
1580 630 1860 686 observari
1891 644 2108 700 semper

502 736 871 801 meminimus,
898 740 956 787 ut
981 732 1026 788 si
1052 731 1142 802 qui
1166 716 1258 785 diu
1287 731 1432 783 tenui
1459 728 1692 798 primum
1719 724 2108 781 exercitatione

503 826 585 902 (ι)
614 827 883 897 longoque
929 838 1026 878 usu
1071 820 1376 876 humilioris
1422 818 1585 874 studii
1638 816 1840 873 fuerint
1885 815 2106 882 eruditi,

503 931 614 975 tum
638 918 749 989 jam
780 918 847 971 ad
891 930 1071 970 rerum
1099 915 1357 985 ipsarum,
1383 911 1575 982 quibus
1619 908 1811 964 imbuti
1838 918 1984 976 sunt,
2014 925 2108 965 ex-

503 1014 806 1085 perimenta
853 1007 935 1082 (2)
982 1009 1298 1070 mittamur;
1347 1014 1552 1060 utcum
1587 1003 1698 1073 jam
1725 1002 1860 1057 bene
1884 1001 2112 1056 luserint

504 1106 645 1163 bella
674 1102 992 1167 militaturi,
1026 1103 1081 1156 in
1124 1100 1370 1155 militiam
1418 1096 1838 1170 protrahantur;
1867 1104 1961 1150 aut
1985 1111 2107 1150 cum

508 1198 752 1252 forenses
777 1195 900 1250 lites
923 1193 999 1265 (a)
1028 1194 1295 1249 scholaris
1322 1191 1566 1247 materiae
1606 1189 1951 1255 tentaverint,
1984 1199 2112 1245 tunc

508 1291 789 1345 mittantur
812 1287 880 1343 ad
909 1286 1255 1341 tribunalium
1290 1298 1523 1355 pugnas;
1552 1291 1645 1337 aut
1673 1297 1793 1337 cum
1819 1281 1872 1336 in
1903 1280 2111 1351 stagnis

505 1382 822 1439 domesticis
862 1381 1042 1436 navim
1089 1388 1248 1434 nauta
1278 1376 1580 1448 intrepidus
1604 1375 1945 1443 instruxerit,
1983 1384 2109 1429 tunc

505 1481 685 1550 magni
723 1488 778 1535 et
819 1475 1090 1549 peregrini
1135 1472 1302 1530 maris
1327 1471 1699 1552 committatur
1729 1469 2027 1540 procellis:
2058 1467 2112 1522 id

505 1574 683 1644 ipsum
710 1588 808 1629 nos
832 1571 886 1626 in
914 1572 1013 1625 hac
1057 1569 1289 1623 maxima
1333 1573 1389 1621 et
1410 1562 1730 1636 gravissima
1778 1564 1941 1617 totius
1988 1560 2110 1615 ﬁdei

504 1666 864 1739 intelligentia
890 1663 1067 1719 facere
1094 1660 1425 1717 curavimus.
1455 1656 1698 1727 Namque
1724 1670 1847 1711 cum
1891 1662 2052 1707 antea
2081 1666 2114 1707 a

507 1760 721 1817 levibus
747 1759 913 1813 initiis
937 1757 1004 1811 de
1028 1754 1326 1819 uativitate,
1354 1753 1422 1806 de
1448 1752 1687 1812 nomine,
1716 1747 1785 1803 de
1809 1745 2112 1809 divinitate,

2210 537 2441 606 imperiti
2477 537 2555 606 (5)
2589 543 2748 601 sunt;
2780 546 3039 604 corrupto
3061 547 3226 588 sensu
3249 549 3311 587 ac
3337 533 3669 602 proprietate
3696 546 3821 583 svn-

2210 634 2392 689 tentirc
2412 642 2655 690 creatum
2684 647 2807 689 esse
2840 647 2932 702 per
2954 630 3006 685 id
3041 631 3204 685 Deum
3236 629 3414 697 potius
3436 644 3600 699 quam
3629 637 3813 680 natum

2209 729 2480 783 affirmare
2507 727 2769 792 nituntur,
2797 725 2922 795 quia
2961 723 3165 779 dictum
3196 732 3302 787 est,
3353 721 3605 775 Dominus
3632 720 3821 774 crearit

2209 836 2290 874 me
2323 817 2402 891 (4)
2433 817 2486 872 in
2529 817 2733 871 initiunt
2781 816 2864 888 (ά)
2919 817 3120 870 viarum
3168 830 3380 869 suarum
3432 815 3484 866 in
3528 828 3684 883 (ψει-α
3728 827 3822 864 sua

2211 909 2399 982 (Prov.
2433 925 2543 973 vm,
2579 907 2701 980 22);
2736 916 2793 964 ut
2838 909 2909 963 sit
2950 923 3015 963 ex
3043 905 3313 962 communi
3360 904 3696 959 creationum
3723 918 3821 957 na-

2212 1014 2350 1068 tura,
2384 1004 2508 1061 licet
2529 1006 2601 1059 sit
2624 1001 2963 1073 praestantior
2989 1001 3267 1073 in_genere
3289 999 3614 1064 creationis;
3645 1011 3821 1067 neque

2213 1097 2266 1150 in
2340 1111 2406 1151 eo
2473 1095 2542 1149 sit
2600 1095 2771 1165 gloria
2833 1088 3079 1149 divinaa"
3107 1090 3451 1158 nativitatis,
3509 1088 3605 1146 sed
3654 1090 3826 1144 virtus

2214 1188 2449 1258 potentis
2495 1194 2777 1242 creaturze.
2812 1185 3014 1241 Verum
3060 1199 3161 1239 nos
3213 1184 3344 1238 nihil
3398 1197 3635 1249 novum,
3690 1180 3821 1235 nihil

2214 1280 2553 1336 extrinsecus
2583 1290 2973 1350 praesumptum
2998 1277 3311 1342 aﬂercntes,
3335 1275 3568 1346 ipsoillo
3591 1274 3823 1345 Sapien-

2215 1373 2304 1427 tite
2335 1371 2646 1427 testimonio
2689 1370 2969 1426 veritatem
3015 1369 3141 1424 dicti
3184 1369 3558 1439 rationemque
3594 1375 3825 1439 pr:csta-

2216 1464 2415 1531 bimus,
2448 1478 2626 1535 neque
2655 1461 2721 1516 ad
2755 1460 3048 1517 nativitatis
3077 1461 3279 1516 divinas
3304 1470 3359 1517 et
3386 1470 3607 1516 aeterna:
3629 1458 3830 1516 intelli—

2215 1558 2451 1628 gentiam
2483 1554 2623 1610 trahi
2649 1570 2831 1625 posse,
2881 1554 3025 1625 quod
3059 1554 3111 1608 in
3144 1554 3359 1609 initium
3387 1554 3592 1608 viarum
3625 1553 3721 1609 Dei
3767 1562 3825 1610 et

2219 1651 2271 1703 in
2295 1662 2457 1718 opera
2480 1647 2550 1702 sit
2578 1654 2815 1714 creatus,
2847 1648 2972 1717 quia
3014 1662 3120 1701 non
3153 1645 3296 1701 idem
3343 1646 3413 1701 sit
3441 1646 3493 1700 in
3527 1645 3643 1700 haec
3674 1660 3830 1701 crea-

2222 1751 2332 1795 tum
2366 1755 2506 1807 esse,
2538 1750 2593 1795 et
2619 1751 2745 1796 ante
2766 1742 2948 1795 omnia
2988 1750 3170 1795 natum
3201 1753 3361 1795 esse:
3392 1754 3514 1794 cum
3545 1739 3632 1793 ubi
3683 1740 3827 1793 nati-

507 1856 577 1911 de
603 1854 830 1911 veritate
854 1851 1013 1906 (idem
1046 1858 1288 1905 teneram
1328 1845 1734 1909 imbuissemus,
1762 1855 1826 1895 ac
1852 1839 1959 1894 leni
1985 1852 2111 1908 pro-
2139 1839 2187 1898 B
2217 1834 2397 1888 vitatis
2439 1831 2761 1903 signiﬁcatio
2804 1840 2910 1897 est,
2939 1831 3052 1886 sola
3082 1831 3376 1886 nativitatis
3405 1830 3671 1900 professio
3700 1837 3823 1896 est;

510 1948 651 2004 fectu
679 1947 842 2002 etiam
868 1956 1038 2012 usque
1061 1938 1131 1994 ad
1157 1937 1471 1993 evellendus
1516 1948 1704 1989 omnes
1732 1930 2113 1986 haereticorum

506 2036 844 2100 occasiones,
898 2031 1189 2102 legentium
1216 2026 1395 2083 studia
1436 2025 1848 2088 extulissemus;
1880 2031 1990 2076 tum
2023 2035 2116 2076 eos

503 2130 614 2201 jam
644 2128 709 2182 ad
739 2127 910 2197 ipsam
960 2124 1266 2194 palmstram
1292 2119 1514 2190 gloriosi
1560 2116 1876 2173 certaminis
1908 2112 2120 2185 magni-

506 2237 614 2293 que
641 2219 1028 2291 produximus:
1060 2225 1116 2270 ut
1148 2216 1199 2272 iu
1226 2223 1484 2285 quantum
1529 2210 1595 2266 ad
1627 2219 1843 2265 :eterna:
1867 2206 1943 2282 (b)
1976 2207 2118 2262 nati—

510 2317 692 2372 vitatis
732 2309 1199 2383 complectendam
1240 2307 1649 2378 intelligentiam
1698 2305 1931 2360 humana
1963 2318 2118 2359 mens

510 2406 820 2465 communis
840 2418 1034 2460 sensus
1054 2401 1308 2472 opinione
1331 2399 1599 2462 delicitur,
1621 2399 1671 2452 in
1692 2405 1896 2451 tantum
1923 2395 2121 2452 studiis

511 2504 710 2561 divinis
752 2500 819 2557 ad
861 2498 1143 2556 seutienda
1191 2511 1288 2562 ea,
1319 2510 1436 2565 quae
1470 2492 1607 2548 ultra
1653 2500 1862 2547 naturae
1912 2498 2120 2544 nostra:

511 2595 819 2671 opinionem
843 2602 990 2658 sunt,
1019 2591 1355 2655 niterentur;
1382 2584 1735 2657 quaestionem
1783 2582 1925 2637 hanc
1951 2580 2120 2635 maxi-

513 2707 601 2748 me
627 2689 1009 2751 dissolventes,
1040 2697 1161 2754 qua:
1189 2678 1466 2737 smcularis
1515 2674 1796 2746 sapientia:
1847 2673 1921 2746 (c)
1954 2672 2122 2729 hebe-

514 2783 700 2838 tudine
724 2780 1087 2841 inwlesccns,
1119 2774 1187 2829 de
1216 2770 1447 2828 Domino
1474 2768 1602 2825 Jesu
1649 2768 1862 2822 ratione
1886 2782 1945 2821 se
1971 2773 2121 2836 putet

516 2877 698 2932 dicere
722 2893 735 2928 :
765 2870 895 2925 Erat
920 2865 1126 2938 quando
1153 2882 1253 2919 non
1278 2872 1408 2930 erat,
1440 2870 1517 2928 et,
1549 2859 1670 2914 Non
1698 2859 1797 2928 fuit
1822 2866 1939 2912 ante
1967 2873 2121 2925 quant

517 2978 827 3035 nasceretur,
883 2974 960 3032 et,
986 2964 1066 3018 De
1094 2977 1196 3017 non
1222 2959 1537 3016 exstantibus
1564 2959 1733 3026 [actus
1755 2963 1829 3010 est
1858 2970 1876 3008 :
1906 2963 1963 3009 ut
1995 2954 2120 3024 quia

518 3065 768 3122 nativitas
792 3075 914 3117 eam
956 3056 1202 3113 videatur
1246 3054 1441 3109 all‘erre
1483 3065 1724 3117 causam,
1756 3058 1813 3103 ut
1838 3054 1986 3104 esset
2031 3046 2119 3116 qui

517 3174 626 3215 non
655 3163 793 3222 erat,
827 3162 1032 3210 etcum
1062 3163 1169 3205 non
1217 3146 1510 3203 exsisteret
1550 3150 1896 3206 nasceretur;
1932 3154 2030 3209 per
2066 3138 2119 3193 id

2221 1928 2309 1982 ubi
2358 1942 2487 1983 vero
2530 1925 2820 1982 creationis
2868 1933 2952 1979 est
3001 1923 3322 1991 nomen,ibi
3369 1939 3531 1980 causa
3581 1923 3827 1994 ejusdem

2218 2021 2510 2076 creationis
2552 2019 2789 2075 anterior
2820 2029 2904 2075 est
2931 2037 2943 2073 :
2972 2027 3027 2074 et
3071 2034 3190 2072 rum
3218 2026 3346 2073 ante
3386 2017 3568 2072 omnia
3601 2018 3670 2072 sit
3701 2025 3823 2070 nata

2218 2114 2511 2185 Sapientia,
2548 2123 2726 2169 tamen
2770 2113 2893 2182 quia
2923 2112 3085 2167 etiam
3117 2113 3169 2166 in
3213 2127 3299 2167 res
3329 2110 3540 2182 aliquas
3571 2112 3640 2166 sit
3668 2125 3822 2167 crea-

2221 2218 2293 2274 Ia,
2331 2223 2439 2263 non
2480 2208 2715 2277 idipsum
2746 2208 2815 2262 sit
2850 2207 2901 2262 id
2925 2206 3066 2277 quod
3099 2215 3226 2262 ante
3253 2205 3431 2261 omnia
3464 2215 3568 2271 est,
3603 2213 3657 2259 et
3682 2202 3827 2275 quod

2219 2302 2386 2372 coepit
2410 2316 2536 2357 esse
2567 2310 2685 2369 post
2717 2300 2917 2370 aliqua.
3262 2362 3265 2363 γ

2291 2396 2380 2449 56.
2423 2392 2578 2448 Liber
2610 2409 2683 2448 xu
2712 2409 2826 2463 qua:
2854 2392 2917 2447 de
2963 2393 3171 2464 Spiritu
3195 2402 3373 2448 sancto
3396 2393 3688 2461 conﬁtenda
3709 2400 3829 2446 sunt

2220 2490 2401 2561 aperit.
2433 2519 2506 2529 ——
2537 2488 2743 2543 Dehinc
2772 2502 3111 2558 consequens
3154 2488 3327 2542 visum
3380 2496 3484 2551 est,
3536 2487 3829 2543 creationis

2222 2581 2442 2635 nomine
2470 2596 2499 2635 a
2530 2580 2657 2648 ﬁde,
2682 2596 2799 2649 qum
2829 2581 2980 2635 nobis
3003 2580 3071 2636 de
3098 2580 3375 2650 nnigenito
3399 2580 3508 2636 Deo
3531 2587 3635 2645 est,
3666 2594 3827 2649 repu-

2221 2676 2387 2740 diato,
2418 2692 2481 2731 ea
2506 2690 2721 2746 quoque
2747 2690 2866 2745 qua:
2888 2674 3214 2730 confessioni
3242 2675 3414 2729 sancti
3442 2673 3676 2744 Spiritus
3697 2688 3832 2729 con-

2221 2783 2352 2839 grua
2382 2784 2444 2822 ac
2474 2768 2721 2839 religiosa
2752 2777 2954 2832 essent,
2987 2766 3183 2822 docere
3211 2785 3224 2819 :
3252 2775 3309 2821 ut
3335 2767 3447 2836 jam
3493 2766 3829 2822 confirmatis

2224 2864 2386 2935 longo
2440 2863 2772 2916 anteriorum
2819 2860 3128 2916 libellorum
3176 2861 3526 2932 diligentiqne
3571 2868 3825 2928 tractatu,

2224 2956 2359 3010 nihil
2390 2955 2459 3011 de
2486 2954 2648 3010 latius
2676 2955 2797 3010 ﬁdei
2828 2954 3171 3011 absolutione
3208 2955 3445 3021 deesset,
3477 2969 3599 3009 cum
3632 2954 3859 3008 amotis'

2225 3048 2535 3102 vitiosarum
2567 3046 3009 3117 praedicationum
3055 3048 3218 3103 etiam
3249 3047 3316 3103 de
3356 3048 3610 3117 opinione
3640 3046 3830 3103 Sancti

2226 3139 2457 3209 Spiritus
2484 3139 3001 3210 irreligiositatibns,
3038 3139 3264 3195 illassum
3313 3147 3475 3210 atque
3502 3138 3828 3194 incontaniio

515 3264 731 3325 quoque
751 3246 1088 3317 unigenitum
1112 3242 1278 3297 Deum
1306 3238 1489 3294 sensui
1515 3245 1820 3308 temporum
1842 3232 2115 3289 subdant:
2147 3224 2193 3286 C
2226 3243 2406 3284 natum
2457 3231 2831 3300 regenerantis
2880 3230 3163 3286 Trinitatis
3224 3241 3623 3286 sacramentum
3678 3231 3820 3285 intra

513 3347 691 3421 (quasi
713 3358 845 3400 vero
877 3355 984 3396 non
1031 3338 1198 3394 fuisse
1228 3350 1353 3392 eum
1399 3331 1712 3403 aliquando,
1761 3329 1897 3385 ﬁdes
1924 3328 2038 3399 ipsa
2069 3335 2125 3382 et

517 3417 625 3512 é3
651 3438 788 3493 ratio
816 3432 1110 3489 nativitatis
1137 3425 1411 3499 ostendat)
1443 3436 1603 3496 atque
1629 3422 1753 3478 idco
1789 3438 1853 3478 ex
1884 3436 1951 3478 eo
1978 3417 2124 3491 quod

519 3527 776 3593 nonfuit,
811 3534 992 3581 natum
1035 3538 1157 3579 esse
1197 3520 1400 3581 dicant,
1448 3518 1573 3586 quia
1617 3515 1872 3570 nativitas
1900 3522 2124 3584 praestet

519 3637 642 3679 esse
667 3619 811 3692 quod
835 3634 941 3673 non
974 3614 1094 3671 fuit.
1127 3612 1237 3670 Sed
1266 3627 1366 3667 nos
1410 3608 1728 3679 apostolicis
1768 3616 1932 3677 atque
1960 3620 2125 3661 evan-

517 3715 707 3786 gelicis
750 3708 1073 3766 testimoniis
1110 3720 1327 3775 semper
1358 3702 1573 3757 Patrem
1602 3740 1616 3764 ,
1668 3713 1887 3769 semper
1928 3697 2123 3753 Filium

520 3806 903 3878 praedicantes,
954 3816 1062 3856 non
1113 3807 1235 3870 post
1283 3796 1465 3866 aliqua
1510 3793 1680 3848 Deum
1713 3792 1977 3857 onmium,
2028 3791 2126 3848 sed

522 3907 649 3955 ante
676 3896 858 3953 omnia
887 3908 1009 3950 esse
1046 3889 1364 3948 docebimus
1390 3904 1405 3942 :
1439 3900 1616 3957 neque
1646 3883 1887 3939 incidere
1918 3883 1973 3938 in
2000 3897 2125 3939 eum
2192 3914 2195 3915 ν

524 3991 840 4062 irreligiosus
886 3986 1045 4057 hujus
1094 3980 1475 4052 intelligentia:
1523 3977 1886 4033 temeritatem
1912 4015 1928 4043 ,
1960 3983 2021 4031 ut
2059 3974 2128 4031 de

525 4099 632 4141 non
662 4082 1001 4139 exstantibus
1028 4085 1365 4143 nasceretur,
1396 4084 1452 4131 et
1490 4088 1596 4129 non
1624 4072 1790 4128 fuerit
1813 4079 1938 4127 ante
1963 4085 2127 4142 quam

527 4188 685 4235 natus
715 4176 818 4241 sit;
850 4173 946 4229 sed
974 4174 1048 4229 ita
1072 4185 1289 4241 semper
1315 4170 1505 4234 fuisse,
1539 4176 1600 4222 ut
1624 4175 1680 4222 et
1702 4176 1885 4222 natum
1928 4164 2131 4236 praedi-

478 4262 485 4265 i
526 4284 748 4335 cemus;
780 4269 853 4323 ita
880 4281 1011 4322 vero
1035 4271 1218 4321 natum
1252 4277 1396 4327 esse,
1429 4269 1486 4315 ut
1513 4274 1729 4329 semper
1761 4258 1926 4313 fuisse
1955 4258 2129 4313 mani-

529 4364 825 4420 festemus:
855 4360 1033 4431 sitque
1058 4359 1110 4414 in
1142 4371 1209 4413 eo
1231 4370 1338 4411 non
1370 4351 1806 4410 innascibilitatis
1853 4350 2126 4422 exceptio,

528 4456 624 4513 sed
660 4451 954 4511 nativitatis
984 4449 1291 4515 aeternitas;
1337 4447 1463 4518 quia
1493 4455 1547 4502 et
1571 4443 1828 4501 nativitas
1850 4452 2129 4502 auctorem

531 4552 749 4618 habeat,
782 4562 956 4621 neque
975 4555 1160 4604 careat
1185 4544 1487 4601 aeternitate
1514 4539 1792 4596 divinitas.

2225 3323 2595 3379 definitionem
2640 3323 2932 3380 salutarem
2984 3322 3276 3393 apostolica
3309 3331 3471 3393 atque
3517 3319 3831 3392 evangelica

2225 3419 2519 3473 auctoritas
2545 3417 2849 3473 contineret
2881 3433 2893 3469 :
2926 3431 3100 3487 neque
3121 3416 3232 3486 jam
3263 3430 3356 3485 per
3382 3430 3574 3470 sensus
3607 3412 3830 3468 humani

2226 3512 2548 3567 sententiam
2596 3510 2856 3581 Spiritum
2893 3510 2984 3566 Dei
3038 3510 3178 3565 inter
3223 3515 3499 3563 creaturas
3541 3507 3829 3576 quisquam

2225 3604 2452 3661 auderet
2478 3604 2700 3670 referre,
2749 3618 2910 3674 quem
2956 3601 3022 3657 ad
3070 3599 3488 3656 immortalitatis
3530 3598 3746 3669 pignus,
3777 3607 3835 3653 et

2227 3702 2292 3757 ad
2339 3701 2535 3757 divina:
2566 3701 3001 3769 incorruptzeque
3032 3705 3237 3752 naturae
3266 3695 3602 3751 consortium
3649 3708 3833 3750 sumc-

2228 3812 2431 3853 remus.

2300 3885 2410 3960 24
2446 3888 2536 3944 ⁸57.
2579 3884 2763 3942 Gratia
2795 3885 2864 3939 ad
2892 3893 3024 3939 recte
3050 3881 3373 3938 scribendum
3401 3882 3696 3938 necessaria
3725 3879 3831 3935 im-

2229 3980 2483 4052 ploratur.
2514 4008 2585 4020 —
2612 3978 2728 4050 Ego
2772 3977 2989 4050 quidem
3036 3975 3140 4032 hoc
3188 3975 3273 4029 vel
3324 3976 3655 4046 pra‘cipuum
3707 3973 3836 4027 vita:

2232 4088 2366 4127 mea:
2386 4071 2624 4126 officium
2647 4070 2848 4127 debere
2870 4084 2955 4126 me
2979 4069 3094 4130 tibi.
3119 4070 3279 4123 Pater
3298 4068 3643 4137 omnipotens
3669 4066 3833 4134 Deus,

2230 4164 2480 4221 conscius
2520 4178 2662 4231 sum,
2693 4171 2751 4218 ut
2772 4173 2822 4219 te
2844 4162 3023 4218 omnis
3051 4174 3233 4216 sermo
3261 4173 3415 4214 meus
3440 4168 3495 4214 et
3527 4172 3721 4215 sensus
3751 4156 3834 4212 lo-

2230 4269 2446 4329 quatur.
2479 4255 2664 4327 Neque
2690 4256 2835 4311 enim
2865 4256 3032 4311 ullum
3055 4252 3205 4310 aliud
3234 4252 3410 4323 majus
3440 4251 3724 4324 praemium
3748 4250 3837 4306 hic

2232 4351 2347 4421 ipse
2366 4366 2496 4406 usus
2523 4349 2655 4406 mihi
2676 4364 2706 4404 a
2730 4357 2784 4404 te
2804 4364 3096 4404 concessus
3116 4345 3373 4415 loquendi
3401 4353 3579 4416 potest
3605 4344 3834 4409 referre,

2230 4459 2391 4513 quam
2438 4450 2496 4498 ut
2523 4438 2866 4512 prmdiCando
2897 4448 2950 4493 te
2994 4438 3087 4491 tibi
3135 4436 3356 4502 serviat,
3388 4445 3549 4506 teque
3578 4434 3723 4507 quod
3755 4449 3837 4501 es,

2234 4546 2440 4608 patrem
2461 4576 2477 4603 ,
2512 4535 2593 4605 (5)
2624 4543 2832 4604 patrem
2865 4531 3075 4586 scilicet
3112 4529 3374 4599 unigeniti
3406 4530 3531 4595 Dei,
3562 4539 3655 4584 aut
3684 4528 3839 4597 igno-

601 4646 690 4704 55.
734 4616 1083 4717 Experiamur
1104 4638 1286 4696 verba:
1308 4637 1568 4693 Dominus
1596 4631 1801 4690 creavit
1823 4645 1931 4697 me,
1959 4637 2131 4685 etc.—-—
2154 4621 2208 4680 D
2236 4629 2375 4683 ranti
2401 4624 2624 4692 saeculo,
2657 4633 2752 4680 aut
2775 4623 2993 4696 neganti
3021 4618 3280 4677 lueretico
3307 4620 3667 4677 demonstret.
3692 4619 3760 4675 Et
3784 4616 3841 4671 in

605 4788 624 4854 (
634 4783 685 4854 Ι)
724 4783 899 4854 Longo
921 4795 1138 4852 quoque.

608 4844 689 4932 (2)
733 4844 1183 4932 ριὶιῖιιιιξιινεήιρξ
1214 4844 1602 4927 protrahuntur.
1646 4911 1657 4932 Ι
1729 4910 1742 4924 .

607 4911 690 5003 (3)
730 4928 867 4983 Sunt
891 4911 1046 4979 acht
1072 4935 1102 4974 a
1127 4911 1425 4974 Veroneusi
1448 4911 1766 4982 exemplari.

539 5071 733 5145 probet
753 5065 984 5145 Hilarius
1014 5060 1169 5145 nobis
1196 5058 1423 5145 multum
1449 5052 1846 5145 aeqtti‘riLcJtim
1872 5048 2127 5145 glitist

538 5121 899 5202 iusééuaéru,
951 5145 1007 5189 ut
1046 5134 1197 5188 homo
1242 5139 1412 5186 noster
1457 5121 1925 5202 gloriﬁcandnsuitt
1964 5121 2128 5202 Deum

538 5192 911 5273 EEiEEtiueIet':
945 5220 1054 5275 quo
1101 5202 1262 5259 modo
1287 5192 1642 5275 superiuskti.
1680 5195 1966 5275 “,ndittit,
2005 5192 2132 5247 Ver-

539 5266 825 5344 buntDeus
850 5266 978 5335 raro.
998 5282 1192 5349 factum
1233 5285 1326 5339 est,
1350 5266 1411 5349 Διιι
1441 5286 1531 5349 ρετ
1560 5266 1729 5349 Deum
1755 5266 1990 5349 Verbum
2015 5280 2131 5317 car-

540 5337 655 5415 nem
682 5337 875 5427 factum
903 5337 1020 5405 caro
1053 5337 1319 5417 proliceret
1344 5345 1396 5396 in
1430 5337 1608 5422 Deunt
1642 5338 1884 5427 Verbum.
1907 5337 2032 5427 Aut
2047 5350 2133 5390 se-

537 5407 1019 5504 qu—e'n'svparticula
1048 5407 1101 5499 ut
1148 5407 1259 5504 :non
1300 5422 1385 5472 est
1412 5414 1703 5504 canantiva,
1759 5409 1852 5504 sed
1906 5407 2132 5504 illud.ut

539 5486 691 5557 Ιῖοιιιο
734 5486 923 5560 noster,
976 5488 1199 5564 perinde
1214 5500 1313 5564 e81
1355 5502 1438 5549 ac,
1471 5494 1728 5564 tamquam
1771 5486 1921 5564 homo
1950 5486 2138 5564 nostra:

816 5550 1098 5636 quod-qui
1124 5561 1307 5636 malet,
1340 5573 1482 5636 mox
1512 5550 1606 5625 pro
1656 5553 2022 5636 adscenderat,
2058 5550 2138 5604 le-

539 5623 770 5714 gendum
802 5623 851 5693 ei
874 5623 1236 5714 adscenderit;
1264 5623 1523 5686 autcerte
1545 5642 1665 5681 cum
1691 5623 2013 5680 Carnutensi
2044 5635 2138 5676 co-

536 5707 659 5772 dice
686 5707 970 5765 adscendit.

612 5762 806 5854 Itaflta
832 5777 1015 5848 plures
1039 5787 1171 5831 mss.
1218 5772 1326 5831 Alii
1364 5784 1497 5829 vero
1534 5782 1657 5826 cum
1682 5766 1939 5838 vulgatis,
1984 5762 2137 5821 scho-

536 5859 694 5920 iam.

2308 4766 2387 4840 (4)
2429 4767 2516 4824 Me
2538 4767 2763 4822 initium.

2306 4839 2385 4914 (5)
2430 4840 2759 4896 Veronensis
2786 4848 2987 4910 patrem
3014 4853 3119 4895 non
3142 4839 3403 4911 geminat.

2305 5048 2383 5121 (b)
2425 5047 2481 5105 ln
2510 5061 2615 5103 ms.
2652 5045 2789 5121 Va_t._
2822 5043 2939 5099 bas.
2969 5041 3251 5121 diuinitatis
3278 5055 3297 5094 :
3317 5046 3590 5121 corrupte.
3622 5038 3744 5121 Mox
3787 5037 3845 5121 in

2233 5111 2436 5191 aliquot
2465 5121 2606 5180 aliis.
2638 5117 2833 5191 deﬁcit,
2867 5129 2982 5191 pro
3012 5114 3289 5191 deﬁcituri
3312 5128 3379 5191 ea
3423 5111 3574 5191 scioli
3617 5111 3843 5191 temeri-

2234 5182 2362 5247 tate.
2399 5191 2474 5246 lla
2505 5192 2651 5247 enim
2693 5182 2835 5258 apud
2857 5185 3201 5258 Ciceronem,
3234 5182 3429 5239 Mulier
3469 5183 3702 5237 abundat
3741 5198 3844 5237 au-
3908 5216 3913 5227 ι

2234 5262 2405 5328 daein,
2438 5261 2657 5317 consilio
2684 5256 2742 5314 et
2754 5259 2954 5314 ratione
2978 5256 3239 5327 deﬁcitur.

2311 5380 2381 5450 (c)
2424 5377 2645 5433 Veteres
2678 5371 3122 5450 librijiebitudine
3147 5389 3161 5425 :
3192 5386 3261 5428 ex
3286 5384 3394 5442 quo
3414 5371 3468 5425 in
3499 5385 3605 5426 uno
3630 5368 3844 5443 Remig.

2245 5445 2412 5525 prave
2439 5450 2743 5504 confectum
2772 5458 2855 5502 est
2886 5445 3206 5500 habitudine.

2316 5543 2397 5616 (ιι)
2435 5542 2589 5616 Bad.,
2628 5542 2720 5595 Er.
2744 5549 2807 5616 _et
2834 5538 2981 5616 Lips.
3011 5533 3848 5616 initium,_sin_einA,_consentien-

2244 5604 2389 5671 tibus
2412 5604 2622 5684 aliquot
2646 5612 2882 5684 antiquis
2902 5604 3062 5665 libris
3090 5623 3213 5664 cum
3234 5606 3409 5684 LXX.
3428 5611 3497 5662 At
3527 5604 3847 5684 particulam

2241 5688 2294 5740 in
2342 5679 2647 5741 addendam
2697 5696 2820 5737 esse
2851 5682 3022 5750 liquet
3064 5689 3182 5734 tum
3212 5693 3288 5750 ex;
3329 5679 3747 5750 subnexis,_tum
3777 5690 3850 5730 ex

2243 5758 2339 5813 lib.
2370 5771 2469 5822 xu,
2500 5772 2555 5811 ιι.
2584 5755 2675 5813 35.
2706 5752 2863 5810 Unde
2887 5747 2942 5808 in
2967 5767 3071 5808 ms.
3096 5750 3214 5806 bas.
3248 5748 3370 5806 Vat.
3400 5758 3457 5808 et
3480 5749 3601 5806 aliis
3627 5747 3847 5818 legitur,

2240 5831 2296 5886 in
2309 5828 2478 5886 initio.
