4216 6254
465 269 538 324 49
1713 269 1801 326 DE
1840 269 2217 328 TRINITATE
2254 272 2465 330 LIBER
2491 275 2555 332 ll.
3705 283 3776 340 50

464 388 569 444 hoc
616 387 834 458 quidem
888 396 1092 442 tantum
1127 388 1421 442 voluntatis
1471 402 1603 443 mea:
1636 387 1902 458 professio
1950 395 2149 455 est:A
2251 394 2561 464 [astantibus
2623 413 2791 466 pauca
2850 400 3185 469 prtelocutus,
3235 403 3305 457 ad
3346 404 3670 461 scribendum
3714 407 3777 461 de

462 490 722 536 caeterum
754 479 940 536 τωδὶ.ὶί
967 492 1017 535 et
1042 471 1194 537 misei
1212 480 1431 536 icordim
1453 489 1559 535 tum
1588 497 1780 538 munus
1802 482 2067 540 orandmn

464 583 569 639 est,
599 584 652 625 ιιι
685 581 907 628 extensa
937 573 1030 626 tibi
1061 572 1180 627 ﬁdei
1214 582 1413 628 nostra:
1448 572 1921 646 confessionisque
1948 576 2066 629 vela

470 668 601 724 ﬂatu
643 668 878 738 Spiritus
925 668 999 722 tui
1032 666 1280 737 impleas,
1316 682 1522 738 nosque
1547 670 1601 723 in
1629 682 1845 723 cursum
1873 668 2069 740 prmdi-

422 762 695 817 'cationis
744 760 888 815 initi:
931 760 1227 832 propellas.
1282 761 1398 815 Non
1432 762 1577 816 enim
1626 761 1783 816 nobis
1833 761 2069 817 inﬁdelis

462 853 770 923 SpOttsiuttis
794 854 947 909 istius
965 865 1154 909 auctor
1178 861 1282 913 est.
1314 854 1501 909 dicens
1530 873 1541 908 :
1575 853 1761 920 Petite,
1788 864 1833 909 et
1862 854 2068 908 dabitur

461 948 599 1002 vobis
618 966 637 1014 ;
665 947 896 1017 quaerite,
930 957 977 1001 et
1020 948 1325 1017 invenietis;
1357 949 1579 1019 pulsate,
1612 959 1658 1002 et
1691 947 1949 1020 aperietur
1979 964 2065 1002 vo-

463 1045 537 1097 bis
566 1040 716 1115 (Luc.
750 1057 826 1108 xl,
858 1039 939 1113 9).
988 1040 1095 1097 Nos
1124 1041 1341 1113 quidem
1372 1043 1562 1113 inopes
1592 1056 1653 1096 ea
1696 1041 1892 1111 quibus
1941 1055 2068 1111 ege-

465 1150 585 1189 mus
617 1134 987 1204 precabimur,
1020 1143 1074 1190 et
1097 1135 1149 1189 in
1190 1133 1496 1190 scrutandis
1528 1136 1913 1204 prophetarum
1947 1145 2067 1187 tuo-

460 1245 579 1283 rum
610 1229 1088 1300 apostolorumque
1128 1228 1288 1285 dictis
1313 1230 1549 1284 studium
1582 1229 1834 1300 pervicax
1873 1228 2065 1285 aliere-

456 1337 601 1388 mus,
632 1330 689 1377 et
717 1336 909 1378 omnes
949 1323 1218 1379 obserata:
1246 1322 1617 1395 intelligentiae
1660 1323 1839 1378 aditus
1881 1324 2065 1394 pulsa-

455 1416 666 1471 bimus:
689 1414 787 1470 sed
820 1424 968 1470 tuum
995 1422 1099 1482 est,
1119 1423 1174 1470 et
1189 1424 1401 1470 oratum
1421 1415 1680 1481 tribuere,
1703 1416 2061 1486 etquaesitum

456 1507 673 1575 adesse,
704 1516 760 1563 et
788 1517 973 1575 patere
1004 1508 1295 1577 pulsatum.
1326 1508 1627 1578 Torpemus
1652 1507 1796 1562 enim
1826 1506 2061 1577 quodam

458 1611 663 1656 natura:
692 1609 890 1655 nostra;
918 1600 1072 1672 pigro
1102 1609 1343 1671 stupore,
1375 1610 1429 1657 et
1472 1601 1539 1656 ad
1583 1616 1670 1656 res
1701 1608 1819 1654 tuas
1862 1599 2064 1655 intelli—

454 1695 658 1766 gendas
700 1695 841 1750 intra
872 1694 1189 1766 ignorantiae
1218 1694 1597 1751 necessitatem
1649 1693 1850 1765 ingenii
1887 1694 2060 1749 nostri

458 1770 834 1844 imbecillitate
855 1787 1173 1843 cohibentur
1198 1805 1211 1841 :
1236 1787 1328 1841 sed
1357 1786 1617 1842 doctrinas
1644 1793 1747 1840 tuze
1776 1784 1953 1840 studia
1990 1784 2057 1840 ad
2089 1792 2137 1852 ιι

457 1896 675 1937 sensum
724 1896 822 1935 nos
872 1879 1070 1934 dirinm
1121 1879 1446 1949 cognitionis
1493 1878 1576 1952 (I)
1628 1879 1956 1942 instituunt,
2006 1885 2063 1931 et

459 1977 595 2030 ultra
644 1973 944 2043 naturalem
978 1974 1289 2046 opinionem
1322 1971 1444 2028 ﬁdei
1477 1971 1551 2044 (α)
1588 1970 1897 2028 obedientia
1931 1986 2059 2041 pro-

456 2070 624 2125 vehit.

529 2164 620 2219 '58.
666 2163 1053 2235 Exspectamus
1119 2178 1250 2233 ergo
1299 2170 1358 2218 ut
1428 2161 1620 2233 trepidi
1684 2162 1846 2231 hujus
1895 2162 2060 2233 coepti

455 2255 678 2312 exordia
711 2257 921 2322 incitas,
957 2268 1011 2311 et
1057 2254 1299 2323 proiectu
1341 2256 1690 2310 accreséente
1738 2254 2057 2321 conﬁrmes,

458 2356 514 2402 et
542 2347 609 2402 ad
633 2347 970 2403 consortium
1000 2349 1083 2402 vel
1126 2347 1460 2418 proiihetalis
1500 2347 1583 2402 vel
1633 2346 1920 2418 apostolici
1945 2347 2057 2418 spi-

457 2441 592 2496 ritus
617 2456 780 2497 voces
806 2458 819 2495 :
852 2442 1062 2497 ntdicta
1094 2458 1280 2498 eorum
1316 2458 1419 2496 non
1450 2444 1556 2497 alio
1576 2456 1738 2514 quam
1766 2442 1863 2513 ipsi
1889 2442 2055 2498 locuti

458 2544 583 2589 sunt
611 2550 774 2590 sensu
823 2534 1316 2606 apprehendamus,
1364 2536 1766 2607 verhOrumqne
1813 2536 2060 2608 proprie-

459 2636 596 2683 tates
638 2627 829 2682 iisdem
878 2644 1056 2683 rerum
1112 2629 1598 2698 signiﬁcationibus
1665 2644 2055 2700 exsequamur.

457 2720 714 2775 Locuturi
738 2720 880 2775 enim
903 2735 1111 2786 sumus,
1135 2737 1259 2791 qua:
1285 2721 1354 2777 ab
1382 2721 1445 2775 iis
1469 2722 1521 2776 in
1547 2731 1893 2777 sacramento
1921 2737 2059 2792 pra:-

457 2812 635 2867 dicata
666 2824 811 2880 sunt,
844 2823 896 2868 te
924 2822 1189 2870 aeternum
1220 2813 1410 2877 Deum,
1444 2814 1633 2869 aeterni
1676 2815 1934 2884 unigeniti
1962 2816 2058 2870 Dei

456 2913 664 2976 patrem
697 2923 709 2957 :
737 2912 793 2960 et
831 2920 996 2960 unum
1030 2915 1080 2960 te
1105 2907 1221 2961 sine
1259 2905 1559 2969 nativitate,
1589 2914 1645 2961 et
1682 2922 1847 2961 unum
1881 2906 2060 2962 Domi-

458 3011 588 3051 mnn
637 2995 823 3053 Jesnm
854 2996 1130 3052 Christum
1157 3013 1223 3054 ex
1272 3006 1323 3052 te
1354 2997 1649 3053 nativitatis
1676 3010 1916 3066 mternte,
1949 3015 2057 3055 non

457 3091 512 3145 in
540 3088 614 3163 (b)
640 3092 864 3146 deorum
895 3105 1178 3146 numerum
1204 3090 1445 3146 veritatis
1472 3091 1788 3147 diversitate
1814 3092 2059 3149 referen-

2249 496 2355 540 tam
2376 489 2653 544 reconditis
2673 490 2823 545 rebus
2852 492 3065 548 invitum
3089 512 3142 549 se
3176 512 3237 549 ac
3260 505 3561 552 trementem
3585 498 3777 553 adduci

2247 581 2483 651 pluribus
2527 594 2858 653 protestatur.
2905 585 3047 641 Hinc
3090 588 3179 642 ubi
3242 591 3445 660 aperuit
3495 589 3559 645 de
3618 589 3779 646 Patre

2244 675 2368 746 quid
2409 677 2617 743 sentiat,
2671 678 2833 732 rerbis
2874 696 2982 734 rem
3030 690 3084 734 ut
3123 692 3200 736 est
3229 698 3333 736 non
3362 683 3487 738 satis
3525 684 3778 752 explicari

2246 772 2484 825 ostendit.
2514 771 2709 826 Deinde
2739 773 2864 842 quid
2887 775 2953 827 sit
2973 774 3155 844 quidve
3189 792 3290 829 non
3321 775 3385 829 sit
3422 774 3593 831 Filius
3615 793 3777 849 expo-

2245 863 2358 926 nit;
2395 872 2445 916 et
2483 864 2654 935 arguit
2688 881 2795 932 eos,
2824 866 2911 935 qui
2939 866 3111 938 inique
3141 866 3314 937 [erunt
3345 883 3399 921 se
3422 869 3775 939 generationis

2242 956 2386 1010 illius
2416 968 2789 1013 sacramentum
2833 976 3015 1031 capere
3044 978 3147 1014 non
3188 977 3377 1030 posse;
3414 978 3529 1015 cum
3557 971 3631 1016 tot
3651 962 3772 1016 aliis

2242 1050 2297 1103 in
2320 1049 2495 1116 rebus,
2518 1051 2671 1105 etiam
2693 1051 2821 1118 suis,
2848 1053 3202 1124 wquanimiter
3222 1054 3445 1124 imperiti
3469 1054 3591 1109 sint.
3621 1052 3773 1108 Hanc

2240 1158 2358 1195 rero
2383 1142 2779 1197 inenarrabilem
2812 1144 2938 1197 Filii
2969 1143 3067 1199 Dei
3094 1147 3477 1215 generationem
3518 1147 3769 1217 sapienti-

2241 1232 2334 1286 bus
2364 1235 2559 1302 saeculi,
2585 1234 2766 1290 scribis
2789 1236 2932 1308 legis,
2960 1247 3006 1291 et
3033 1237 3287 1292 Itwreticis
3325 1239 3641 1311 ignoratum,
3687 1242 3745 1294 di
3755 1272 3772 1283 -

2242 1327 2360 1380 uina
2385 1327 2528 1382 illius
2558 1339 2743 1383 natura
2782 1330 2928 1401 prius
2965 1332 3146 1402 paucis
3203 1332 3571 1402 demonstrata,
3608 1335 3773 1390 verbis

2244 1417 2528 1474 Piscatoris
2548 1422 2797 1488 explicat.

2168 1509 2362 1566 Postea
2389 1513 2544 1581 [idem
2587 1512 2876 1583 Scripturis
2918 1517 3189 1587 fundatam
3227 1520 3611 1585 commendans,
3655 1536 3770 1575 eam

2240 1605 2612 1661 medicamento
2661 1619 2924 1680 comparat
2970 1611 3235 1665 medendis
3290 1610 3528 1665 onmibus
3579 1613 3774 1668 morbis

2241 1699 2449 1762 idoneo,
2502 1700 2657 1770 idque
2693 1703 2962 1771 conﬁrmat
3000 1703 3175 1757 allatis
3218 1703 3513 1774 Scriptura:
3541 1706 3770 1760 testimo-

2236 1792 2357 1858 niis,
2394 1791 2579 1862 quibus
2618 1792 2837 1847 Sabellii
2864 1795 3019 1848 simul
3067 1805 3115 1848 et
3160 1793 3403 1852 Hebionis
3430 1797 3770 1852 Arianorum-

2234 1899 2331 1952 que
2350 1892 2632 1938 commenta
2662 1883 3002 1938 debellantnr.
3067 1885 3188 1940 Non
3237 1896 3367 1941 tacet
3417 1888 3653 1959 quaedam
3704 1891 3770 1942 de

2237 1973 2440 2031 Christo
2466 1977 2519 2030 in
2548 1976 2834 2047 Scripturis
2864 1980 3154 2045 memorari,
3182 1995 3300 2051 qua:
3327 1979 3439 2034 Deo
3455 1982 3666 2053 indigna
3690 1982 3768 2036 vi—

2236 2068 2493 2134 deamur;
2520 2069 2611 2125 sed
2649 2070 2700 2122 in
2728 2070 2790 2125 iis
2816 2070 2968 2139 ipsis,
2994 2087 3110 2142 qua:
3132 2071 3343 2126 Immani
3383 2073 3584 2144 generis
3610 2090 3769 2128 causa

2237 2162 2509 2230 pertulisse
2536 2172 2801 2228 narratur,
2827 2164 3049 2218 ostendit
3076 2181 3179 2219 non
3203 2166 3379 2221 deesse
3410 2168 3679 2238 potestatis
3707 2184 3769 2222 ac

2236 2257 2499 2328 dignitatis
2522 2258 2690 2329 signa,
2725 2257 2907 2329 quibus
2933 2274 3051 2313 eum
3084 2258 3397 2315 vere-Deum
3430 2277 3537 2317 esse
3576 2261 3764 2316 docen-

2238 2366 2373 2404 mur.
2802 2390 2831 2399 -.

2162 2441 2394 2498 Tandem
2421 2441 2680 2514 Spiritum
2708 2451 2938 2497 sanctum
2977 2443 3196 2499 existere
3238 2461 3271 2499 a
3320 2443 3479 2500 Patre
3524 2454 3574 2499 et
3624 2443 3767 2501 Filio

2235 2535 2533 2590 distinctum
2558 2533 2760 2605 probat,
2787 2542 2836 2589 et
2879 2550 3057 2589 eorum
3111 2536 3416 2607 scrupulum
3467 2535 3621 2602 levat,
3675 2537 3767 2607 qui

2235 2630 2331 2683 hoc
2356 2637 2448 2682 aut
2476 2629 2715 2699 ignorant
2754 2638 2844 2681 aut
2878 2628 3166 2699 ambigunt,
3204 2630 3327 2697 quia
3365 2628 3600 2696 Spiritus
3642 2645 3765 2683 uoce

2234 2721 2445 2777 Patrem
2476 2730 2563 2775 aut
2592 2720 2788 2775 Filium
2809 2724 3100 2793 frequenter
3120 2722 3338 2793 intelligi
3363 2720 3588 2777 videant.
3617 2720 3763 2776 Prte-

2235 2822 2371 2867 terea
2425 2812 2809 2867 demonstratur
2849 2811 3078 2880 Spiritus
3132 2815 3298 2869 sancti
3338 2814 3510 2868 diuina
3552 2822 3761 2881 natura,

2233 2906 2489 2977 ofﬁcium,
2523 2922 2675 2976 quam
2705 2910 3052 2965 necessarium
3078 2907 3225 2965 nobis
3253 2909 3318 2965 sit
3340 2908 3484 2963 illius
3526 2911 3751 2976 donum,

2234 3016 2394 3071 quove
2423 3001 2596 3055 studio
2621 3004 3033 3071 promerendum.

2236 3095 2287 3148 1.
2334 3095 2487 3162 Quod
2514 3096 2729 3167 suﬁiciat
2754 3096 3019 3154 Trinitatis
3059 3099 3246 3153 notitia
3288 3100 3342 3152 in
3370 3097 3622 3171 baptismo
3653 3106 3764 3151 tra-

458 3184 585 3239 dunt
614 3202 628 3239 :
657 3200 833 3255 neque
859 3200 967 3240 non
1010 3202 1077 3240 ex
1112 3196 1163 3240 te
1186 3186 1458 3257 genitum,
1508 3187 1583 3259 (ε)
1625 3187 1716 3256 qui
1749 3186 1890 3241 Deus
1919 3202 2056 3242 unus
2085 3183 2132 3248 C
2162 3187 2291 3242 dita.
2326 3187 2730 3247 —-Sufﬁciebat
2772 3192 3118 3248 credentibus
3173 3192 3269 3248 Dei
3321 3207 3522 3256 sermo,
3566 3192 3656 3262 qui
3709 3191 3762 3245 in

457 3292 540 3341 es,
588 3276 1020 3347 prsedicandum;
1074 3292 1246 3347 neque
1276 3277 1418 3332 aliud
1450 3294 1608 3349 quam
1656 3279 1823 3333 Deum
1849 3294 2055 3348 verum,

458 3372 545 3440 qui
572 3385 637 3425 ex
668 3379 719 3425 te
752 3369 835 3442 (2)
866 3371 975 3425 Deo
1005 3384 1139 3426 vero
1163 3379 1316 3441 patre
1342 3381 1499 3427 natus
1526 3381 1631 3440 est,
1663 3370 2054 3426 conﬁtendum.

460 3464 657 3520 Tribue
687 3480 817 3536 ergo
848 3466 1003 3523 nobis
1028 3467 1315 3521 verborum
1347 3464 1816 3536 signiﬁcationem,
1852 3465 2057 3521 intelli-

460 3561 653 3632 gentia:
698 3562 902 3627 lumen,
949 3560 1219 3616 dictorum
1247 3559 1528 3625 honorem,
1582 3560 1826 3615 veritatis
1854 3558 2057 3614 ﬁdem:

460 3667 514 3711 et
544 3664 757 3725 praesta,
792 3665 848 3710 ut
874 3655 1018 3727 quod
1048 3655 1340 3719 credimus,
1375 3664 1429 3709 et
1472 3654 1791 3725 loquamur;
1830 3653 2056 3722 scilicet,

463 3762 517 3805 ut
547 3751 823 3821 contingat
851 3748 1028 3814 nobis,
1076 3762 1242 3804 unum
1272 3757 1325 3803 te
1361 3750 1525 3803 Deum
1575 3757 1781 3816 patrem
1810 3755 1866 3801 et
1894 3761 2061 3801 unum

464 3842 747 3896 Dominum
776 3841 962 3897 Jesnm
988 3840 1262 3897 Christum
1290 3840 1359 3895 de
1384 3839 1671 3909 Propltetis
1717 3848 1880 3909 atque
1913 3841 2060 3907 Apo-

462 3935 616 3990 stolis
636 3933 1265 4006 cognoscentibusmuuc
1294 3932 1578 3987 adversum
1608 3942 1866 3999 negantes
1889 3933 2062 3984 luere-

464 4027 621 4096 ticos,
650 4028 725 4082 ita
752 4024 831 4100 (ά)
862 4026 1026 4083 Deum
1052 4035 1107 4081 et
1128 4036 1179 4081 te
1206 4024 1501 4089 celebrare,
1535 4040 1601 4080 ne
1622 4024 1832 4089 Solum;
1865 4031 1919 4078 ct
1938 4038 2061 4079 eum

387 4147 392 4151 ~
463 4121 779 4192 prmdicare,
812 4135 879 4176 ne
912 4119 1127 4175 falsum.

824 4257 1068 4330 25-26
1089 4256 1293 4313 LIBER
1320 4254 1699 4313 SECUNDUS.

462 4395 543 4450 De
588 4397 797 4452 veritate
835 4395 1108 4451 Trinitatis
1162 4395 1465 4466 generatim,
1512 4402 1562 4448 et
1592 4380 1682 4446 de
1737 4391 2062 4463 singularum

534 4505 873 4561 personarum
902 4489 1150 4560 dignitate
1175 4497 1224 4542 et
1272 4487 1450 4558 ofﬁcio
1490 4485 1798 4540 nominatim
1833 4483 2058 4541 disserit.

2162 3294 2322 3334 aures
2350 3289 2562 3337 nostras
2585 3281 2944 3352 Evangelistm
2958 3285 3267 3339 testimonio
3282 3280 3413 3340 'cum
3431 3285 3549 3355 ipsa
3562 3284 3765 3339 verita-

2163 3373 2233 3427 tis
2273 3387 2388 3428 sute
2440 3374 2638 3430 virtute
2684 3376 2984 3431 transfusus
3009 3385 3116 3443 est,
3144 3392 3266 3433 cum
3299 3377 3431 3433 dicit
3460 3378 3759 3434 Dominus:

2162 3462 2361 3519 Euntes
2386 3481 2523 3520 nunc
2549 3466 2724 3523 docete
2766 3484 2939 3523 omnes
2981 3478 3178 3541 gentes,
3221 3470 3542 3541 baptizantes
3581 3485 3669 3524 eos
3709 3470 3765 3524 in

2162 3560 2367 3612 nomine
2411 3557 2587 3614 Patris
2612 3569 2658 3614 et
2687 3559 2812 3615 Filii
2836 3571 2885 3615 et
2913 3561 3145 3632 Spiritus
3176 3562 3382 3629 Sancti,
3413 3562 3653 3618 docentes
3678 3578 3765 3616 eos

2162 3667 2363 3708 servare
2387 3653 2558 3707 omnia
2586 3670 2918 3726 quiscumque
2949 3654 3017 3726 (e)
3049 3656 3239 3711 mando
3264 3655 3405 3710 vobis
3430 3671 3450 3711 :
3470 3666 3521 3710 et
3537 3670 3653 3709 ecce
3672 3669 3764 3726 ego

2164 3743 2424 3797 uobiscum
2452 3761 2566 3798 sum
2599 3745 2834 3800 omnibus
2880 3746 3061 3802 diebus
3091 3763 3251 3817 usque
3278 3747 3331 3800 in
3360 3746 3767 3801 consummatio-

2165 3850 2281 3889 nem
2305 3835 2484 3889 δαισαιὶ
2514 3834 2728 3904 (Matth.
2755 3853 2939 3903 xxvtn,
2970 3836 3061 3903 i9,
3107 3836 3224 3907 20).
3266 3836 3405 3904 Quid
3431 3835 3576 3892 enim
3598 3834 3681 3909 (3)
3705 3836 3763 3892 in

2166 3940 2233 3981 eo
2280 3926 2348 3982 de
2399 3936 2739 3983 sacramento
2787 3928 2856 3999 (f)
2895 3928 3086 3985 salutis
3116 3927 3362 3983 humanm
3386 3942 3491 3982 non
3520 3928 3767 3983 contine-

2168 4019 2294 4075 tur?
2314 4027 2408 4074 aut
2431 4020 2558 4090 quid
2587 4028 2692 4086 est,
2727 4021 2868 4089 quod
2896 4022 2963 4075 sit
2993 4021 3257 4090 reliquum
3294 4031 3386 4075 aut
3430 4020 3767 4077 obscurum?

2166 4113 2333 4170 Plena
2358 4120 2486 4168 sunt
2509 4114 2692 4169 omnia
2716 4123 2775 4170 ut
2800 4129 2832 4169 a
2860 4114 3021 4184 pleno
3051 4113 3152 4186 ,(6)
3178 4125 3233 4171 et
3259 4130 3287 4168 a
3312 4113 3556 4184 perfecto
3585 4112 3767 4183 perfe-

2172 4217 2258 4263 cta
2317 4207 2421 4281 (g).
2449 4207 2585 4264 Nam
2617 4216 2673 4264 et
2698 4197 2988 4265 verberum
3026 4210 3501 4280 signiﬁcationem,
3546 4219 3602 4264 et
3643 4208 3765 4264 efﬁ-

2169 4302 2422 4358 cientiam
2454 4319 2655 4371 rerum,
2684 4314 2735 4359 et
2788 4303 3125 4373 negetiorum
3168 4301 3437 4369 ordinem,
3480 4310 3535 4358 et
3560 4309 3769 4357 natura:

2168 4392 2579 4463 intelligentiam
2633 4394 3116 4463 comprehendunt.
3168 4394 3450 4465 Baptizare
3491 4394 3652 4465 jussit
3713 4394 3769 4448 in

2166 4485 2378 4539 nomine
2402 4483 2579 4540 Patris
2602 4496 2650 4541 et
2680 4485 2811 4539 Filii
2855 4496 2904 4540 et
2957 4486 3191 4557 Spiritus
3235 4487 3421 4553 sancti,
3465 4486 3518 4541 id
3555 4494 3662 4550 est,
3712 4485 3771 4541 in

536 4584 611 4638 Ac
658 4584 821 4647 primo
868 4583 1075 4654 quidem
1113 4581 1343 4635 declarat
1379 4578 1613 4634 Hilarius
1661 4581 1791 4634 tanti
1830 4580 2137 4650 mysteriiD
2164 4580 2505 4636 confessione
2551 4588 2608 4636 et
2654 4580 2913 4645 auctoris,
2964 4590 3019 4633 et.
3064 4577 3144 4651 (lt)
3185 4578 3468 4647 nnigeniti,
3515 4586 3572 4633 et
3615 4576 3767 4632 doni.

536 4680 770 4734 notitiam
796 4681 849 4733 in
873 4678 1125 4751 baptismo
1146 4676 1390 4731 traditam
1420 4675 1680 4745 sufﬁcere.
1711 4673 1844 4729 Tum
1864 4675 1926 4730 de
1951 4674 2060 4730 lite-

534 4787 708 4827 resum
738 4770 956 4842 origine,
988 4768 1152 4838 deque
1189 4767 1444 4823 haereticis
1480 4765 1750 4823 Trinitatis
1785 4766 1943 4838 fidem
1980 4767 2064 4822 in-

566 4884 616 4954 i)
660 4883 957 4939 lnstruunt.

566 4885 616 4954 Ι)
660 4885 957 4939 lnstruunt.

535 4885 618 5030 ξε)
661 4956 718 5012 lu
740 4965 926 5011 nostro
956 4969 1057 5010 ms.
1085 4953 1442 5027 supprimitur
1475 4967 1582 5009 vox
1606 4952 1735 5008 Deo.

536 5072 615 5146 (α)
652 5074 707 5128 In
736 5072 857 5129 cod.
897 5073 1014 5128 Vat.
1040 5072 1166 5146 bas.
1193 5071 1532 5146 obedientiam
1552 5066 1877 5146 protraltunt,
1907 5067 2066 5146 male.

465 5140 748 5217 Quomodo
794 5155 973 5201 autem
1030 5144 1164 5200 ﬁdes
1195 5157 1305 5217 nos;
1319 5141 1582 5213 provehat
1599 5140 1670 5217 ad
1697 5140 1775 5217 id,
1805 5140 1949 5217 quod
1977 5154 2073 5196 na-

466 5212 658 5274 turalis
717 5232 910 5273 sensus
961 5231 1067 5271 non
1119 5212 1373 5287 attingit,
1429 5213 1679 5284 superius
1726 5212 1837 5282 jam
1886 5212 2071 5267 obser-

466 5300 672 5345 vatum.

542 5358 617 5431 (b)
655 5358 912 5416 Vetusius
956 5358 1131 5415 codex
1176 5358 1326 5431 Coll).
1361 5372 1483 5412 cum
1515 5354 1699 5413 Germ.
1734 5354 1808 5409 uti
1835 5365 2070 5425 priamo-

468 5430 710 5493 nuimus,
736 5447 885 5484 num.
917 5431 1007 5498 11,
1038 5448 1139 5484 ηοη
1163 5430 1217 5484 iu
1250 5430 1471 5484 duorum
1500 5442 1791 5482 numerum.

540 5501 613 5586 (ς)
789 5502 909 5556 Vat.
959 5501 1258 5586 bas.,‘_qn‘ia
1288 5499 1451 5586 Deus.
1502 5498 1624 5586 Mox
1652 5499 2066 5586 Carttnet‘nAon-l

467 5566 604 5630 nulli
630 5574 745 5638 alii,
779 5589 942 5644 neque
964 5574 1018 5627 in
1059 5566 1242 5639 aliud;
1271 5579 1478 5641 postea,
1509 5570 1596 5625 ubi
1638 5587 1704 5625 ex
1729 5577 1776 5622 te
1818 5566 1930 5624 Deo
1954 5582 2073 5622 vero

467 5655 640 5720 patre,
662 5647 826 5720 abest
855 5645 965 5699 Deo
990 5660 1019 5698 a
1049 5645 1326 5720 plerisque
1352 5657 1483 5720 mss.
1615 5712 1645 5720 η
1885 5709 1937 5720 υ
1974 5708 2007 5720 __

543 5708 635 5784 (d)'
661 5716 716 5771 In
740 5724 957 5770 vetusto
985 5708 1173 5771 codice
1209 5708 1368 5769 Colh.
1411 5716 1484 5769 ita
1511 5722 1559 5768 et
1604 5712 1766 5769 Deum
1787 5721 1851 5765 te.
1885 5708 2077 5784 Melius

471 5780 561 5843 alii
584 5780 658 5842 ita
688 5786 855 5841 Deum
878 5788 1169 5852 collocant,
1193 5796 1248 5840 ut
1275 5784 1389 5841 haec
1417 5800 1516 5840 vos
1542 5796 1595 5840 et
1623 5785 1690 5840 ad
1721 5793 1768 5837 te
1796 5790 1851 5835 et
1872 5780 1936 5835 ad
1963 5796 2078 5835 eum

2165 4676 2370 4731 Auctor
2399 4690 2538 4730 unus
2564 4682 2649 4730 est
2668 4674 2931 4729 onmium.
2965 4671 3115 4729 Unus
3137 4678 3223 4727 est
3243 4670 3389 4727 enim
3414 4670 3559 4727 Deus
3582 4671 3762 4735 Pater,

2164 4781 2232 4823 ex
2262 4782 2370 4839 quo
2391 4767 2606 4834 omnia;
2635 4775 2691 4823 et
2729 4782 2867 4821 unus
2896 4764 3217 4837 Unigenitus
3269 4763 3533 4822 Dominus
3583 4770 3772 4821 noster

2238 4881 2321 4953 (5)
2360 4879 2429 4953 Il:
2457 4882 2635 4938 eodem
2655 4882 3016 4939 Sacramenta.

2240 4951 2325 5026 (4)
2364 4951 2434 5008 Et
2463 4958 2688 5025 perfecto
2720 4957 2972 5026 profecta.

2173 5084 2327 5138 teque
2356 5067 2642 5125 referatur.
2676 5068 2792 5124 Mox
2823 5070 2874 5125 iu
2905 5068 3129 5125 Carum.
3179 5076 3235 5124 et
3277 5066 3418 5132 aliis,
3448 5082 3541 5122 nec
3582 5067 3774 5138 solum,

2174 5137 2267 5193 uec
2308 5138 2499 5210 falsum
2522 5157 2542 5194 :
2569 5141 2745 5196 minus
2774 5141 3003 5196 sincere.
3035 5139 3148 5195 Hoc
3171 5139 3315 5194 enim
3360 5137 3464 5196 sibi
3514 5137 3669 5193 vult:
3703 5139 3778 5197 ita

2175 5219 2230 5266 et
2258 5209 2315 5265 te
2335 5210 2612 5267 celebrare
2658 5211 2847 5279 Deum,
2879 5221 2935 5266 ut
2980 5227 3086 5268 non
3120 5210 3420 5266 solitarium
3466 5209 3773 5277 credamus,

2177 5290 2231 5354 et
2257 5295 2380 5354 eum
2408 5282 2935 5354 praedicareibeum,
2963 5293 3023 5339 ut
3072 5296 3177 5338 non
3224 5281 3417 5339 falsum
3457 5283 3775 5354 cogitemus.

2184 5351 2319 5408 Tum
2349 5351 2596 5409 iu'Corb.
2626 5353 2879 5423 adjicitur
2900 5355 3135 5409 clausula
3167 5355 3349 5410 Amen.

2256 5422 2327 5492 (e)
2367 5423 2531 5491 Editi,
2561 5422 2804 5480 mandaui
2834 5440 2853 5479 :
2876 5424 3262 5481 reluctantibus
3289 5440 3422 5481 mss.

2253 5494 2321 5568 (ι’)
2360 5495 2432 5549 tta
2469 5509 2600 5568 mss.
2629 5496 2961 5567 antiquiores
2987 5496 3165 5559 Colb.,
3197 5493 3385 5565 Carm,
3414 5494 3625 5563 Germ.,
3670 5504 3781 5553 etc.

2180 5567 2285 5624 Alii
2318 5581 2442 5622 cum
2473 5567 2723 5637 vulgatis,
2750 5584 2803 5620 in
2826 5569 3001 5623 eodem
3025 5578 3364 5624 sacramento.

2254 5640 2332 5711 (g)
2371 5638 2499 5693 Mss.
2544 5636 2659 5692 bas.
2707 5636 2854 5706 ναι,
2905 5637 3126 5695 Carnut.
3172 5655 3294 5696 cum
3335 5639 3522 5712 paucis
3568 5638 3712 5708 aliis,
3735 5645 3785 5695 et

2183 5714 2412 5782 perfecto
2436 5712 2686 5782 profecta.

2258 5779 2339 5854 (It)
2380 5779 2492 5836 lino
2528 5789 2656 5835 mss.
2700 5780 2856 5838 Colb.
2890 5791 2943 5837 et
2962 5782 3148 5840 Germ.
3171 5782 3423 5853 unigeniti
3442 5779 3563 5837 Dei.
