4216 6254
352 86 433 103 ρ..-

445 245 518 303 55

1642 240 1734 301 DE
1771 239 2146 303 TRINITATE
2183 243 2397 304 LIBER
2419 246 2489 305 ll.

3693 260 3768 316 54-

444 358 775 430 concedens,
819 373 929 415 non
964 372 1033 415 ex
1077 356 1190 414 Deo
1225 354 1526 425 hominem,
1566 357 1664 414 sed
1714 373 1781 415 ex
1829 357 2051 415 homine
2073 358 2130 422 Α
2155 359 2332 417 omnis
2357 360 2439 435 (2)
2452 375 2649 420 sensus
2672 361 2919 421 incertus
2944 371 3050 422 est.
3067 362 3212 438 Ergo
3228 379 3341 424 non
3354 370 3639 443 prmeeptis
3667 372 3769 428 ali-

445 455 616 512 Deum
639 451 915 526 proferat;
938 464 1119 522 neque
1148 450 1452 507 subsistens
1470 458 1630 508 antea
1649 450 1793 522 quod
1816 451 1868 507 in
1896 450 2051 524 prin-

450 547 596 619 cipio
621 546 763 618 apud
789 545 957 603 Deum
987 553 1105 601 erat
1130 543 1276 601 Deus
1309 544 1547 601 Verbum
1589 545 1745 618 virgo
1772 543 1852 619 (a)
1876 559 2053 601 susce-

441 640 607 715 perit,
640 639 738 695 sed
784 653 1005 695 carnem
1058 637 1306 711 genuerit
1360 653 1456 709 per
1499 636 1761 706 verbum;
1821 638 1947 709 quia
1996 637 2051 694 in

445 734 628 791 Verbo
653 742 813 789 antea
843 731 937 805 (ὁ),
957 746 1065 787 non
1088 731 1369 787 existentis
1397 731 1659 803 unigeniti
1689 728 1785 786 Dci
1804 740 2051 785 naturam

442 828 608 895 dicat,
634 825 731 882 sed
762 840 954 881 sonum
980 824 1130 881 vocis
1154 825 1357 880 elatum
1383 842 1399 880 :
1433 835 1491 879 ut
1526 824 1691 896 aliqui
1714 822 1877 895 hujus
1908 837 2050 879 nunc

443 922 703 994 temporis
727 918 1139 993 praedicatores,
1165 919 1256 991 qui
1282 933 1350 974 ex
1370 917 1541 974 nihilo
1561 926 1722 990 atque
1742 933 1774 973 a
1806 928 2049 989 tempore

444 1015 673 1073 formam
701 1023 755 1069 et
773 1013 1096 1084 sapientiam
1127 1022 1182 1067 et
1206 1010 1460 1067 virtutem
1491 1010 1588 1068 Dei
1619 1009 1955 1083 provehunt;
1980 1025 2049 1067 ne

441 1108 491 1164 si
520 1123 585 1163 ex
613 1107 771 1162 Patre
800 1105 869 1161 sit
896 1104 1087 1172 Filius,
1118 1104 1260 1160 Deus
1289 1103 1361 1158 sit
1382 1103 1704 1159 imminutus
1727 1103 1779 1158 in
1808 1101 2043 1170 Filium;

442 1203 658 1261 solliciti
697 1200 949 1268 nimium,
978 1216 1047 1257 ne
1068 1200 1283 1257 Patrem
1328 1199 1499 1255 Filius
1526 1198 1595 1255 ab
1623 1214 1691 1255 eo
1738 1207 1894 1253 natus
1921 1213 2048 1254 eva-

441 1308 566 1356 cuet
597 1316 612 1354 :
641 1306 803 1370 atque
833 1296 1040 1353 idcirco
1064 1295 1176 1352 Deo
1202 1296 1255 1350 in
1279 1294 1371 1349 ﬁlii
1394 1295 1674 1350 creatione
1697 1291 2040 1361 subveniunt,

439 1407 561 1447 eum
591 1407 656 1447 ex
682 1406 792 1446 non
814 1387 1157 1445 exstantibus
1175 1386 1561 1458 comparando,
1587 1396 1645 1441 ut
1667 1386 1809 1442 intra
1836 1394 2043 1441 natura:

436 1501 549 1542 suae
574 1483 968 1557 perfectionem
1012 1482 1194 1549 Pater,
1230 1480 1353 1553 quia
1397 1480 1529 1536 nihil
1580 1496 1646 1537 ex
1684 1496 1750 1536 eo
1786 1479 1855 1535 sit
1894 1479 2043 1551 geni-

437 1590 570 1647 tum,
597 1587 932 1652 perseveret.
965 1577 1082 1635 Jam
1100 1594 1230 1634 vero
1259 1576 1387 1650 quid
1416 1579 1634 1645 mirum,
1666 1586 1725 1632 ut
1749 1576 1817 1633 de
1835 1576 2042 1649 Spiritu

437 1682 623 1731 sancto
674 1672 889 1729 diversa
938 1669 1013 1743 (c)
1062 1671 1319 1738 sentiant,
1373 1670 1466 1742 qui
1511 1669 1565 1725 in
1619 1669 1876 1742 largitore
1925 1669 2041 1741 ejus

2155 452 2284 525 quid
2312 452 2621 512 addendum
2647 464 2753 525 est,
2783 457 2881 514 sed
2902 459 3096 515 modus
3120 468 3205 517 est
3229 462 3640 522 constituendus
3669 481 3764 522 au-

2155 544 2323 602 dacia:
2357 565 2371 602 :
2400 556 2458 603 ut
2495 548 2618 620 quia
2657 549 2966 622 malignitas
3003 552 3261 610 instinctu
3298 554 3583 615 diabolicae
3613 557 3764 616 frau-

2154 637 2410 697 dulentiae
2457 642 2689 698 excitata
2738 647 3016 702 veritatem
3057 664 3238 705 rerum
3286 666 3386 723 per
3418 661 3629 709 naturae
3658 669 3761 709 no-

2153 733 2300 788 mina
2323 734 2492 792 eludit
2512 778 2527 803 ,
2555 752 2657 793 nos
2685 736 2767 811 (5)
2791 746 3041 797 naturam
3068 743 3348 800 nominum
3380 746 3759 816 proferamus;

2153 833 2209 881 et
2238 825 2416 896 editis,
2449 838 2609 898 prout
2634 832 2687 886 in
2715 833 2896 889 verbis
2926 833 3276 907 habebimus,
3303 837 3569 910 dignitate
3598 850 3761 911 atque

2152 917 2333 976 ofﬁcio
2363 920 2575 992 Patris,
2609 923 2773 992 Filii,
2807 925 3041 997 Spiritus
3067 929 3263 997 sancti,
3296 946 3405 986 non
3438 931 3763 988 frustrentur

2151 1023 2358 1071 natura
2396 1018 2820 1088 proprietatibus
2856 1022 3077 1078 nomina
3098 1066 3115 1093 ,
3147 1024 3243 1080 sed
3272 1025 3413 1081 intra
3450 1036 3659 1083 natura:
3689 1030 3766 1083 si.-

2149 1107 2547 1178 gnilicationem
2598 1112 2907 1169 nominibus
2955 1124 3289 1174 coartentur.
3321 1118 3388 1175 Et
3418 1120 3604 1176 nescio
3632 1121 3761 1191 quid

2149 1197 2218 1253 de
2258 1198 2341 1255 his
2377 1201 2541 1258 rebus
2569 1202 2725 1260 aliter
2763 1205 3125 1264 sentientibus
3154 1210 3323 1265 animi
3350 1210 3442 1273 sit.
3472 1213 3757 1268 veritatem

2148 1295 2641 1364 corrumpentibus,
2674 1298 2927 1354 tenebras
2958 1300 3040 1373 (4)
3066 1300 3176 1357 luci
3203 1302 3582 1374 inferentibus,
3617 1304 3762 1362 insc-

2148 1384 2341 1440 cabilia
2372 1386 2749 1445 desecantibus
2768 1433 2785 1459 ,
2816 1391 3128 1464 incorrupta
3179 1397 3584 1465 scindentibus,
3617 1399 3759 1455 indi-

2148 1477 2260 1532 visa
2283 1478 2661 1549 partientibus.
2700 1481 2777 1554 (g)
2808 1485 3014 1554 Quibus
3057 1487 3107 1543 si
3154 1488 3234 1562 (5)
3261 1499 3467 1545 tantum
3508 1490 3655 1548 factu
3679 1492 3761 1547 l'a-

2147 1572 2252 1627 cile
2293 1584 2378 1628 est
2424 1574 2666 1646 perfecta
2705 1592 3074 1650 concerpere,
3099 1581 3191 1652 jus
3228 1598 3435 1655 ponere
3475 1586 3751 1657 potestati,

2146 1665 2363 1722 modum
2411 1669 2857 1727 circumscribere
2892 1673 3105 1730 inﬁnito
3139 1693 3154 1730 :
3186 1674 3321 1731 mihi
3348 1687 3496 1734 certe
3536 1680 3622 1735 his
3668 1695 3757 1736 re—

441 1770 691 1838 creando,
724 1779 781 1824 et
807 1766 1162 1836 demutando,
1216 1774 1270 1822 et
1312 1764 1582 1822 abolendo
1614 1773 1722 1820 tam
1770 1766 2042 1821 temerarii
2073 1767 2122 1829 B
2149 1758 2435 1828 spondenti
2461 1760 2514 1815 in
2544 1762 2691 1818 curis
2723 1773 2888 1820 aestus
2908 1775 3013 1834 est,
3034 1767 3087 1822 in
3101 1781 3267 1825 sensu
3295 1770 3445 1826 labes
3474 1768 3539 1844 (f.
3576 1772 3755 1845 tabes)

430 1863 545 1919 sint
568 1860 857 1918 auctores?
879 1870 1043 1931 atque
1072 1858 1143 1914 ita
1174 1858 1471 1914 dissolvant
1502 1856 1727 1929 perfecti
1756 1856 1916 1929 hujus
1954 1873 2043 1913 sa-
2144 1863 2249 1921 est,
2286 1853 2341 1909 in
2390 1854 2744 1926 intelligentia
2785 1866 2975 1930 stupor
3020 1870 3141 1927 est;
3171 1862 3225 1917 in
3272 1878 3528 1921 sermone
3568 1874 3752 1921 autem

429 1955 694 2013 cramenti
726 1953 1035 2020 veritatem,
1058 1951 1186 2009 dum
1202 1949 1285 2026 (ά)
1309 1950 1643 2007 substantias
1664 1950 2040 2006 diversitatum
2144 1964 2251 2005 non
2288 1950 2402 2021 jam
2448 1950 2846 2019 inﬁrmitatem,
2876 1953 2971 2009 sed
3017 1955 3291 2012 silentium
3330 1956 3653 2013 conﬁtebor.
3682 1958 3754 2014 Et

427 2048 484 2105 in
532 2047 694 2105 rebus
724 2056 830 2103 tam
883 2045 1266 2102 communibus
1296 2044 1636 2101 moliuntur:
1686 2044 1903 2099 Patrem
1946 2059 2041 2100 ne-

427 2139 627 2214 gando,
661 2139 789 2195 dum
811 2139 950 2195 Filio
976 2138 1120 2210 quod
1158 2146 1242 2195 est
1272 2137 1416 2193 ﬁlius
1443 2137 1729 2205 adimunt;
1777 2135 2036 2208 Spiritum

426 2241 674 2289 sanctum
704 2233 786 2306 (l)
814 2231 1061 2303 negando
1094 2230 1187 2305 (e),
1220 2231 1350 2287 dum
1378 2239 1432 2288 et
1452 2247 1610 2287 usum
1656 2241 1713 2287 et
1744 2240 2035 2287 auctorem

426 2326 546 2398 ejus
561 2327 830 2400 ignorant.
852 2325 931 2381 lta
955 2332 1012 2381 et
1030 2326 1313 2396 imperitos
1334 2324 1589 2396 perdunt,
1611 2324 1739 2381 dum
1763 2325 2034 2381 rationem

425 2416 830 2491 praedicationis
878 2415 1040 2487 hujus
1068 2414 1376 2484 affirmant;
1411 2424 1467 2472 et
1494 2415 1777 2473 audientes
1818 2416 2031 2485 fallunt,

425 2511 555 2567 dum
585 2520 833 2566 naturam
856 2508 1170 2565 nominibus
1199 2509 1464 2576 adimunt,
1495 2510 1621 2581 quia
1673 2509 1891 2565 nomina
1922 2525 2031 2566 non

424 2612 653 2676 possunt
673 2602 886 2659 auferre
913 2611 1137 2657 naturae.
1164 2600 1530 2657 Praetermitto
1560 2601 1765 2673 reliqua
1806 2601 2028 2658 humani

424 2703 652 2776 periculi
675 2702 919 2767 nomina,
944 2699 1280 2767 Valentinos,
1311 2697 1678 2767 Marcionitas,
1704 2698 2029 2756 Manicbzeos

424 2803 718 2871 pestesque
742 2804 987 2860 caeteras,
1026 2807 1146 2864 qua:
1172 2790 1445 2847 interdum
1471 2790 1842 2863 imperitorum
1879 2806 2030 2848 men-

425 2902 506 2949 tes
534 2897 821 2960 occupant,
855 2896 910 2944 et
938 2886 1058 2957 ipso
1084 2884 1333 2956 contagio
1361 2885 1788 2941 conversationis
1805 2886 1915 2961 29
1944 2886 2028 2941 in-

423 2984 612 3042 ﬁciunt
641 3000 656 3038 :
684 2982 849 3053 ﬁtque
879 2978 1121 3037 omnium
1146 2978 1262 3034 lues
1292 2993 1419 3044 una,
1450 2976 1578 3033 dum
1608 2978 1660 3033 in
1690 2968 2023 3035 audientium

419 3094 640 3136 sensum
671 3074 1078 3148 praedicandum
1108 3072 1328 3129 morbus
1357 3071 1676 3129 infunditur.

2142 2051 2293 2099 certe
2324 2043 2456 2099 mihi
2479 2053 2831 2118 extorquetur
2854 2046 2959 2103 hoc
2978 2048 3140 2117 velle,
3163 2048 3292 2105 dum
3323 2057 3379 2105 et
3406 2050 3645 2108 audaciae
3670 2068 3753 2109 rc-

2141 2136 2381 2204 sistitur,
2411 2146 2465 2194 et
2490 2140 2664 2195 errori
2693 2141 3025 2210 consulitur,
3053 2152 3111 2199 et
3149 2143 3469 2215 ignorantize
3497 2147 3750 2216 provide-

2140 2239 2248 2286 tur.
2279 2231 2608 2290 Immensum
2650 2243 2734 2291 est
2771 2244 2960 2294 autem
2991 2237 3135 2309 quod
3158 2239 3413 2311 exigitur,
3443 2240 3750 2315 incompre-

2140 2321 2408 2381 hensibile
2447 2336 2532 2381 est
2576 2326 2721 2398 quod
2762 2329 3024 2397 audetur;
3057 2341 3115 2387 ut
3160 2331 3300 2389 ultra
3328 2334 3744 2405 prtetinitionctn

2139 2418 2257 2484 Dei,
2290 2433 2471 2475 sermo
2510 2420 2580 2476 de
2619 2421 2731 2478 Deo
2759 2423 2850 2478 sit.
2876 2423 3068 2480 Posuit
3109 2433 3315 2483 natum
3356 2429 3578 2484 nomina
3602 2470 3618 2496 ,
3646 2428 3750 2485 Pa-

2138 2519 2274 2569 trem
2297 2555 2311 2581 ,
2345 2512 2537 2569 Filium
2558 2557 2572 2582 ,
2606 2514 2869 2587 Spiritum
2919 2527 3190 2575 sanctum.
3232 2518 3403 2575 Extra
3431 2521 3743 2593 signiﬁcan-

2137 2607 2266 2662 tiam
2316 2607 2585 2662 sermonis
2625 2616 2732 2675 est,
2759 2617 2914 2665 extra
2956 2625 3148 2666 sensus
3178 2610 3556 2682 intentionem,
3589 2623 3743 2669 extra

2134 2699 2506 2771 intelligentize
2528 2701 2966 2773 conceptionem,
2992 2703 3253 2775 quidquid
3276 2704 3416 2760 ultra
3444 2704 3522 2778 (6)
3547 2706 3744 2779 quaeri-

2133 2803 2239 2862 tur,
2256 2809 2360 2849 non
2392 2794 2723 2860 enuntiatur,
2754 2810 2859 2851 non
2882 2795 3183 2867 attingitur,
3206 2812 3316 2853 non
3340 2805 3575 2853 tenetur.
3605 2798 3741 2854 Ver-

2131 2886 2321 2944 borum
2351 2884 2764 2956 signiﬁcantiam
2792 2888 2870 2942 rei
2901 2887 3068 2957 ipsius
3083 2898 3274 2944 natura
3304 2891 3598 2959 consumit,
3615 2906 3743 2948 sen-

2129 2995 2223 3036 sus
2246 2981 2760 3050 contemplationem
2790 2983 3239 3054 imperspicabile
3262 2984 3444 3041 lumen
3480 2985 3739 3053 obcaecat,

2130 3074 2498 3146 intelligentiae
2522 3075 2633 3151 30
2655 3076 3005 3147 capacitatem
3033 3076 3293 3148 quidquid
3320 3076 3429 3133 ﬁne
3449 3077 3597 3139 nullo
3612 3091 3741 3133 con-

491 3170 546 3227 5.
578 3170 657 3227 De
675 3170 865 3226 divinis
896 3184 1181 3225 sermonem
1208 3184 1364 3240 quam
1388 3183 1522 3240 aegre
1542 3184 1603 3223 ac
1622 3177 1840 3224 tremens
1870 3168 2022 3223 insti-
2049 3169 2096 3234 C
2129 3168 2331 3224 tinetur
2368 3168 2601 3224 excedit.
2646 3167 2751 3224 Sed
2796 3183 2898 3224 nos
2942 3168 3286 3225 necessitatis
3330 3168 3493 3240 hujus
3518 3169 3587 3225 ab
3629 3182 3697 3227 eo
3718 3209 3735 3236 ,

415 3275 525 3323 tuas
555 3265 812 3321 Hilarius.
843 3294 917 3307 -—
943 3263 1147 3319 Horum
1186 3263 1349 3334 igitur
1386 3261 1680 3319 inﬁdelitas
1724 3263 1780 3319 in
1826 3280 2027 3337 anceps

414 3374 517 3415 nos
556 3358 626 3431 (Ι)
649 3372 713 3413 ac
737 3356 1037 3428 periculum
1069 3355 1353 3426 protrahit,
1388 3365 1445 3410 ut
1470 3369 1695 3411 necesse
1725 3357 1796 3413 sit
1817 3357 1884 3416 de
1906 3365 2025 3414 tan-

414 3454 487 3508 tis
507 3466 571 3507 ac
601 3461 709 3505 tam
741 3448 1037 3505 reconditis
1063 3448 1225 3504 rebus
1253 3447 1454 3519 aliquid
1479 3448 1618 3504 ultra
1648 3452 2021 3523 praescriptum

414 3545 637 3603 cmleste
663 3543 928 3618 proferre.
961 3543 1181 3599 Dixerat
1209 3542 1467 3598 Dominus
1511 3542 1861 3615 baptizandus
1888 3561 2022 3617 gen-

413 3647 536 3706 tes,
585 3635 651 3692 In
693 3636 901 3691 nomine
950 3633 1129 3691 Patris
1177 3643 1224 3691 et
1274 3633 1404 3689 Filii
1451 3645 1502 3691 et
1551 3633 1780 3709 Spiritus
1829 3640 2014 3694 sancti.

410 3729 613 3791 Forma
640 3727 769 3787 fidei
797 3734 945 3786 certa
967 3735 1053 3786 est
1092 3743 1108 3782 :
1148 3725 1244 3785 sed
1298 3735 1560 3800 quantum
1615 3729 1685 3785 ad
1732 3729 2019 3789 haereticos

486 3869 569 3945 (ᾖ)
607 3869 921 3945 Νεδοὶεηάο.

508 3942 566 4000 2)
596 3943 808 4000 Omnes.

511 4013 567 4074 5i
590 4013 823 4073 Naturas
847 4014 1135 4074 nominum.

488 4085 568 4162 (4)
604 4085 836 4145 Lumini.

414 4223 549 4265 mss.
579 4208 704 4265 Vat.
735 4208 853 4264 bas.
876 4209 1058 4279 Colb.,
1090 4208 1278 4278 Carn.,
1321 4217 1426 4265 etc.
1462 4207 1667 4279 Deinde
1713 4207 1867 4278 illud,
1912 4226 2018 4265 non

412 4279 607 4338 ezDeo
624 4280 907 4349 hominem,
952 4278 1084 4349 etc.,
1116 4282 1169 4338 id
1209 4290 1313 4348 est,
1369 4280 1508 4336 nolit
1546 4278 1844 4347 Christum,
1895 4297 2016 4337 cum

415 4352 565 4424 prius
608 4352 751 4424 Deus
802 4361 966 4420 esset,
1002 4354 1197 4408 factum
1226 4368 1349 4409 esse
1377 4351 1801 4424 hominem,_sed
1835 4360 2035 4424 postea.

413 4422 576 4494 quam
609 4422 781 4479 factus
821 4433 906 4479 est
950 4426 1131 4491 homo,
1182 4425 1419 4480 evasisse
1445 4423 1636 4480 Deum.
1669 4422 1750 4478 Ad
1784 4423 2015 4494 plurium

413 4493 660 4551 iecorum
684 4495 1097 4570 intelligentiam
1120 4496 1324 4569 juverit
1349 4495 1486 4551 hanc
1515 4493 1795 4567 particulae
1816 4511 1881 4550 ea:
1907 4496 2014 4550 vim

412 4578 698 4625 annotare.

489 4636 566 4711 (η)
609 4638 753 4694 Edit.
790 4640 859 4712 in
901 4656 1055 4696 carne
1102 4640 1401 4712 susceperit.
1447 4638 1788 4709 Expunctum
1839 4647 1923 4695 est
1961 4639 2015 4694 in

413 4725 572 4765 carne
594 4711 913 4766 auctoritate
942 4727 1074 4767 mss.

494 4780 569 4866 (b)
608 4780 840 4866 Sep-ple,
853 4800 1005 4856 quam
1019 4781 1192 4866 Maria
1210 4781 1441 4866 genuerit
1464 4798 1690 4866 carnem.
1720 4782 1833 4838 Hoc
1848 4797 2017 4866 porro

414 4853 518 4909 sibi
546 4853 679 4918 vult,
709 4853 1003 4913 chionem
1043 4853 1183 4909 verbi
1215 4853 1470 4920 nomine,
1510 4862 1632 4909 ante
1660 4869 1819 4924 quam
1848 4853 2014 4909 Maria

414 4925 686 4998 genuerit,
736 4926 1038 4998 intelligere
1090 4934 1372 4998 externum
1423 4926 1572 4998 vocis
1604 4940 1849 4998 sonum,
1908 4940 2013 4979 non

416 4996 702 5052 existentis
746 5012 844 5053 seu
889 4996 1236 5053 subsistentis
1288 4996 1543 5068 unigeniti
1601 4997 1692 5051 Dei
1746 5003 2012 5068 naturam.

417 5068 560 5125 Hinc
581 5068 782 5124 rectius
812 5084 932 5126 cum
961 5084 1091 5124 mss.
1122 5079 1273 5124 antea
1303 5067 1428 5136 non,
1455 5083 1613 5139 quam
1636 5082 1756 5122 cum
1784 5067 2015 5138 vulgatis

415 5157 521 5195 non
542 5150 697 5212 antea
725 5140 812 5196 hic
848 5141 1029 5212 legere
1062 5149 1166 5197 est.

492 5212 564 5280 (c)
601 5211 746 5267 Editi
773 5227 845 5267 ex
880 5210 1039 5268 unico
1080 5212 1384 5269 recentiore
1434 5225 1537 5266 ms.
1589 5210 1765 5276 Colb.,
1813 5210 2013 5264 diversa

418 5300 558 5341 nunc
583 5285 825 5340 sentiant.
849 5284 968 5341 Mox
1001 5284 1159 5350 Bad.,
1195 5283 1290 5340 Er.
1323 5291 1379 5338 et
1406 5282 1553 5351 Lips.
1585 5298 1655 5351 ex
1684 5280 1873 5337 eodem
1907 5298 2013 5336 ms.

418 5356 509 5428 qui
531 5357 587 5410 in
629 5356 875 5428 largitore
901 5356 1015 5425 ejus
1043 5365 1093 5410 et
1118 5366 1326 5428 auclore
1367 5353 1606 5428 creando,
1637 5361 1767 5428 _etc.
1792 5353 2011 5428 AFilium

419 5425 653 5494 Spiritus
670 5425 842 5483 sancti
865 5437 1128 5483 auctorem
1147 5429 1215 5483 ab
1242 5426 1448 5483 Hilario
1472 5425 1650 5481 vocari
1672 5425 1873 5480 certius
1889 5439 2014 5479 mox

420 5514 484 5557 ex
509 5513 785 5556 consensu
811 5500 1051 5553 omnium
1080 5499 1194 5554 sive
1242 5498 1574 5567 scriptorum.
1602 5496 1718 5553 sive
1747 5495 2012 5551 editorum

421 5570 667 5627 codicum
697 5571 1035 5627 habebimus.
1067 5569 1193 5626 Haec
1221 5569 1288 5627 de
1315 5570 1551 5633 Arianis,
1590 5585 1695 5623 non
1733 5568 1802 5623 de
1844 5567 2019 5623 Mace-

421 5641 673 5699 donianis
698 5642 808 5697 dici
832 5640 1168 5700 ostendimus
1198 5641 1251 5697 in
1276 5639 1673 5695 Admonitione.

496 5711 575 5787 (ά)
610 5712 797 5787 ΔΜειηειι
838 5714 960 5787 quis
1012 5712 1418 5768 sabstanliarum
1447 5712 1792 5787 _diversita_tes
1851 5726 1873 5787 :_
1921 5708 2020 5766 sed

428 5781 584 5860 plura
609 5781 920 5859 hujusmodi
943 5794 1224 5859 troporum
1249 5783 1497 5859 exempla
1525 5783 1637 5857 jam
1668 5781 2017 5843 advertimus.

2132 3260 2224 3332 qui
2250 3263 2368 3316 haec
2391 3260 2573 3315 omnia
2593 3268 2713 3328 est,
2742 3261 2953 3316 veniam
2981 3260 3358 3331 deprecantes,
3391 3260 3732 3331 audebimus,

2131 3369 2472 3426 quaeremus,
2499 3355 2785 3424 loquemur
2815 3373 2828 3408 :
2854 3361 2910 3409 et
2934 3396 2949 3422 ,
2977 3353 3121 3425 quod
3168 3354 3342 3409 solum
3384 3353 3439 3411 in
3472 3363 3618 3410 tanta
3647 3369 3737 3410 re-

2129 3464 2247 3504 rum
2280 3448 2577 3520 quastione
2602 3447 2989 3521 promittimus,
3010 3464 3076 3505 ea
3103 3462 3225 3521 quae
3245 3457 3406 3506 erunt
3431 3449 3731 3521 signiﬁcata

2128 3542 2435 3601 credemus.

2200 3636 2255 3693 6.
2294 3635 2467 3692 Patris
2505 3637 2754 3693 notio.—
2782 3637 2944 3694 Pater
2986 3643 3105 3704 est,
3134 3651 3204 3693 ex
3237 3649 3346 3707 quo
3381 3648 3544 3690 omne
3583 3633 3730 3705 quod

2127 3741 2212 3790 est
2240 3731 2325 3806 (7)
2356 3731 2603 3789 constitit
2630 3729 2731 3805 (Ιι).
2762 3731 2885 3804 Ipse
2909 3731 2965 3788 in
3004 3728 3221 3788 Christo
3247 3737 3305 3787 et
3330 3742 3429 3801 per
3452 3726 3730 3784 Christum

2304 3874 2473 3931 Abest
2500 3881 2719 3929 toruum.

2218 3947 2275 4013 6)
2317 3947 2607 4013 Quwretur.

2304 3874 2473 3931 Abest
2500 3883 2571 3929 ta:

2218 3947 2251 4002 6
2317 3947 2571 4013 Quaerant

2194 3874 2278 4092 gi
2306 4018 2571 4075 Consistit.

2125 4206 2277 4264 Unus
2305 4203 2397 4259 ille
2422 4201 2575 4258 locus
2593 4198 2822 4257 idoneus
2842 4206 2927 4255 est
2953 4199 3207 4255 evincere
3231 4208 3393 4268 quam
3418 4192 3721 4268 indubitata

2124 4277 2329 4334 Hilario
2356 4274 2515 4329 fuerit
2534 4272 2710 4329 Patris
2739 4280 2795 4328 et
2822 4270 2945 4326 Filii
2996 4277 3052 4326 et
3090 4267 3324 4339 Spiritus
3366 4267 3557 4339 sancti,
3586 4282 3721 4323 con-

2122 4346 2573 4413 substantialitas,
2622 4360 2743 4400 cum
2805 4352 2990 4413 aperte
3039 4337 3259 4412 respuat
3300 4337 3722 4413 substantiartun

2124 4419 2465 4481 diversitates
2486 4418 2540 4470 in
2554 4410 2734 4471 tribus
2761 4410 2926 4469 rebus
2951 4410 3250 4469 substantia
3284 4419 3391 4465 tam
3421 4410 3723 4466 communi-

2127 4491 2247 4546 bus.
2283 4488 2435 4544 Unde
2466 4496 2520 4541 ct
2549 4485 2685 4539 infra
2715 4501 2863 4539 num.
2896 4485 2950 4551 5,
2989 4484 3147 4538 aliter
3172 4482 3473 4537 sentientes
3506 4480 3588 4536 sic
3621 4481 3719 4535 ha-

2043 4532 2097 4595 Ῑ)
2119 4532 2247 4629 ὖὲῖ
2267 4532 2439 4629 “Tagi
2468 4532 2873 4629 “(castissimi
2898 4532 3138 4629 {iraa};
3161 4532 3719 4629 ,'i;.‘s‘s'c'aas"ae§é-

2120 4623 2265 4700 cent,
2296 4623 2603 4698 incorrupta
2629 4626 2897 4692 scindant,
2928 4624 3149 4700 indivisa
3178 4623 3500 4700 partiamur;

2191 4691 2264 4779 (εῇ
2293 4704 2410 4779 Sic
2425 4691 2749 4779 vetustiores
2777 4691 2909 4779 mss.
2935 4696 3051 4751 bas.
3086 4691 3234 4761 Vat),
3264 4691 3447 4779 Colb.,
3467 4692 3716 4779 Carnut.,

2119 4764 2348 4834 etc.'At
2371 4772 2536 4830 Corb.
2576 4780 2631 4826 et
2668 4769 2999 4825 recentiores
3050 4782 3172 4821 cum
3222 4764 3451 4835 vulgatis
3481 4765 3591 4828 hic,
3622 4780 3719 4835 pro

2121 4831 2383 4922 negando,
2409 4844 2667 4922 exhibent
2706 4838 3006 4922 (nesciendo.
3051 4837 3167 4922 Non
3199 4831 3489 4919 obscurum
3520 4847 3603 4891 est
3623 4831 3723 4891 ’Fi—

2119 4908 2248 4975 litim
2297 4908 2737 4989 Sp'iritns‘sanct‘t
2786 4920 3062 4989 auctorem
3117 4909 3204 4963 hic
3256 4908 3463 4989 vocari,
3517 4922 3720 4976 eosque

2122 4979 2358 5062 Spiritus
2390 4987 2559 5062 sancti
2600 5000 2775 5045 nsum.
2828 4984 2880 5039 id
2924 4990 3030 5062 est,
3072 4980 3405 5062 consortium
3445 4979 3714 5062 ignorare,

2123 5050 2212 5134 qui
2245 5063 2438 5134 Filium
2468 5060 2736 5134 ignorant,
2761 5072 2791 5134 a
2812 5070 2919 5134 quo
2946 5055 3036 5109 illc
3054 5062 3139 5109 est
3159 5065 3223 5106 ac
3243 5050 3401 5105 nobis
3427 5050 3605 5105 datur.

2194 5132 2261 5203 (f)
2293 5131 2553 5203 Particula
2577 5146 2635 5184 ac
2663 5128 3047 5203 restituiturex
3076 5138 3211 5203 mss.

2307 5202 2594 5277 lteccntior
2613 5215 2715 5277 ms.
2737 5194 3263 5277 Colb._glosscmati_s
3290 5192 3540 5277 fcedatus,
3576 5201 3632 5250 et
3653 5209 3723 5277 ex

2121 5292 2188 5333 eo
2201 5264 2365 5330 wBad.
2409 5283 2465 5328 et
2498 5272 2619 5328 Er.:
2647 5271 2842 5337 Quibus
2872 5270 2916 5323 si
2928 5264 3088 5341 'factu
3116 5264 3269 5341 facile
3297 5276 3447 5341 esset,
3473 5274 3724 5341 cuperent

2125 5349 2353 5419 perlecta
2400 5358 2723 5411 concerpere.
2754 5336 2987 5419 Lipsaét
3031 5336 3176 5396 Patu:
3211 5336 3409 5402 Quibus
3456 5338 3607 5419 facile
3648 5347 3726 5393 est

2162 5410 2349 5489 arrecta
2395 5410 2697 5484 concerpere
2737 5429 2756 5468 :
2799 5410 3126 5489 castigantur
3193 5423 3263 5489 ex
3313 5410 3522 5489 caeteris
3579 5424 3718 5489 mss.

2168 5479 2329 5547 ei'nde
2368 5502 2466 5558 pro
2484 5479 2588 5560 jus
2606 5500 2813 5557 ponere,
2846 5479 3027 5538 habet.
3059 5480 3181 5537 Vat.
3212 5479 3331 5538 bas.
3362 5480 3534 5537 codex
3562 5479 3720 5550 ﬁnem

2122 5578 2390 5707 ροῖιξςεέίο
2411 5645 2569 5707 _mss._,
2603 5637 2656 5683 at
2677 5626 2827 5707 editi,
2860 5625 3107 5707 consistit.
3130 5623 3266 5707 Tum
3296 5626 3351 5707 in
3388 5631 3601 5707 vetusto
3627 5637 3722 5678 co-

2122 5694 2245 5764 dice
2260 5694 2508 5773 'l’tetnig.,
2536 5700 2656 5772 Ipse
2680 5699 2734 5756 in
2754 5696 2956 5773 Christo
2979 5706 3026 5773 et
3044 5713 3137 5771 per
3165 5698 3440 5773 Spiritum:
3459 5694 3606 5773 Patri
3624 5710 3725 5773 au-

2127 5788 2234 5837 tem
2280 5767 2579 5851 proprium
2601 5781 2685 5830 est
2724 5785 2846 5829 esse
2871 5767 3133 5844 originem
3162 5767 3425 5839 omnium,
3453 5767 3609 5843 quod,
3639 5768 3725 5824 in-
