4216 6254
448 277 518 331 55
1603 262 1849 323 SANCTI
1901 260 2161 318 HlLARll
2202 259 2513 319 EPISCOPI
2810 335 2815 339 ,
3693 265 3761 321 εδ

446 394 599 463 origo
627 391 895 448 omnium.
918 389 1181 445 Caeterum
1210 385 1288 460 (a)
1315 386 1432 456 ejus
1460 384 1539 456 (l)
1567 398 1687 440 esse
1706 381 1759 437 in
1792 395 1914 438 sese
1941 389 2045 447 est,
2079 388 2135 449 Α
2160 379 2278 449 Ipse
2307 379 2575 450 ingenitus
2595 421 2610 447 ,
2639 389 2875 436 :rternus
2896 423 2911 448 ,
2936 377 3143 437 habens
3175 380 3226 436 in
3265 394 3325 437 se
3362 393 3578 447 semper
3601 380 3679 454 (g)
3709 391 3766 439 ut

446 500 556 539 non
584 482 805 540 aliunde
833 481 976 554 quod
1007 490 1089 537 est
1115 492 1356 559 sumens,
1388 477 1483 534 sed
1516 476 1568 532 id
1598 475 1742 545 quod
1766 483 1867 540 est,
1900 490 1962 531 ex
1993 489 2054 531 se

449 587 611 648 atque
638 577 694 631 in
724 590 784 631 se
810 577 1078 631 obtinens.
1116 571 1384 638 Inﬁnitus,
1418 568 1540 640 quia
1575 585 1681 623 non
1722 567 1838 638 ipse
1865 567 1919 622 in
1953 566 2053 621 ali-

450 685 591 741 quo,
623 669 718 725 sed
767 671 906 723 intra
952 682 1075 723 eum
1127 666 1345 730 omnia;
1377 678 1593 734 semper
1643 671 1796 718 extra
1838 662 2051 726 locum,

449 766 573 836 quia
616 779 721 820 non
761 761 1068 818 continetur
1110 758 1217 832 (b);
1255 773 1471 828 semper
1509 765 1635 811 ante
1678 770 1887 820 navum,
1930 754 2054 822 quia

452 869 663 928 tempus
701 855 770 910 ab
800 869 866 908 eo
895 862 998 908 est.
1032 851 1202 908 Curre
1229 865 1389 906 sensu
1419 849 1467 904 si
1507 847 1633 919 quid
1666 848 1714 901 ei
1744 854 1901 917 putas
1929 844 2055 899 ulti-

451 963 598 1003 mum
625 962 767 1014 esse,
798 961 919 999 eum
960 958 1175 1013 semper
1208 942 1496 997 invenies:
1523 939 1644 1010 quia
1689 953 1809 993 eum
1838 952 2058 1007 semper

450 1039 722 1104 intendas,
763 1053 976 1108 semper
1013 1044 1097 1091 est
1141 1034 1284 1107 quod
1318 1033 1589 1089 intendas.
1619 1032 1848 1103 Semper
1879 1041 2057 1087 autem

453 1131 631 1185 locum
662 1130 779 1199 ejus
808 1129 1088 1183 intendere
1113 1127 1186 1181 ita
1223 1126 1321 1182 tibi
1352 1134 1455 1191 est,
1492 1135 1548 1179 ut
1575 1124 1624 1179 ei
1655 1138 1775 1179 esse
1805 1123 1922 1179 sine
1954 1122 2059 1178 ﬁne

455 1232 555 1277 est.
588 1221 781 1277 Sermo
804 1220 856 1274 iu
891 1235 956 1275 eo
984 1219 1232 1285 deﬁciet,
1262 1233 1369 1273 non
1401 1227 1587 1271 natura
1616 1216 1916 1270 claudetur.
1950 1213 2057 1268 lte-

455 1332 573 1369 rutn
606 1316 824 1369 revolve
857 1322 1124 1384 tempora,
1152 1326 1276 1367 esse
1302 1325 1516 1381 semper
1544 1309 1786 1364 invenies
1818 1325 1831 1361 :
1859 1315 2058 1363 etcum

453 1409 647 1464 calculi
689 1423 950 1463 numerus
997 1408 1049 1462 in
1103 1420 1357 1462 sermone
1397 1404 1693 1466 defecerit,
1721 1403 1831 1457 Deo
1881 1412 2059 1455 tamen

455 1516 672 1572 semper
713 1516 834 1556 esse
874 1516 979 1554 non
1030 1498 1232 1554 deﬁcit.
1280 1495 1697 1566 lntelligentiam
1744 1507 2056 1554 commove,

456 1601 514 1646 et
540 1602 709 1647 totum
734 1602 914 1646 mente
943 1590 1338 1660 complectere;
1370 1589 1500 1643 nihil
1531 1596 1704 1643 tenes.
1732 1587 1925 1641 Totum
1956 1585 2060 1640 hoc

459 1686 621 1742 habet
652 1685 939 1755 reliquum,
976 1683 1242 1753 reliquum
1271 1691 1448 1736 autem
1490 1681 1594 1736 hoc
1619 1696 1832 1752 semper
1859 1681 1912 1735 iu
1951 1689 2064 1734 toto

2158 487 2374 543 semper
2403 474 2491 527 sit.
2529 474 2641 530 Soli
2669 473 2806 529 Filio
2839 486 2997 530 notus
3023 493 3036 530 :
3061 476 3186 546 quia
3208 473 3424 531 Patrem
3444 479 3769 532 nemonovit

2160 568 2259 623 nisi
2290 568 2477 635 Filius,
2503 570 2678 642 e131
2700 571 2784 624 cui
2820 569 3047 624 voluerit
3087 569 3254 624 Filius
3287 569 3562 636 revelare;
3594 586 3766 641 neque

2160 658 2358 714 Filium
2391 661 2491 716 nisi
2522 660 2682 715 Pater
2714 680 2727 714 :
2764 662 2868 716 illis
2919 662 3144 718 scientia
3184 667 3365 716 mutua
3410 672 3512 728 est,
3547 663 3656 717 illis
3684 663 3766 717 vi-

2160 754 2340 807 cissim
2369 755 2605 825 cognitio
2638 754 2894 825 perfecta.
2927 755 2992 810 Et
3018 756 3142 825 quia
3180 754 3396 810 Patrem
3430 770 3588 809 nemo
3622 755 3771 809 novit

2161 847 2264 901 nisi
2289 845 2480 911 Filius,
2509 846 2576 901 de
2606 847 2761 901 Patre
2788 848 2869 919 (ι)
2905 848 2985 918 (It)
3013 863 3114 901 una
3147 863 3267 917 eum
3302 848 3576 903 revelaute
3605 846 3769 915 Filio,

2161 939 2250 1008 qui
2283 937 2430 992 Solus
2461 939 2617 993 testis
2649 938 2822 994 ﬁdelis
2848 950 2955 1005 est,
2986 941 3305 995 sentiamus.

2234 1031 2286 1085 7.
2316 1030 2475 1085 Pater
2506 1030 2786 1099 ineffabilia
2816 1044 2911 1087 est.
2945 1033 3045 1088 Dei
3073 1034 3283 1088 scientia
3310 1037 3553 1106 perfecta.
3587 1065 3657 1075 —
3680 1034 3774 1088 At-

2163 1140 2270 1195 que
2316 1126 2430 1179 haec
2476 1125 2740 1180 senserim
2775 1126 2953 1195 petius
2985 1126 3052 1181 de
3081 1126 3242 1181 Patre
3266 1168 3280 1192 ,
3304 1142 3465 1197 quam
3495 1126 3726 1183 dixerim
3759 1145 3772 1182 :

2166 1233 2289 1273 nam
2318 1233 2406 1273 me
2434 1235 2539 1273 ttnn
2573 1217 2650 1290 (5)
2678 1218 2832 1288 fugit,
2863 1220 3005 1289 quud
3033 1221 3099 1273 ad
3130 1237 3189 1274 ea
3216 1237 3336 1291 qua:
3366 1221 3485 1290 ejus
3516 1228 3642 1275 sum
3661 1222 3776 1277 elo-

2163 1311 2410 1382 quenda,
2465 1326 2646 1367 sermo
2693 1314 2869 1367 omnis
2917 1311 3162 1366 inﬁrmus
3213 1315 3300 1367 sit.
3341 1314 3405 1386 (ἱ)
3448 1314 3773 1369 Sentieudus

2165 1417 2247 1462 est
2277 1406 2584 1472 invisibilis,
2618 1406 3198 1475 ineuntprehensibilis,
3226 1417 3483 1461 :eternus.
3507 1407 3774 1463 Caeterum

2166 1500 2340 1565 ipsum
2368 1499 2512 1569 quod
2544 1498 2622 1571 (6)
2652 1499 2729 1572 (j)
2764 1500 2813 1554 in
2859 1500 3151 1569 semetipso
3180 1511 3234 1556 et
3282 1518 3308 1551 a
3338 1499 3636 1570 semetipso
3684 1504 3775 1568 sit,

2166 1598 2221 1646 et
2250 1594 2365 1661 ipse
2395 1607 2492 1662 per
2519 1607 2578 1646 se
2608 1594 2712 1657 sit;
2744 1592 2885 1661 quod
2928 1592 3245 1660 invisibilis,
3280 1589 3359 1663 (7)
3389 1600 3443 1646 et
3473 1591 3669 1661 ἰιιεοιιιι
3692 1609 3779 1647 re-

2170 1684 2474 1751 hensibilis,
2503 1694 2557 1740 et
2583 1685 2657 1759 (k)
2689 1685 3018 1740 immortalis
3046 1703 3059 1739 :
3096 1686 3149 1740 in
3184 1685 3267 1741 his
3297 1684 3512 1756 quidem
3555 1685 3781 1741 honoris

460 1789 564 1838 est.
599 1780 740 1849 Ergo
777 1791 952 1849 neque
978 1777 1052 1850 (c)
1080 1788 1250 1833 totum
1272 1818 1288 1843 ,
1319 1775 1409 1831 cui
1439 1775 1707 1846 reliquum
1743 1782 1858 1841 est;
1890 1790 2066 1844 neque
2097 1783 2146 1844 B
2173 1776 2446 1833 confessio
2477 1788 2592 1845 est,
2622 1785 2678 1834 et
2706 1793 2901 1834 sensus
2932 1778 3254 1850 significatio
3275 1819 3290 1845 ,
3322 1789 3376 1836 et
3403 1779 3645 1848 quaedam
3676 1780 3782 1832 eir-

459 1874 728 1943 reliquum
769 1882 853 1928 est
894 1870 974 1945 (2)
1022 1871 1102 1942 (ά)
1148 1885 1339 1933 omne,
1365 1869 1507 1938 quod
1551 1877 1720 1923 totum
1770 1873 1874 1922 est.
1927 1865 2072 1921 Reli-

460 1982 627 2038 quum
666 1966 812 2020 enim
835 2007 850 2032 ,
883 1964 1062 2033 portio
1088 1971 1201 2028 est;
1228 1976 1390 2017 omne
1413 1976 1566 2028 vero,
1597 1960 1740 2031 quod
1767 1970 1936 2015 totum
1965 1969 2066 2015 est.

463 2059 608 2113 Deus
651 2066 830 2112 autem
873 2063 927 2111 et
970 2055 1170 2125 ubique
1215 2062 1320 2119 est,
1351 2063 1405 2109 et
1438 2062 1581 2108 totus
1611 2054 1936 2124 ubicumque
1967 2060 2069 2107 est.

462 2150 539 2207 Ita
571 2151 642 2225 (ε)
683 2153 958 2223 regionem
1009 2150 1379 2221 iutelligentim
1425 2149 1674 2214 excedit,
1710 2157 1863 2204 extra
1912 2162 2071 2217 quem

465 2246 597 2301 nihil
622 2253 728 2310 est,
756 2254 812 2300 et
840 2244 925 2298 cui
967 2253 1052 2299 est
1079 2258 1295 2314 semper
1320 2250 1379 2298 ut
1401 2257 1617 2312 semper
1649 2241 1739 2296 sit.
1773 2241 1899 2296 Haec
1928 2241 2070 2296 veri~

465 2347 549 2394 tas
577 2348 663 2395 est
702 2338 1028 2395 sacramenti
1068 2338 1183 2405 Dei,
1220 2337 1324 2392 hoc
1365 2335 1442 2408 ('5)
1485 2336 1937 2407 impcrspicabilis
1968 2351 2066 2390 na-

466 2442 603 2487 turae
653 2446 849 2487 nomen
900 2432 951 2486 in
996 2431 1178 2487 Patre.
1220 2432 1363 2486 Deus
1402 2430 1723 2498 invisibilis,
1756 2428 2066 2495 inell‘abilis,

468 2529 746 2585 inﬁnitus:
773 2528 840 2585 ad
872 2544 1033 2601 quem
1074 2537 1129 2585 et
1167 2527 1531 2598 eloquendum
1562 2541 1745 2583 sermo
1793 2526 1975 2588 sileat,
2018 2534 2073 2581 et

467 2623 903 2693 investigandum
942 2636 1137 2677 sensus
1169 2620 1478 2684 hebetetur,
1513 2629 1567 2675 et
1604 2620 2072 2690 complectendum

469 2716 827 2787 intelligentia
855 2725 1148 2771 coartetur.
1178 2715 1350 2770 Habet
1376 2724 1575 2780 tamen,
1606 2724 1665 2768 ut
1691 2714 1945 2780 diximus,
1977 2730 2073 2769 na-

471 2818 610 2865 turae
631 2824 743 2864 suae
770 2823 969 2864 nomen
992 2809 1045 2863 in
1070 2817 1223 2878 patre
1247 2825 1260 2864 ε
1288 2807 1382 2863 sed
1412 2818 1566 2877 pater
1588 2815 1795 2862 tantum
1825 2818 1925 2862 est.
1959 2807 2077 2862 Non

473 2901 617 2958 enim
641 2903 878 2957 humano
903 2900 1066 2957 modo
1093 2900 1255 2957 habet
1280 2900 1499 2970 aliunde
1521 2901 1662 2971 quod
1696 2911 1847 2971 pater
1875 2910 1959 2956 est
1986 2898 2075 2975 (f).

574 3017 626 3072 ll
655 3017 870 3072 Excidit
896 3032 1021 3072 esse.

574 3018 598 3071 l
655 3017 870 3072 Excidit
896 3032 1021 3072 esse.

547 3015 632 3160 (2)
660 3088 757 3143 Ms.
792 3087 1017 3145 Veron.:
1065 3088 1149 3142 cui
1192 3096 1238 3141 et
1253 3101 1424 3160 omne
1450 3083 1588 3160 quod
1617 3093 1776 3160 totum
1821 3094 1913 3160 est.
1948 3088 2077 3143 Rec-

476 3156 583 3230 tius
614 3156 719 3229 pro
764 3169 811 3213 et
848 3160 1098 3230 suppleas
1128 3169 1220 3213 est.
1252 3156 1313 3230 In
1365 3156 1677 3230 Erasmiana
1730 3158 1808 3212 sic
1847 3159 2077 3229 legitur:

477 3228 635 3301 Ergo
651 3246 812 3300 neque
841 3228 1003 3285 totum
1029 3232 1075 3285 ei
1104 3239 1197 3292 est,
1226 3229 1309 3282 cui
1334 3228 1586 3296 reliquum
1624 3238 1730 3295 est;
1755 3228 1917 3301 neque
1954 3230 2079 3284 reli-

477 3318 635 3372 quum
654 3312 749 3372 est,
774 3304 859 3357 cui
888 3318 1036 3356 omne
1061 3303 1198 3369 quod
1225 3309 1316 3367 est,
1349 3308 1508 3354 totum
1532 3307 1625 3354 est.

578 3373 631 3444 ’5)
655 3371 1095 3444 Imperspicabile.

576 3441 632 3511 4)
662 3444 779 3500 Una
808 3441 925 3499 cam
956 3442 1117 3511 Filio,
1147 3443 1401 3499 revelante
1426 3441 1591 3499 Filio.

479 3564 589 3635 quit
614 3562 945 3635 Augustinus
976 3576 1096 3635 ser.
1121 3576 1269 3635 Lxxr,
1304 3574 1451 3613 num.
1482 3558 1553 3613 26
1582 3576 1604 3635 :_
1627 3560 1701 3613 Ab
1728 3558 1819 3613 illo
1847 3560 1910 3614 sit
1938 3560 2085 3631 origo

481 3632 723 3706 operam,
743 3652 773 3687 α
802 3650 903 3703 qua
922 3642 998 3688 est
1016 3633 1284 3706 eminentia
1310 3632 1704 3706 ςιᾳορετοιιηιξιιηιΔ
1725 3648 2081 3706 personarum.

556 3705 631 3779 (α)
658 3707 729 3761 lta
753 3702 861 3760 duo
892 3720 1022 3779 mss.
1051 3705 1204 3779 Colh.
1232 3702 1566 3779 t0ti_demque
1595 3702 2083 3779 \‘atiCani,_i_t_ecnon

485 3779 540 3849 in
565 3773 824 3849 excerpto
862 3778 1002 3847 quod
1043 3791 1123 3849 _ex
1171 3775 1273 3828 hoc
1317 3774 1434 3849 loco
1477 3773 1550 3849 ad
1602 3774 1802 3849 calcem
1830 3775 1978 3849 _lil_tri
2031 3775 2082 3828 in

482 3843 858 3905 Constaniium
879 3843 1205 3902 translatum
1246 3851 1348 3899 est.
1380 3845 1446 3897 At
1474 3843 1528 3900 in
1557 3846 1785 3914 vulgatis
1811 3845 2087 3900 desidera-

485 3930 572 3975 tur
597 3923 712 3992 ejus
736 3939 753 3975 :
776 3920 1191 3992 quzevoxsola,
1215 3917 1490 3992 singesse,
1526 3925 1701 3992 exstat
1738 3918 1792 3992 in
1821 3918 2085 3992 vetustio-

480 3985 637 4047 ribus
660 3985 1000 4056 mss-Colh.,
1033 3988 1243 4060 Remig.
1265 4028 1279 4052 ,
1307 3985 1497 4054 Corh.,
1530 3985 1717 4051 Faur.,
1754 3990 1921 4060 Prat.,
1951 3988 2083 4041 Car-

486 4069 604 4118 nut.
632 4062 699 4115 Et
733 4061 785 4115 in
837 4061 938 4115 hoc
984 4058 1236 4129 quidem,
1261 4072 1360 4128 pro
1403 4060 1535 4129 ejus,
1568 4061 1635 4112 ah
1674 4058 1889 4129 antiqua
1924 4074 2086 4113 manu

488 4133 725 4191 secunda
756 4132 1052 4200 repositum
1081 4141 1164 4186 est
1187 4132 1231 4185 is
1258 4147 1270 4182 :
1297 4129 1516 4200 quodet
1545 4129 1669 4184 inde
1697 4129 1749 4182 in
1774 4130 2085 4198 posteriori-

487 4204 590 4259 bus
640 4219 767 4256 mss.
820 4198 1133 4272 expressum
1179 4209 1282 4256 est.
1307 4198 1429 4253 Mox
1454 4199 1506 4252 in
1537 4201 1765 4269 vulgatis
1799 4201 2084 4271 contineas,

485 4289 587 4347 pro
616 4274 867 4347 obtinens-

565 4344 917 4419 (b)Additum
961 4352 1048 4419 est
1079 4342 1181 4419 _bie
1216 4342 1269 4398 in
1313 4338 1542 4419 vulgatis
1585 4357 1652 4413 ex
1699 4343 2090 4419 recentioribus

490 4411 630 4471 ms's.
657 4416 711 4470 in
738 4416 873 4483 loco,
903 4415 1121 4485 majoris
1155 4411 1551 4485 perspicuitatis
1593 4412 1784 4486 gratia.
1816 4414 1952 4471 Tum
1984 4430 2087 4471 ms.

491 4487 607 4542 bas.
638 4486 780 4542 Vat.:
806 4487 1023 4557 Semper
1051 4497 1194 4542 extra
1220 4498 1403 4541 rerum.

566 4558 639 4629 (c)
669 4559 829 4623 Editi,
862 4568 1021 4613 totum
1067 4560 1115 4613 ei
1159 4558 1381 4625 est,cui.
1408 4557 1779 4627 Expunximus
1806 4558 1853 4611 ei
1879 4567 1950 4610 est
1980 4572 2092 4610 me-

492 4630 687 4684 liorum
717 4645 847 4685 mss.
878 4631 1219 4687 auctoritate.

569 4700 645 4774 (d)
701 4700 830 4774 Bad.
863 4700 993 4774 :Cu_i
1034 4710 1111 4774 est
1169 4719 1318 4757 omne
1365 4702 1501 4772 quod
1552 4707 1625 4756 est
1678 4706 1835 4750 totum
1873 4706 1967 4774 est.
2000 4695 2090 4749 Er.

492 4768 640 4841 Lips.
674 4780 729 4825 et
776 4770 1042 4825 Par.:Cui
1090 4788 1236 4827 omne
1278 4768 1415 4841 quod
1465 4781 1537 4826 est
1575 4780 1735 4841 totum
1766 4776 1857 4819 est.
1890 4768 2095 4841 Ileeeno

492 4838 660 4897 tiores
683 4856 814 4896 mss.
842 4843 924 4895 cui
946 4852 1019 4895 est
1040 4859 1188 4897 omne
1211 4838 1346 4912 quod
1371 4852 1531 4897 totum
1558 4853 1651 4897 est.
1683 4838 1877 4895 Veram
1908 4838 2093 4893 lectio-

496 4929 627 4983 nem,
650 4912 908 4983 exhibent
933 4914 1305 4983 casﬁgatiores
1338 4914 1478 4969 libri.

568 4982 639 5057 (c)
670 4982 745 5037 Ita
793 4984 1034 5057 plerique
1074 4980 1368 5057 inss.cum
1401 4985 1562 5049 Bad.,
1594 4983 1686 5057 F._r.
1729 4988 1786 5057 et
1828 4980 1979 5057 Lips.
2021 4983 2091 5057 _.-\t

495 5052 627 5109 Par.
649 5068 770 5109 cum
798 5052 1023 5110 duobus
1053 5071 1181 5111 mss.
1211 5056 1366 5112 Coll).
1394 5068 1447 5111 et
1478 5072 1584 5111 uno
1622 5053 1853 5108 Sor-bon.
1882 5052 2089 5122 religio-

495 5142 613 5179 nem
645 5126 1019 5195 iatetligentiaz.
1042 5126 1195 5183 Alius
1218 5143 1347 5184 vero
1370 5126 1526 5183 Colb.
1557 5137 1610 5182 et
1643 5125 1760 5179 Vat.
1785 5124 1900 5180 bas.
1932 5126 2093 5178 ratio-

497 5212 625 5270 nem,
642 5197 1008 5270 intelligentia.

569 5266 636 5342 (Γ)
668 5266 1012 5324 Βειηόνίιῐιιιε
1041 5269 1187 5338 hinc,
1215 5270 1304 5324 sed
1328 5278 1505 5342 potens
1534 5268 1588 5322 in
1612 5268 1878 5342 sentetipso
1908 5266 2095 5342 habere

495 5340 632 5407 quod
660 5350 803 5409 pater
840 5349 915 5393 est
943 5357 962 5394 :
992 5342 1134 5410 quod
1180 5356 1284 5396 non
1327 5339 1504 5396 exstat
1550 5339 1650 5394 nisi
1689 5340 1743 5394 in
1783 5340 2089 5409 perpaucis,

494 5410 668 5480 iisque
706 5410 903 5465 intima:
942 5414 1118 5468 mtatis
1159 5427 1289 5467 mss.
1341 5411 1531 5477 Porro,
1565 5413 1607 5465 si
1651 5410 1789 5465 bene
1830 5410 2090 5480 sapimus,

496 5478 928 5554 Patere-ternus
972 5483 1058 5539 hic
1106 5484 1427 5554 przedicatur
1455 5498 1589 5554 (non,
1632 5481 1832 5554 habere
1875 5478 2092 5536 aliunde

498 5564 606 5618 quo
632 5551 722 5614 sit,
747 5562 799 5625 et
827 5555 1045 5613 aliunde
1071 5551 1179 5624 quo
1207 5564 1360 5625 pater
1382 5552 1471 5620 sit,
1499 5552 1595 5609 sed
1615 5568 1682 5607 eo
1700 5553 1830 5625 (ipso
1859 5566 1966 5625 quo
2000 5565 2094 5621 pa-

498 5624 803 5696 ter_est‘iu
854 5634 1040 5677 natura
1069 5622 1163 5680 sua
1204 5622 1487 5692 constitui;
1522 5623 1854 5696 proindeque
1900 5622 2094 5678 abesse

498 5690 567 5742 ab
593 5688 867 5768 lto_ntinum
895 5709 1068 5768 more,
1099 5696 1188 5765 qui
1221 5713 1328 5755 non
1358 5688 1491 5754 ﬁunt
1513 5688 1691 5768 patres
1721 5688 1902 5751 statim
1932 5702 2094 5764 atque

495 5761 897 5820 constituuntur
926 5761 1195 5821 homines.

2117 4516 2171 4576 D

2174 1872 2524 1942 cumscriptio
2563 1872 2839 1944 opinandi,
2872 1871 2966 1927 sed
3000 1881 3204 1926 naturae
3246 1886 3428 1926 sermo
3459 1872 3779 1938 succumbit,

2175 1975 2230 2020 et
2272 1981 2385 2019 rem
2431 1974 2484 2018 ιιι
2516 1975 2598 2018 est
2627 1964 2791 2020 verba
2821 1979 2927 2019 non
2958 1964 3253 2034 explicant.
3284 1963 3530 2035 Namque
3556 1964 3694 2033 quod
3727 1965 3781 2018 in

2176 2061 2470 2127 semetipso
2515 2058 2585 2112 sit
2628 2073 2751 2113 cum
2791 2058 3017 2124 andias,
3067 2058 3146 2130 (8)
3187 2058 3249 2128 (ι)
3291 2058 3485 2112 rationi
3535 2059 3784 2112 humana:

2178 2152 2448 2208 absolutio
2474 2167 2582 2207 non
2611 2153 2887 2218 occurrit;
2923 2151 3120 2207 habere
3151 2154 3292 2205 enim
3334 2152 3630 2221 haberique
3675 2149 3785 2204 dis-

2181 2246 2443 2312 cernitur,
2501 2257 2556 2302 et
2598 2246 2701 2301 erit
2750 2246 2980 2301 alterum
3013 2246 3154 2316 quod
3187 2254 3291 2312 est,
3323 2246 3552 2301 alterum
3592 2245 3646 2301 in
3678 2263 3784 2316 quo

2177 2349 2280 2396 est.
2309 2342 2364 2396 Si
2392 2354 2605 2395 rursum
2631 2339 2774 2411 quod
2800 2355 2828 2392 a
2847 2341 3139 2410 semetipso
3158 2340 3226 2394 sit
3254 2339 3525 2409 accipias;
3563 2338 3657 2412 (m)
3690 2355 3781 2393 nc-

2180 2451 2269 2490 mo
2294 2435 2395 2491 sibi
2425 2436 2541 2506 ipse
2569 2445 2623 2491 et
2654 2443 2970 2490 munerator
2999 2445 3053 2490 et
3078 2450 3268 2490 munus
3296 2444 3399 2491 est.
3425 2434 3481 2490 Si
3513 2436 3652 2506 quod
3685 2436 3784 2490 im-

2181 2528 2422 2584 mortalis
2448 2538 2565 2594 est;
2595 2542 2725 2598 ergo
2748 2540 2827 2582 est
2850 2528 3053 2597 aliquid
3081 2543 3186 2582 non
3215 2528 3283 2582 ab
3308 2542 3394 2593 eo,
3427 2526 3505 2600 (n)
3533 2528 3617 2583 cui
3649 2529 3786 2584 alter

2183 2638 2291 2678 non
2320 2622 2410 2677 ﬁat
2437 2623 2739 2679 obnoxius:
2769 2638 2867 2677 nec
2894 2622 3069 2677 solum
3101 2621 3153 2676 id
3183 2632 3285 2688 est,
3327 2621 3467 2692 quod
3498 2636 3590 2689 per
3614 2636 3790 2676 enun-

2180 2718 2457 2773 tiationem
2487 2718 2637 2773 verbi
2672 2718 2828 2786 hujus
2877 2717 3179 2773 vindicatur
3217 2717 3285 2771 ab
3323 2718 3518 2772 altero.
3552 2717 3607 2773 Si
3640 2717 3786 2788 quod

2182 2810 2748 2880 incomprehensibilis
2769 2821 2850 2864 est
2875 2827 2889 2863 :
2916 2826 3176 2878 nusquam
3202 2824 3333 2879 ergo
3364 2809 3485 2874 erit,
3520 2809 3662 2879 quod
3691 2826 3789 2865 ne-

2180 2916 2338 2975 gatur
2366 2904 2578 2974 attingi.
2609 2905 2664 2961 Si
2715 2904 2858 2975 quod
2910 2902 3195 2980 invisibilis
3238 2912 3354 2969 est,
3388 2912 3534 2958 caret
3566 2917 3624 2957 se
3667 2903 3785 2972 ipso

2260 3018 2340 3094 (5)
2370 3021 2461 3078 Sic
2489 3036 2594 3094 orte
2639 3020 2805 3076 nostri
2844 3022 3046 3077 codicis
3084 3020 3434 3077 restituimus.
3463 3020 3594 3076 Nam
3625 3032 3781 3078 antea

2185 3092 2462 3164 legebatur
2490 3112 2502 3146 :
2532 3092 2768 3164 Fugerit.

2282 3162 2336 3225 6)
2362 3162 2417 3218 In
2450 3162 2635 3220 nostro
2665 3165 2802 3218 libro
2828 3180 2932 3219 non
2960 3172 3136 3219 exstat
3163 3182 3175 3216 :
3206 3162 3269 3218 In
3297 3167 3566 3236 semetipso
3594 3175 3660 3220 et.

2256 3164 2337 3309 (7)
2375 3234 2605 3309 Additur
2644 3245 2736 3290 est.
2791 3237 2913 3290 Mox
2977 3235 3171 3306 legesis
3216 3247 3436 3293 azternus
3487 3253 3609 3294 cum

2282 3234 2337 3305 7)
2375 3234 2605 3290 Additur
2644 3245 2736 3290 est.
2791 3237 2913 3290 Mox
2977 3235 3171 3306 legesis
3216 3247 3436 3293 azternus
3476 3234 3609 3294 cum
3671 3237 3793 3293 aliis

2184 3322 2342 3372 mss.,
2377 3324 2481 3361 non
2509 3308 2837 3361 immortalis.

2257 3378 2335 3451 (8)
2361 3377 2516 3439 Ratio
2547 3380 2785 3433 humana:
2820 3377 3159 3436 absolutionis
3182 3381 3428 3436 occurrit.

2265 3558 2343 3631 (g)
2376 3558 2538 3631 Editi,
2570 3568 2624 3613 ut
2668 3568 2815 3629 pater
2856 3574 3055 3627 semper
3082 3558 3149 3611 sit
3173 3573 3191 3611 :
3214 3556 3607 3627 refragantibus
3656 3572 3789 3612 mss.

2192 3628 2376 3699 Neque
2396 3630 2508 3699 jam
2540 3628 2701 3686 Pater
2725 3640 2781 3685 ut
2809 3642 2960 3699 pater
2990 3639 3284 3697 spectatur.
3319 3630 3413 3683 sed
3446 3639 3502 3682 ut
3530 3639 3791 3685 :rternus.

2268 3722 2347 3795 (It)
2377 3723 2534 3788 Bad.,
2570 3722 2768 3795 Ertac
2799 3724 3086 3777 deterioris
3130 3733 3276 3795 notae
3334 3738 3494 3787 mss.,
3535 3739 3639 3775 una
3669 3741 3790 3795 frum

2198 3793 2337 3849 Filio
2378 3796 2631 3849 revelaute
2660 3794 2800 3849 Filio
2824 3813 2841 3861 ;
2869 3796 3010 3864 quod
3039 3803 3093 3848 et
3127 3794 3177 3847 in
3213 3801 3480 3861 postrema
3508 3796 3638 3850 edit.
3667 3794 3789 3850 Par.

2199 3868 2336 3920 male
2371 3868 2677 3921 restitutum
2710 3876 2845 3921 erat.
2887 3867 2997 3919 lloc
3041 3866 3181 3920 enim
3230 3865 3332 3919 sibi
3364 3868 3516 3921 vult:
3544 3882 3648 3920 non
3686 3867 3789 3922 alia

2193 3939 2261 4063 {te
2287 3939 2463 4020 .Patre
2508 3939 2825 4004 sentiamus,
2852 3954 3011 4007 quam
3054 3953 3174 4009 qua-
3207 3935 3376 3996 Filius
3425 3938 3491 3993 de
3537 3951 3601 3993 eo
3633 3952 3789 3993 reve-

2215 4020 2347 4063 avtt.
3060 4038 3065 4043 -

2215 4020 2347 4063 Mill.
3060 4038 3065 4043 -

2194 4103 2328 4229 ἄμ)
2362 4102 2795 4229 Ριοιεεηιὶειιάιιδ
2820 4113 2918 4170 est,
2945 4101 3109 4160 habet
3140 4118 3241 4158 ms.
3273 4101 3399 4158 Vat.
3434 4102 3579 4171 bas.,
3603 4106 3666 4159 de
3692 4122 3790 4176 quo

2230 4187 2386 4229 totum
2413 4190 2464 4229 es
2492 4215 2505 4229 .

2230 4187 2386 4229 totum
2413 4187 2505 4229 est.

2198 4342 2210 4353 ο
2267 4268 2340 4345 (j)
2378 4270 2579 4327 Omnes
2620 4285 2749 4327 mss.
2797 4287 2905 4327 uno
2952 4280 3179 4342 excepto
3222 4268 3476 4325 omittunt
3518 4270 3571 4324 in
3614 4280 3793 4325 semet-

2191 4359 2327 4412 ipso.

2269 4422 2346 4495 (k)
2377 4423 2433 4475 In
2459 4436 2616 4485 mss.,
2645 4431 2891 4475 aeternus.

2269 4512 2338 4580 (ι)
2373 4513 2494 4565 Par.
2538 4527 2659 4564 cum
2686 4512 2922 4580 antiquis
2950 4509 3123 4578 libris,
3159 4511 3350 4565 rationi
3374 4510 3615 4567 humana:
3642 4512 3795 4567 abso-

2200 4584 2408 4637 lutionis
2436 4584 2675 4637 occurrit.
2718 4582 2771 4635 In
2804 4597 2934 4637 mss.
2967 4592 3142 4637 tamen
3171 4581 3394 4637 Carnut.
3419 4590 3474 4638 et
3506 4584 3671 4639 εστι).
3703 4601 3800 4653 ιιι-ο

2200 4654 2387 4707 rationi
2432 4654 2814 4724 superscripsit
2862 4654 3097 4708 secunda
3149 4669 3373 4718 manus,
3418 4657 3553 4709 ratio
3588 4672 3607 4711 :
3636 4652 3796 4726 quam

2200 4726 2485 4780 lectionem
2534 4726 2586 4779 in
2635 4725 3025 4793 posterioribus
3076 4740 3206 4778 mss.
3255 4727 3580 4795 exscriptam
3628 4725 3797 4781 secuti

2198 4804 2325 4850 sunt
2365 4795 2519 4867 Bad.,
2567 4795 2657 4849 Er.
2697 4809 2746 4849 et
2792 4795 2940 4867 Lips.
2993 4797 3358 4850 Emendantur
3391 4811 3455 4852 ex
3491 4805 3799 4866 pervetustn

2197 4869 2384 4921 codice
2411 4865 2530 4922 Vat.
2562 4868 2676 4922 bas.
2724 4865 2890 4921 Porro
2925 4868 3177 4922 absolutio
3226 4867 3311 4922 hic
3357 4865 3504 4921 idem
3542 4877 3627 4923 est
3654 4869 3797 4939 quod

2198 4939 2498 4993 enuntiatio
2524 4940 2669 4994 omni
2698 4939 3047 5010 ambiguitate
3075 4938 3316 4993 absoluta
3335 4982 3350 5004 ,
3378 4955 3497 5009 qua:
3524 4941 3603 4996 rei
3636 4938 3794 4995 natu-

2180 5026 2310 5083 'ram
2334 5012 2481 5066 clare
2507 5026 2572 5067 ac
2596 5011 2850 5066 distincte
2877 5011 3167 5081 exprimat.

2267 5102 2363 5176 (m)
2391 5102 2445 5176 l_d
2478 5111 2592 5176 est,
2618 5102 2831 5176 videtur
2858 5117 3181 5172 repugnare,
3209 5110 3269 5157 ut
3315 5101 3545 5173 idipsum
3572 5103 3671 5160 sibi
3703 5104 3797 5161 det

2193 5173 2350 5234 esse,
2369 5173 2526 5229 simul
2554 5185 2607 5229 et
2636 5174 2883 5244 accipiat.

2267 5263 2346 5333 (η)
2376 5262 2432 5317 In
2463 5281 2564 5317 nis.
2600 5264 2713 5318 bas.
2751 5265 2866 5319 Vat.
2894 5304 2909 5330 ,
2938 5277 3058 5318 ante
3103 5280 3200 5332 pro
3234 5267 3379 5321 alter.
3414 5266 3472 5322 In
3502 5269 3794 5323 vetustiore

2194 5334 2350 5389 Colh.
2375 5347 2429 5388 et
2448 5335 2641 5407 tierm.
2663 5352 2705 5407 a
2731 5345 2796 5390 te.
2833 5335 3113 5391 Mallemus
3141 5352 3173 5389 α
3199 5354 3253 5391 se
3277 5354 3296 5392 :
3326 5340 3446 5407 quia
3475 5340 3593 5393 seil.
3629 5341 3795 5395 verbo

2197 5406 2501 5459 immortalis
2536 5405 2870 5476 signiﬁcatur
2907 5422 3053 5481 mors
3081 5418 3332 5475 tanquam
3347 5405 3557 5481 aliquid
3584 5416 3666 5466 cui
3700 5411 3800 5465 Pa-

2197 5486 2279 5530 ter
2303 5492 2366 5531 ex
2396 5488 2582 5552 natura
2610 5492 2705 5530 sua
2734 5494 2839 5531 non
2864 5481 2931 5533 Sit
2956 5480 3260 5552 obnoxius:
3287 5483 3616 5552 proindeque
3641 5484 3685 5537 si
3710 5498 3796 5538 so-

2199 5553 2304 5601 lum
2337 5548 2481 5601 vocis
2511 5563 2701 5601 sonum
2726 5560 2957 5616 spectas,
2984 5563 3177 5618 praner
3206 5551 3417 5604 Patrem
3443 5548 3651 5607 videtur
3677 5570 3798 5610 esse

2198 5619 2311 5688 ipsa
2338 5634 2482 5690 mors
2510 5636 2536 5668 a
2564 5634 2665 5687 qua
2695 5620 2785 5673 ille
2815 5620 3145 5684 vindicatur;
3175 5637 3271 5690 pro
3294 5636 3402 5689 quo
3423 5623 3588 5679 verbo
3613 5627 3663 5679 in
3688 5642 3787 5681 ms.

2194 5690 2311 5745 bas.
2348 5688 2465 5766 vat.
2499 5698 2605 5766 est,
2642 5690 2894 5766 vincatur,
2927 5699 2982 5766 et
3004 5691 3058 5766 in
3089 5688 3383 5766 vetustiore
3411 5691 3621 5766 Remig.
3654 5696 3796 5751 itali-

2194 5770 2342 5817 catur
2371 5762 2434 5813 de
2461 5761 2644 5815 altero.
2674 5761 2972 5823 Retinenda
3007 5762 3165 5816 lectio
3193 5765 3425 5832 vulgata.
