  <div class='ocr_page' id='page_1' title='image "/cluster/home/n/w/nwhite01/storage/ocr_20150623/10/hvd.32044096580386/034.png"; bbox 0 0 4216 6254; ppageno 0'>
   <div class='ocr_carea' id='block_1_1' title="bbox 253 336 3560 400">
    <p class='ocr_par' dir='ltr' id='par_1_1' title="bbox 253 336 3560 400">
     <span class='ocr_line' id='line_1_1' title="bbox 253 336 3560 400; baseline -0.002 0"><span class='ocrx_word' id='word_1_1' title='bbox 253 343 325 400; x_wconf 69' lang='lat'><strong>[.7</strong></span> <span class='ocrx_word' id='word_1_2' title='bbox 1466 338 1554 395; x_wconf 83' lang='lat' dir='ltr'><strong>DE</strong></span> <span class='ocrx_word' id='word_1_3' title='bbox 1594 336 1969 395; x_wconf 79' lang='lat' dir='ltr'><strong>TRINI&#39;I&#39;ATE</strong></span> <span class='ocrx_word' id='word_1_4' title='bbox 2010 339 2213 395; x_wconf 71' lang='lat' dir='ltr'><strong>LIBER</strong></span> <span class='ocrx_word' id='word_1_5' title='bbox 2254 340 2315 397; x_wconf 93' lang='grc'><strong>11.</strong></span> <span class='ocrx_word' id='word_1_6' title='bbox 3490 338 3560 396; x_wconf 77' lang='lat'><strong>58</strong></span> 
     </span>
    </p>
   </div>
   <div class='ocr_carea' id='block_1_2' title="bbox 253 452 3566 529">
    <p class='ocr_par' dir='ltr' id='par_1_2' title="bbox 253 452 3566 529">
     <span class='ocr_line' id='line_1_2' title="bbox 253 452 3566 529; baseline 0.002 -20"><span class='ocrx_word' id='word_1_7' title='bbox 253 454 519 528; x_wconf 82' lang='lat' dir='ltr'><strong>quidquid</strong></span> <span class='ocrx_word' id='word_1_8' title='bbox 552 470 658 509; x_wconf 88' lang='lat' dir='ltr'><strong>non</strong></span> <span class='ocrx_word' id='word_1_9' title='bbox 690 463 871 512; x_wconf 31' lang='lat' dir='ltr'><strong>eastat</strong></span> <span class='ocrx_word' id='word_1_10' title='bbox 897 452 962 507; x_wconf 86' lang='lat' dir='ltr'><strong>ad</strong></span> <span class='ocrx_word' id='word_1_11' title='bbox 993 453 1188 509; x_wconf 88' lang='lat' dir='ltr'><strong>visum.</strong></span> <span class='ocrx_word' id='word_1_12' title='bbox 1210 452 1400 508; x_wconf 84' lang='lat' dir='ltr'><strong>Deﬁcit</strong></span> <span class='ocrx_word' id='word_1_13' title='bbox 1425 468 1554 524; x_wconf 87' lang='lat' dir='ltr'><strong>ergo</strong></span> <span class='ocrx_word' id='word_1_14' title='bbox 1585 453 1636 507; x_wconf 92' lang='lat' dir='ltr'><strong>in</strong></span> <span class='ocrx_word' id='word_1_15' title='bbox 1668 468 1865 508; x_wconf 90' lang='lat' dir='ltr'><strong>nnncn—</strong></span> <span class='ocrx_word' id='word_1_16' title='bbox 1891 454 1947 516; x_wconf 79' lang='grc' dir='ltr'><strong>Α</strong></span> <span class='ocrx_word' id='word_1_17' title='bbox 1969 453 2102 510; x_wconf 90' lang='lat' dir='ltr'><strong>Etsi</strong></span> <span class='ocrx_word' id='word_1_18' title='bbox 2136 458 2255 526; x_wconf 89' lang='lat' dir='ltr'><strong>quis</strong></span> <span class='ocrx_word' id='word_1_19' title='bbox 2290 457 2426 513; x_wconf 92' lang='lat' dir='ltr'><strong>forte</strong></span> <span class='ocrx_word' id='word_1_20' title='bbox 2470 456 2835 529; x_wconf 71' lang='lat' dir='ltr'><strong>intelligentite</strong></span> <span class='ocrx_word' id='word_1_21' title='bbox 2871 472 2983 513; x_wconf 86' lang='lat' dir='ltr'><strong>suae</strong></span> <span class='ocrx_word' id='word_1_22' title='bbox 3014 457 3313 528; x_wconf 85' lang='lat' dir='ltr'><strong>imputabit,</strong></span> <span class='ocrx_word' id='word_1_23' title='bbox 3341 474 3566 529; x_wconf 82' lang='lat' dir='ltr'><strong>genera-</strong></span> 
     </span>
    </p>
   </div>
   <div class='ocr_carea' id='block_1_3' title="bbox 256 545 1867 618">
    <p class='ocr_par' dir='ltr' id='par_1_3' title="bbox 256 545 1867 618">
     <span class='ocr_line' id='line_1_3' title="bbox 256 545 1867 618; baseline -0.001 -16"><span class='ocrx_word' id='word_1_24' title='bbox 256 548 477 618; x_wconf 86' lang='lat' dir='ltr'><strong>patione</strong></span> <span class='ocrx_word' id='word_1_25' title='bbox 502 548 776 603; x_wconf 76' lang='lat' dir='ltr'><strong>confessio</strong></span> <span class='ocrx_word' id='word_1_26' title='bbox 794 589 809 612; x_wconf 91' lang='lat'><strong>,</strong></span> <span class='ocrx_word' id='word_1_27' title='bbox 833 554 898 607; x_wconf 61' lang='lat' dir='ltr'><strong>cit</strong></span> <span class='ocrx_word' id='word_1_28' title='bbox 919 545 1177 617; x_wconf 84' lang='lat' dir='ltr'><strong>quidquid</strong></span> <span class='ocrx_word' id='word_1_29' title='bbox 1209 545 1339 601; x_wconf 89' lang='lat' dir='ltr'><strong>illud</strong></span> <span class='ocrx_word' id='word_1_30' title='bbox 1366 559 1677 601; x_wconf 88' lang='lat' dir='ltr'><strong>sermonum</strong></span> <span class='ocrx_word' id='word_1_31' title='bbox 1715 555 1867 615; x_wconf 87' lang='lat' dir='ltr'><strong>apta-</strong></span> 
     </span>
    </p>
   </div>
   <div class='ocr_carea' id='block_1_4' title="bbox 256 638 1868 711">
    <p class='ocr_par' dir='ltr' id='par_1_4' title="bbox 256 638 1868 711">
     <span class='ocr_line' id='line_1_4' title="bbox 256 638 1868 711; baseline -0.001 -15"><span class='ocrx_word' id='word_1_32' title='bbox 256 642 426 709; x_wconf 81' lang='lat' dir='ltr'><strong>bitur.</strong></span> <span class='ocrx_word' id='word_1_33' title='bbox 459 642 627 697; x_wconf 77' lang='lat' dir='ltr'><strong>Deum</strong></span> <span class='ocrx_word' id='word_1_34' title='bbox 658 649 716 696; x_wconf 76' lang='lat' dir='ltr'><strong>ut</strong></span> <span class='ocrx_word' id='word_1_35' title='bbox 744 649 851 706; x_wconf 73' lang='lat' dir='ltr'><strong>est,</strong></span> <span class='ocrx_word' id='word_1_36' title='bbox 874 646 1224 711; x_wconf 76' lang='lat' dir='ltr'><strong>qua.“tusque</strong></span> <span class='ocrx_word' id='word_1_37' title='bbox 1260 649 1362 704; x_wconf 90' lang='lat' dir='ltr'><strong>est,</strong></span> <span class='ocrx_word' id='word_1_38' title='bbox 1395 654 1499 693; x_wconf 91' lang='lat' dir='ltr'><strong>non</strong></span> <span class='ocrx_word' id='word_1_39' title='bbox 1526 638 1608 709; x_wconf 85' lang='grc'>(1)</span> <span class='ocrx_word' id='word_1_40' title='bbox 1648 640 1868 707; x_wconf 78' lang='lat' dir='ltr'><strong>eloque-</strong></span> 
     </span>
    </p>
   </div>
   <div class='ocr_carea' id='block_1_5' title="bbox 259 732 1865 797">
    <p class='ocr_par' dir='ltr' id='par_1_5' title="bbox 259 732 1865 797">
     <span class='ocr_line' id='line_1_5' title="bbox 259 732 1865 797; baseline -0.001 -9"><span class='ocrx_word' id='word_1_41' title='bbox 259 743 370 790; x_wconf 90' lang='lat' dir='ltr'><strong>tnr.</strong></span> <span class='ocrx_word' id='word_1_42' title='bbox 397 732 643 790; x_wconf 80' lang='lat' dir='ltr'><strong>Perfecta</strong></span> <span class='ocrx_word' id='word_1_43' title='bbox 671 734 897 788; x_wconf 75' lang='lat' dir='ltr'><strong>scicntia</strong></span> <span class='ocrx_word' id='word_1_44' title='bbox 918 740 1022 796; x_wconf 82' lang='lat' dir='ltr'><strong>est,</strong></span> <span class='ocrx_word' id='word_1_45' title='bbox 1049 733 1126 786; x_wconf 90' lang='lat' dir='ltr'><strong>sic</strong></span> <span class='ocrx_word' id='word_1_46' title='bbox 1155 733 1318 786; x_wconf 91' lang='lat' dir='ltr'><strong>Deum</strong></span> <span class='ocrx_word' id='word_1_47' title='bbox 1341 732 1501 797; x_wconf 89' lang='lat' dir='ltr'><strong>scire,</strong></span> <span class='ocrx_word' id='word_1_48' title='bbox 1531 740 1589 786; x_wconf 93' lang='lat' dir='ltr'><strong>ut</strong></span> <span class='ocrx_word' id='word_1_49' title='bbox 1615 732 1740 785; x_wconf 89' lang='lat' dir='ltr'><strong>licet</strong></span> <span class='ocrx_word' id='word_1_50' title='bbox 1762 748 1865 786; x_wconf 91' lang='lat' dir='ltr'><strong>non</strong></span> 
     </span>
    </p>
   </div>
   <div class='ocr_carea' id='block_1_6' title="bbox 258 823 1867 899">
    <p class='ocr_par' dir='ltr' id='par_1_6' title="bbox 258 823 1867 899">
     <span class='ocr_line' id='line_1_6' title="bbox 258 823 1867 899; baseline -0.002 -16"><span class='ocrx_word' id='word_1_51' title='bbox 258 829 648 899; x_wconf 78' lang='lat' dir='ltr'><strong>ignorabilem,</strong></span> <span class='ocrx_word' id='word_1_52' title='bbox 682 838 862 883; x_wconf 86' lang='lat' dir='ltr'><strong>tamen</strong></span> <span class='ocrx_word' id='word_1_53' title='bbox 908 826 1324 881; x_wconf 74' lang='lat' dir='ltr'><strong>ittenarrahilcm</strong></span> <span class='ocrx_word' id='word_1_54' title='bbox 1365 826 1522 880; x_wconf 82' lang='lat' dir='ltr'><strong>scias.</strong></span> <span class='ocrx_word' id='word_1_55' title='bbox 1554 823 1867 879; x_wconf 86' lang='lat' dir='ltr'><strong>Credendus</strong></span> 
     </span>
    </p>
   </div>
   <div class='ocr_carea' id='block_1_7' title="bbox 259 918 1867 993">
    <p class='ocr_par' dir='ltr' id='par_1_7' title="bbox 259 918 1867 993">
     <span class='ocr_line' id='line_1_7' title="bbox 259 918 1867 993; baseline -0.002 -15"><span class='ocrx_word' id='word_1_56' title='bbox 259 934 348 978; x_wconf 88' lang='lat' dir='ltr'><strong>est</strong></span> <span class='ocrx_word' id='word_1_57' title='bbox 368 966 384 989; x_wconf 90' lang='lat'><strong>,</strong></span> <span class='ocrx_word' id='word_1_58' title='bbox 415 922 794 993; x_wconf 80' lang='lat' dir='ltr'><strong>intelligendus</strong></span> <span class='ocrx_word' id='word_1_59' title='bbox 820 931 942 987; x_wconf 82' lang='lat' dir='ltr'><strong>est,</strong></span> <span class='ocrx_word' id='word_1_60' title='bbox 975 920 1283 977; x_wconf 84' lang='lat' dir='ltr'><strong>adorandus</strong></span> <span class='ocrx_word' id='word_1_61' title='bbox 1326 928 1442 987; x_wconf 86' lang='lat' dir='ltr'><strong>est;</strong></span> <span class='ocrx_word' id='word_1_62' title='bbox 1475 928 1532 976; x_wconf 91' lang='lat' dir='ltr'><strong>et</strong></span> <span class='ocrx_word' id='word_1_63' title='bbox 1569 918 1652 974; x_wconf 90' lang='lat' dir='ltr'><strong>bis</strong></span> <span class='ocrx_word' id='word_1_64' title='bbox 1672 918 1867 975; x_wconf 82' lang='lat' dir='ltr'><strong>ofﬁciis</strong></span> 
     </span>
    </p>
   </div>
   <div class='ocr_carea' id='block_1_8' title="bbox 261 1017 618 1087">
    <p class='ocr_par' dir='ltr' id='par_1_8' title="bbox 261 1017 618 1087">
     <span class='ocr_line' id='line_1_8' title="bbox 261 1017 618 1087; baseline -0.011 -14"><span class='ocrx_word' id='word_1_65' title='bbox 261 1017 618 1087; x_wconf 84' lang='lat' dir='ltr'><strong>eloquendus.</strong></span> 
     </span>
    </p>
   </div>
   <div class='ocr_carea' id='block_1_9' title="bbox 340 1107 1869 1180">
    <p class='ocr_par' dir='ltr' id='par_1_9' title="bbox 340 1107 1869 1180">
     <span class='ocr_line' id='line_1_9' title="bbox 340 1107 1869 1180; baseline -0.005 -12"><span class='ocrx_word' id='word_1_66' title='bbox 340 1112 396 1167; x_wconf 90' lang='lat'><strong>8.</strong></span> <span class='ocrx_word' id='word_1_67' title='bbox 424 1108 597 1164; x_wconf 81' lang='lat' dir='ltr'><strong>Filius</strong></span> <span class='ocrx_word' id='word_1_68' title='bbox 625 1110 752 1180; x_wconf 85' lang='lat' dir='ltr'><strong>quid</strong></span> <span class='ocrx_word' id='word_1_69' title='bbox 775 1110 861 1176; x_wconf 82' lang='lat' dir='ltr'><strong>sit,</strong></span> <span class='ocrx_word' id='word_1_70' title='bbox 894 1109 1021 1179; x_wconf 87' lang='lat' dir='ltr'><strong>quid</strong></span> <span class='ocrx_word' id='word_1_71' title='bbox 1041 1125 1143 1163; x_wconf 89' lang='lat' dir='ltr'><strong>non</strong></span> <span class='ocrx_word' id='word_1_72' title='bbox 1169 1108 1335 1164; x_wconf 77' lang='lat' dir='ltr'><strong>sit.—</strong></span> <span class='ocrx_word' id='word_1_73' title='bbox 1362 1108 1546 1163; x_wconf 83' lang='lat' dir='ltr'><strong>Evecti</strong></span> <span class='ocrx_word' id='word_1_74' title='bbox 1572 1107 1638 1162; x_wconf 89' lang='lat' dir='ltr'><strong>de</strong></span> <span class='ocrx_word' id='word_1_75' title='bbox 1668 1107 1869 1177; x_wconf 87' lang='lat' dir='ltr'><strong>impor-</strong></span> 
     </span>
    </p>
   </div>
   <div class='ocr_carea' id='block_1_10' title="bbox 266 1202 1871 1267">
    <p class='ocr_par' dir='ltr' id='par_1_10' title="bbox 266 1202 1871 1267">
     <span class='ocr_line' id='line_1_10' title="bbox 266 1202 1871 1267; baseline -0.002 -8"><span class='ocrx_word' id='word_1_76' title='bbox 266 1204 444 1259; x_wconf 89' lang='lat' dir='ltr'><strong>tuosis</strong></span> <span class='ocrx_word' id='word_1_77' title='bbox 476 1202 605 1258; x_wconf 88' lang='lat' dir='ltr'><strong>locis</strong></span> <span class='ocrx_word' id='word_1_78' title='bbox 636 1203 688 1256; x_wconf 90' lang='lat' dir='ltr'><strong>in</strong></span> <span class='ocrx_word' id='word_1_79' title='bbox 718 1203 885 1256; x_wconf 86' lang='lat' dir='ltr'><strong>altum</strong></span> <span class='ocrx_word' id='word_1_80' title='bbox 917 1202 1132 1257; x_wconf 87' lang='lat' dir='ltr'><strong>turbato</strong></span> <span class='ocrx_word' id='word_1_81' title='bbox 1164 1202 1295 1256; x_wconf 88' lang='lat' dir='ltr'><strong>mari</strong></span> <span class='ocrx_word' id='word_1_82' title='bbox 1326 1215 1535 1267; x_wconf 92' lang='lat' dir='ltr'><strong>sumus,</strong></span> <span class='ocrx_word' id='word_1_83' title='bbox 1563 1207 1619 1256; x_wconf 89' lang='lat' dir='ltr'><strong>et</strong></span> <span class='ocrx_word' id='word_1_84' title='bbox 1656 1215 1752 1255; x_wconf 91' lang='lat' dir='ltr'><strong>nec</strong></span> <span class='ocrx_word' id='word_1_85' title='bbox 1785 1215 1871 1255; x_wconf 89' lang='lat' dir='ltr'><strong>re-</strong></span> 
     </span>
    </p>
   </div>
   <div class='ocr_carea' id='block_1_11' title="bbox 264 1294 1866 1367">
    <p class='ocr_par' dir='ltr' id='par_1_11' title="bbox 264 1294 1866 1367">
     <span class='ocr_line' id='line_1_11' title="bbox 264 1294 1866 1367; baseline -0.002 -18"><span class='ocrx_word' id='word_1_86' title='bbox 264 1297 457 1367; x_wconf 86' lang='lat' dir='ltr'><strong>gredi,</strong></span> <span class='ocrx_word' id='word_1_87' title='bbox 492 1311 590 1351; x_wconf 89' lang='lat' dir='ltr'><strong>nec</strong></span> <span class='ocrx_word' id='word_1_88' title='bbox 621 1295 870 1367; x_wconf 78' lang='lat' dir='ltr'><strong>progredi</strong></span> <span class='ocrx_word' id='word_1_89' title='bbox 913 1295 1030 1349; x_wconf 88' lang='lat' dir='ltr'><strong>sine</strong></span> <span class='ocrx_word' id='word_1_90' title='bbox 1073 1294 1313 1366; x_wconf 90' lang='lat' dir='ltr'><strong>periculo</strong></span> <span class='ocrx_word' id='word_1_91' title='bbox 1354 1295 1514 1350; x_wconf 89' lang='lat' dir='ltr'><strong>licet:</strong></span> <span class='ocrx_word' id='word_1_92' title='bbox 1542 1295 1656 1363; x_wconf 88' lang='lat' dir='ltr'><strong>plus</strong></span> <span class='ocrx_word' id='word_1_93' title='bbox 1686 1302 1866 1357; x_wconf 87' lang='lat' dir='ltr'><strong>tamen</strong></span> 
     </span>
    </p>
   </div>
   <div class='ocr_carea' id='block_1_12' title="bbox 263 1387 1870 1458">
    <p class='ocr_par' dir='ltr' id='par_1_12' title="bbox 263 1387 1870 1458">
     <span class='ocr_line' id='line_1_12' title="bbox 263 1387 1870 1458; baseline -0.002 -14"><span class='ocrx_word' id='word_1_94' title='bbox 263 1389 599 1444; x_wconf 83' lang='lat' dir='ltr'><strong>difficultatis</strong></span> <span class='ocrx_word' id='word_1_95' title='bbox 651 1391 701 1444; x_wconf 92' lang='lat' dir='ltr'><strong>in</strong></span> <span class='ocrx_word' id='word_1_96' title='bbox 753 1389 1076 1445; x_wconf 84' lang='lat' dir='ltr'><strong>etneticndis</strong></span> <span class='ocrx_word' id='word_1_97' title='bbox 1121 1399 1220 1455; x_wconf 89' lang='lat' dir='ltr'><strong>est,</strong></span> <span class='ocrx_word' id='word_1_98' title='bbox 1269 1405 1426 1458; x_wconf 88' lang='lat' dir='ltr'><strong>quam</strong></span> <span class='ocrx_word' id='word_1_99' title='bbox 1474 1389 1727 1443; x_wconf 74' lang='lat' dir='ltr'><strong>emensis.</strong></span> <span class='ocrx_word' id='word_1_100' title='bbox 1774 1387 1870 1442; x_wconf 89' lang='lat' dir='ltr'><strong>Est</strong></span> 
     </span>
    </p>
   </div>
   <div class='ocr_carea' id='block_1_13' title="bbox 263 1480 1866 1553">
    <p class='ocr_par' dir='ltr' id='par_1_13' title="bbox 263 1480 1866 1553">
     <span class='ocr_line' id='line_1_13' title="bbox 263 1480 1866 1553; baseline -0.003 -15"><span class='ocrx_word' id='word_1_101' title='bbox 263 1483 429 1538; x_wconf 85' lang='lat' dir='ltr'><strong>Pater</strong></span> <span class='ocrx_word' id='word_1_102' title='bbox 455 1492 514 1537; x_wconf 88' lang='lat' dir='ltr'><strong>ut</strong></span> <span class='ocrx_word' id='word_1_103' title='bbox 542 1491 647 1550; x_wconf 78' lang='lat' dir='ltr'><strong>est,</strong></span> <span class='ocrx_word' id='word_1_104' title='bbox 678 1492 733 1537; x_wconf 90' lang='lat' dir='ltr'><strong>et</strong></span> <span class='ocrx_word' id='word_1_105' title='bbox 755 1492 812 1537; x_wconf 91' lang='lat' dir='ltr'><strong>ut</strong></span> <span class='ocrx_word' id='word_1_106' title='bbox 836 1491 1060 1538; x_wconf 88' lang='lat' dir='ltr'><strong>estesse</strong></span> <span class='ocrx_word' id='word_1_107' title='bbox 1089 1481 1390 1538; x_wconf 83' lang='lat' dir='ltr'><strong>credendus</strong></span> <span class='ocrx_word' id='word_1_108' title='bbox 1409 1492 1509 1537; x_wconf 86' lang='lat' dir='ltr'><strong>est.</strong></span> <span class='ocrx_word' id='word_1_109' title='bbox 1540 1481 1647 1553; x_wconf 80' lang='lat'><strong>32</strong></span> <span class='ocrx_word' id='word_1_110' title='bbox 1676 1480 1866 1535; x_wconf 85' lang='lat' dir='ltr'><strong>Filium</strong></span> 
     </span>
    </p>
   </div>
   <div class='ocr_carea' id='block_1_14' title="bbox 270 1575 1869 1650">
    <p class='ocr_par' dir='ltr' id='par_1_14' title="bbox 270 1575 1869 1650">
     <span class='ocr_line' id='line_1_14' title="bbox 270 1575 1869 1650; baseline -0.003 -18"><span class='ocrx_word' id='word_1_111' title='bbox 270 1592 427 1632; x_wconf 86' lang='lat' dir='ltr'><strong>tuens</strong></span> <span class='ocrx_word' id='word_1_112' title='bbox 444 1586 650 1632; x_wconf 86' lang='lat' dir='ltr'><strong>constet</strong></span> <span class='ocrx_word' id='word_1_113' title='bbox 668 1585 827 1632; x_wconf 85' lang='lat' dir='ltr'><strong>natur</strong></span> <span class='ocrx_word' id='word_1_114' title='bbox 846 1577 1133 1648; x_wconf 75' lang='lat' dir='ltr'><strong>attingere,</strong></span> <span class='ocrx_word' id='word_1_115' title='bbox 1156 1587 1212 1631; x_wconf 90' lang='lat' dir='ltr'><strong>et</strong></span> <span class='ocrx_word' id='word_1_116' title='bbox 1232 1575 1467 1650; x_wconf 73' lang='lat' dir='ltr'><strong>trepidat</strong></span> <span class='ocrx_word' id='word_1_117' title='bbox 1488 1575 1662 1629; x_wconf 91' lang='lat' dir='ltr'><strong>omnis</strong></span> <span class='ocrx_word' id='word_1_118' title='bbox 1689 1586 1869 1628; x_wconf 88' lang='lat' dir='ltr'><strong>sermo</strong></span> 
     </span>
    </p>
   </div>
   <div class='ocr_carea' id='block_1_15' title="bbox 267 1654 1866 1740">
    <p class='ocr_par' dir='ltr' id='par_1_15' title="bbox 267 1654 1866 1740">
     <span class='ocr_line' id='line_1_15' title="bbox 267 1654 1866 1740; baseline -0.005 -14"><span class='ocrx_word' id='word_1_119' title='bbox 267 1685 331 1726; x_wconf 85' lang='lat' dir='ltr'><strong>se</strong></span> <span class='ocrx_word' id='word_1_120' title='bbox 378 1670 628 1740; x_wconf 80' lang='lat' dir='ltr'><strong>prodere.</strong></span> <span class='ocrx_word' id='word_1_121' title='bbox 678 1670 771 1724; x_wconf 80' lang='lat' dir='ltr'><strong>Est</strong></span> <span class='ocrx_word' id='word_1_122' title='bbox 815 1670 956 1724; x_wconf 89' lang='lat' dir='ltr'><strong>enim</strong></span> <span class='ocrx_word' id='word_1_123' title='bbox 1002 1654 1286 1739; x_wconf 81' lang='lat' dir='ltr'><strong>progenies</strong></span> <span class='ocrx_word' id='word_1_124' title='bbox 1334 1668 1588 1738; x_wconf 80' lang='lat' dir='ltr'><strong>ingeniti,</strong></span> <span class='ocrx_word' id='word_1_125' title='bbox 1620 1681 1756 1721; x_wconf 89' lang='lat' dir='ltr'><strong>unus</strong></span> <span class='ocrx_word' id='word_1_126' title='bbox 1802 1679 1866 1718; x_wconf 78' lang='lat' dir='ltr'><strong>ex</strong></span> 
     </span>
    </p>
   </div>
   <div class='ocr_carea' id='block_1_16' title="bbox 266 1758 1865 1831">
    <p class='ocr_par' dir='ltr' id='par_1_16' title="bbox 266 1758 1865 1831">
     <span class='ocr_line' id='line_1_16' title="bbox 266 1758 1865 1831; baseline -0.005 -14"><span class='ocrx_word' id='word_1_127' title='bbox 266 1779 402 1829; x_wconf 88' lang='lat' dir='ltr'><strong>uno,</strong></span> <span class='ocrx_word' id='word_1_128' title='bbox 427 1778 587 1818; x_wconf 82' lang='lat' dir='ltr'><strong>verus</strong></span> <span class='ocrx_word' id='word_1_129' title='bbox 614 1778 641 1815; x_wconf 87' lang='lat' dir='ltr'><strong>a</strong></span> <span class='ocrx_word' id='word_1_130' title='bbox 668 1778 817 1828; x_wconf 83' lang='lat' dir='ltr'><strong>vero,</strong></span> <span class='ocrx_word' id='word_1_131' title='bbox 844 1762 997 1816; x_wconf 83' lang='lat' dir='ltr'><strong>vivus</strong></span> <span class='ocrx_word' id='word_1_132' title='bbox 1022 1777 1050 1814; x_wconf 92' lang='lat' dir='ltr'><strong>a</strong></span> <span class='ocrx_word' id='word_1_133' title='bbox 1078 1762 1220 1825; x_wconf 79' lang='lat' dir='ltr'><strong>vivo,</strong></span> <span class='ocrx_word' id='word_1_134' title='bbox 1246 1759 1520 1831; x_wconf 87' lang='lat' dir='ltr'><strong>perfectus</strong></span> <span class='ocrx_word' id='word_1_135' title='bbox 1547 1775 1575 1812; x_wconf 89' lang='lat' dir='ltr'><strong>a</strong></span> <span class='ocrx_word' id='word_1_136' title='bbox 1607 1758 1865 1828; x_wconf 87' lang='lat' dir='ltr'><strong>perfecto,</strong></span> 
     </span>
    </p>
   </div>
   <div class='ocr_carea' id='block_1_17' title="bbox 1975 549 3562 622">
    <p class='ocr_par' dir='ltr' id='par_1_17' title="bbox 1975 549 3562 622">
     <span class='ocr_line' id='line_1_17' title="bbox 1975 549 3562 622; baseline 0.002 -20"><span class='ocrx_word' id='word_1_137' title='bbox 1975 549 2131 605; x_wconf 86' lang='lat' dir='ltr'><strong>tionis</strong></span> <span class='ocrx_word' id='word_1_138' title='bbox 2187 550 2345 620; x_wconf 83' lang='lat' dir='ltr'><strong>hujus</strong></span> <span class='ocrx_word' id='word_1_139' title='bbox 2392 562 2787 607; x_wconf 88' lang='lat' dir='ltr'><strong>sacramentum</strong></span> <span class='ocrx_word' id='word_1_140' title='bbox 2828 568 2933 608; x_wconf 90' lang='lat' dir='ltr'><strong>nou</strong></span> <span class='ocrx_word' id='word_1_141' title='bbox 2985 567 3143 621; x_wconf 85' lang='lat' dir='ltr'><strong>posse</strong></span> <span class='ocrx_word' id='word_1_142' title='bbox 3174 567 3233 607; x_wconf 89' lang='lat' dir='ltr'><strong>se</strong></span> <span class='ocrx_word' id='word_1_143' title='bbox 3284 551 3562 622; x_wconf 88' lang='lat' dir='ltr'><strong>consequi,</strong></span> 
     </span>
    </p>
   </div>
   <div class='ocr_carea' id='block_1_18' title="bbox 1972 640 3567 719">
    <p class='ocr_par' dir='ltr' id='par_1_18' title="bbox 1972 640 3567 719">
     <span class='ocr_line' id='line_1_18' title="bbox 1972 640 3567 719; baseline 0.002 -24"><span class='ocrx_word' id='word_1_144' title='bbox 1972 657 2094 699; x_wconf 89' lang='lat' dir='ltr'><strong>cum</strong></span> <span class='ocrx_word' id='word_1_145' title='bbox 2128 642 2196 715; x_wconf 72' lang='grc'>(1)</span> <span class='ocrx_word' id='word_1_146' title='bbox 2230 653 2409 701; x_wconf 89' lang='lat' dir='ltr'><strong>tamen</strong></span> <span class='ocrx_word' id='word_1_147' title='bbox 2437 656 2489 699; x_wconf 92' lang='lat' dir='ltr'><strong>et</strong></span> <span class='ocrx_word' id='word_1_148' title='bbox 2518 642 2681 700; x_wconf 88' lang='lat' dir='ltr'><strong>Pater</strong></span> <span class='ocrx_word' id='word_1_149' title='bbox 2708 642 2777 701; x_wconf 88' lang='lat' dir='ltr'><strong>sit</strong></span> <span class='ocrx_word' id='word_1_150' title='bbox 2806 644 3050 701; x_wconf 86' lang='lat' dir='ltr'><strong>absolute</strong></span> <span class='ocrx_word' id='word_1_151' title='bbox 3083 640 3160 719; x_wconf 79' lang='lat'><strong>(3)</strong></span> <span class='ocrx_word' id='word_1_152' title='bbox 3191 646 3491 701; x_wconf 89' lang='lat' dir='ltr'><strong>intellectus</strong></span> <span class='ocrx_word' id='word_1_153' title='bbox 3512 652 3567 699; x_wconf 87' lang='lat' dir='ltr'><strong>et</strong></span> 
     </span>
    </p>
   </div>
   <div class='ocr_carea' id='block_1_19' title="bbox 1974 735 3567 809">
    <p class='ocr_par' dir='ltr' id='par_1_19' title="bbox 1974 735 3567 809">
     <span class='ocr_line' id='line_1_19' title="bbox 1974 735 3567 809; baseline 0 -18"><span class='ocrx_word' id='word_1_154' title='bbox 1974 735 2179 800; x_wconf 77' lang='lat' dir='ltr'><strong>Filius;</strong></span> <span class='ocrx_word' id='word_1_155' title='bbox 2207 736 2408 804; x_wconf 85' lang='lat' dir='ltr'><strong>majore</strong></span> <span class='ocrx_word' id='word_1_156' title='bbox 2437 736 2574 791; x_wconf 85' lang='lat' dir='ltr'><strong>istud</strong></span> <span class='ocrx_word' id='word_1_157' title='bbox 2592 736 2822 791; x_wconf 89' lang='lat' dir='ltr'><strong>dolorea</strong></span> <span class='ocrx_word' id='word_1_158' title='bbox 2855 753 2939 792; x_wconf 91' lang='lat' dir='ltr'><strong>me</strong></span> <span class='ocrx_word' id='word_1_159' title='bbox 2955 737 3136 794; x_wconf 85' lang='lat' dir='ltr'><strong>audiet</strong></span> <span class='ocrx_word' id='word_1_160' title='bbox 3167 737 3420 809; x_wconf 85' lang='lat' dir='ltr'><strong>ignorari.</strong></span> <span class='ocrx_word' id='word_1_161' title='bbox 3452 736 3567 808; x_wconf 85' lang='lat' dir='ltr'><strong>Ego</strong></span> 
     </span>
    </p>
   </div>
   <div class='ocr_carea' id='block_1_20' title="bbox 1974 826 3566 897">
    <p class='ocr_par' dir='ltr' id='par_1_20' title="bbox 1974 826 3566 897">
     <span class='ocr_line' id='line_1_20' title="bbox 1974 826 3566 897; baseline 0.002 -17"><span class='ocrx_word' id='word_1_162' title='bbox 1974 826 2177 893; x_wconf 91' lang='lat' dir='ltr'><strong>nescio,</strong></span> <span class='ocrx_word' id='word_1_163' title='bbox 2214 843 2319 882; x_wconf 87' lang='lat' dir='ltr'><strong>non</strong></span> <span class='ocrx_word' id='word_1_164' title='bbox 2361 828 2609 897; x_wconf 85' lang='lat' dir='ltr'><strong>requiro;</strong></span> <span class='ocrx_word' id='word_1_165' title='bbox 2637 837 2691 882; x_wconf 93' lang='lat' dir='ltr'><strong>et</strong></span> <span class='ocrx_word' id='word_1_166' title='bbox 2732 829 3055 884; x_wconf 88' lang='lat' dir='ltr'><strong>consolabor</strong></span> <span class='ocrx_word' id='word_1_167' title='bbox 3104 845 3189 884; x_wconf 89' lang='lat' dir='ltr'><strong>me</strong></span> <span class='ocrx_word' id='word_1_168' title='bbox 3230 838 3428 884; x_wconf 86' lang='lat' dir='ltr'><strong>tamen.</strong></span> <span class='ocrx_word' id='word_1_169' title='bbox 3460 830 3566 883; x_wconf 84' lang='lat' dir='ltr'><strong>Ar-</strong></span> 
     </span>
    </p>
   </div>
   <div class='ocr_carea' id='block_1_21' title="bbox 1972 921 3567 993">
    <p class='ocr_par' dir='ltr' id='par_1_21' title="bbox 1972 921 3567 993">
     <span class='ocr_line' id='line_1_21' title="bbox 1972 921 3567 993; baseline 0.001 -18"><span class='ocrx_word' id='word_1_170' title='bbox 1972 921 2215 990; x_wconf 85' lang='lat' dir='ltr'><strong>changeli</strong></span> <span class='ocrx_word' id='word_1_171' title='bbox 2257 921 2526 986; x_wconf 88' lang='lat' dir='ltr'><strong>nesciunt,</strong></span> <span class='ocrx_word' id='word_1_172' title='bbox 2555 922 2728 993; x_wconf 80' lang='lat' dir='ltr'><strong>angeli</strong></span> <span class='ocrx_word' id='word_1_173' title='bbox 2762 930 2868 976; x_wconf 84' lang='lat' dir='ltr'><strong>non</strong></span> <span class='ocrx_word' id='word_1_174' title='bbox 2900 923 3209 990; x_wconf 89' lang='lat' dir='ltr'><strong>audierunt,</strong></span> <span class='ocrx_word' id='word_1_175' title='bbox 3234 922 3429 977; x_wconf 69' lang='lat' dir='ltr'><strong>saecula</strong></span> <span class='ocrx_word' id='word_1_176' title='bbox 3463 937 3567 977; x_wconf 92' lang='lat' dir='ltr'><strong>nou</strong></span> 
     </span>
    </p>
   </div>
   <div class='ocr_carea' id='block_1_22' title="bbox 1974 1015 3570 1087">
    <p class='ocr_par' dir='ltr' id='par_1_22' title="bbox 1974 1015 3570 1087">
     <span class='ocr_line' id='line_1_22' title="bbox 1974 1015 3570 1087; baseline 0.002 -18"><span class='ocrx_word' id='word_1_177' title='bbox 1974 1024 2188 1082; x_wconf 89' lang='lat' dir='ltr'><strong>tenent,</strong></span> <span class='ocrx_word' id='word_1_178' title='bbox 2220 1015 2478 1086; x_wconf 86' lang='lat' dir='ltr'><strong>propheta</strong></span> <span class='ocrx_word' id='word_1_179' title='bbox 2513 1031 2619 1070; x_wconf 92' lang='lat' dir='ltr'><strong>non</strong></span> <span class='ocrx_word' id='word_1_180' title='bbox 2657 1017 2845 1079; x_wconf 85' lang='lat' dir='ltr'><strong>sensit,</strong></span> <span class='ocrx_word' id='word_1_181' title='bbox 2880 1017 3157 1087; x_wconf 81' lang='lat' dir='ltr'><strong>apostolus</strong></span> <span class='ocrx_word' id='word_1_182' title='bbox 3200 1032 3304 1071; x_wconf 92' lang='lat' dir='ltr'><strong>non</strong></span> <span class='ocrx_word' id='word_1_183' title='bbox 3339 1016 3570 1072; x_wconf 90' lang='lat' dir='ltr'><strong>interro-</strong></span> 
     </span>
    </p>
   </div>
   <div class='ocr_carea' id='block_1_23' title="bbox 1971 1106 3566 1180">
    <p class='ocr_par' dir='ltr' id='par_1_23' title="bbox 1971 1106 3566 1180">
     <span class='ocr_line' id='line_1_23' title="bbox 1971 1106 3566 1180; baseline 0.003 -20"><span class='ocrx_word' id='word_1_184' title='bbox 1971 1108 2135 1179; x_wconf 82' lang='lat' dir='ltr'><strong>gavit,</strong></span> <span class='ocrx_word' id='word_1_185' title='bbox 2164 1106 2304 1163; x_wconf 87' lang='lat' dir='ltr'><strong>ftlius</strong></span> <span class='ocrx_word' id='word_1_186' title='bbox 2332 1108 2447 1179; x_wconf 88' lang='lat' dir='ltr'><strong>ipse</strong></span> <span class='ocrx_word' id='word_1_187' title='bbox 2471 1123 2579 1164; x_wconf 90' lang='lat' dir='ltr'><strong>non</strong></span> <span class='ocrx_word' id='word_1_188' title='bbox 2602 1109 2789 1165; x_wconf 89' lang='lat' dir='ltr'><strong>edidit.</strong></span> <span class='ocrx_word' id='word_1_189' title='bbox 2822 1110 3005 1165; x_wconf 78' lang='lat' dir='ltr'><strong>Cesset</strong></span> <span class='ocrx_word' id='word_1_190' title='bbox 3029 1109 3183 1165; x_wconf 90' lang='lat' dir='ltr'><strong>dolor</strong></span> <span class='ocrx_word' id='word_1_191' title='bbox 3202 1109 3566 1180; x_wconf 85' lang='lat' dir='ltr'><strong>querelarum.</strong></span> 
     </span>
    </p>
   </div>
   <div class='ocr_carea' id='block_1_24' title="bbox 1971 1198 3565 1275">
    <p class='ocr_par' dir='ltr' id='par_1_24' title="bbox 1971 1198 3565 1275">
     <span class='ocr_line' id='line_1_24' title="bbox 1971 1198 3565 1275; baseline 0.002 -21"><span class='ocrx_word' id='word_1_192' title='bbox 1971 1198 2087 1254; x_wconf 87' lang='lat' dir='ltr'><strong>Non</strong></span> <span class='ocrx_word' id='word_1_193' title='bbox 2123 1210 2194 1263; x_wconf 90' lang='lat' dir='ltr'><strong>te,</strong></span> <span class='ocrx_word' id='word_1_194' title='bbox 2226 1201 2467 1270; x_wconf 76' lang='lat' dir='ltr'><strong>quisquis</strong></span> <span class='ocrx_word' id='word_1_195' title='bbox 2498 1216 2556 1256; x_wconf 90' lang='lat' dir='ltr'><strong>es</strong></span> <span class='ocrx_word' id='word_1_196' title='bbox 2592 1203 2680 1271; x_wconf 88' lang='lat' dir='ltr'><strong>qui</strong></span> <span class='ocrx_word' id='word_1_197' title='bbox 2721 1201 2837 1256; x_wconf 75' lang='lat' dir='ltr'><strong>lucc</strong></span> <span class='ocrx_word' id='word_1_198' title='bbox 2860 1202 2940 1275; x_wconf 79' lang='grc'>(4)</span> <span class='ocrx_word' id='word_1_199' title='bbox 2968 1203 3241 1273; x_wconf 86' lang='lat' dir='ltr'><strong>requires,</strong></span> <span class='ocrx_word' id='word_1_200' title='bbox 3272 1218 3464 1259; x_wconf 90' lang='lat' dir='ltr'><strong>revoco</strong></span> <span class='ocrx_word' id='word_1_201' title='bbox 3514 1204 3565 1258; x_wconf 91' lang='lat' dir='ltr'><strong>in</strong></span> 
     </span>
    </p>
   </div>
   <div class='ocr_carea' id='block_1_25' title="bbox 1972 1293 3568 1365">
    <p class='ocr_par' dir='ltr' id='par_1_25' title="bbox 1972 1293 3568 1365">
     <span class='ocr_line' id='line_1_25' title="bbox 1972 1293 3568 1365; baseline 0.003 -17"><span class='ocrx_word' id='word_1_202' title='bbox 1972 1293 2263 1357; x_wconf 80' lang='lat' dir='ltr'><strong>excelsum,</strong></span> <span class='ocrx_word' id='word_1_203' title='bbox 2291 1293 2396 1365; x_wconf 83' lang='lat'><strong>33</strong></span> <span class='ocrx_word' id='word_1_204' title='bbox 2427 1309 2530 1349; x_wconf 92' lang='lat' dir='ltr'><strong>non</strong></span> <span class='ocrx_word' id='word_1_205' title='bbox 2548 1294 2597 1348; x_wconf 93' lang='lat' dir='ltr'><strong>in</strong></span> <span class='ocrx_word' id='word_1_206' title='bbox 2616 1295 3020 1364; x_wconf 88' lang='lat' dir='ltr'><strong>amplitudinem</strong></span> <span class='ocrx_word' id='word_1_207' title='bbox 3040 1296 3221 1363; x_wconf 86' lang='lat' dir='ltr'><strong>tendo,</strong></span> <span class='ocrx_word' id='word_1_208' title='bbox 3238 1311 3342 1352; x_wconf 90' lang='lat' dir='ltr'><strong>non</strong></span> <span class='ocrx_word' id='word_1_209' title='bbox 3360 1296 3568 1353; x_wconf 89' lang='lat' dir='ltr'><strong>deduco</strong></span> 
     </span>
    </p>
   </div>
   <div class='ocr_carea' id='block_1_26' title="bbox 1973 1386 3569 1460">
    <p class='ocr_par' dir='ltr' id='par_1_26' title="bbox 1973 1386 3569 1460">
     <span class='ocr_line' id='line_1_26' title="bbox 1973 1386 3569 1460; baseline 0.003 -20"><span class='ocrx_word' id='word_1_210' title='bbox 1973 1386 2026 1440; x_wconf 91' lang='lat' dir='ltr'><strong>in</strong></span> <span class='ocrx_word' id='word_1_211' title='bbox 2058 1386 2378 1455; x_wconf 83' lang='lat' dir='ltr'><strong>profundum</strong></span> <span class='ocrx_word' id='word_1_212' title='bbox 2414 1404 2426 1438; x_wconf 90' lang='lat'>:</span> <span class='ocrx_word' id='word_1_213' title='bbox 2460 1404 2638 1441; x_wconf 78' lang='lat' dir='ltr'><strong>nonne</strong></span> <span class='ocrx_word' id='word_1_214' title='bbox 2666 1389 3038 1458; x_wconf 66' lang='lat' dir='ltr'><strong>aequanimiter</strong></span> <span class='ocrx_word' id='word_1_215' title='bbox 3056 1389 3327 1460; x_wconf 87' lang='lat' dir='ltr'><strong>ignorabis</strong></span> <span class='ocrx_word' id='word_1_216' title='bbox 3350 1391 3569 1445; x_wconf 81' lang='lat' dir='ltr'><strong>Creato-</strong></span> 
     </span>
    </p>
   </div>
   <div class='ocr_carea' id='block_1_27' title="bbox 1974 1479 3570 1552">
    <p class='ocr_par' dir='ltr' id='par_1_27' title="bbox 1974 1479 3570 1552">
     <span class='ocr_line' id='line_1_27' title="bbox 1974 1479 3570 1552; baseline 0.004 -19"><span class='ocrx_word' id='word_1_217' title='bbox 1974 1479 2049 1533; x_wconf 93' lang='lat' dir='ltr'><strong>ris</strong></span> <span class='ocrx_word' id='word_1_218' title='bbox 2100 1480 2463 1544; x_wconf 85' lang='lat' dir='ltr'><strong>nativitatem,</strong></span> <span class='ocrx_word' id='word_1_219' title='bbox 2515 1482 2768 1550; x_wconf 76' lang='lat' dir='ltr'><strong>ignorans</strong></span> <span class='ocrx_word' id='word_1_220' title='bbox 2818 1482 3079 1552; x_wconf 80' lang='lat' dir='ltr'><strong>originem</strong></span> <span class='ocrx_word' id='word_1_221' title='bbox 3131 1482 3570 1539; x_wconf 68' lang='lat' dir='ltr'><strong>creaturreHloc</strong></span> 
     </span>
    </p>
   </div>
   <div class='ocr_carea' id='block_1_28' title="bbox 1973 1574 3571 1648">
    <p class='ocr_par' dir='ltr' id='par_1_28' title="bbox 1973 1574 3571 1648">
     <span class='ocr_line' id='line_1_28' title="bbox 1973 1574 3571 1648; baseline 0.002 -19"><span class='ocrx_word' id='word_1_222' title='bbox 1973 1576 2160 1630; x_wconf 84' lang='lat' dir='ltr'><strong>saltem</strong></span> <span class='ocrx_word' id='word_1_223' title='bbox 2204 1574 2438 1646; x_wconf 77' lang='lat' dir='ltr'><strong>requiro,</strong></span> <span class='ocrx_word' id='word_1_224' title='bbox 2472 1576 2712 1630; x_wconf 79' lang='lat' dir='ltr'><strong>sentisne</strong></span> <span class='ocrx_word' id='word_1_225' title='bbox 2752 1585 2803 1631; x_wconf 91' lang='lat' dir='ltr'><strong>te</strong></span> <span class='ocrx_word' id='word_1_226' title='bbox 2847 1577 3116 1647; x_wconf 89' lang='lat' dir='ltr'><strong>genitum,</strong></span> <span class='ocrx_word' id='word_1_227' title='bbox 3149 1586 3202 1632; x_wconf 92' lang='lat' dir='ltr'><strong>et</strong></span> <span class='ocrx_word' id='word_1_228' title='bbox 3240 1592 3357 1648; x_wconf 66' lang='lat' dir='ltr'><strong>qua:</strong></span> <span class='ocrx_word' id='word_1_229' title='bbox 3403 1593 3466 1632; x_wconf 78' lang='lat' dir='ltr'><strong>ex</strong></span> <span class='ocrx_word' id='word_1_230' title='bbox 3517 1588 3571 1632; x_wconf 91' lang='lat' dir='ltr'><strong>te</strong></span> 
     </span>
    </p>
   </div>
   <div class='ocr_carea' id='block_1_29' title="bbox 1973 1666 3569 1739">
    <p class='ocr_par' dir='ltr' id='par_1_29' title="bbox 1973 1666 3569 1739">
     <span class='ocr_line' id='line_1_29' title="bbox 1973 1666 3569 1739; baseline 0.001 -17"><span class='ocrx_word' id='word_1_231' title='bbox 1973 1678 2300 1738; x_wconf 80' lang='lat' dir='ltr'><strong>generentur</strong></span> <span class='ocrx_word' id='word_1_232' title='bbox 2338 1666 2630 1737; x_wconf 74' lang='lat' dir='ltr'><strong>intelligis?</strong></span> <span class='ocrx_word' id='word_1_233' title='bbox 2659 1667 2772 1722; x_wconf 82' lang='lat' dir='ltr'><strong>Non</strong></span> <span class='ocrx_word' id='word_1_234' title='bbox 2803 1685 2988 1739; x_wconf 70' lang='lat' dir='ltr'><strong>qutero</strong></span> <span class='ocrx_word' id='word_1_235' title='bbox 3016 1684 3231 1724; x_wconf 90' lang='lat' dir='ltr'><strong>sensum</strong></span> <span class='ocrx_word' id='word_1_236' title='bbox 3261 1670 3403 1725; x_wconf 89' lang='lat' dir='ltr'><strong>unde</strong></span> <span class='ocrx_word' id='word_1_237' title='bbox 3435 1668 3569 1724; x_wconf 85' lang='lat' dir='ltr'><strong>hau—</strong></span> 
     </span>
    </p>
   </div>
   <div class='ocr_carea' id='block_1_30' title="bbox 1972 1759 3568 1832">
    <p class='ocr_par' dir='ltr' id='par_1_30' title="bbox 1972 1759 3568 1832">
     <span class='ocr_line' id='line_1_30' title="bbox 1972 1759 3568 1832; baseline 0.003 -19"><span class='ocrx_word' id='word_1_238' title='bbox 1972 1759 2140 1825; x_wconf 79' lang='lat' dir='ltr'><strong>seris,</strong></span> <span class='ocrx_word' id='word_1_239' title='bbox 2175 1760 2337 1813; x_wconf 76' lang='lat' dir='ltr'><strong>vitam</strong></span> <span class='ocrx_word' id='word_1_240' title='bbox 2389 1759 2530 1814; x_wconf 88' lang='lat' dir='ltr'><strong>unde</strong></span> <span class='ocrx_word' id='word_1_241' title='bbox 2570 1761 2793 1814; x_wconf 88' lang='lat' dir='ltr'><strong>sortitus</strong></span> <span class='ocrx_word' id='word_1_242' title='bbox 2842 1762 2945 1826; x_wconf 87' lang='lat' dir='ltr'><strong>sis,</strong></span> <span class='ocrx_word' id='word_1_243' title='bbox 2976 1761 3383 1832; x_wconf 85' lang='lat' dir='ltr'><strong>intelligentiam</strong></span> <span class='ocrx_word' id='word_1_244' title='bbox 3424 1762 3568 1818; x_wconf 85' lang='lat' dir='ltr'><strong>unde</strong></span> 
     </span>
    </p>
   </div>
   <div class='ocr_carea' id='block_1_31' title="bbox 265 1850 3574 1924">
    <p class='ocr_par' dir='ltr' id='par_1_31' title="bbox 265 1850 3574 1924">
     <span class='ocr_line' id='line_1_31' title="bbox 265 1850 3574 1924; baseline -0 -14"><span class='ocrx_word' id='word_1_245' title='bbox 265 1856 488 1912; x_wconf 79' lang='lat' dir='ltr'><strong>virtutis</strong></span> <span class='ocrx_word' id='word_1_246' title='bbox 539 1856 740 1922; x_wconf 79' lang='lat' dir='ltr'><strong>virtus,</strong></span> <span class='ocrx_word' id='word_1_247' title='bbox 784 1855 1062 1924; x_wconf 67' lang='lat' dir='ltr'><strong>sapientia)</strong></span> <span class='ocrx_word' id='word_1_248' title='bbox 1110 1854 1402 1924; x_wconf 75' lang='lat' dir='ltr'><strong>sapientia,</strong></span> <span class='ocrx_word' id='word_1_249' title='bbox 1434 1853 1599 1923; x_wconf 83' lang='lat' dir='ltr'><strong>gloria</strong></span> <span class='ocrx_word' id='word_1_250' title='bbox 1649 1850 1833 1921; x_wconf 74' lang='lat' dir='ltr'><strong>gloriae</strong></span> <span class='ocrx_word' id='word_1_251' title='bbox 1857 1892 1870 1915; x_wconf 91' lang='lat'><strong>,</strong></span> <span class='ocrx_word' id='word_1_252' title='bbox 1904 1856 1949 1916; x_wconf 83' lang='grc' dir='ltr'><strong>Β</strong></span> <span class='ocrx_word' id='word_1_253' title='bbox 1988 1852 2211 1923; x_wconf 82' lang='lat' dir='ltr'><strong>adeptus</strong></span> <span class='ocrx_word' id='word_1_254' title='bbox 2242 1853 2318 1907; x_wconf 86' lang='lat' dir='ltr'><strong>sis</strong></span> <span class='ocrx_word' id='word_1_255' title='bbox 2344 1896 2358 1917; x_wconf 92' lang='lat'><strong>,</strong></span> <span class='ocrx_word' id='word_1_256' title='bbox 2388 1852 2546 1921; x_wconf 87' lang='lat' dir='ltr'><strong>quale</strong></span> <span class='ocrx_word' id='word_1_257' title='bbox 2586 1863 2667 1907; x_wconf 89' lang='lat' dir='ltr'><strong>est</strong></span> <span class='ocrx_word' id='word_1_258' title='bbox 2716 1853 2861 1922; x_wconf 89' lang='lat' dir='ltr'><strong>quod</strong></span> <span class='ocrx_word' id='word_1_259' title='bbox 2893 1853 2945 1908; x_wconf 92' lang='lat' dir='ltr'><strong>iu</strong></span> <span class='ocrx_word' id='word_1_260' title='bbox 2983 1864 3033 1909; x_wconf 90' lang='lat' dir='ltr'><strong>te</strong></span> <span class='ocrx_word' id='word_1_261' title='bbox 3079 1856 3150 1909; x_wconf 88' lang='lat' dir='ltr'><strong>sit</strong></span> <span class='ocrx_word' id='word_1_262' title='bbox 3190 1854 3344 1921; x_wconf 89' lang='lat' dir='ltr'><strong>odor,</strong></span> <span class='ocrx_word' id='word_1_263' title='bbox 3381 1868 3574 1910; x_wconf 87' lang='lat' dir='ltr'><strong>sensus</strong></span> 
     </span>
    </p>
   </div>
   <div class='ocr_carea' id='block_1_32' title="bbox 266 1945 1871 2019">
    <p class='ocr_par' dir='ltr' id='par_1_32' title="bbox 266 1945 1871 2019">
     <span class='ocr_line' id='line_1_32' title="bbox 266 1945 1871 2019; baseline -0.004 -16"><span class='ocrx_word' id='word_1_264' title='bbox 266 1951 449 2019; x_wconf 80' lang='lat' dir='ltr'><strong>imago</strong></span> <span class='ocrx_word' id='word_1_265' title='bbox 499 1949 787 2003; x_wconf 78' lang='lat' dir='ltr'><strong>invisibilis</strong></span> <span class='ocrx_word' id='word_1_266' title='bbox 836 1948 963 2014; x_wconf 71' lang='lat' dir='ltr'><strong>lici,</strong></span> <span class='ocrx_word' id='word_1_267' title='bbox 996 1950 1165 2001; x_wconf 86' lang='lat' dir='ltr'><strong>forma</strong></span> <span class='ocrx_word' id='word_1_268' title='bbox 1212 1945 1378 2018; x_wconf 88' lang='lat' dir='ltr'><strong>patris</strong></span> <span class='ocrx_word' id='word_1_269' title='bbox 1419 1945 1659 2015; x_wconf 80' lang='lat' dir='ltr'><strong>ingeniti.</strong></span> <span class='ocrx_word' id='word_1_270' title='bbox 1704 1945 1871 2011; x_wconf 81' lang='lat' dir='ltr'><strong>Quam</strong></span> 
     </span>
    </p>
   </div>
   <div class='ocr_carea' id='block_1_33' title="bbox 265 2040 1879 2114">
    <p class='ocr_par' dir='ltr' id='par_1_33' title="bbox 265 2040 1879 2114">
     <span class='ocr_line' id='line_1_33' title="bbox 265 2040 1879 2114; baseline -0.002 -17"><span class='ocrx_word' id='word_1_271' title='bbox 265 2052 452 2097; x_wconf 89' lang='lat' dir='ltr'><strong>autem</strong></span> <span class='ocrx_word' id='word_1_272' title='bbox 484 2043 799 2111; x_wconf 79' lang='lat' dir='ltr'><strong>progeniem</strong></span> <span class='ocrx_word' id='word_1_273' title='bbox 831 2041 1171 2114; x_wconf 87' lang='lat' dir='ltr'><strong>opinabimnr</strong></span> <span class='ocrx_word' id='word_1_274' title='bbox 1199 2041 1457 2112; x_wconf 89' lang='lat' dir='ltr'><strong>unigeniti</strong></span> <span class='ocrx_word' id='word_1_275' title='bbox 1482 2042 1549 2094; x_wconf 90' lang='lat' dir='ltr'><strong>ab</strong></span> <span class='ocrx_word' id='word_1_276' title='bbox 1595 2040 1879 2109; x_wconf 82' lang='lat' dir='ltr'><strong>ingenito?</strong></span> 
     </span>
    </p>
   </div>
   <div class='ocr_carea' id='block_1_34' title="bbox 270 2120 1879 2206">
    <p class='ocr_par' dir='ltr' id='par_1_34' title="bbox 270 2120 1879 2206">
     <span class='ocr_line' id='line_1_34' title="bbox 270 2120 1879 2206; baseline -0.004 -15"><span class='ocrx_word' id='word_1_277' title='bbox 270 2134 493 2191; x_wconf 87' lang='lat' dir='ltr'><strong>Clamat</strong></span> <span class='ocrx_word' id='word_1_278' title='bbox 522 2139 666 2190; x_wconf 91' lang='lat' dir='ltr'><strong>enim</strong></span> <span class='ocrx_word' id='word_1_279' title='bbox 705 2150 850 2206; x_wconf 67' lang='lat' dir='ltr'><strong>saepe</strong></span> <span class='ocrx_word' id='word_1_280' title='bbox 888 2120 1119 2190; x_wconf 84' lang='lat' dir='ltr'><strong>numero</strong></span> <span class='ocrx_word' id='word_1_281' title='bbox 1152 2134 1312 2188; x_wconf 89' lang='lat' dir='ltr'><strong>Pater</strong></span> <span class='ocrx_word' id='word_1_282' title='bbox 1353 2133 1418 2187; x_wconf 87' lang='lat' dir='ltr'><strong>de</strong></span> <span class='ocrx_word' id='word_1_283' title='bbox 1445 2133 1598 2188; x_wconf 75' lang='lat' dir='ltr'><strong>cmlis</strong></span> <span class='ocrx_word' id='word_1_284' title='bbox 1629 2150 1641 2186; x_wconf 91' lang='lat'><strong>:</strong></span> <span class='ocrx_word' id='word_1_285' title='bbox 1672 2132 1778 2186; x_wconf 84' lang='lat' dir='ltr'><strong>Hic</strong></span> <span class='ocrx_word' id='word_1_286' title='bbox 1807 2142 1879 2185; x_wconf 85' lang='lat' dir='ltr'><strong>est</strong></span> 
     </span>
    </p>
   </div>
   <div class='ocr_carea' id='block_1_35' title="bbox 268 2224 1877 2299">
    <p class='ocr_par' dir='ltr' id='par_1_35' title="bbox 268 2224 1877 2299">
     <span class='ocr_line' id='line_1_35' title="bbox 268 2224 1877 2299; baseline -0.001 -17"><span class='ocrx_word' id='word_1_287' title='bbox 268 2230 417 2299; x_wconf 77' lang='lat' dir='ltr'><strong>[ilius</strong></span> <span class='ocrx_word' id='word_1_288' title='bbox 437 2246 581 2284; x_wconf 85' lang='lat' dir='ltr'><strong>meus</strong></span> <span class='ocrx_word' id='word_1_289' title='bbox 610 2228 847 2293; x_wconf 83' lang='lat' dir='ltr'><strong>dilectus,</strong></span> <span class='ocrx_word' id='word_1_290' title='bbox 877 2226 952 2299; x_wconf 85' lang='grc' dir='ltr'>(α)</span> <span class='ocrx_word' id='word_1_291' title='bbox 981 2228 1033 2282; x_wconf 88' lang='lat' dir='ltr'><strong>in</strong></span> <span class='ocrx_word' id='word_1_292' title='bbox 1057 2245 1156 2297; x_wconf 90' lang='lat' dir='ltr'><strong>quo</strong></span> <span class='ocrx_word' id='word_1_293' title='bbox 1187 2227 1310 2281; x_wconf 83' lang='lat' dir='ltr'><strong>bene</strong></span> <span class='ocrx_word' id='word_1_294' title='bbox 1338 2225 1620 2296; x_wconf 84' lang='lat' dir='ltr'><strong>complacui</strong></span> <span class='ocrx_word' id='word_1_295' title='bbox 1653 2224 1877 2297; x_wconf 80' lang='lat' dir='ltr'><strong>(Matth.</strong></span> 
     </span>
    </p>
   </div>
   <div class='ocr_carea' id='block_1_36' title="bbox 272 2318 1881 2393">
    <p class='ocr_par' dir='ltr' id='par_1_36' title="bbox 272 2318 1881 2393">
     <span class='ocr_line' id='line_1_36' title="bbox 272 2318 1881 2393; baseline -0.004 -15"><span class='ocrx_word' id='word_1_296' title='bbox 272 2339 359 2389; x_wconf 83' lang='grc' dir='ltr'>ιιι,</span> <span class='ocrx_word' id='word_1_297' title='bbox 388 2323 501 2393; x_wconf 80' lang='grc'><strong>⁴17).</strong></span> <span class='ocrx_word' id='word_1_298' title='bbox 529 2320 648 2377; x_wconf 87' lang='lat' dir='ltr'><strong>Non</strong></span> <span class='ocrx_word' id='word_1_299' title='bbox 697 2332 781 2377; x_wconf 92' lang='lat' dir='ltr'><strong>cst</strong></span> <span class='ocrx_word' id='word_1_300' title='bbox 825 2321 1084 2376; x_wconf 80' lang='lat' dir='ltr'><strong>abseissio</strong></span> <span class='ocrx_word' id='word_1_301' title='bbox 1105 2363 1118 2386; x_wconf 88' lang='lat'><strong>,</strong></span> <span class='ocrx_word' id='word_1_302' title='bbox 1150 2330 1236 2374; x_wconf 90' lang='lat' dir='ltr'><strong>aut</strong></span> <span class='ocrx_word' id='word_1_303' title='bbox 1270 2319 1463 2374; x_wconf 75' lang='lat' dir='ltr'><strong>divisio</strong></span> <span class='ocrx_word' id='word_1_304' title='bbox 1491 2336 1502 2371; x_wconf 87' lang='lat'><strong>:</strong></span> <span class='ocrx_word' id='word_1_305' title='bbox 1534 2318 1881 2388; x_wconf 79' lang='lat' dir='ltr'><strong>impassihilis</strong></span> 
     </span>
    </p>
   </div>
   <div class='ocr_carea' id='block_1_37' title="bbox 271 2412 1883 2486">
    <p class='ocr_par' dir='ltr' id='par_1_37' title="bbox 271 2412 1883 2486">
     <span class='ocr_line' id='line_1_37' title="bbox 271 2412 1883 2486; baseline -0.004 -16"><span class='ocrx_word' id='word_1_306' title='bbox 271 2425 361 2470; x_wconf 90' lang='lat' dir='ltr'><strong>est</strong></span> <span class='ocrx_word' id='word_1_307' title='bbox 392 2414 535 2469; x_wconf 88' lang='lat' dir='ltr'><strong>enim</strong></span> <span class='ocrx_word' id='word_1_308' title='bbox 587 2415 677 2469; x_wconf 92' lang='lat' dir='ltr'><strong>ille</strong></span> <span class='ocrx_word' id='word_1_309' title='bbox 704 2414 794 2486; x_wconf 89' lang='lat' dir='ltr'><strong>qui</strong></span> <span class='ocrx_word' id='word_1_310' title='bbox 832 2413 1037 2485; x_wconf 82' lang='lat' dir='ltr'><strong>genuit,</strong></span> <span class='ocrx_word' id='word_1_311' title='bbox 1069 2424 1117 2467; x_wconf 90' lang='lat' dir='ltr'><strong>et</strong></span> <span class='ocrx_word' id='word_1_312' title='bbox 1162 2413 1336 2480; x_wconf 80' lang='lat' dir='ltr'><strong>imago</strong></span> <span class='ocrx_word' id='word_1_313' title='bbox 1369 2412 1647 2465; x_wconf 80' lang='lat' dir='ltr'><strong>invisibilis</strong></span> <span class='ocrx_word' id='word_1_314' title='bbox 1678 2412 1769 2465; x_wconf 91' lang='lat' dir='ltr'><strong>Dei</strong></span> <span class='ocrx_word' id='word_1_315' title='bbox 1800 2418 1883 2464; x_wconf 90' lang='lat' dir='ltr'><strong>est</strong></span> 
     </span>
    </p>
   </div>
   <div class='ocr_carea' id='block_1_38' title="bbox 272 2504 1883 2580">
    <p class='ocr_par' dir='ltr' id='par_1_38' title="bbox 272 2504 1883 2580">
     <span class='ocr_line' id='line_1_38' title="bbox 272 2504 1883 2580; baseline -0.004 -15"><span class='ocrx_word' id='word_1_316' title='bbox 272 2510 376 2565; x_wconf 88' lang='lat' dir='ltr'><strong>ille</strong></span> <span class='ocrx_word' id='word_1_317' title='bbox 411 2512 501 2580; x_wconf 88' lang='lat' dir='ltr'><strong>qui</strong></span> <span class='ocrx_word' id='word_1_318' title='bbox 541 2519 702 2565; x_wconf 84' lang='lat' dir='ltr'><strong>natus</strong></span> <span class='ocrx_word' id='word_1_319' title='bbox 735 2520 853 2575; x_wconf 91' lang='lat' dir='ltr'><strong>est;</strong></span> <span class='ocrx_word' id='word_1_320' title='bbox 882 2520 935 2563; x_wconf 84' lang='lat' dir='ltr'><strong>et</strong></span> <span class='ocrx_word' id='word_1_321' title='bbox 980 2516 1204 2563; x_wconf 89' lang='lat' dir='ltr'><strong>testatur</strong></span> <span class='ocrx_word' id='word_1_322' title='bbox 1235 2524 1248 2560; x_wconf 89' lang='lat'>:</span> <span class='ocrx_word' id='word_1_323' title='bbox 1285 2506 1417 2572; x_wconf 81' lang='lat' dir='ltr'><strong>Quia</strong></span> <span class='ocrx_word' id='word_1_324' title='bbox 1450 2504 1608 2559; x_wconf 90' lang='lat' dir='ltr'><strong>Pater</strong></span> <span class='ocrx_word' id='word_1_325' title='bbox 1631 2505 1683 2559; x_wconf 91' lang='lat' dir='ltr'><strong>in</strong></span> <span class='ocrx_word' id='word_1_326' title='bbox 1715 2520 1808 2571; x_wconf 88' lang='lat' dir='ltr'><strong>me,</strong></span> <span class='ocrx_word' id='word_1_327' title='bbox 1836 2515 1883 2558; x_wconf 86' lang='lat' dir='ltr'><strong>et</strong></span> 
     </span>
    </p>
   </div>
   <div class='ocr_carea' id='block_1_39' title="bbox 275 2599 1881 2676">
    <p class='ocr_par' dir='ltr' id='par_1_39' title="bbox 275 2599 1881 2676">
     <span class='ocr_line' id='line_1_39' title="bbox 275 2599 1881 2676; baseline -0.003 -19"><span class='ocrx_word' id='word_1_328' title='bbox 275 2620 375 2676; x_wconf 81' lang='lat' dir='ltr'><strong>ego</strong></span> <span class='ocrx_word' id='word_1_329' title='bbox 402 2605 453 2655; x_wconf 70' lang='lat' dir='ltr'><strong>In</strong></span> <span class='ocrx_word' id='word_1_330' title='bbox 477 2602 637 2657; x_wconf 88' lang='lat' dir='ltr'><strong>Patre</strong></span> <span class='ocrx_word' id='word_1_331' title='bbox 667 2601 846 2673; x_wconf 85' lang='lat' dir='ltr'><strong>(Joan.</strong></span> <span class='ocrx_word' id='word_1_332' title='bbox 878 2618 933 2669; x_wconf 87' lang='lat' dir='ltr'><strong>x,</strong></span> <span class='ocrx_word' id='word_1_333' title='bbox 964 2600 1079 2672; x_wconf 79' lang='lat'><strong>58).</strong></span> <span class='ocrx_word' id='word_1_334' title='bbox 1115 2599 1230 2655; x_wconf 81' lang='lat' dir='ltr'><strong>Non</strong></span> <span class='ocrx_word' id='word_1_335' title='bbox 1253 2609 1334 2655; x_wconf 91' lang='lat' dir='ltr'><strong>est</strong></span> <span class='ocrx_word' id='word_1_336' title='bbox 1365 2599 1699 2667; x_wconf 85' lang='lat' dir='ltr'><strong>assumptio:</strong></span> <span class='ocrx_word' id='word_1_337' title='bbox 1727 2612 1881 2652; x_wconf 87' lang='lat' dir='ltr'><strong>verus</strong></span> 
     </span>
    </p>
   </div>
   <div class='ocr_carea' id='block_1_40' title="bbox 276 2690 1883 2761">
    <p class='ocr_par' dir='ltr' id='par_1_40' title="bbox 276 2690 1883 2761">
     <span class='ocr_line' id='line_1_40' title="bbox 276 2690 1883 2761; baseline -0.004 -12"><span class='ocrx_word' id='word_1_338' title='bbox 276 2696 429 2751; x_wconf 82' lang='lat' dir='ltr'><strong>enim</strong></span> <span class='ocrx_word' id='word_1_339' title='bbox 468 2696 612 2750; x_wconf 83' lang='lat' dir='ltr'><strong>filius</strong></span> <span class='ocrx_word' id='word_1_340' title='bbox 656 2695 747 2749; x_wconf 87' lang='lat' dir='ltr'><strong>Dei</strong></span> <span class='ocrx_word' id='word_1_341' title='bbox 774 2704 875 2761; x_wconf 90' lang='lat' dir='ltr'><strong>est,</strong></span> <span class='ocrx_word' id='word_1_342' title='bbox 907 2703 960 2747; x_wconf 90' lang='lat' dir='ltr'><strong>et</strong></span> <span class='ocrx_word' id='word_1_343' title='bbox 1003 2694 1238 2748; x_wconf 90' lang='lat' dir='ltr'><strong>clamat:</strong></span> <span class='ocrx_word' id='word_1_344' title='bbox 1271 2692 1366 2757; x_wconf 87' lang='lat' dir='ltr'><strong>Qui</strong></span> <span class='ocrx_word' id='word_1_345' title='bbox 1403 2707 1481 2744; x_wconf 89' lang='lat' dir='ltr'><strong>me</strong></span> <span class='ocrx_word' id='word_1_346' title='bbox 1508 2690 1651 2754; x_wconf 80' lang='lat' dir='ltr'><strong>vidit,</strong></span> <span class='ocrx_word' id='word_1_347' title='bbox 1684 2691 1805 2743; x_wconf 88' lang='lat' dir='ltr'><strong>vidit</strong></span> <span class='ocrx_word' id='word_1_348' title='bbox 1835 2699 1883 2744; x_wconf 87' lang='lat' dir='ltr'><strong>et</strong></span> 
     </span>
    </p>
   </div>
   <div class='ocr_carea' id='block_1_41' title="bbox 278 2782 1883 2861">
    <p class='ocr_par' dir='ltr' id='par_1_41' title="bbox 278 2782 1883 2861">
     <span class='ocr_line' id='line_1_41' title="bbox 278 2782 1883 2861; baseline -0.004 -18"><span class='ocrx_word' id='word_1_349' title='bbox 278 2789 502 2845; x_wconf 78' lang='lat' dir='ltr'><strong>Patrem</strong></span> <span class='ocrx_word' id='word_1_350' title='bbox 532 2788 712 2861; x_wconf 81' lang='lat' dir='ltr'><strong>(Joau.</strong></span> <span class='ocrx_word' id='word_1_351' title='bbox 746 2804 851 2851; x_wconf 71' lang='lat' dir='ltr'><strong>xw,</strong></span> <span class='ocrx_word' id='word_1_352' title='bbox 883 2786 959 2857; x_wconf 89' lang='lat'><strong>9).</strong></span> <span class='ocrx_word' id='word_1_353' title='bbox 995 2786 1101 2843; x_wconf 78' lang='lat' dir='ltr'><strong>Sed</strong></span> <span class='ocrx_word' id='word_1_354' title='bbox 1125 2801 1296 2857; x_wconf 90' lang='lat' dir='ltr'><strong>neque</strong></span> <span class='ocrx_word' id='word_1_355' title='bbox 1320 2799 1440 2840; x_wconf 84' lang='lat' dir='ltr'><strong>esse</strong></span> <span class='ocrx_word' id='word_1_356' title='bbox 1465 2794 1517 2837; x_wconf 91' lang='lat' dir='ltr'><strong>ut</strong></span> <span class='ocrx_word' id='word_1_357' title='bbox 1545 2791 1736 2838; x_wconf 68' lang='lat' dir='ltr'><strong>caetera</strong></span> <span class='ocrx_word' id='word_1_358' title='bbox 1766 2782 1883 2853; x_wconf 88' lang='lat' dir='ltr'><strong>jus-</strong></span> 
     </span>
    </p>
   </div>
   <div class='ocr_carea' id='block_1_42' title="bbox 277 2874 1885 2951">
    <p class='ocr_par' dir='ltr' id='par_1_42' title="bbox 277 2874 1885 2951">
     <span class='ocr_line' id='line_1_42' title="bbox 277 2874 1885 2951; baseline -0.006 -15"><span class='ocrx_word' id='word_1_359' title='bbox 277 2896 379 2938; x_wconf 90' lang='lat' dir='ltr'><strong>sus</strong></span> <span class='ocrx_word' id='word_1_360' title='bbox 403 2892 488 2938; x_wconf 90' lang='lat' dir='ltr'><strong>cst</strong></span> <span class='ocrx_word' id='word_1_361' title='bbox 509 2899 522 2935; x_wconf 92' lang='lat'><strong>:</strong></span> <span class='ocrx_word' id='word_1_362' title='bbox 545 2896 774 2950; x_wconf 82' lang='lat' dir='ltr'><strong>namque</strong></span> <span class='ocrx_word' id='word_1_363' title='bbox 791 2879 1107 2951; x_wconf 85' lang='lat' dir='ltr'><strong>Unigeuitus</strong></span> <span class='ocrx_word' id='word_1_364' title='bbox 1129 2894 1189 2933; x_wconf 77' lang='lat' dir='ltr'><strong>ex</strong></span> <span class='ocrx_word' id='word_1_365' title='bbox 1218 2893 1326 2931; x_wconf 89' lang='lat' dir='ltr'><strong>uno</strong></span> <span class='ocrx_word' id='word_1_366' title='bbox 1351 2886 1453 2941; x_wconf 88' lang='lat' dir='ltr'><strong>est,</strong></span> <span class='ocrx_word' id='word_1_367' title='bbox 1478 2887 1531 2930; x_wconf 91' lang='lat' dir='ltr'><strong>et</strong></span> <span class='ocrx_word' id='word_1_368' title='bbox 1558 2877 1608 2930; x_wconf 89' lang='lat' dir='ltr'><strong>in</strong></span> <span class='ocrx_word' id='word_1_369' title='bbox 1637 2890 1695 2930; x_wconf 90' lang='lat' dir='ltr'><strong>se</strong></span> <span class='ocrx_word' id='word_1_370' title='bbox 1727 2874 1885 2928; x_wconf 82' lang='lat' dir='ltr'><strong>habet</strong></span> 
     </span>
    </p>
   </div>
   <div class='ocr_carea' id='block_1_43' title="bbox 276 2966 1882 3040">
    <p class='ocr_par' dir='ltr' id='par_1_43' title="bbox 276 2966 1882 3040">
     <span class='ocr_line' id='line_1_43' title="bbox 276 2966 1882 3040; baseline -0.006 -11"><span class='ocrx_word' id='word_1_371' title='bbox 276 2976 475 3039; x_wconf 75' lang='lat' dir='ltr'><strong>vitam,</strong></span> <span class='ocrx_word' id='word_1_372' title='bbox 501 2985 558 3027; x_wconf 92' lang='lat' dir='ltr'><strong>ut</strong></span> <span class='ocrx_word' id='word_1_373' title='bbox 587 2973 746 3028; x_wconf 84' lang='lat' dir='ltr'><strong>habet</strong></span> <span class='ocrx_word' id='word_1_374' title='bbox 774 2973 823 3025; x_wconf 92' lang='lat' dir='ltr'><strong>in</strong></span> <span class='ocrx_word' id='word_1_375' title='bbox 854 2986 912 3027; x_wconf 88' lang='lat' dir='ltr'><strong>se</strong></span> <span class='ocrx_word' id='word_1_376' title='bbox 936 2972 1098 3026; x_wconf 86' lang='lat' dir='ltr'><strong>vitam</strong></span> <span class='ocrx_word' id='word_1_377' title='bbox 1128 2970 1217 3025; x_wconf 90' lang='lat' dir='ltr'><strong>ille</strong></span> <span class='ocrx_word' id='word_1_378' title='bbox 1244 2971 1331 3040; x_wconf 88' lang='lat' dir='ltr'><strong>qui</strong></span> <span class='ocrx_word' id='word_1_379' title='bbox 1366 2967 1574 3039; x_wconf 83' lang='lat' dir='ltr'><strong>genuit;</strong></span> <span class='ocrx_word' id='word_1_380' title='bbox 1600 2967 1667 3020; x_wconf 89' lang='lat' dir='ltr'><strong>ait</strong></span> <span class='ocrx_word' id='word_1_381' title='bbox 1700 2966 1839 3020; x_wconf 86' lang='lat' dir='ltr'><strong>enim</strong></span> <span class='ocrx_word' id='word_1_382' title='bbox 1869 2983 1882 3020; x_wconf 90' lang='lat'><strong>:</strong></span> 
     </span>
    </p>
   </div>
   <div class='ocr_carea' id='block_1_44' title="bbox 280 3057 1886 3131">
    <p class='ocr_par' dir='ltr' id='par_1_44' title="bbox 280 3057 1886 3131">
     <span class='ocr_line' id='line_1_44' title="bbox 280 3057 1886 3131; baseline -0.006 -8"><span class='ocrx_word' id='word_1_383' title='bbox 280 3067 432 3123; x_wconf 73' lang='lat' dir='ltr'><strong>Sicut</strong></span> <span class='ocrx_word' id='word_1_384' title='bbox 475 3065 623 3120; x_wconf 82' lang='lat' dir='ltr'><strong>habet</strong></span> <span class='ocrx_word' id='word_1_385' title='bbox 668 3065 824 3120; x_wconf 85' lang='lat' dir='ltr'><strong>Pater</strong></span> <span class='ocrx_word' id='word_1_386' title='bbox 852 3066 1005 3118; x_wconf 87' lang='lat' dir='ltr'><strong>vitam</strong></span> <span class='ocrx_word' id='word_1_387' title='bbox 1042 3064 1096 3117; x_wconf 86' lang='lat' dir='ltr'><strong>in</strong></span> <span class='ocrx_word' id='word_1_388' title='bbox 1137 3063 1437 3131; x_wconf 83' lang='lat' dir='ltr'><strong>semetipso,</strong></span> <span class='ocrx_word' id='word_1_389' title='bbox 1466 3062 1537 3113; x_wconf 82' lang='lat' dir='ltr'><strong>ita</strong></span> <span class='ocrx_word' id='word_1_390' title='bbox 1575 3059 1716 3113; x_wconf 83' lang='lat' dir='ltr'><strong>dedit</strong></span> <span class='ocrx_word' id='word_1_391' title='bbox 1749 3057 1886 3113; x_wconf 86' lang='lat' dir='ltr'><strong>Filio</strong></span> 
     </span>
    </p>
   </div>
   <div class='ocr_carea' id='block_1_45' title="bbox 277 3153 1886 3228">
    <p class='ocr_par' dir='ltr' id='par_1_45' title="bbox 277 3153 1886 3228">
     <span class='ocr_line' id='line_1_45' title="bbox 277 3153 1886 3228; baseline -0.002 -17"><span class='ocrx_word' id='word_1_392' title='bbox 277 3160 474 3213; x_wconf 80' lang='lat' dir='ltr'><strong>habere</strong></span> <span class='ocrx_word' id='word_1_393' title='bbox 515 3160 665 3212; x_wconf 87' lang='lat' dir='ltr'><strong>vitam</strong></span> <span class='ocrx_word' id='word_1_394' title='bbox 714 3158 765 3211; x_wconf 88' lang='lat' dir='ltr'><strong>in</strong></span> <span class='ocrx_word' id='word_1_395' title='bbox 811 3157 1078 3228; x_wconf 84' lang='lat' dir='ltr'><strong>semetipso</strong></span> <span class='ocrx_word' id='word_1_396' title='bbox 1122 3154 1297 3227; x_wconf 82' lang='lat' dir='ltr'><strong>(Joan.</strong></span> <span class='ocrx_word' id='word_1_397' title='bbox 1336 3169 1386 3221; x_wconf 84' lang='lat' dir='ltr'><strong>v,</strong></span> <span class='ocrx_word' id='word_1_398' title='bbox 1420 3153 1534 3223; x_wconf 76' lang='lat'><strong>‘26).</strong></span> <span class='ocrx_word' id='word_1_399' title='bbox 1565 3153 1672 3208; x_wconf 83' lang='lat' dir='ltr'><strong>Sed</strong></span> <span class='ocrx_word' id='word_1_400' title='bbox 1714 3166 1886 3221; x_wconf 90' lang='lat' dir='ltr'><strong>neque</strong></span> 
     </span>
    </p>
   </div>
   <div class='ocr_carea' id='block_1_46' title="bbox 1982 1947 3572 2018">
    <p class='ocr_par' dir='ltr' id='par_1_46' title="bbox 1982 1947 3572 2018">
     <span class='ocr_line' id='line_1_46' title="bbox 1982 1947 3572 2018; baseline 0.001 -17"><span class='ocrx_word' id='word_1_401' title='bbox 1982 1949 2153 2013; x_wconf 82' lang='lat' dir='ltr'><strong>visus,</strong></span> <span class='ocrx_word' id='word_1_402' title='bbox 2185 1947 2431 2012; x_wconf 84' lang='lat' dir='ltr'><strong>auditus;</strong></span> <span class='ocrx_word' id='word_1_403' title='bbox 2463 1962 2609 2003; x_wconf 84' lang='lat' dir='ltr'><strong>certe</strong></span> <span class='ocrx_word' id='word_1_404' title='bbox 2639 1964 2797 2002; x_wconf 85' lang='lat' dir='ltr'><strong>nemo</strong></span> <span class='ocrx_word' id='word_1_405' title='bbox 2825 1947 2966 2018; x_wconf 90' lang='lat' dir='ltr'><strong>quod</strong></span> <span class='ocrx_word' id='word_1_406' title='bbox 3000 1948 3123 2003; x_wconf 83' lang='lat' dir='ltr'><strong>facit</strong></span> <span class='ocrx_word' id='word_1_407' title='bbox 3155 1949 3361 2004; x_wconf 89' lang='lat' dir='ltr'><strong>nescit:</strong></span> <span class='ocrx_word' id='word_1_408' title='bbox 3388 1963 3572 2018; x_wconf 81' lang='lat' dir='ltr'><strong>quer</strong></span> 
     </span>
    </p>
   </div>
   <div class='ocr_carea' id='block_1_47' title="bbox 1982 2039 3568 2111">
    <p class='ocr_par' dir='ltr' id='par_1_47' title="bbox 1982 2039 3568 2111">
     <span class='ocr_line' id='line_1_47' title="bbox 1982 2039 3568 2111; baseline 0 -17"><span class='ocrx_word' id='word_1_409' title='bbox 1982 2040 2123 2094; x_wconf 89' lang='lat' dir='ltr'><strong>unde</strong></span> <span class='ocrx_word' id='word_1_410' title='bbox 2147 2041 2245 2094; x_wconf 75' lang='lat' dir='ltr'><strong>ista</strong></span> <span class='ocrx_word' id='word_1_411' title='bbox 2273 2039 2339 2094; x_wconf 86' lang='lat' dir='ltr'><strong>iis</strong></span> <span class='ocrx_word' id='word_1_412' title='bbox 2361 2055 2495 2110; x_wconf 89' lang='lat' dir='ltr'><strong>quos</strong></span> <span class='ocrx_word' id='word_1_413' title='bbox 2521 2055 2747 2110; x_wconf 86' lang='lat' dir='ltr'><strong>generes</strong></span> <span class='ocrx_word' id='word_1_414' title='bbox 2780 2040 3078 2109; x_wconf 81' lang='lat' dir='ltr'><strong>indulgeas,</strong></span> <span class='ocrx_word' id='word_1_415' title='bbox 3101 2040 3330 2111; x_wconf 86' lang='lat' dir='ltr'><strong>qualiter</strong></span> <span class='ocrx_word' id='word_1_416' title='bbox 3352 2055 3568 2095; x_wconf 87' lang='lat' dir='ltr'><strong>sensum</strong></span> 
     </span>
    </p>
   </div>
   <div class='ocr_carea' id='block_1_48' title="bbox 1984 2132 3570 2206">
    <p class='ocr_par' dir='ltr' id='par_1_48' title="bbox 1984 2132 3570 2206">
     <span class='ocr_line' id='line_1_48' title="bbox 1984 2132 3570 2206; baseline 0.001 -19"><span class='ocrx_word' id='word_1_417' title='bbox 1984 2132 2210 2199; x_wconf 88' lang='lat' dir='ltr'><strong>inseras,</strong></span> <span class='ocrx_word' id='word_1_418' title='bbox 2237 2132 2423 2187; x_wconf 83' lang='lat' dir='ltr'><strong>oculos</strong></span> <span class='ocrx_word' id='word_1_419' title='bbox 2458 2135 2753 2198; x_wconf 72' lang='lat' dir='ltr'><strong>accendas,</strong></span> <span class='ocrx_word' id='word_1_420' title='bbox 2785 2148 2879 2188; x_wconf 88' lang='lat' dir='ltr'><strong>cor</strong></span> <span class='ocrx_word' id='word_1_421' title='bbox 2909 2133 3115 2204; x_wconf 88' lang='lat' dir='ltr'><strong>alligas.</strong></span> <span class='ocrx_word' id='word_1_422' title='bbox 3150 2134 3297 2200; x_wconf 64' lang='lat' dir='ltr'><strong>llarc,</strong></span> <span class='ocrx_word' id='word_1_423' title='bbox 3323 2135 3367 2190; x_wconf 90' lang='lat' dir='ltr'><strong>si</strong></span> <span class='ocrx_word' id='word_1_424' title='bbox 3395 2145 3570 2206; x_wconf 89' lang='lat' dir='ltr'><strong>potes,</strong></span> 
     </span>
    </p>
   </div>
   <div class='ocr_carea' id='block_1_49' title="bbox 1983 2226 3574 2301">
    <p class='ocr_par' dir='ltr' id='par_1_49' title="bbox 1983 2226 3574 2301">
     <span class='ocr_line' id='line_1_49' title="bbox 1983 2226 3574 2301; baseline 0.001 -20"><span class='ocrx_word' id='word_1_425' title='bbox 1983 2244 2194 2282; x_wconf 75' lang='lat' dir='ltr'><strong>enarra.</strong></span> <span class='ocrx_word' id='word_1_426' title='bbox 2222 2228 2397 2283; x_wconf 79' lang='lat' dir='ltr'><strong>[labes</strong></span> <span class='ocrx_word' id='word_1_427' title='bbox 2419 2244 2548 2298; x_wconf 86' lang='lat' dir='ltr'><strong>ergo</strong></span> <span class='ocrx_word' id='word_1_428' title='bbox 2571 2226 2651 2301; x_wconf 87' lang='lat'><strong>(5)</strong></span> <span class='ocrx_word' id='word_1_429' title='bbox 2677 2244 2796 2299; x_wconf 72' lang='lat' dir='ltr'><strong>quae</strong></span> <span class='ocrx_word' id='word_1_430' title='bbox 2826 2229 3022 2293; x_wconf 87' lang='lat' dir='ltr'><strong>nescis,</strong></span> <span class='ocrx_word' id='word_1_431' title='bbox 3041 2240 3093 2284; x_wconf 89' lang='lat' dir='ltr'><strong>et</strong></span> <span class='ocrx_word' id='word_1_432' title='bbox 3122 2228 3437 2300; x_wconf 72' lang='lat' dir='ltr'><strong>tribuisquze</strong></span> <span class='ocrx_word' id='word_1_433' title='bbox 3467 2243 3574 2283; x_wconf 78' lang='lat' dir='ltr'><strong>non</strong></span> 
     </span>
    </p>
   </div>
   <div class='ocr_carea' id='block_1_50' title="bbox 1984 2320 3577 2392">
    <p class='ocr_par' dir='ltr' id='par_1_50' title="bbox 1984 2320 3577 2392">
     <span class='ocr_line' id='line_1_50' title="bbox 1984 2320 3577 2392; baseline 0.003 -18"><span class='ocrx_word' id='word_1_434' title='bbox 1984 2321 2238 2389; x_wconf 81' lang='lat' dir='ltr'><strong>intelligis</strong></span> <span class='ocrx_word' id='word_1_435' title='bbox 2270 2338 2281 2373; x_wconf 89' lang='lat'><strong>:</strong></span> <span class='ocrx_word' id='word_1_436' title='bbox 2308 2320 2682 2389; x_wconf 61' lang='lat' dir='ltr'><strong>atquanintiter</strong></span> <span class='ocrx_word' id='word_1_437' title='bbox 2725 2322 3005 2392; x_wconf 82' lang='lat' dir='ltr'><strong>imperitus</strong></span> <span class='ocrx_word' id='word_1_438' title='bbox 3039 2321 3091 2376; x_wconf 93' lang='lat' dir='ltr'><strong>in</strong></span> <span class='ocrx_word' id='word_1_439' title='bbox 3126 2322 3251 2387; x_wconf 92' lang='lat' dir='ltr'><strong>tuis,</strong></span> <span class='ocrx_word' id='word_1_440' title='bbox 3285 2322 3577 2378; x_wconf 86' lang='lat' dir='ltr'><strong>insolenter</strong></span> 
     </span>
    </p>
   </div>
   <div class='ocr_carea' id='block_1_51' title="bbox 1985 2414 2615 2485">
    <p class='ocr_par' dir='ltr' id='par_1_51' title="bbox 1985 2414 2615 2485">
     <span class='ocr_line' id='line_1_51' title="bbox 1985 2414 2615 2485; baseline -0.002 -17"><span class='ocrx_word' id='word_1_441' title='bbox 1985 2414 2035 2469; x_wconf 91' lang='lat' dir='ltr'><strong>in</strong></span> <span class='ocrx_word' id='word_1_442' title='bbox 2072 2415 2162 2468; x_wconf 85' lang='lat' dir='ltr'><strong>Dei</strong></span> <span class='ocrx_word' id='word_1_443' title='bbox 2193 2414 2353 2469; x_wconf 85' lang='lat' dir='ltr'><strong>rebus</strong></span> <span class='ocrx_word' id='word_1_444' title='bbox 2381 2414 2615 2485; x_wconf 85' lang='lat' dir='ltr'><strong>ignarus.</strong></span> 
     </span>
    </p>
   </div>
   <div class='ocr_carea' id='block_1_52' title="bbox 2057 2504 3571 2579">
    <p class='ocr_par' dir='ltr' id='par_1_52' title="bbox 2057 2504 3571 2579">
     <span class='ocr_line' id='line_1_52' title="bbox 2057 2504 3571 2579; baseline 0 -17"><span class='ocrx_word' id='word_1_445' title='bbox 2057 2507 2143 2562; x_wconf 80' lang='grc'><strong>10.</strong></span> <span class='ocrx_word' id='word_1_446' title='bbox 2181 2504 2454 2561; x_wconf 79' lang='lat' dir='ltr'><strong>Generatio</strong></span> <span class='ocrx_word' id='word_1_447' title='bbox 2485 2505 2577 2559; x_wconf 85' lang='lat' dir='ltr'><strong>Dei</strong></span> <span class='ocrx_word' id='word_1_448' title='bbox 2609 2506 2698 2576; x_wconf 91' lang='lat' dir='ltr'><strong>qui</strong></span> <span class='ocrx_word' id='word_1_449' title='bbox 2725 2507 2807 2579; x_wconf 75' lang='lat' dir='ltr'><strong>pie</strong></span> <span class='ocrx_word' id='word_1_450' title='bbox 2834 2517 2879 2560; x_wconf 88' lang='lat' dir='ltr'><strong>et</strong></span> <span class='ocrx_word' id='word_1_451' title='bbox 2904 2523 3005 2578; x_wconf 88' lang='lat' dir='ltr'><strong>quo</strong></span> <span class='ocrx_word' id='word_1_452' title='bbox 3029 2509 3197 2578; x_wconf 75' lang='lat' dir='ltr'><strong>[metu</strong></span> <span class='ocrx_word' id='word_1_453' title='bbox 3224 2507 3571 2578; x_wconf 70' lang='lat' dir='ltr'><strong>investigatur.</strong></span> 
     </span>
    </p>
   </div>
   <div class='ocr_carea' id='block_1_53' title="bbox 1984 2586 3576 2670">
    <p class='ocr_par' dir='ltr' id='par_1_53' title="bbox 1984 2586 3576 2670">
     <span class='ocr_line' id='line_1_53' title="bbox 1984 2586 3576 2670; baseline 0.002 -18"><span class='ocrx_word' id='word_1_454' title='bbox 1984 2628 2054 2639; x_wconf 87' lang='lat'><strong>-—-</strong></span> <span class='ocrx_word' id='word_1_455' title='bbox 2086 2586 2219 2652; x_wconf 76' lang='lat' dir='ltr'><strong>Audi</strong></span> <span class='ocrx_word' id='word_1_456' title='bbox 2252 2599 2413 2670; x_wconf 86' lang='lat' dir='ltr'><strong>igitur</strong></span> <span class='ocrx_word' id='word_1_457' title='bbox 2454 2599 2667 2653; x_wconf 84' lang='lat' dir='ltr'><strong>Patrem</strong></span> <span class='ocrx_word' id='word_1_458' title='bbox 2702 2600 3016 2669; x_wconf 76' lang='lat' dir='ltr'><strong>ingenitum,</strong></span> <span class='ocrx_word' id='word_1_459' title='bbox 3072 2599 3195 2654; x_wconf 89' lang='lat' dir='ltr'><strong>audi</strong></span> <span class='ocrx_word' id='word_1_460' title='bbox 3244 2600 3576 2668; x_wconf 88' lang='lat' dir='ltr'><strong>unigenitum</strong></span> 
     </span>
    </p>
   </div>
   <div class='ocr_carea' id='block_1_54' title="bbox 1986 2689 3579 2764">
    <p class='ocr_par' dir='ltr' id='par_1_54' title="bbox 1986 2689 3579 2764">
     <span class='ocr_line' id='line_1_54' title="bbox 1986 2689 3579 2764; baseline 0 -18"><span class='ocrx_word' id='word_1_461' title='bbox 1986 2691 2219 2757; x_wconf 89' lang='lat' dir='ltr'><strong>Filium;</strong></span> <span class='ocrx_word' id='word_1_462' title='bbox 2270 2692 2392 2745; x_wconf 90' lang='lat' dir='ltr'><strong>audi</strong></span> <span class='ocrx_word' id='word_1_463' title='bbox 2424 2710 2435 2744; x_wconf 91' lang='lat'><strong>:</strong></span> <span class='ocrx_word' id='word_1_464' title='bbox 2472 2691 2630 2745; x_wconf 85' lang='lat' dir='ltr'><strong>Pater</strong></span> <span class='ocrx_word' id='word_1_465' title='bbox 2660 2692 2824 2763; x_wconf 88' lang='lat' dir='ltr'><strong>major</strong></span> <span class='ocrx_word' id='word_1_466' title='bbox 2853 2708 2931 2744; x_wconf 89' lang='lat' dir='ltr'><strong>me</strong></span> <span class='ocrx_word' id='word_1_467' title='bbox 2954 2701 3028 2745; x_wconf 87' lang='lat' dir='ltr'><strong>est</strong></span> <span class='ocrx_word' id='word_1_468' title='bbox 3056 2689 3245 2764; x_wconf 85' lang='lat' dir='ltr'><strong>(Joan.</strong></span> <span class='ocrx_word' id='word_1_469' title='bbox 3279 2706 3389 2757; x_wconf 80' lang='lat' dir='ltr'><strong>xw,</strong></span> <span class='ocrx_word' id='word_1_470' title='bbox 3417 2691 3488 2746; x_wconf 71' lang='grc'><strong>28</strong></span> <span class='ocrx_word' id='word_1_471' title='bbox 3513 2690 3532 2764; x_wconf 94' lang='grc'><strong>)</strong></span> <span class='ocrx_word' id='word_1_472' title='bbox 3564 2709 3579 2758; x_wconf 87' lang='lat'><strong>;</strong></span> 
     </span>
    </p>
   </div>
   <div class='ocr_carea' id='block_1_55' title="bbox 1985 2783 3578 2858">
    <p class='ocr_par' dir='ltr' id='par_1_55' title="bbox 1985 2783 3578 2858">
     <span class='ocr_line' id='line_1_55' title="bbox 1985 2783 3578 2858; baseline -0.002 -17"><span class='ocrx_word' id='word_1_473' title='bbox 1985 2787 2109 2842; x_wconf 89' lang='lat' dir='ltr'><strong>audi</strong></span> <span class='ocrx_word' id='word_1_474' title='bbox 2137 2805 2149 2841; x_wconf 93' lang='lat'>:</span> <span class='ocrx_word' id='word_1_475' title='bbox 2178 2785 2291 2858; x_wconf 90' lang='lat' dir='ltr'><strong>Ego</strong></span> <span class='ocrx_word' id='word_1_476' title='bbox 2312 2796 2358 2840; x_wconf 91' lang='lat' dir='ltr'><strong>et</strong></span> <span class='ocrx_word' id='word_1_477' title='bbox 2383 2786 2541 2841; x_wconf 83' lang='lat' dir='ltr'><strong>Pater</strong></span> <span class='ocrx_word' id='word_1_478' title='bbox 2565 2802 2724 2839; x_wconf 89' lang='lat' dir='ltr'><strong>unum</strong></span> <span class='ocrx_word' id='word_1_479' title='bbox 2752 2801 2925 2838; x_wconf 86' lang='lat' dir='ltr'><strong>sumus</strong></span> <span class='ocrx_word' id='word_1_480' title='bbox 2953 2783 3131 2856; x_wconf 86' lang='lat' dir='ltr'><strong>(Joan.</strong></span> <span class='ocrx_word' id='word_1_481' title='bbox 3154 2801 3209 2850; x_wconf 67' lang='grc' dir='ltr'><strong>χ,</strong></span> <span class='ocrx_word' id='word_1_482' title='bbox 3237 2784 3342 2857; x_wconf 74' lang='grc'><strong>50)</strong></span> <span class='ocrx_word' id='word_1_483' title='bbox 3370 2801 3384 2850; x_wconf 89' lang='grc'>;</span> <span class='ocrx_word' id='word_1_484' title='bbox 3417 2785 3536 2839; x_wconf 88' lang='lat' dir='ltr'><strong>audi</strong></span> <span class='ocrx_word' id='word_1_485' title='bbox 3564 2802 3578 2838; x_wconf 90' lang='lat'><strong>:</strong></span> 
     </span>
    </p>
   </div>
   <div class='ocr_carea' id='block_1_56' title="bbox 1990 2877 3578 2949">
    <p class='ocr_par' dir='ltr' id='par_1_56' title="bbox 1990 2877 3578 2949">
     <span class='ocr_line' id='line_1_56' title="bbox 1990 2877 3578 2949; baseline -0.001 -17"><span class='ocrx_word' id='word_1_486' title='bbox 1990 2880 2092 2947; x_wconf 90' lang='lat' dir='ltr'><strong>Qui</strong></span> <span class='ocrx_word' id='word_1_487' title='bbox 2118 2896 2195 2933; x_wconf 89' lang='lat' dir='ltr'><strong>me</strong></span> <span class='ocrx_word' id='word_1_488' title='bbox 2218 2879 2365 2945; x_wconf 90' lang='lat' dir='ltr'><strong>vidit,</strong></span> <span class='ocrx_word' id='word_1_489' title='bbox 2390 2878 2516 2933; x_wconf 83' lang='lat' dir='ltr'><strong>vidit</strong></span> <span class='ocrx_word' id='word_1_490' title='bbox 2544 2888 2591 2931; x_wconf 89' lang='lat' dir='ltr'><strong>et</strong></span> <span class='ocrx_word' id='word_1_491' title='bbox 2620 2877 2827 2930; x_wconf 80' lang='lat' dir='ltr'><strong>Patrem</strong></span> <span class='ocrx_word' id='word_1_492' title='bbox 2872 2877 2889 2949; x_wconf 94' lang='lat'><strong>(</strong></span> <span class='ocrx_word' id='word_1_493' title='bbox 2913 2877 3068 2931; x_wconf 87' lang='lat' dir='ltr'><strong>Joan.</strong></span> <span class='ocrx_word' id='word_1_494' title='bbox 3099 2893 3214 2943; x_wconf 80' lang='lat' dir='ltr'><strong>xw,</strong></span> <span class='ocrx_word' id='word_1_495' title='bbox 3268 2878 3300 2933; x_wconf 87' lang='lat'><strong>9</strong></span> <span class='ocrx_word' id='word_1_496' title='bbox 3325 2879 3341 2946; x_wconf 93' lang='lat'><strong>)</strong></span> <span class='ocrx_word' id='word_1_497' title='bbox 3369 2893 3383 2942; x_wconf 89' lang='lat'><strong>;</strong></span> <span class='ocrx_word' id='word_1_498' title='bbox 3416 2877 3539 2932; x_wconf 89' lang='lat' dir='ltr'><strong>audi</strong></span> <span class='ocrx_word' id='word_1_499' title='bbox 3566 2894 3578 2931; x_wconf 88' lang='lat'><strong>:</strong></span> 
     </span>
    </p>
   </div>
   <div class='ocr_carea' id='block_1_57' title="bbox 1988 2969 3580 3043">
    <p class='ocr_par' dir='ltr' id='par_1_57' title="bbox 1988 2969 3580 3043">
     <span class='ocr_line' id='line_1_57' title="bbox 1988 2969 3580 3043; baseline -0.001 -16"><span class='ocrx_word' id='word_1_500' title='bbox 1988 2973 2149 3029; x_wconf 86' lang='lat' dir='ltr'><strong>Pater</strong></span> <span class='ocrx_word' id='word_1_501' title='bbox 2185 2976 2240 3027; x_wconf 84' lang='lat' dir='ltr'><strong>in</strong></span> <span class='ocrx_word' id='word_1_502' title='bbox 2264 2989 2343 3027; x_wconf 90' lang='lat' dir='ltr'><strong>me</strong></span> <span class='ocrx_word' id='word_1_503' title='bbox 2384 2984 2478 3035; x_wconf 87' lang='lat' dir='ltr'><strong>est,</strong></span> <span class='ocrx_word' id='word_1_504' title='bbox 2529 2981 2576 3025; x_wconf 92' lang='lat' dir='ltr'><strong>et</strong></span> <span class='ocrx_word' id='word_1_505' title='bbox 2604 2988 2696 3043; x_wconf 88' lang='lat' dir='ltr'><strong>ego</strong></span> <span class='ocrx_word' id='word_1_506' title='bbox 2756 2972 2808 3024; x_wconf 87' lang='lat' dir='ltr'><strong>in</strong></span> <span class='ocrx_word' id='word_1_507' title='bbox 2860 2970 3013 3024; x_wconf 80' lang='lat' dir='ltr'><strong>l’atre</strong></span> <span class='ocrx_word' id='word_1_508' title='bbox 3045 2970 3245 3042; x_wconf 85' lang='lat' dir='ltr'><strong>(Joan.</strong></span> <span class='ocrx_word' id='word_1_509' title='bbox 3310 2986 3363 3038; x_wconf 71' lang='grc' dir='ltr'><strong>ς,</strong></span> <span class='ocrx_word' id='word_1_510' title='bbox 3430 2971 3496 3025; x_wconf 73' lang='lat'><strong>58</strong></span> <span class='ocrx_word' id='word_1_511' title='bbox 3525 2969 3580 3043; x_wconf 88' lang='lat'><strong>);</strong></span> 
     </span>
    </p>
   </div>
   <div class='ocr_carea' id='block_1_58' title="bbox 1987 3064 3581 3139">
    <p class='ocr_par' dir='ltr' id='par_1_58' title="bbox 1987 3064 3581 3139">
     <span class='ocr_line' id='line_1_58' title="bbox 1987 3064 3581 3139; baseline -0.004 -15"><span class='ocrx_word' id='word_1_512' title='bbox 1987 3070 2109 3124; x_wconf 90' lang='lat' dir='ltr'><strong>andi</strong></span> <span class='ocrx_word' id='word_1_513' title='bbox 2144 3085 2157 3122; x_wconf 89' lang='lat'><strong>:</strong></span> <span class='ocrx_word' id='word_1_514' title='bbox 2189 3066 2302 3139; x_wconf 88' lang='lat' dir='ltr'><strong>Ego</strong></span> <span class='ocrx_word' id='word_1_515' title='bbox 2330 3067 2394 3121; x_wconf 88' lang='lat' dir='ltr'><strong>de</strong></span> <span class='ocrx_word' id='word_1_516' title='bbox 2443 3065 2599 3121; x_wconf 86' lang='lat' dir='ltr'><strong>Patre</strong></span> <span class='ocrx_word' id='word_1_517' title='bbox 2643 3067 2774 3121; x_wconf 75' lang='lat' dir='ltr'><strong>exivi</strong></span> <span class='ocrx_word' id='word_1_518' title='bbox 2804 3065 3002 3139; x_wconf 85' lang='lat' dir='ltr'><strong>(Joan.</strong></span> <span class='ocrx_word' id='word_1_519' title='bbox 3049 3081 3159 3130; x_wconf 80' lang='lat' dir='ltr'><strong>xw,</strong></span> <span class='ocrx_word' id='word_1_520' title='bbox 3201 3064 3317 3134; x_wconf 68' lang='lat'><strong>98)</strong></span> <span class='ocrx_word' id='word_1_521' title='bbox 3350 3081 3364 3130; x_wconf 91' lang='lat'><strong>;</strong></span> <span class='ocrx_word' id='word_1_522' title='bbox 3401 3065 3480 3137; x_wconf 81' lang='lat' dir='ltr'><strong>(g)</strong></span> <span class='ocrx_word' id='word_1_523' title='bbox 3507 3072 3581 3129; x_wconf 86' lang='lat' dir='ltr'><strong>ct,</strong></span> 
     </span>
    </p>
   </div>
   <div class='ocr_carea' id='block_1_59' title="bbox 1995 3154 3587 3229">
    <p class='ocr_par' dir='ltr' id='par_1_59' title="bbox 1995 3154 3587 3229">
     <span class='ocr_line' id='line_1_59' title="bbox 1995 3154 3587 3229; baseline -0.005 -12"><span class='ocrx_word' id='word_1_524' title='bbox 1995 3162 2094 3229; x_wconf 87' lang='lat' dir='ltr'><strong>Qui</strong></span> <span class='ocrx_word' id='word_1_525' title='bbox 2123 3170 2197 3216; x_wconf 90' lang='lat' dir='ltr'><strong>est</strong></span> <span class='ocrx_word' id='word_1_526' title='bbox 2224 3163 2277 3215; x_wconf 89' lang='lat' dir='ltr'><strong>in</strong></span> <span class='ocrx_word' id='word_1_527' title='bbox 2302 3161 2417 3213; x_wconf 83' lang='lat' dir='ltr'><strong>sinu</strong></span> <span class='ocrx_word' id='word_1_528' title='bbox 2448 3159 2624 3214; x_wconf 81' lang='lat' dir='ltr'><strong>Patris</strong></span> <span class='ocrx_word' id='word_1_529' title='bbox 2648 3176 2668 3227; x_wconf 89' lang='lat'><em>;</em></span> <span class='ocrx_word' id='word_1_530' title='bbox 2691 3169 2764 3223; x_wconf 91' lang='lat' dir='ltr'><strong>et,</strong></span> <span class='ocrx_word' id='word_1_531' title='bbox 2796 3158 2980 3213; x_wconf 82' lang='lat' dir='ltr'><strong>Omnia</strong></span> <span class='ocrx_word' id='word_1_532' title='bbox 3010 3172 3123 3226; x_wconf 77' lang='lat' dir='ltr'><strong>qua!</strong></span> <span class='ocrx_word' id='word_1_533' title='bbox 3167 3157 3314 3211; x_wconf 80' lang='lat' dir='ltr'><strong>habet</strong></span> <span class='ocrx_word' id='word_1_534' title='bbox 3355 3154 3433 3227; x_wconf 56' lang='lat' dir='ltr'><strong>qh)</strong></span> <span class='ocrx_word' id='word_1_535' title='bbox 3481 3155 3587 3209; x_wconf 86' lang='lat' dir='ltr'><strong>Pa-</strong></span> 
     </span>
    </p>
   </div>
   <div class='ocr_carea' id='block_1_60' title="bbox 280 3244 1881 3327">
    <p class='ocr_par' dir='ltr' id='par_1_60' title="bbox 280 3244 1881 3322">
     <span class='ocr_line' id='line_1_60' title="bbox 280 3244 1881 3322; baseline -0.002 -21"><span class='ocrx_word' id='word_1_536' title='bbox 280 3269 409 3322; x_wconf 63' lang='lat' dir='ltr'><strong>pars</strong></span> <span class='ocrx_word' id='word_1_537' title='bbox 440 3252 613 3305; x_wconf 83' lang='lat' dir='ltr'><strong>Patris</strong></span> <span class='ocrx_word' id='word_1_538' title='bbox 643 3249 720 3321; x_wconf 90' lang='lat' dir='ltr'><strong>(b)</strong></span> <span class='ocrx_word' id='word_1_539' title='bbox 771 3251 822 3304; x_wconf 92' lang='lat' dir='ltr'><strong>in</strong></span> <span class='ocrx_word' id='word_1_540' title='bbox 874 3249 1012 3304; x_wconf 87' lang='lat' dir='ltr'><strong>Filio</strong></span> <span class='ocrx_word' id='word_1_541' title='bbox 1053 3257 1135 3304; x_wconf 83' lang='lat' dir='ltr'><strong>est</strong></span> <span class='ocrx_word' id='word_1_542' title='bbox 1163 3266 1176 3314; x_wconf 91' lang='lat'><strong>;</strong></span> <span class='ocrx_word' id='word_1_543' title='bbox 1209 3256 1435 3302; x_wconf 87' lang='lat' dir='ltr'><strong>testatur</strong></span> <span class='ocrx_word' id='word_1_544' title='bbox 1483 3247 1624 3300; x_wconf 89' lang='lat' dir='ltr'><strong>enim</strong></span> <span class='ocrx_word' id='word_1_545' title='bbox 1678 3244 1881 3299; x_wconf 88' lang='lat' dir='ltr'><strong>Filius:</strong></span> 
     </span>
    </p>
   </div>
   <div class='ocr_carea' id='block_1_61' title="bbox 1988 3244 3585 3327">
    <p class='ocr_par' dir='ltr' id='par_1_61' title="bbox 1993 3250 3585 3327">
     <span class='ocr_line' id='line_1_61' title="bbox 1993 3250 3585 3327; baseline -0.006 -14"><span class='ocrx_word' id='word_1_546' title='bbox 1993 3270 2087 3322; x_wconf 87' lang='lat' dir='ltr'><strong>ter,</strong></span> <span class='ocrx_word' id='word_1_547' title='bbox 2120 3256 2202 3327; x_wconf 82' lang='grc'>(6)</span> <span class='ocrx_word' id='word_1_548' title='bbox 2235 3255 2447 3310; x_wconf 83' lang='lat' dir='ltr'><strong>tradidit</strong></span> <span class='ocrx_word' id='word_1_549' title='bbox 2504 3252 2689 3320; x_wconf 83' lang='lat' dir='ltr'><strong>Filio;</strong></span> <span class='ocrx_word' id='word_1_550' title='bbox 2743 3264 2815 3316; x_wconf 90' lang='lat' dir='ltr'><strong>et,</strong></span> <span class='ocrx_word' id='word_1_551' title='bbox 2863 3252 3025 3306; x_wconf 80' lang='lat' dir='ltr'><strong>Vitam</strong></span> <span class='ocrx_word' id='word_1_552' title='bbox 3078 3250 3245 3305; x_wconf 75' lang='lat' dir='ltr'><strong>Filius</strong></span> <span class='ocrx_word' id='word_1_553' title='bbox 3300 3252 3353 3305; x_wconf 89' lang='lat' dir='ltr'><strong>in</strong></span> <span class='ocrx_word' id='word_1_554' title='bbox 3400 3260 3585 3305; x_wconf 82' lang='lat' dir='ltr'><strong>semet-</strong></span> 
     </span>
    </p>
   </div>
   <div class='ocr_carea' id='block_1_62' title="bbox 283 3340 1888 3412">
    <p class='ocr_par' dir='ltr' id='par_1_62' title="bbox 283 3340 1888 3412">
     <span class='ocr_line' id='line_1_62' title="bbox 283 3340 1888 3412; baseline -0.004 -14"><span class='ocrx_word' id='word_1_555' title='bbox 283 3345 479 3398; x_wconf 83' lang='lat' dir='ltr'><strong>Omnia</strong></span> <span class='ocrx_word' id='word_1_556' title='bbox 518 3359 635 3412; x_wconf 68' lang='lat' dir='ltr'><strong>qua!</strong></span> <span class='ocrx_word' id='word_1_557' title='bbox 664 3341 841 3396; x_wconf 83' lang='lat' dir='ltr'><strong>Patris</strong></span> <span class='ocrx_word' id='word_1_558' title='bbox 866 3353 1004 3407; x_wconf 90' lang='lat' dir='ltr'><strong>sunt,</strong></span> <span class='ocrx_word' id='word_1_559' title='bbox 1039 3358 1149 3395; x_wconf 83' lang='lat' dir='ltr'><strong>utea</strong></span> <span class='ocrx_word' id='word_1_560' title='bbox 1177 3350 1293 3395; x_wconf 83' lang='lat' dir='ltr'><strong>sunt</strong></span> <span class='ocrx_word' id='word_1_561' title='bbox 1324 3340 1504 3412; x_wconf 81' lang='lat' dir='ltr'><strong>(Joan.</strong></span> <span class='ocrx_word' id='word_1_562' title='bbox 1538 3356 1646 3405; x_wconf 73' lang='lat' dir='ltr'><strong>XVI,</strong></span> <span class='ocrx_word' id='word_1_563' title='bbox 1678 3342 1800 3409; x_wconf 79' lang='lat' dir='ltr'><strong>i5):</strong></span> <span class='ocrx_word' id='word_1_564' title='bbox 1834 3348 1888 3393; x_wconf 91' lang='lat' dir='ltr'><strong>et</strong></span> 
     </span>
    </p>
   </div>
   <div class='ocr_carea' id='block_1_63' title="bbox 279 3430 1883 3507">
    <p class='ocr_par' dir='ltr' id='par_1_63' title="bbox 279 3430 1883 3507">
     <span class='ocr_line' id='line_1_63' title="bbox 279 3430 1883 3507; baseline -0.006 -13"><span class='ocrx_word' id='word_1_565' title='bbox 279 3455 503 3494; x_wconf 63' lang='lat' dir='ltr'><strong>Tlll‘rlllll</strong></span> <span class='ocrx_word' id='word_1_566' title='bbox 530 3456 543 3490; x_wconf 91' lang='lat'>:</span> <span class='ocrx_word' id='word_1_567' title='bbox 572 3436 639 3491; x_wconf 77' lang='lat' dir='ltr'><strong>Et</strong></span> <span class='ocrx_word' id='word_1_568' title='bbox 687 3454 798 3492; x_wconf 85' lang='lat' dir='ltr'><strong>mea</strong></span> <span class='ocrx_word' id='word_1_569' title='bbox 842 3437 1013 3491; x_wconf 81' lang='lat' dir='ltr'><strong>omnia</strong></span> <span class='ocrx_word' id='word_1_570' title='bbox 1068 3445 1155 3489; x_wconf 87' lang='lat' dir='ltr'><strong>tua</strong></span> <span class='ocrx_word' id='word_1_571' title='bbox 1190 3445 1329 3501; x_wconf 86' lang='lat' dir='ltr'><strong>sunt,</strong></span> <span class='ocrx_word' id='word_1_572' title='bbox 1364 3446 1408 3489; x_wconf 89' lang='lat' dir='ltr'><strong>et</strong></span> <span class='ocrx_word' id='word_1_573' title='bbox 1446 3444 1535 3489; x_wconf 89' lang='lat' dir='ltr'><strong>tua</strong></span> <span class='ocrx_word' id='word_1_574' title='bbox 1567 3450 1676 3487; x_wconf 88' lang='lat' dir='ltr'><strong>mea</strong></span> <span class='ocrx_word' id='word_1_575' title='bbox 1704 3430 1883 3507; x_wconf 80' lang='lat' dir='ltr'><strong>(Joan.</strong></span> 
     </span>
    </p>
   </div>
   <div class='ocr_carea' id='block_1_64' title="bbox 283 3526 1889 3603">
    <p class='ocr_par' dir='ltr' id='par_1_64' title="bbox 283 3526 1889 3603">
     <span class='ocr_line' id='line_1_64' title="bbox 283 3526 1889 3603; baseline -0.005 -16"><span class='ocrx_word' id='word_1_576' title='bbox 283 3548 397 3587; x_wconf 76' lang='lat' dir='ltr'><strong>xm</strong></span> <span class='ocrx_word' id='word_1_577' title='bbox 419 3574 433 3589; x_wconf 91' lang='lat'><strong>.</strong></span> <span class='ocrx_word' id='word_1_578' title='bbox 478 3531 601 3601; x_wconf 73' lang='lat'><strong>10);</strong></span> <span class='ocrx_word' id='word_1_579' title='bbox 632 3541 688 3585; x_wconf 92' lang='lat' dir='ltr'><strong>et</strong></span> <span class='ocrx_word' id='word_1_580' title='bbox 718 3547 730 3584; x_wconf 89' lang='lat'>:</span> <span class='ocrx_word' id='word_1_581' title='bbox 764 3529 846 3603; x_wconf 72' lang='lat'><strong>(‘2)</strong></span> <span class='ocrx_word' id='word_1_582' title='bbox 881 3529 950 3602; x_wconf 80' lang='grc' dir='ltr'>(ε)</span> <span class='ocrx_word' id='word_1_583' title='bbox 988 3529 1330 3597; x_wconf 79' lang='lat' dir='ltr'><strong>Qua&#39;cttmqtte</strong></span> <span class='ocrx_word' id='word_1_584' title='bbox 1365 3527 1509 3582; x_wconf 79' lang='lat' dir='ltr'><strong>habet</strong></span> <span class='ocrx_word' id='word_1_585' title='bbox 1541 3526 1718 3588; x_wconf 87' lang='lat' dir='ltr'><strong>Pater,</strong></span> <span class='ocrx_word' id='word_1_586' title='bbox 1749 3526 1889 3580; x_wconf 87' lang='lat' dir='ltr'><strong>dedit</strong></span> 
     </span>
    </p>
   </div>
   <div class='ocr_carea' id='block_1_65' title="bbox 285 3618 1889 3691">
    <p class='ocr_par' dir='ltr' id='par_1_65' title="bbox 285 3618 1889 3691">
     <span class='ocr_line' id='line_1_65' title="bbox 285 3618 1889 3691; baseline -0.005 -13"><span class='ocrx_word' id='word_1_587' title='bbox 285 3623 473 3691; x_wconf 84' lang='lat' dir='ltr'><strong>Filio;</strong></span> <span class='ocrx_word' id='word_1_588' title='bbox 507 3636 731 3678; x_wconf 84' lang='lat' dir='ltr'><strong>testatur</strong></span> <span class='ocrx_word' id='word_1_589' title='bbox 775 3633 831 3679; x_wconf 88' lang='lat' dir='ltr'><strong>et</strong></span> <span class='ocrx_word' id='word_1_590' title='bbox 858 3622 1151 3691; x_wconf 78' lang='lat' dir='ltr'><strong>Apostolus</strong></span> <span class='ocrx_word' id='word_1_591' title='bbox 1179 3639 1191 3674; x_wconf 89' lang='lat'><strong>:</strong></span> <span class='ocrx_word' id='word_1_592' title='bbox 1224 3620 1359 3688; x_wconf 87' lang='lat' dir='ltr'><strong>Quia</strong></span> <span class='ocrx_word' id='word_1_593' title='bbox 1390 3623 1443 3674; x_wconf 89' lang='lat' dir='ltr'><strong>in</strong></span> <span class='ocrx_word' id='word_1_594' title='bbox 1484 3621 1596 3689; x_wconf 82' lang='lat' dir='ltr'><strong>ipso</strong></span> <span class='ocrx_word' id='word_1_595' title='bbox 1637 3618 1889 3673; x_wconf 85' lang='lat' dir='ltr'><strong>inhabitat</strong></span> 
     </span>
    </p>
   </div>
   <div class='ocr_carea' id='block_1_66' title="bbox 282 3710 1886 3788">
    <p class='ocr_par' dir='ltr' id='par_1_66' title="bbox 282 3710 1886 3788">
     <span class='ocr_line' id='line_1_66' title="bbox 282 3710 1886 3788; baseline -0.003 -16"><span class='ocrx_word' id='word_1_596' title='bbox 282 3723 453 3772; x_wconf 79' lang='lat' dir='ltr'><strong>omnis</strong></span> <span class='ocrx_word' id='word_1_597' title='bbox 494 3717 756 3788; x_wconf 78' lang='lat' dir='ltr'><strong>plenitudo</strong></span> <span class='ocrx_word' id='word_1_598' title='bbox 801 3717 1079 3770; x_wconf 82' lang='lat' dir='ltr'><strong>divinitatis</strong></span> <span class='ocrx_word' id='word_1_599' title='bbox 1111 3714 1444 3785; x_wconf 85' lang='lat' dir='ltr'><strong>corporaliter</strong></span> <span class='ocrx_word' id='word_1_600' title='bbox 1468 3711 1687 3784; x_wconf 84' lang='lat' dir='ltr'><strong>(Coloss.</strong></span> <span class='ocrx_word' id='word_1_601' title='bbox 1721 3728 1781 3773; x_wconf 86' lang='grc' dir='ltr'><strong>ιι,</strong></span> <span class='ocrx_word' id='word_1_602' title='bbox 1806 3710 1886 3782; x_wconf 88' lang='grc'><strong>9).</strong></span> 
     </span>
    </p>
   </div>
   <div class='ocr_carea' id='block_1_67' title="bbox 282 3809 1888 3883">
    <p class='ocr_par' dir='ltr' id='par_1_67' title="bbox 282 3809 1888 3883">
     <span class='ocr_line' id='line_1_67' title="bbox 282 3809 1888 3883; baseline -0.004 -15"><span class='ocrx_word' id='word_1_603' title='bbox 282 3814 473 3883; x_wconf 82' lang='lat' dir='ltr'><strong>Neque</strong></span> <span class='ocrx_word' id='word_1_604' title='bbox 521 3822 709 3867; x_wconf 85' lang='lat' dir='ltr'><strong>natura</strong></span> <span class='ocrx_word' id='word_1_605' title='bbox 740 3811 897 3867; x_wconf 84' lang='lat' dir='ltr'><strong>habet</strong></span> <span class='ocrx_word' id='word_1_606' title='bbox 925 3811 1101 3864; x_wconf 83' lang='lat' dir='ltr'><strong>omnia</strong></span> <span class='ocrx_word' id='word_1_607' title='bbox 1143 3826 1285 3875; x_wconf 89' lang='lat' dir='ltr'><strong>esse,</strong></span> <span class='ocrx_word' id='word_1_608' title='bbox 1316 3809 1393 3881; x_wconf 89' lang='lat' dir='ltr'><strong>(d)</strong></span> <span class='ocrx_word' id='word_1_609' title='bbox 1416 3809 1556 3879; x_wconf 87' lang='lat' dir='ltr'><strong>quod</strong></span> <span class='ocrx_word' id='word_1_610' title='bbox 1584 3810 1755 3877; x_wconf 88' lang='lat' dir='ltr'><strong>portio</strong></span> <span class='ocrx_word' id='word_1_611' title='bbox 1785 3815 1888 3863; x_wconf 90' lang='lat' dir='ltr'><strong>est.</strong></span> 
     </span>
    </p>
   </div>
   <div class='ocr_carea' id='block_1_68' title="bbox 284 3901 1892 3974">
    <p class='ocr_par' dir='ltr' id='par_1_68' title="bbox 284 3901 1892 3974">
     <span class='ocr_line' id='line_1_68' title="bbox 284 3901 1892 3974; baseline -0.006 -12"><span class='ocrx_word' id='word_1_612' title='bbox 284 3908 571 3962; x_wconf 80' lang='lat' dir='ltr'><strong>Perfectus</strong></span> <span class='ocrx_word' id='word_1_613' title='bbox 602 3915 777 3960; x_wconf 88' lang='lat' dir='ltr'><strong>autem</strong></span> <span class='ocrx_word' id='word_1_614' title='bbox 809 3916 836 3956; x_wconf 87' lang='lat' dir='ltr'><strong>a</strong></span> <span class='ocrx_word' id='word_1_615' title='bbox 869 3903 1106 3974; x_wconf 75' lang='lat' dir='ltr'><strong>perfecto</strong></span> <span class='ocrx_word' id='word_1_616' title='bbox 1133 3913 1213 3957; x_wconf 90' lang='lat' dir='ltr'><strong>est</strong></span> <span class='ocrx_word' id='word_1_617' title='bbox 1242 3920 1254 3954; x_wconf 91' lang='lat'><strong>:</strong></span> <span class='ocrx_word' id='word_1_618' title='bbox 1281 3904 1404 3972; x_wconf 74' lang='lat' dir='ltr'><strong>quia</strong></span> <span class='ocrx_word' id='word_1_619' title='bbox 1439 3902 1528 3973; x_wconf 91' lang='lat' dir='ltr'><strong>qui</strong></span> <span class='ocrx_word' id='word_1_620' title='bbox 1576 3901 1728 3956; x_wconf 68' lang='lat' dir='ltr'><strong>habet</strong></span> <span class='ocrx_word' id='word_1_621' title='bbox 1775 3916 1892 3953; x_wconf 90' lang='lat' dir='ltr'><strong>om-</strong></span> 
     </span>
    </p>
   </div>
   <div class='ocr_carea' id='block_1_69' title="bbox 286 3993 1893 4068">
    <p class='ocr_par' dir='ltr' id='par_1_69' title="bbox 286 3993 1893 4068">
     <span class='ocr_line' id='line_1_69' title="bbox 286 3993 1893 4068; baseline -0.005 -10"><span class='ocrx_word' id='word_1_622' title='bbox 286 4002 412 4068; x_wconf 86' lang='lat' dir='ltr'><strong>nia,</strong></span> <span class='ocrx_word' id='word_1_623' title='bbox 442 4001 594 4056; x_wconf 85' lang='lat' dir='ltr'><strong>dedit</strong></span> <span class='ocrx_word' id='word_1_624' title='bbox 632 4000 832 4054; x_wconf 86' lang='lat' dir='ltr'><strong>omnia.</strong></span> <span class='ocrx_word' id='word_1_625' title='bbox 861 3997 1047 4067; x_wconf 82' lang='lat' dir='ltr'><strong>Neque</strong></span> <span class='ocrx_word' id='word_1_626' title='bbox 1083 3994 1476 4051; x_wconf 74' lang='lat' dir='ltr'><strong>existimandus</strong></span> <span class='ocrx_word' id='word_1_627' title='bbox 1526 4006 1608 4049; x_wconf 91' lang='lat' dir='ltr'><strong>est</strong></span> <span class='ocrx_word' id='word_1_628' title='bbox 1653 4010 1758 4049; x_wconf 90' lang='lat' dir='ltr'><strong>non</strong></span> <span class='ocrx_word' id='word_1_629' title='bbox 1799 3993 1893 4050; x_wconf 89' lang='lat' dir='ltr'><strong>de-</strong></span> 
     </span>
    </p>
   </div>
   <div class='ocr_carea' id='block_1_70' title="bbox 289 4086 1818 4162">
    <p class='ocr_par' dir='ltr' id='par_1_70' title="bbox 289 4086 1818 4162">
     <span class='ocr_line' id='line_1_70' title="bbox 289 4086 1818 4162; baseline -0.007 -12"><span class='ocrx_word' id='word_1_630' title='bbox 289 4098 471 4155; x_wconf 54' lang='lat' dir='ltr'><strong>disse,</strong></span> <span class='ocrx_word' id='word_1_631' title='bbox 503 4093 627 4162; x_wconf 88' lang='lat' dir='ltr'><strong>quia</strong></span> <span class='ocrx_word' id='word_1_632' title='bbox 658 4091 886 4154; x_wconf 83' lang='lat' dir='ltr'><strong>habeat;</strong></span> <span class='ocrx_word' id='word_1_633' title='bbox 920 4089 1004 4144; x_wconf 84' lang='lat' dir='ltr'><strong>vel</strong></span> <span class='ocrx_word' id='word_1_634' title='bbox 1035 4104 1141 4142; x_wconf 88' lang='lat' dir='ltr'><strong>non</strong></span> <span class='ocrx_word' id='word_1_635' title='bbox 1185 4087 1404 4154; x_wconf 80' lang='lat' dir='ltr'><strong>habere,</strong></span> <span class='ocrx_word' id='word_1_636' title='bbox 1441 4087 1562 4153; x_wconf 88' lang='lat' dir='ltr'><strong>quia</strong></span> <span class='ocrx_word' id='word_1_637' title='bbox 1592 4086 1818 4141; x_wconf 83' lang='lat' dir='ltr'><strong>dederit.</strong></span> 
     </span>
    </p>
   </div>
   <div class='ocr_carea' id='block_1_71' title="bbox 365 4180 1898 4254">
    <p class='ocr_par' dir='ltr' id='par_1_71' title="bbox 365 4180 1898 4254">
     <span class='ocr_line' id='line_1_71' title="bbox 365 4180 1898 4254; baseline -0.008 -11"><span class='ocrx_word' id='word_1_638' title='bbox 365 4188 422 4243; x_wconf 86' lang='lat'><strong>9.</strong></span> <span class='ocrx_word' id='word_1_639' title='bbox 456 4185 584 4241; x_wconf 73' lang='lat' dir='ltr'><strong>Filii</strong></span> <span class='ocrx_word' id='word_1_640' title='bbox 614 4183 709 4238; x_wconf 85' lang='lat' dir='ltr'><strong>Dei</strong></span> <span class='ocrx_word' id='word_1_641' title='bbox 736 4183 993 4254; x_wconf 84' lang='lat' dir='ltr'><strong>generatio</strong></span> <span class='ocrx_word' id='word_1_642' title='bbox 1024 4191 1226 4251; x_wconf 85' lang='lat' dir='ltr'><strong>captum</strong></span> <span class='ocrx_word' id='word_1_643' title='bbox 1264 4180 1543 4233; x_wconf 85' lang='lat' dir='ltr'><strong>humanum</strong></span> <span class='ocrx_word' id='word_1_644' title='bbox 1573 4189 1797 4247; x_wconf 84' lang='lat' dir='ltr'><strong>superat.</strong></span> <span class='ocrx_word' id='word_1_645' title='bbox 1827 4208 1898 4218; x_wconf 91' lang='lat'><strong><em>-—</em></strong></span> 
     </span>
    </p>
   </div>
   <div class='ocr_carea' id='block_1_72' title="bbox 289 4272 1892 4350">
    <p class='ocr_par' dir='ltr' id='par_1_72' title="bbox 289 4272 1892 4350">
     <span class='ocr_line' id='line_1_72' title="bbox 289 4272 1892 4350; baseline -0.007 -14"><span class='ocrx_word' id='word_1_646' title='bbox 289 4280 507 4336; x_wconf 86' lang='lat' dir='ltr'><strong>llahent</strong></span> <span class='ocrx_word' id='word_1_647' title='bbox 545 4278 616 4350; x_wconf 87' lang='lat' dir='ltr'><strong>(e)</strong></span> <span class='ocrx_word' id='word_1_648' title='bbox 663 4277 824 4348; x_wconf 84' lang='lat' dir='ltr'><strong>igitur</strong></span> <span class='ocrx_word' id='word_1_649' title='bbox 845 4274 1137 4330; x_wconf 70' lang='lat' dir='ltr'><strong>nativitatis</strong></span> <span class='ocrx_word' id='word_1_650' title='bbox 1160 4272 1317 4343; x_wconf 84' lang='lat' dir='ltr'><strong>hujus</strong></span> <span class='ocrx_word' id='word_1_651' title='bbox 1349 4278 1574 4341; x_wconf 87' lang='lat' dir='ltr'><strong>uterque</strong></span> <span class='ocrx_word' id='word_1_652' title='bbox 1603 4278 1892 4327; x_wconf 86' lang='lat' dir='ltr'><strong>secretum.</strong></span> 
     </span>
    </p>
   </div>
   <div class='ocr_carea' id='block_1_73' title="bbox 362 4440 758 4503">
    <p class='ocr_par' dir='ltr' id='par_1_73' title="bbox 362 4440 758 4503">
     <span class='ocr_line' id='line_1_73' title="bbox 362 4440 758 4503; baseline -0.003 -10"><span class='ocrx_word' id='word_1_653' title='bbox 362 4444 383 4501; x_wconf 86' lang='lat'><strong>(</strong></span> <span class='ocrx_word' id='word_1_654' title='bbox 398 4444 412 4493; x_wconf 88' lang='lat' dir='ltr'><strong>l</strong></span> <span class='ocrx_word' id='word_1_655' title='bbox 431 4442 446 4503; x_wconf 89' lang='lat'><strong>)</strong></span> <span class='ocrx_word' id='word_1_656' title='bbox 479 4440 758 4503; x_wconf 83' lang='lat' dir='ltr'><strong>Loquetur.</strong></span> 
     </span>
    </p>
   </div>
   <div class='ocr_carea' id='block_1_74' title="bbox 364 4442 1895 4587">
    <p class='ocr_par' dir='ltr' id='par_1_74' title="bbox 364 4442 1895 4587">
     <span class='ocr_line' id='line_1_74' title="bbox 364 4442 758 4505; baseline -0.003 -12"><span class='ocrx_word' id='word_1_657' title='bbox 364 4444 383 4501; x_wconf 72' lang='grc' dir='ltr'>ί</span> <span class='ocrx_word' id='word_1_658' title='bbox 398 4442 446 4505; x_wconf 87' lang='lat' dir='ltr'><strong>l)</strong></span> <span class='ocrx_word' id='word_1_659' title='bbox 479 4442 758 4503; x_wconf 85' lang='lat' dir='ltr'><strong>Loquetur.</strong></span> 
     </span>
     <span class='ocr_line' id='line_1_75' title="bbox 364 4503 1895 4587; baseline -0.004 -22"><span class='ocrx_word' id='word_1_660' title='bbox 364 4514 445 4587; x_wconf 67' lang='grc' dir='ltr'>(Ξ)</span> <span class='ocrx_word' id='word_1_661' title='bbox 484 4514 827 4587; x_wconf 58' lang='lat' dir='ltr'><strong>Quive-umque</strong></span> <span class='ocrx_word' id='word_1_662' title='bbox 866 4509 1013 4587; x_wconf 77' lang='lat' dir='ltr'><strong>habet</strong></span> <span class='ocrx_word' id='word_1_663' title='bbox 1051 4505 1210 4587; x_wconf 68' lang='lat' dir='ltr'><strong>Pater</strong></span> <span class='ocrx_word' id='word_1_664' title='bbox 1238 4506 1375 4561; x_wconf 85' lang='lat' dir='ltr'><strong>dedit</strong></span> <span class='ocrx_word' id='word_1_665' title='bbox 1407 4504 1546 4559; x_wconf 85' lang='lat' dir='ltr'><strong>Filio</strong></span> <span class='ocrx_word' id='word_1_666' title='bbox 1572 4520 1591 4559; x_wconf 91' lang='lat'><strong><em>:</em></strong></span> <span class='ocrx_word' id='word_1_667' title='bbox 1635 4503 1895 4560; x_wconf 73' lang='lat' dir='ltr'><strong>exhiben-</strong></span> 
     </span>
    </p>
   </div>
   <div class='ocr_carea' id='block_1_75' title="bbox 285 4577 1893 4646">
    <p class='ocr_par' dir='ltr' id='par_1_75' title="bbox 285 4577 1893 4646">
     <span class='ocr_line' id='line_1_76' title="bbox 285 4577 1893 4646; baseline -0.006 -6"><span class='ocrx_word' id='word_1_668' title='bbox 285 4577 387 4640; x_wconf 50' lang='lat' dir='ltr'><strong>tur‘</strong></span> <span class='ocrx_word' id='word_1_669' title='bbox 406 4577 568 4639; x_wconf 61' lang='lat' dir='ltr'><strong>verba</strong></span> <span class='ocrx_word' id='word_1_670' title='bbox 600 4584 714 4636; x_wconf 65' lang='lat' dir='ltr'><strong>lucc</strong></span> <span class='ocrx_word' id='word_1_671' title='bbox 744 4577 797 4636; x_wconf 85' lang='lat' dir='ltr'><strong>iu</strong></span> <span class='ocrx_word' id='word_1_672' title='bbox 824 4580 1007 4645; x_wconf 84' lang='lat' dir='ltr'><strong>editis,</strong></span> <span class='ocrx_word' id='word_1_673' title='bbox 1036 4579 1128 4635; x_wconf 86' lang='lat' dir='ltr'><strong>sed</strong></span> <span class='ocrx_word' id='word_1_674' title='bbox 1160 4577 1214 4632; x_wconf 88' lang='lat' dir='ltr'><strong>in</strong></span> <span class='ocrx_word' id='word_1_675' title='bbox 1243 4594 1344 4633; x_wconf 89' lang='lat' dir='ltr'><strong>ms.</strong></span> <span class='ocrx_word' id='word_1_676' title='bbox 1375 4589 1562 4633; x_wconf 84' lang='lat' dir='ltr'><strong>nostro</strong></span> <span class='ocrx_word' id='word_1_677' title='bbox 1590 4592 1694 4631; x_wconf 90' lang='lat' dir='ltr'><strong>nou</strong></span> <span class='ocrx_word' id='word_1_678' title='bbox 1726 4591 1893 4646; x_wconf 80' lang='lat' dir='ltr'><strong>appa-</strong></span> 
     </span>
    </p>
   </div>
   <div class='ocr_carea' id='block_1_76' title="bbox 282 4649 1890 4719">
    <p class='ocr_par' dir='ltr' id='par_1_76' title="bbox 282 4649 1890 4719">
     <span class='ocr_line' id='line_1_77' title="bbox 282 4649 1890 4719; baseline -0.007 -6"><span class='ocrx_word' id='word_1_679' title='bbox 282 4668 445 4713; x_wconf 84' lang='lat' dir='ltr'><strong>rent:</strong></span> <span class='ocrx_word' id='word_1_680' title='bbox 478 4670 577 4708; x_wconf 85' lang='lat' dir='ltr'><strong>nec</strong></span> <span class='ocrx_word' id='word_1_681' title='bbox 603 4653 821 4707; x_wconf 84' lang='lat' dir='ltr'><strong>aliunde</strong></span> <span class='ocrx_word' id='word_1_682' title='bbox 846 4661 1000 4707; x_wconf 84' lang='lat' dir='ltr'><strong>eruta</strong></span> <span class='ocrx_word' id='word_1_683' title='bbox 1028 4650 1296 4715; x_wconf 74' lang='lat' dir='ltr'><strong>videntur,</strong></span> <span class='ocrx_word' id='word_1_684' title='bbox 1328 4664 1488 4719; x_wconf 90' lang='lat' dir='ltr'><strong>quam</strong></span> <span class='ocrx_word' id='word_1_685' title='bbox 1516 4664 1579 4702; x_wconf 83' lang='lat' dir='ltr'><strong>ex</strong></span> <span class='ocrx_word' id='word_1_686' title='bbox 1610 4649 1767 4701; x_wconf 88' lang='lat' dir='ltr'><strong>.loau.</strong></span> <span class='ocrx_word' id='word_1_687' title='bbox 1799 4663 1890 4714; x_wconf 88' lang='grc'><strong>111,</strong></span> 
     </span>
    </p>
   </div>
   <div class='ocr_carea' id='block_1_77' title="bbox 282 4719 1894 4793">
    <p class='ocr_par' dir='ltr' id='par_1_77' title="bbox 282 4719 1894 4793">
     <span class='ocr_line' id='line_1_78' title="bbox 282 4719 1894 4793; baseline -0.002 -16"><span class='ocrx_word' id='word_1_688' title='bbox 282 4732 382 4793; x_wconf 49' lang='lat'><strong>5%,</strong></span> <span class='ocrx_word' id='word_1_689' title='bbox 414 4728 505 4779; x_wconf 88' lang='lat' dir='ltr'><strong>ubi</strong></span> <span class='ocrx_word' id='word_1_690' title='bbox 541 4725 699 4778; x_wconf 83' lang='lat' dir='ltr'><strong>hodie</strong></span> <span class='ocrx_word' id='word_1_691' title='bbox 731 4726 806 4778; x_wconf 73' lang='lat' dir='ltr'><strong>sic</strong></span> <span class='ocrx_word' id='word_1_692' title='bbox 833 4724 1059 4789; x_wconf 75' lang='lat' dir='ltr'><strong>legimus</strong></span> <span class='ocrx_word' id='word_1_693' title='bbox 1085 4740 1097 4776; x_wconf 90' lang='lat'><strong>:</strong></span> <span class='ocrx_word' id='word_1_694' title='bbox 1124 4719 1281 4774; x_wconf 84' lang='lat' dir='ltr'><strong>Pater</strong></span> <span class='ocrx_word' id='word_1_695' title='bbox 1307 4721 1445 4774; x_wconf 86' lang='lat' dir='ltr'><strong>dedit</strong></span> <span class='ocrx_word' id='word_1_696' title='bbox 1470 4719 1640 4773; x_wconf 83' lang='lat' dir='ltr'><strong>omnia</strong></span> <span class='ocrx_word' id='word_1_697' title='bbox 1664 4719 1715 4773; x_wconf 90' lang='lat' dir='ltr'><strong>in</strong></span> <span class='ocrx_word' id='word_1_698' title='bbox 1739 4735 1894 4774; x_wconf 85' lang='lat' dir='ltr'><strong>manu</strong></span> 
     </span>
    </p>
   </div>
   <div class='ocr_carea' id='block_1_78' title="bbox 282 4793 1555 4875">
    <p class='ocr_par' dir='ltr' id='par_1_78' title="bbox 282 4793 1555 4875">
     <span class='ocr_line' id='line_1_79' title="bbox 282 4793 1555 4875; baseline -0.008 -22"><span class='ocrx_word' id='word_1_699' title='bbox 282 4805 401 4875; x_wconf 73' lang='lat' dir='ltr'><strong>ejus</strong></span> <span class='ocrx_word' id='word_1_700' title='bbox 431 4797 509 4871; x_wconf 88' lang='lat' dir='ltr'><strong>(id</strong></span> <span class='ocrx_word' id='word_1_701' title='bbox 542 4807 623 4851; x_wconf 88' lang='lat' dir='ltr'><strong>est</strong></span> <span class='ocrx_word' id='word_1_702' title='bbox 655 4795 825 4865; x_wconf 76' lang='lat' dir='ltr'><strong>Filii).</strong></span> <span class='ocrx_word' id='word_1_703' title='bbox 851 4793 1100 4849; x_wconf 82' lang='lat' dir='ltr'><strong>Concinit</strong></span> <span class='ocrx_word' id='word_1_704' title='bbox 1125 4807 1333 4864; x_wconf 64' lang='lat' dir='ltr'><strong>graecus</strong></span> <span class='ocrx_word' id='word_1_705' title='bbox 1361 4801 1555 4846; x_wconf 81' lang='lat' dir='ltr'><strong>textus.</strong></span> 
     </span>
    </p>
   </div>
   <div class='ocr_carea' id='block_1_79' title="bbox 356 4927 1898 5061">
    <p class='ocr_par' dir='ltr' id='par_1_79' title="bbox 356 4927 1898 5061">
     <span class='ocr_line' id='line_1_80' title="bbox 356 4927 1898 5061; baseline -0.005 -72"><span class='ocrx_word' id='word_1_706' title='bbox 356 4937 436 5009; x_wconf 83' lang='grc' dir='ltr'>(η)</span> <span class='ocrx_word' id='word_1_707' title='bbox 468 4935 638 5061; x_wconf 48' lang='lat' dir='ltr'><strong>ll&#39;liliti,</strong></span> <span class='ocrx_word' id='word_1_708' title='bbox 660 4935 714 4989; x_wconf 89' lang='lat' dir='ltr'><strong>in</strong></span> <span class='ocrx_word' id='word_1_709' title='bbox 735 4949 836 5003; x_wconf 86' lang='lat' dir='ltr'><strong>quo</strong></span> <span class='ocrx_word' id='word_1_710' title='bbox 866 4932 991 4985; x_wconf 88' lang='lat' dir='ltr'><strong>mihi</strong></span> <span class='ocrx_word' id='word_1_711' title='bbox 1015 4931 1159 4995; x_wconf 86' lang='lat' dir='ltr'><strong>bene,</strong></span> <span class='ocrx_word' id='word_1_712' title='bbox 1189 4939 1321 4997; x_wconf 91' lang='lat' dir='ltr'><strong>etc.,</strong></span> <span class='ocrx_word' id='word_1_713' title='bbox 1354 4927 1716 4983; x_wconf 83' lang='lat' dir='ltr'><strong>renitentibus</strong></span> <span class='ocrx_word' id='word_1_714' title='bbox 1750 4936 1898 4982; x_wconf 81' lang='lat' dir='ltr'><strong>vetc-</strong></span> 
     </span>
     <span class='ocr_line' id='line_1_81' title="bbox 356 5023 651 5061; baseline -0.007 0"><span class='ocrx_word' id='word_1_715' title='bbox 356 5027 441 5061; x_wconf 79' lang='lat' dir='ltr'><strong>tllS</strong></span> <span class='ocrx_word' id='word_1_716' title='bbox 498 5023 651 5061; x_wconf 77' lang='lat' dir='ltr'><strong>lll&#39;lS.</strong></span> 
     </span>
    </p>
   </div>
   <div class='ocr_carea' id='block_1_80' title="bbox 283 5008 651 5065">
    <p class='ocr_par' dir='ltr' id='par_1_80' title="bbox 283 5008 651 5065">
     <span class='ocr_line' id='line_1_82' title="bbox 283 5008 651 5065; baseline -0.014 -1"><span class='ocrx_word' id='word_1_717' title='bbox 283 5008 441 5065; x_wconf 69' lang='lat' dir='ltr'><strong>filius</strong></span> <span class='ocrx_word' id='word_1_718' title='bbox 477 5008 651 5061; x_wconf 79' lang='lat' dir='ltr'><strong>libris.</strong></span> 
     </span>
    </p>
   </div>
   <div class='ocr_carea' id='block_1_81' title="bbox 359 5059 1900 5171">
    <p class='ocr_par' dir='ltr' id='par_1_81' title="bbox 359 5059 1900 5171">
     <span class='ocr_line' id='line_1_83' title="bbox 359 5059 1900 5171; baseline -0.006 -17"><span class='ocrx_word' id='word_1_719' title='bbox 359 5102 437 5171; x_wconf 85' lang='lat' dir='ltr'><strong>(b)</strong></span> <span class='ocrx_word' id='word_1_720' title='bbox 472 5099 570 5152; x_wconf 75' lang='lat' dir='ltr'><strong>.\ls.</strong></span> <span class='ocrx_word' id='word_1_721' title='bbox 606 5098 721 5151; x_wconf 87' lang='lat' dir='ltr'><strong>bas.</strong></span> <span class='ocrx_word' id='word_1_722' title='bbox 756 5095 876 5151; x_wconf 85' lang='lat' dir='ltr'><strong>Vat.</strong></span> <span class='ocrx_word' id='word_1_723' title='bbox 908 5110 1029 5152; x_wconf 91' lang='lat' dir='ltr'><strong>cum</strong></span> <span class='ocrx_word' id='word_1_724' title='bbox 1087 5059 1289 5159; x_wconf 49' lang='lat' dir='ltr'><strong>Cara,</strong></span> <span class='ocrx_word' id='word_1_725' title='bbox 1331 5108 1452 5163; x_wconf 85' lang='lat' dir='ltr'><strong>pars</strong></span> <span class='ocrx_word' id='word_1_726' title='bbox 1501 5088 1676 5145; x_wconf 87' lang='lat' dir='ltr'><strong>Patris</strong></span> <span class='ocrx_word' id='word_1_727' title='bbox 1730 5087 1900 5145; x_wconf 79' lang='lat' dir='ltr'><strong>Filius</strong></span> 
     </span>
    </p>
   </div>
   <div class='ocr_carea' id='block_1_82' title="bbox 280 5171 734 5229">
    <p class='ocr_par' dir='ltr' id='par_1_82' title="bbox 280 5171 734 5229">
     <span class='ocr_line' id='line_1_84' title="bbox 280 5171 734 5229; baseline -0.011 0"><span class='ocrx_word' id='word_1_728' title='bbox 280 5184 358 5229; x_wconf 79' lang='lat' dir='ltr'><strong>est</strong></span> <span class='ocrx_word' id='word_1_729' title='bbox 385 5190 407 5226; x_wconf 88' lang='lat'><strong><em>:</em></strong></span> <span class='ocrx_word' id='word_1_730' title='bbox 430 5189 539 5225; x_wconf 87' lang='lat' dir='ltr'><strong>non</strong></span> <span class='ocrx_word' id='word_1_731' title='bbox 572 5171 734 5224; x_wconf 86' lang='lat' dir='ltr'><strong>male.</strong></span> 
     </span>
    </p>
   </div>
   <div class='ocr_carea' id='block_1_83' title="bbox 357 5253 1902 5334">
    <p class='ocr_par' dir='ltr' id='par_1_83' title="bbox 357 5253 1902 5334">
     <span class='ocr_line' id='line_1_85' title="bbox 357 5253 1902 5334; baseline -0.006 -15"><span class='ocrx_word' id='word_1_732' title='bbox 357 5268 436 5334; x_wconf 86' lang='lat' dir='ltr'><strong>(c)</strong></span> <span class='ocrx_word' id='word_1_733' title='bbox 474 5265 589 5318; x_wconf 73' lang='lat' dir='ltr'><strong>Non</strong></span> <span class='ocrx_word' id='word_1_734' title='bbox 635 5272 818 5319; x_wconf 76' lang='lat' dir='ltr'><strong>extant</strong></span> <span class='ocrx_word' id='word_1_735' title='bbox 874 5263 1008 5329; x_wconf 74' lang='lat' dir='ltr'><strong>haec,</strong></span> <span class='ocrx_word' id='word_1_736' title='bbox 1043 5262 1393 5334; x_wconf 68' lang='lat' dir='ltr'><strong>Quaecumque</strong></span> <span class='ocrx_word' id='word_1_737' title='bbox 1421 5255 1568 5310; x_wconf 86' lang='lat' dir='ltr'><strong>habet</strong></span> <span class='ocrx_word' id='word_1_738' title='bbox 1599 5253 1779 5322; x_wconf 86' lang='lat' dir='ltr'><strong>Pater,</strong></span> <span class='ocrx_word' id='word_1_739' title='bbox 1812 5256 1902 5310; x_wconf 84' lang='lat' dir='ltr'><strong>de-</strong></span> 
     </span>
    </p>
   </div>
   <div class='ocr_carea' id='block_1_84' title="bbox 283 5333 1523 5403">
    <p class='ocr_par' dir='ltr' id='par_1_84' title="bbox 283 5333 1523 5403">
     <span class='ocr_line' id='line_1_86' title="bbox 283 5333 1523 5403; baseline -0.008 -11"><span class='ocrx_word' id='word_1_740' title='bbox 283 5333 371 5393; x_wconf 84' lang='lat' dir='ltr'><strong>dit</strong></span> <span class='ocrx_word' id='word_1_741' title='bbox 395 5338 559 5396; x_wconf 73' lang='lat' dir='ltr'><strong>Filio,</strong></span> <span class='ocrx_word' id='word_1_742' title='bbox 593 5336 694 5388; x_wconf 66' lang='lat' dir='ltr'><strong>nisi</strong></span> <span class='ocrx_word' id='word_1_743' title='bbox 729 5338 779 5388; x_wconf 87' lang='lat' dir='ltr'><strong>in</strong></span> <span class='ocrx_word' id='word_1_744' title='bbox 808 5334 1041 5403; x_wconf 77' lang='lat' dir='ltr'><strong>vulgatis</strong></span> <span class='ocrx_word' id='word_1_745' title='bbox 1066 5346 1116 5389; x_wconf 91' lang='lat' dir='ltr'><strong>et</strong></span> <span class='ocrx_word' id='word_1_746' title='bbox 1150 5333 1362 5386; x_wconf 89' lang='lat' dir='ltr'><strong>duolms</strong></span> <span class='ocrx_word' id='word_1_747' title='bbox 1395 5344 1523 5382; x_wconf 89' lang='lat' dir='ltr'><strong>mss.</strong></span> 
     </span>
    </p>
   </div>
   <div class='ocr_carea' id='block_1_85' title="bbox 358 5399 1591 5481">
    <p class='ocr_par' dir='ltr' id='par_1_85' title="bbox 358 5399 1591 5481">
     <span class='ocr_line' id='line_1_87' title="bbox 358 5399 1591 5481; baseline -0.01 -19"><span class='ocrx_word' id='word_1_748' title='bbox 358 5409 446 5481; x_wconf 88' lang='lat' dir='ltr'><strong>(d)</strong></span> <span class='ocrx_word' id='word_1_749' title='bbox 470 5407 594 5464; x_wconf 87' lang='lat' dir='ltr'><strong>Sola</strong></span> <span class='ocrx_word' id='word_1_750' title='bbox 628 5406 797 5463; x_wconf 89' lang='lat' dir='ltr'><strong>editio</strong></span> <span class='ocrx_word' id='word_1_751' title='bbox 821 5399 967 5471; x_wconf 62' lang='grc' dir='ltr'><strong>Ρθιῖη</strong></span> <span class='ocrx_word' id='word_1_752' title='bbox 998 5406 1262 5476; x_wconf 81' lang='lat' dir='ltr'><strong>praportio</strong></span> <span class='ocrx_word' id='word_1_753' title='bbox 1291 5412 1360 5456; x_wconf 82' lang='lat' dir='ltr'><strong>est</strong></span> <span class='ocrx_word' id='word_1_754' title='bbox 1389 5417 1408 5455; x_wconf 89' lang='grc'><strong>.·</strong></span> <span class='ocrx_word' id='word_1_755' title='bbox 1438 5399 1591 5453; x_wconf 87' lang='lat' dir='ltr'><strong>male.</strong></span> 
     </span>
    </p>
   </div>
   <div class='ocr_carea' id='block_1_86' title="bbox 364 5486 1904 5571">
    <p class='ocr_par' dir='ltr' id='par_1_86' title="bbox 364 5486 1904 5571">
     <span class='ocr_line' id='line_1_88' title="bbox 364 5486 1904 5571; baseline -0.007 -19"><span class='ocrx_word' id='word_1_756' title='bbox 364 5502 438 5571; x_wconf 63' lang='grc' dir='ltr'>(εξ)</span> <span class='ocrx_word' id='word_1_757' title='bbox 467 5504 802 5567; x_wconf 80' lang='lat' dir='ltr'><strong>lleposttcrat</strong></span> <span class='ocrx_word' id='word_1_758' title='bbox 858 5498 1100 5571; x_wconf 76' lang='lat' dir='ltr'><strong>Lipsius,</strong></span> <span class='ocrx_word' id='word_1_759' title='bbox 1153 5495 1326 5571; x_wconf 72' lang='lat' dir='ltr'><strong>habet,</strong></span> <span class='ocrx_word' id='word_1_760' title='bbox 1358 5489 1746 5571; x_wconf 60' lang='lat' dir='ltr'><strong>reluctantibus</strong></span> <span class='ocrx_word' id='word_1_761' title='bbox 1784 5486 1904 5541; x_wconf 82' lang='lat' dir='ltr'><strong>aliis</strong></span> 
     </span>
    </p>
   </div>
   <div class='ocr_carea' id='block_1_87' title="bbox 290 5562 1902 5639">
    <p class='ocr_par' dir='ltr' id='par_1_87' title="bbox 290 5562 1902 5639">
     <span class='ocr_line' id='line_1_89' title="bbox 290 5562 1902 5639; baseline -0.011 -11"><span class='ocrx_word' id='word_1_762' title='bbox 290 5562 468 5628; x_wconf 53' lang='lat' dir='ltr'><strong>nam.</strong></span> <span class='ocrx_word' id='word_1_763' title='bbox 504 5562 603 5626; x_wconf 40' lang='lat' dir='ltr'><strong>Hic</strong></span> <span class='ocrx_word' id='word_1_764' title='bbox 647 5562 937 5639; x_wconf 75' lang='lat' dir='ltr'><strong>respicitur</strong></span> <span class='ocrx_word' id='word_1_765' title='bbox 966 5569 1096 5639; x_wconf 85' lang='lat' dir='ltr'><strong>illud</strong></span> <span class='ocrx_word' id='word_1_766' title='bbox 1126 5565 1352 5639; x_wconf 75' lang='lat' dir='ltr'><strong>Christi,</strong></span> <span class='ocrx_word' id='word_1_767' title='bbox 1398 5562 1785 5639; x_wconf 73' lang='lat' dir='ltr'><strong>Patrem_nema</strong></span> <span class='ocrx_word' id='word_1_768' title='bbox 1813 5575 1902 5611; x_wconf 79' lang='lat' dir='ltr'><strong>no—</strong></span> 
     </span>
    </p>
   </div>
   <div class='ocr_carea' id='block_1_88' title="bbox 290 5630 1899 5710">
    <p class='ocr_par' dir='ltr' id='par_1_88' title="bbox 290 5630 1899 5710">
     <span class='ocr_line' id='line_1_90' title="bbox 290 5630 1899 5710; baseline -0.011 -10"><span class='ocrx_word' id='word_1_769' title='bbox 290 5649 361 5700; x_wconf 79' lang='lat' dir='ltr'><strong>vit</strong></span> <span class='ocrx_word' id='word_1_770' title='bbox 388 5646 491 5697; x_wconf 80' lang='lat' dir='ltr'><strong>nisi</strong></span> <span class='ocrx_word' id='word_1_771' title='bbox 520 5642 712 5699; x_wconf 80' lang='lat' dir='ltr'><strong>Filius.</strong></span> <span class='ocrx_word' id='word_1_772' title='bbox 742 5630 903 5710; x_wconf 75' lang='lat' dir='ltr'><strong>neque</strong></span> <span class='ocrx_word' id='word_1_773' title='bbox 935 5638 1135 5693; x_wconf 81' lang='lat' dir='ltr'><strong>Filium</strong></span> <span class='ocrx_word' id='word_1_774' title='bbox 1155 5638 1270 5709; x_wconf 84' lang='lat' dir='ltr'><strong>quis</strong></span> <span class='ocrx_word' id='word_1_775' title='bbox 1298 5636 1440 5690; x_wconf 85' lang='lat' dir='ltr'><strong>navit</strong></span> <span class='ocrx_word' id='word_1_776' title='bbox 1463 5635 1560 5687; x_wconf 87' lang='lat' dir='ltr'><strong>nisi</strong></span> <span class='ocrx_word' id='word_1_777' title='bbox 1596 5630 1771 5696; x_wconf 75' lang='lat' dir='ltr'><strong>Pater,</strong></span> <span class='ocrx_word' id='word_1_778' title='bbox 1792 5640 1899 5684; x_wconf 90' lang='lat' dir='ltr'><strong>etc.</strong></span> 
     </span>
    </p>
   </div>
   <div class='ocr_carea' id='block_1_89' title="bbox 368 5720 1903 5808">
    <p class='ocr_par' dir='ltr' id='par_1_89' title="bbox 368 5720 1903 5808">
     <span class='ocr_line' id='line_1_91' title="bbox 368 5720 1903 5808; baseline -0.012 -18"><span class='ocrx_word' id='word_1_779' title='bbox 368 5736 441 5808; x_wconf 65' lang='grc' dir='ltr'>(Ι)</span> <span class='ocrx_word' id='word_1_780' title='bbox 475 5733 624 5791; x_wconf 85' lang='lat' dir='ltr'><strong>Unus</strong></span> <span class='ocrx_word' id='word_1_781' title='bbox 649 5731 835 5808; x_wconf 72' lang='lat' dir='ltr'><strong>codex</strong></span> <span class='ocrx_word' id='word_1_782' title='bbox 871 5730 1211 5808; x_wconf 70' lang='lat' dir='ltr'><strong>Colb.,_cunt_</strong></span> <span class='ocrx_word' id='word_1_783' title='bbox 1240 5738 1360 5808; x_wconf 72' lang='lat' dir='ltr'><strong>tunc</strong></span> <span class='ocrx_word' id='word_1_784' title='bbox 1404 5737 1593 5808; x_wconf 65' lang='lat' dir='ltr'><strong>tamen.</strong></span> <span class='ocrx_word' id='word_1_785' title='bbox 1629 5723 1746 5808; x_wconf 65' lang='lat' dir='ltr'><strong>Matt</strong></span> <span class='ocrx_word' id='word_1_786' title='bbox 1775 5720 1903 5808; x_wconf 65' lang='lat' dir='ltr'><strong>editi</strong></span> 
     </span>
    </p>
   </div>
   <div class='ocr_carea' id='block_1_90' title="bbox 292 5792 1906 5870">
    <p class='ocr_par' dir='ltr' id='par_1_90' title="bbox 292 5792 1906 5870">
     <span class='ocr_line' id='line_1_92' title="bbox 292 5792 1906 5870; baseline -0.009 -9"><span class='ocrx_word' id='word_1_787' title='bbox 292 5792 437 5863; x_wconf 53' lang='grc' dir='ltr'><strong>ὶιιὶξί</strong></span> <span class='ocrx_word' id='word_1_788' title='bbox 456 5805 852 5861; x_wconf 79' lang='lat' dir='ltr'><strong>recentioribus</strong></span> <span class='ocrx_word' id='word_1_789' title='bbox 881 5819 1011 5858; x_wconf 89' lang='lat' dir='ltr'><strong>mss.</strong></span> <span class='ocrx_word' id='word_1_790' title='bbox 1039 5792 1424 5870; x_wconf 70' lang='lat' dir='ltr'><strong>intelligendus.</strong></span> <span class='ocrx_word' id='word_1_791' title='bbox 1465 5799 1617 5849; x_wconf 68' lang='lat' dir='ltr'><strong>lict-t.</strong></span> <span class='ocrx_word' id='word_1_792' title='bbox 1645 5796 1703 5870; x_wconf 73' lang='lat' dir='ltr'><strong>in</strong></span> <span class='ocrx_word' id='word_1_793' title='bbox 1736 5792 1906 5870; x_wconf 71' lang='lat' dir='ltr'><strong>tribus</strong></span> 
     </span>
    </p>
   </div>
   <div class='ocr_carea' id='block_1_91' title="bbox 297 5866 1906 5943">
    <p class='ocr_par' dir='ltr' id='par_1_91' title="bbox 297 5866 1906 5943">
     <span class='ocr_line' id='line_1_93' title="bbox 297 5866 1906 5943; baseline -0.014 -5"><span class='ocrx_word' id='word_1_794' title='bbox 297 5873 464 5937; x_wconf 77' lang='lat' dir='ltr'><strong>Culb.</strong></span> <span class='ocrx_word' id='word_1_795' title='bbox 514 5888 722 5934; x_wconf 72' lang='lat' dir='ltr'><strong>tt‘cmtott</strong></span> <span class='ocrx_word' id='word_1_796' title='bbox 762 5874 1010 5943; x_wconf 72' lang='lat' dir='ltr'><strong>Clll‘ll’dl.,</strong></span> <span class='ocrx_word' id='word_1_797' title='bbox 1046 5874 1162 5929; x_wconf 63' lang='lat' dir='ltr'><strong>Vat.</strong></span> <span class='ocrx_word' id='word_1_798' title='bbox 1198 5866 1604 5937; x_wconf 72' lang='lat' dir='ltr'><strong>bzts.,’Gt&#39;rtu.,</strong></span> <span class='ocrx_word' id='word_1_799' title='bbox 1641 5866 1870 5921; x_wconf 77' lang='lat' dir='ltr'><strong>Sorbon.</strong></span> <span class='ocrx_word' id='word_1_800' title='bbox 1893 5902 1906 5929; x_wconf 91' lang='lat'><strong>,</strong></span> 
     </span>
    </p>
   </div>
   <div class='ocr_carea' id='block_1_92' title="bbox 1922 4782 1978 4843">
    <p class='ocr_par' dir='ltr' id='par_1_92' title="bbox 1922 4782 1978 4843">
     <span class='ocr_line' id='line_1_94' title="bbox 1922 4782 1978 4843; baseline 0 0"><span class='ocrx_word' id='word_1_801' title='bbox 1922 4782 1978 4843; x_wconf 88' lang='lat' dir='ltr'><strong>D</strong></span> 
     </span>
    </p>
   </div>
   <div class='ocr_carea' id='block_1_93' title="bbox 1988 3342 3586 3422">
    <p class='ocr_par' dir='ltr' id='par_1_93' title="bbox 1988 3342 3586 3422">
     <span class='ocr_line' id='line_1_95' title="bbox 1988 3342 3586 3422; baseline -0.004 -18"><span class='ocrx_word' id='word_1_802' title='bbox 1988 3351 2101 3422; x_wconf 83' lang='lat' dir='ltr'><strong>ipso</strong></span> <span class='ocrx_word' id='word_1_803' title='bbox 2154 3349 2322 3409; x_wconf 86' lang='lat' dir='ltr'><strong>habet,</strong></span> <span class='ocrx_word' id='word_1_804' title='bbox 2355 3349 2485 3401; x_wconf 86' lang='lat' dir='ltr'><strong>sicut</strong></span> <span class='ocrx_word' id='word_1_805' title='bbox 2519 3357 2564 3401; x_wconf 90' lang='lat' dir='ltr'><strong>et</strong></span> <span class='ocrx_word' id='word_1_806' title='bbox 2595 3345 2755 3400; x_wconf 82' lang='lat' dir='ltr'><strong>Pater</strong></span> <span class='ocrx_word' id='word_1_807' title='bbox 2785 3347 2931 3399; x_wconf 72' lang='lat' dir='ltr'><strong>habet</strong></span> <span class='ocrx_word' id='word_1_808' title='bbox 2976 3346 3027 3397; x_wconf 85' lang='lat' dir='ltr'><strong>in</strong></span> <span class='ocrx_word' id='word_1_809' title='bbox 3069 3346 3341 3412; x_wconf 81' lang='lat' dir='ltr'><strong>semetipso</strong></span> <span class='ocrx_word' id='word_1_810' title='bbox 3395 3342 3586 3414; x_wconf 87' lang='lat' dir='ltr'><strong>(Joan.</strong></span> 
     </span>
    </p>
   </div>
   <div class='ocr_carea' id='block_1_94' title="bbox 1989 3440 3583 3513">
    <p class='ocr_par' dir='ltr' id='par_1_94' title="bbox 1989 3440 3583 3513">
     <span class='ocr_line' id='line_1_96' title="bbox 1989 3440 3583 3513; baseline -0.003 -17"><span class='ocrx_word' id='word_1_811' title='bbox 1989 3460 2044 3510; x_wconf 79' lang='grc' dir='ltr'><strong>ν,</strong></span> <span class='ocrx_word' id='word_1_812' title='bbox 2075 3442 2169 3513; x_wconf 72' lang='lat'><strong>26)</strong></span> <span class='ocrx_word' id='word_1_813' title='bbox 2194 3460 2208 3509; x_wconf 90' lang='lat'>;</span> <span class='ocrx_word' id='word_1_814' title='bbox 2236 3442 2360 3498; x_wconf 88' lang='lat' dir='ltr'><strong>audi</strong></span> <span class='ocrx_word' id='word_1_815' title='bbox 2385 3442 2575 3497; x_wconf 82' lang='lat' dir='ltr'><strong>Filium</strong></span> <span class='ocrx_word' id='word_1_816' title='bbox 2606 3443 2913 3512; x_wconf 81' lang='lat' dir='ltr'><strong>imaginem,</strong></span> <span class='ocrx_word' id='word_1_817' title='bbox 2939 3441 3274 3511; x_wconf 76' lang='lat' dir='ltr'><strong>Snltlcn&#39;luttl,</strong></span> <span class='ocrx_word' id='word_1_818' title='bbox 3308 3440 3583 3506; x_wconf 88' lang='lat' dir='ltr'><strong>virttttem,</strong></span> 
     </span>
    </p>
   </div>
   <div class='ocr_carea' id='block_1_95' title="bbox 1989 3529 3587 3606">
    <p class='ocr_par' dir='ltr' id='par_1_95' title="bbox 1989 3529 3587 3606">
     <span class='ocr_line' id='line_1_97' title="bbox 1989 3529 3587 3606; baseline -0.004 -17"><span class='ocrx_word' id='word_1_819' title='bbox 1989 3536 2214 3606; x_wconf 86' lang='lat' dir='ltr'><strong>gloriam</strong></span> <span class='ocrx_word' id='word_1_820' title='bbox 2260 3534 2352 3589; x_wconf 89' lang='lat' dir='ltr'><strong>Dei</strong></span> <span class='ocrx_word' id='word_1_821' title='bbox 2386 3551 2398 3587; x_wconf 91' lang='lat'><strong>:</strong></span> <span class='ocrx_word' id='word_1_822' title='bbox 2451 3544 2502 3588; x_wconf 89' lang='lat' dir='ltr'><strong>et</strong></span> <span class='ocrx_word' id='word_1_823' title='bbox 2532 3533 2767 3603; x_wconf 85' lang='lat' dir='ltr'><strong>iutellige</strong></span> <span class='ocrx_word' id='word_1_824' title='bbox 2800 3534 2876 3604; x_wconf 74' lang='lat'><strong>(7)</strong></span> <span class='ocrx_word' id='word_1_825' title='bbox 2908 3532 2970 3601; x_wconf 88' lang='lat' dir='ltr'><strong>(i)</strong></span> <span class='ocrx_word' id='word_1_826' title='bbox 2999 3532 3419 3602; x_wconf 86' lang='lat' dir='ltr'><strong>proclamantem</strong></span> <span class='ocrx_word' id='word_1_827' title='bbox 3463 3529 3587 3598; x_wconf 56' lang='lat' dir='ltr'><strong>Spio</strong></span> 
     </span>
    </p>
   </div>
   <div class='ocr_carea' id='block_1_96' title="bbox 1991 3621 3593 3696">
    <p class='ocr_par' dir='ltr' id='par_1_96' title="bbox 1991 3621 3593 3696">
     <span class='ocr_line' id='line_1_98' title="bbox 1991 3621 3593 3696; baseline -0.006 -13"><span class='ocrx_word' id='word_1_828' title='bbox 1991 3629 2153 3683; x_wconf 87' lang='lat' dir='ltr'><strong>ritum</strong></span> <span class='ocrx_word' id='word_1_829' title='bbox 2200 3635 2443 3682; x_wconf 87' lang='lat' dir='ltr'><strong>sanctum</strong></span> <span class='ocrx_word' id='word_1_830' title='bbox 2494 3643 2508 3679; x_wconf 86' lang='lat'><strong>:</strong></span> <span class='ocrx_word' id='word_1_831' title='bbox 2558 3625 2949 3695; x_wconf 73' lang='lat' dir='ltr'><strong>Genet-titionem</strong></span> <span class='ocrx_word' id='word_1_832' title='bbox 3003 3627 3113 3696; x_wconf 77' lang='lat' dir='ltr'><strong>ej-ts</strong></span> <span class='ocrx_word' id='word_1_833' title='bbox 3166 3623 3279 3695; x_wconf 87' lang='lat' dir='ltr'><strong>quis</strong></span> <span class='ocrx_word' id='word_1_834' title='bbox 3334 3621 3593 3676; x_wconf 81' lang='lat' dir='ltr'><strong>enarrnbit</strong></span> 
     </span>
    </p>
   </div>
   <div class='ocr_carea' id='block_1_97' title="bbox 1991 3717 3588 3790">
    <p class='ocr_par' dir='ltr' id='par_1_97' title="bbox 1991 3717 3588 3790">
     <span class='ocr_line' id='line_1_99' title="bbox 1991 3717 3588 3790; baseline -0.004 -18"><span class='ocrx_word' id='word_1_835' title='bbox 1991 3718 2168 3788; x_wconf 81' lang='lat' dir='ltr'><strong>(Esa.</strong></span> <span class='ocrx_word' id='word_1_836' title='bbox 2199 3735 2312 3780; x_wconf 85' lang='lat' dir='ltr'><strong>Llll,</strong></span> <span class='ocrx_word' id='word_1_837' title='bbox 2367 3717 2498 3790; x_wconf 86' lang='lat'><strong>8)?</strong></span> <span class='ocrx_word' id='word_1_838' title='bbox 2547 3727 2602 3772; x_wconf 90' lang='lat' dir='ltr'><strong>et</strong></span> <span class='ocrx_word' id='word_1_839' title='bbox 2649 3717 2869 3787; x_wconf 85' lang='lat' dir='ltr'><strong>objurga</strong></span> <span class='ocrx_word' id='word_1_840' title='bbox 2925 3717 3204 3771; x_wconf 81' lang='lat' dir='ltr'><strong>llomiuutn</strong></span> <span class='ocrx_word' id='word_1_841' title='bbox 3257 3724 3588 3768; x_wconf 87' lang='lat' dir='ltr'><strong>testantem:</strong></span> 
     </span>
    </p>
   </div>
   <div class='ocr_carea' id='block_1_98' title="bbox 1998 3804 3590 3876">
    <p class='ocr_par' dir='ltr' id='par_1_98' title="bbox 1998 3804 3590 3876">
     <span class='ocr_line' id='line_1_100' title="bbox 1998 3804 3590 3876; baseline -0.006 -11"><span class='ocrx_word' id='word_1_842' title='bbox 1998 3810 2164 3865; x_wconf 78' lang='lat' dir='ltr'><strong>Nemo</strong></span> <span class='ocrx_word' id='word_1_843' title='bbox 2182 3812 2314 3864; x_wconf 83' lang='lat' dir='ltr'><strong>novit</strong></span> <span class='ocrx_word' id='word_1_844' title='bbox 2340 3807 2538 3863; x_wconf 88' lang='lat' dir='ltr'><strong>Filium</strong></span> <span class='ocrx_word' id='word_1_845' title='bbox 2562 3812 2660 3862; x_wconf 85' lang='lat' dir='ltr'><strong>nisi</strong></span> <span class='ocrx_word' id='word_1_846' title='bbox 2690 3807 2861 3865; x_wconf 84' lang='lat' dir='ltr'><strong>Pater.</strong></span> <span class='ocrx_word' id='word_1_847' title='bbox 2892 3824 3053 3876; x_wconf 83' lang='lat' dir='ltr'><strong>neque</strong></span> <span class='ocrx_word' id='word_1_848' title='bbox 3083 3805 3291 3859; x_wconf 74' lang='lat' dir='ltr'><strong>Patrem</strong></span> <span class='ocrx_word' id='word_1_849' title='bbox 3313 3806 3425 3876; x_wconf 87' lang='lat' dir='ltr'><strong>quis</strong></span> <span class='ocrx_word' id='word_1_850' title='bbox 3453 3804 3590 3856; x_wconf 88' lang='lat' dir='ltr'><strong>novit</strong></span> 
     </span>
    </p>
   </div>
   <div class='ocr_carea' id='block_1_99' title="bbox 1996 3895 3585 3969">
    <p class='ocr_par' dir='ltr' id='par_1_99' title="bbox 1996 3895 3585 3969">
     <span class='ocr_line' id='line_1_101' title="bbox 1996 3895 3585 3969; baseline -0.006 -10"><span class='ocrx_word' id='word_1_851' title='bbox 1996 3905 2094 3959; x_wconf 85' lang='lat' dir='ltr'><strong>nisi</strong></span> <span class='ocrx_word' id='word_1_852' title='bbox 2136 3901 2328 3969; x_wconf 82' lang='lat' dir='ltr'><strong>Filius,</strong></span> <span class='ocrx_word' id='word_1_853' title='bbox 2361 3914 2408 3957; x_wconf 81' lang='lat' dir='ltr'><strong>et</strong></span> <span class='ocrx_word' id='word_1_854' title='bbox 2437 3904 2520 3957; x_wconf 86' lang='lat' dir='ltr'><strong>cui</strong></span> <span class='ocrx_word' id='word_1_855' title='bbox 2581 3903 2793 3956; x_wconf 85' lang='lat' dir='ltr'><strong>voluerit</strong></span> <span class='ocrx_word' id='word_1_856' title='bbox 2846 3899 3019 3954; x_wconf 87' lang='lat' dir='ltr'><strong>Filius</strong></span> <span class='ocrx_word' id='word_1_857' title='bbox 3073 3898 3298 3953; x_wconf 84' lang='lat' dir='ltr'><strong>revelare</strong></span> <span class='ocrx_word' id='word_1_858' title='bbox 3347 3895 3585 3965; x_wconf 79' lang='lat' dir='ltr'><strong>(Matth.</strong></span> 
     </span>
    </p>
   </div>
   <div class='ocr_carea' id='block_1_100' title="bbox 1999 3989 3588 4060">
    <p class='ocr_par' dir='ltr' id='par_1_100' title="bbox 1999 3989 3588 4060">
     <span class='ocr_line' id='line_1_102' title="bbox 1999 3989 3588 4060; baseline -0.006 -9"><span class='ocrx_word' id='word_1_859' title='bbox 1999 4013 2071 4060; x_wconf 77' lang='lat' dir='ltr'><strong>xi,</strong></span> <span class='ocrx_word' id='word_1_860' title='bbox 2101 3997 2170 4050; x_wconf 77' lang='grc'>27</span> <span class='ocrx_word' id='word_1_861' title='bbox 2205 4015 2219 4049; x_wconf 85' lang='lat'><strong>:</strong></span> <span class='ocrx_word' id='word_1_862' title='bbox 2251 4007 2305 4050; x_wconf 93' lang='lat' dir='ltr'><strong>et</strong></span> <span class='ocrx_word' id='word_1_863' title='bbox 2332 3996 2507 4050; x_wconf 89' lang='lat' dir='ltr'><strong>insere</strong></span> <span class='ocrx_word' id='word_1_864' title='bbox 2537 4004 2588 4050; x_wconf 89' lang='lat' dir='ltr'><strong>te</strong></span> <span class='ocrx_word' id='word_1_865' title='bbox 2615 3996 2666 4049; x_wconf 91' lang='lat' dir='ltr'><strong>in</strong></span> <span class='ocrx_word' id='word_1_866' title='bbox 2703 3995 2802 4047; x_wconf 86' lang='lat' dir='ltr'><strong>hoc</strong></span> <span class='ocrx_word' id='word_1_867' title='bbox 2832 4002 3125 4055; x_wconf 67' lang='lat' dir='ltr'><strong>secretum,</strong></span> <span class='ocrx_word' id='word_1_868' title='bbox 3150 3999 3205 4043; x_wconf 87' lang='lat' dir='ltr'><strong>et</strong></span> <span class='ocrx_word' id='word_1_869' title='bbox 3255 3989 3396 4045; x_wconf 89' lang='lat' dir='ltr'><strong>inter</strong></span> <span class='ocrx_word' id='word_1_870' title='bbox 3428 4005 3588 4043; x_wconf 91' lang='lat' dir='ltr'><strong>unum</strong></span> 
     </span>
    </p>
   </div>
   <div class='ocr_carea' id='block_1_101' title="bbox 2005 4083 3595 4159">
    <p class='ocr_par' dir='ltr' id='par_1_101' title="bbox 2005 4083 3595 4159">
     <span class='ocr_line' id='line_1_103' title="bbox 2005 4083 3595 4159; baseline -0.005 -14"><span class='ocrx_word' id='word_1_871' title='bbox 2005 4091 2298 4159; x_wconf 77' lang='lat' dir='ltr'><strong>ingenitum</strong></span> <span class='ocrx_word' id='word_1_872' title='bbox 2327 4090 2513 4153; x_wconf 89' lang='lat' dir='ltr'><strong>Deum,</strong></span> <span class='ocrx_word' id='word_1_873' title='bbox 2547 4099 2599 4144; x_wconf 91' lang='lat' dir='ltr'><strong>et</strong></span> <span class='ocrx_word' id='word_1_874' title='bbox 2630 4105 2792 4142; x_wconf 91' lang='lat' dir='ltr'><strong>unum</strong></span> <span class='ocrx_word' id='word_1_875' title='bbox 2823 4086 3152 4157; x_wconf 73' lang='lat' dir='ltr'><strong>unigenitum</strong></span> <span class='ocrx_word' id='word_1_876' title='bbox 3182 4083 3369 4145; x_wconf 88' lang='lat' dir='ltr'><strong>Deum,</strong></span> <span class='ocrx_word' id='word_1_877' title='bbox 3397 4098 3595 4137; x_wconf 87' lang='lat' dir='ltr'><strong>arcano</strong></span> 
     </span>
    </p>
   </div>
   <div class='ocr_carea' id='block_1_102' title="bbox 2006 4178 3596 4253">
    <p class='ocr_par' dir='ltr' id='par_1_102' title="bbox 2006 4178 3596 4253">
     <span class='ocr_line' id='line_1_104' title="bbox 2006 4178 3596 4253; baseline -0.006 -15"><span class='ocrx_word' id='word_1_878' title='bbox 2006 4192 2059 4238; x_wconf 86' lang='lat' dir='ltr'><strong>te</strong></span> <span class='ocrx_word' id='word_1_879' title='bbox 2089 4183 2431 4253; x_wconf 85' lang='lat' dir='ltr'><strong>inopinabilis</strong></span> <span class='ocrx_word' id='word_1_880' title='bbox 2455 4183 2746 4239; x_wconf 80' lang='lat' dir='ltr'><strong>nativitatis</strong></span> <span class='ocrx_word' id='word_1_881' title='bbox 2776 4182 3057 4249; x_wconf 82' lang='lat' dir='ltr'><strong>immerge.</strong></span> <span class='ocrx_word' id='word_1_882' title='bbox 3082 4178 3282 4249; x_wconf 81' lang='lat' dir='ltr'><strong>[nt-ipe,</strong></span> <span class='ocrx_word' id='word_1_883' title='bbox 3316 4191 3596 4249; x_wconf 79' lang='lat' dir='ltr'><strong>procurro,</strong></span> 
     </span>
    </p>
   </div>
   <div class='ocr_carea' id='block_1_103' title="bbox 2009 4275 3598 4349">
    <p class='ocr_par' dir='ltr' id='par_1_103' title="bbox 2009 4275 3598 4349">
     <span class='ocr_line' id='line_1_105' title="bbox 2009 4275 3598 4349; baseline -0.006 -17"><span class='ocrx_word' id='word_1_884' title='bbox 2009 4279 2237 4346; x_wconf 83' lang='lat' dir='ltr'><strong>persiste</strong></span> <span class='ocrx_word' id='word_1_885' title='bbox 2270 4295 2283 4331; x_wconf 88' lang='lat'><strong>:</strong></span> <span class='ocrx_word' id='word_1_886' title='bbox 2314 4277 2415 4332; x_wconf 90' lang='lat' dir='ltr'><strong>etsi</strong></span> <span class='ocrx_word' id='word_1_887' title='bbox 2459 4292 2564 4332; x_wconf 91' lang='lat' dir='ltr'><strong>non</strong></span> <span class='ocrx_word' id='word_1_888' title='bbox 2601 4284 2987 4349; x_wconf 87' lang='lat' dir='ltr'><strong>perventurum</strong></span> <span class='ocrx_word' id='word_1_889' title='bbox 3019 4275 3208 4339; x_wconf 80' lang='lat' dir='ltr'><strong>sciam,</strong></span> <span class='ocrx_word' id='word_1_890' title='bbox 3254 4283 3431 4328; x_wconf 86' lang='lat' dir='ltr'><strong>tamen</strong></span> <span class='ocrx_word' id='word_1_891' title='bbox 3474 4285 3598 4342; x_wconf 84' lang='lat' dir='ltr'><strong>gra-</strong></span> 
     </span>
    </p>
   </div>
   <div class='ocr_carea' id='block_1_104' title="bbox 2073 4437 2573 4509">
    <p class='ocr_par' dir='ltr' id='par_1_104' title="bbox 2073 4437 2573 4509">
     <span class='ocr_line' id='line_1_106' title="bbox 2073 4437 2573 4509; baseline -0.002 -17"><span class='ocrx_word' id='word_1_892' title='bbox 2073 4438 2151 4505; x_wconf 76' lang='grc'>(5)</span> <span class='ocrx_word' id='word_1_893' title='bbox 2181 4437 2573 4509; x_wconf 86' lang='lat' dir='ltr'><strong>Intelligendus.</strong></span> 
     </span>
    </p>
   </div>
   <div class='ocr_carea' id='block_1_105' title="bbox 2074 4509 2435 4582">
    <p class='ocr_par' dir='ltr' id='par_1_105' title="bbox 2074 4509 2435 4582">
     <span class='ocr_line' id='line_1_107' title="bbox 2074 4509 2435 4582; baseline -0.006 -19"><span class='ocrx_word' id='word_1_894' title='bbox 2074 4509 2154 4582; x_wconf 75' lang='grc'>(4)</span> <span class='ocrx_word' id='word_1_895' title='bbox 2182 4510 2435 4582; x_wconf 71' lang='lat' dir='ltr'><strong>Requiris.</strong></span> 
     </span>
    </p>
   </div>
   <div class='ocr_carea' id='block_1_106' title="bbox 2073 4580 2545 4649">
    <p class='ocr_par' dir='ltr' id='par_1_106' title="bbox 2073 4580 2545 4649">
     <span class='ocr_line' id='line_1_108' title="bbox 2073 4580 2545 4649; baseline -0.004 -14"><span class='ocrx_word' id='word_1_896' title='bbox 2073 4580 2156 4649; x_wconf 85' lang='lat'><strong>(5)</strong></span> <span class='ocrx_word' id='word_1_897' title='bbox 2192 4580 2340 4647; x_wconf 87' lang='lat' dir='ltr'><strong>Quod</strong></span> <span class='ocrx_word' id='word_1_898' title='bbox 2362 4581 2545 4635; x_wconf 83' lang='lat' dir='ltr'><strong>nescis.</strong></span> 
     </span>
    </p>
   </div>
   <div class='ocr_carea' id='block_1_107' title="bbox 2074 4651 2364 4725">
    <p class='ocr_par' dir='ltr' id='par_1_107' title="bbox 2074 4651 2364 4725">
     <span class='ocr_line' id='line_1_109' title="bbox 2074 4651 2364 4725; baseline -0.014 -18"><span class='ocrx_word' id='word_1_899' title='bbox 2074 4652 2154 4725; x_wconf 79' lang='lat' dir='ltr'><strong>(ti)</strong></span> <span class='ocrx_word' id='word_1_900' title='bbox 2187 4651 2364 4706; x_wconf 86' lang='lat' dir='ltr'><strong>Dedit.</strong></span> 
     </span>
    </p>
   </div>
   <div class='ocr_carea' id='block_1_108' title="bbox 2075 4716 3553 4798">
    <p class='ocr_par' dir='ltr' id='par_1_108' title="bbox 2075 4716 3553 4798">
     <span class='ocr_line' id='line_1_110' title="bbox 2075 4716 3553 4798; baseline -0.006 -23"><span class='ocrx_word' id='word_1_901' title='bbox 2075 4716 2154 4798; x_wconf 83' lang='lat'><strong>(7)</strong></span> <span class='ocrx_word' id='word_1_902' title='bbox 2184 4725 2287 4780; x_wconf 87' lang='lat' dir='ltr'><strong>Per</strong></span> <span class='ocrx_word' id='word_1_903' title='bbox 2306 4722 2608 4795; x_wconf 64' lang='lat' dir='ltr'><strong>proythetam</strong></span> <span class='ocrx_word' id='word_1_904' title='bbox 2635 4719 2937 4775; x_wconf 83' lang='lat' dir='ltr'><strong>clamantem</strong></span> <span class='ocrx_word' id='word_1_905' title='bbox 2960 4716 3214 4788; x_wconf 87' lang='lat' dir='ltr'><strong>Spiritum</strong></span> <span class='ocrx_word' id='word_1_906' title='bbox 3234 4721 3489 4769; x_wconf 85' lang='lat' dir='ltr'><strong>sanctum.</strong></span> <span class='ocrx_word' id='word_1_907' title='bbox 3544 4784 3553 4789; x_wconf 22' lang='lat' dir='ltr'><em>t</em></span> 
     </span>
    </p>
   </div>
   <div class='ocr_carea' id='block_1_109' title="bbox 2005 4914 3594 4998">
    <p class='ocr_par' dir='ltr' id='par_1_109' title="bbox 2005 4914 3594 4998">
     <span class='ocr_line' id='line_1_111' title="bbox 2005 4914 3594 4998; baseline -0.009 -15"><span class='ocrx_word' id='word_1_908' title='bbox 2005 4926 2240 4998; x_wconf 56' lang='lat' dir='ltr'><strong>Remig,</strong></span> <span class='ocrx_word' id='word_1_909' title='bbox 2274 4924 2582 4998; x_wconf 63' lang='lat' dir='ltr'><strong>intellectus.</strong></span> <span class='ocrx_word' id='word_1_910' title='bbox 2623 4921 2946 4998; x_wconf 79' lang='lat' dir='ltr'><strong>Luculentcr</strong></span> <span class='ocrx_word' id='word_1_911' title='bbox 2984 4918 3127 4998; x_wconf 77' lang='lat' dir='ltr'><strong>enim</strong></span> <span class='ocrx_word' id='word_1_912' title='bbox 3171 4914 3384 4996; x_wconf 80' lang='lat' dir='ltr'><strong>Patrem</strong></span> <span class='ocrx_word' id='word_1_913' title='bbox 3417 4924 3473 4997; x_wconf 77' lang='lat' dir='ltr'><strong>et</strong></span> <span class='ocrx_word' id='word_1_914' title='bbox 3501 4915 3594 4970; x_wconf 87' lang='lat' dir='ltr'><strong>Fi-</strong></span> 
     </span>
    </p>
   </div>
   <div class='ocr_carea' id='block_1_110' title="bbox 2004 4986 3602 5069">
    <p class='ocr_par' dir='ltr' id='par_1_110' title="bbox 2004 4986 3602 5069">
     <span class='ocr_line' id='line_1_112' title="bbox 2004 4986 3602 5069; baseline -0.009 -16"><span class='ocrx_word' id='word_1_915' title='bbox 2004 5000 2132 5054; x_wconf 89' lang='lat' dir='ltr'><strong>lium</strong></span> <span class='ocrx_word' id='word_1_916' title='bbox 2160 4986 2415 5069; x_wconf 56' lang='lat' dir='ltr'><strong>praedicat</strong></span> <span class='ocrx_word' id='word_1_917' title='bbox 2440 4995 2810 5069; x_wconf 71' lang='lat' dir='ltr'><strong>Evangeliutu,</strong></span> <span class='ocrx_word' id='word_1_918' title='bbox 2835 4989 3074 5061; x_wconf 67' lang='lat' dir='ltr'><strong>quamvis</strong></span> <span class='ocrx_word' id='word_1_919' title='bbox 3098 4986 3470 5068; x_wconf 74' lang='lat' dir='ltr'><strong>generationis</strong></span> <span class='ocrx_word' id='word_1_920' title='bbox 3487 5001 3602 5040; x_wconf 86' lang='lat' dir='ltr'><strong>mo-</strong></span> 
     </span>
    </p>
   </div>
   <div class='ocr_carea' id='block_1_111' title="bbox 2004 5059 3599 5136">
    <p class='ocr_par' dir='ltr' id='par_1_111' title="bbox 2004 5059 3599 5136">
     <span class='ocr_line' id='line_1_113' title="bbox 2004 5059 3599 5136; baseline -0.008 -11"><span class='ocrx_word' id='word_1_921' title='bbox 2004 5072 2128 5125; x_wconf 90' lang='lat' dir='ltr'><strong>dum</strong></span> <span class='ocrx_word' id='word_1_922' title='bbox 2160 5059 2405 5125; x_wconf 53' lang='lat' dir='ltr'><strong>&#39;silentiu</strong></span> <span class='ocrx_word' id='word_1_923' title='bbox 2443 5059 2613 5136; x_wconf 56' lang='lat' dir='ltr'><strong>tegat:</strong></span> <span class='ocrx_word' id='word_1_924' title='bbox 2637 5064 2821 5135; x_wconf 85' lang='lat' dir='ltr'><strong>Itaque</strong></span> <span class='ocrx_word' id='word_1_925' title='bbox 2857 5059 3114 5116; x_wconf 78' lang='lat' dir='ltr'><strong>tenemus</strong></span> <span class='ocrx_word' id='word_1_926' title='bbox 3149 5074 3295 5121; x_wconf 86' lang='lat' dir='ltr'><strong>rem,</strong></span> <span class='ocrx_word' id='word_1_927' title='bbox 3328 5059 3599 5113; x_wconf 90' lang='lat' dir='ltr'><strong>nescimus</strong></span> 
     </span>
    </p>
   </div>
   <div class='ocr_carea' id='block_1_112' title="bbox 2003 5144 2243 5197">
    <p class='ocr_par' dir='ltr' id='par_1_112' title="bbox 2003 5144 2243 5197">
     <span class='ocr_line' id='line_1_114' title="bbox 2003 5144 2243 5197; baseline 0 0"><span class='ocrx_word' id='word_1_928' title='bbox 2003 5144 2218 5197; x_wconf 88' lang='lat' dir='ltr'><strong>modum</strong></span> <span class='ocrx_word' id='word_1_929' title='bbox 2230 5182 2243 5197; x_wconf 92' lang='lat'><strong>.</strong></span> 
     </span>
    </p>
   </div>
   <div class='ocr_carea' id='block_1_113' title="bbox 2076 5201 3599 5286">
    <p class='ocr_par' dir='ltr' id='par_1_113' title="bbox 2076 5201 3599 5286">
     <span class='ocr_line' id='line_1_115' title="bbox 2076 5201 3599 5286; baseline -0.01 -18"><span class='ocrx_word' id='word_1_930' title='bbox 2076 5212 2306 5286; x_wconf 76' lang='lat' dir='ltr'><strong>(g)_Mss_.</strong></span> <span class='ocrx_word' id='word_1_931' title='bbox 2341 5224 2449 5286; x_wconf 72' lang='lat' dir='ltr'><strong>uno</strong></span> <span class='ocrx_word' id='word_1_932' title='bbox 2475 5216 2854 5286; x_wconf 81' lang='lat' dir='ltr'><strong>e_xcepto__non</strong></span> <span class='ocrx_word' id='word_1_933' title='bbox 2889 5204 3089 5286; x_wconf 55' lang='lat' dir='ltr'><strong>habent</strong></span> <span class='ocrx_word' id='word_1_934' title='bbox 3118 5246 3131 5265; x_wconf 87' lang='lat'><strong>,</strong></span> <span class='ocrx_word' id='word_1_935' title='bbox 3188 5211 3255 5263; x_wconf 84' lang='lat' dir='ltr'><strong>et,</strong></span> <span class='ocrx_word' id='word_1_936' title='bbox 3288 5201 3391 5286; x_wconf 58' lang='lat' dir='ltr'><strong>Qui</strong></span> <span class='ocrx_word' id='word_1_937' title='bbox 3431 5209 3504 5254; x_wconf 77' lang='lat' dir='ltr'><strong>est</strong></span> <span class='ocrx_word' id='word_1_938' title='bbox 3544 5201 3599 5254; x_wconf 86' lang='lat' dir='ltr'><strong>in</strong></span> 
     </span>
    </p>
   </div>
   <div class='ocr_carea' id='block_1_114' title="bbox 2004 5273 3382 5339">
    <p class='ocr_par' dir='ltr' id='par_1_114' title="bbox 2004 5273 3382 5339">
     <span class='ocr_line' id='line_1_116' title="bbox 2004 5273 3382 5339; baseline -0.009 0"><span class='ocrx_word' id='word_1_939' title='bbox 2004 5273 2345 5339; x_wconf 44' lang='lat' dir='ltr'><strong>sin‘ti&#39;Patris.</strong></span> <span class='ocrx_word' id='word_1_940' title='bbox 2376 5281 2473 5334; x_wconf 81' lang='lat' dir='ltr'><strong>Hic</strong></span> <span class='ocrx_word' id='word_1_941' title='bbox 2500 5273 2651 5334; x_wconf 79' lang='lat' dir='ltr'><strong>locus</strong></span> <span class='ocrx_word' id='word_1_942' title='bbox 2676 5279 2835 5331; x_wconf 89' lang='lat' dir='ltr'><strong>aliter</strong></span> <span class='ocrx_word' id='word_1_943' title='bbox 2864 5276 3085 5330; x_wconf 74' lang='lat' dir='ltr'><strong>aﬂ‘ertur</strong></span> <span class='ocrx_word' id='word_1_944' title='bbox 3118 5290 3264 5327; x_wconf 77' lang='lat' dir='ltr'><strong>nutu.</strong></span> <span class='ocrx_word' id='word_1_945' title='bbox 3290 5273 3382 5327; x_wconf 73' lang='grc'><strong>25.</strong></span> 
     </span>
    </p>
   </div>
   <div class='ocr_carea' id='block_1_115' title="bbox 2084 5342 3601 5425">
    <p class='ocr_par' dir='ltr' id='par_1_115' title="bbox 2084 5342 3601 5425">
     <span class='ocr_line' id='line_1_117' title="bbox 2084 5342 3601 5425; baseline -0.009 -17"><span class='ocrx_word' id='word_1_946' title='bbox 2084 5354 2388 5425; x_wconf 14' lang='lat' dir='ltr'><strong>(h)7Vocetu</strong></span> <span class='ocrx_word' id='word_1_947' title='bbox 2440 5350 2594 5425; x_wconf 71' lang='lat' dir='ltr'><strong>Pater</strong></span> <span class='ocrx_word' id='word_1_948' title='bbox 2639 5349 2891 5425; x_wconf 78' lang='lat' dir='ltr'><strong>omittunt</strong></span> <span class='ocrx_word' id='word_1_949' title='bbox 2938 5346 3179 5425; x_wconf 73' lang='lat' dir='ltr'><strong>plerique</strong></span> <span class='ocrx_word' id='word_1_950' title='bbox 3207 5359 3355 5425; x_wconf 64' lang='lat' dir='ltr'><strong>mss.</strong></span> <span class='ocrx_word' id='word_1_951' title='bbox 3386 5342 3601 5425; x_wconf 3' lang='lat' dir='ltr'><strong>(Deinde</strong></span> 
     </span>
    </p>
   </div>
   <div class='ocr_carea' id='block_1_116' title="bbox 2010 5415 3595 5493">
    <p class='ocr_par' dir='ltr' id='par_1_116' title="bbox 2010 5415 3595 5493">
     <span class='ocr_line' id='line_1_118' title="bbox 2010 5415 3595 5493; baseline -0.009 -12"><span class='ocrx_word' id='word_1_952' title='bbox 2010 5415 2105 5493; x_wconf 83' lang='lat' dir='ltr'><strong>pro</strong></span> <span class='ocrx_word' id='word_1_953' title='bbox 2140 5415 2296 5489; x_wconf 76' lang='lat' dir='ltr'><strong>Filio,</strong></span> <span class='ocrx_word' id='word_1_954' title='bbox 2352 5438 2482 5476; x_wconf 54' lang='lat' dir='ltr'><strong>tusz.</strong></span> <span class='ocrx_word' id='word_1_955' title='bbox 2520 5420 2639 5474; x_wconf 87' lang='lat' dir='ltr'><strong>Vat.</strong></span> <span class='ocrx_word' id='word_1_956' title='bbox 2685 5420 2819 5493; x_wconf 84' lang='lat' dir='ltr'><strong>bas._</strong></span> <span class='ocrx_word' id='word_1_957' title='bbox 2853 5415 3394 5493; x_wconf 27' lang='lat' dir='ltr'><strong>et‘CarnLeshihent</strong></span> <span class='ocrx_word' id='word_1_958' title='bbox 3446 5415 3595 5493; x_wconf 69' lang='lat' dir='ltr'><strong>mihi.</strong></span> 
     </span>
    </p>
   </div>
   <div class='ocr_carea' id='block_1_117' title="bbox 2013 5484 3603 5553">
    <p class='ocr_par' dir='ltr' id='par_1_117' title="bbox 2013 5484 3603 5553">
     <span class='ocr_line' id='line_1_119' title="bbox 2013 5484 3603 5553; baseline -0.01 0"><span class='ocrx_word' id='word_1_959' title='bbox 2013 5484 2167 5553; x_wconf 83' lang='lat' dir='ltr'><strong>lluuc</strong></span> <span class='ocrx_word' id='word_1_960' title='bbox 2214 5484 2384 5549; x_wconf 86' lang='lat' dir='ltr'><strong>locum</strong></span> <span class='ocrx_word' id='word_1_961' title='bbox 2440 5509 2544 5546; x_wconf 88' lang='lat' dir='ltr'><strong>non</strong></span> <span class='ocrx_word' id='word_1_962' title='bbox 2592 5492 2760 5545; x_wconf 89' lang='lat' dir='ltr'><strong>semel</strong></span> <span class='ocrx_word' id='word_1_963' title='bbox 2810 5489 2987 5543; x_wconf 89' lang='lat' dir='ltr'><strong>laudat</strong></span> <span class='ocrx_word' id='word_1_964' title='bbox 3041 5486 3305 5541; x_wconf 89' lang='lat' dir='ltr'><strong>Ililarins:</strong></span> <span class='ocrx_word' id='word_1_965' title='bbox 3358 5494 3413 5539; x_wconf 87' lang='lat' dir='ltr'><strong>at</strong></span> <span class='ocrx_word' id='word_1_966' title='bbox 3460 5484 3603 5539; x_wconf 89' lang='lat' dir='ltr'><strong>unde</strong></span> 
     </span>
    </p>
   </div>
   <div class='ocr_carea' id='block_1_118' title="bbox 2013 5555 3598 5631">
    <p class='ocr_par' dir='ltr' id='par_1_118' title="bbox 2013 5555 3598 5631">
     <span class='ocr_line' id='line_1_120' title="bbox 2013 5555 3598 5631; baseline -0.008 -8"><span class='ocrx_word' id='word_1_967' title='bbox 2013 5567 2215 5631; x_wconf 82' lang='lat' dir='ltr'><strong>laudet,</strong></span> <span class='ocrx_word' id='word_1_968' title='bbox 2248 5568 2531 5620; x_wconf 87' lang='lat' dir='ltr'><strong>incertum.</strong></span> <span class='ocrx_word' id='word_1_969' title='bbox 2563 5562 2741 5615; x_wconf 82' lang='lat' dir='ltr'><strong>Videri</strong></span> <span class='ocrx_word' id='word_1_970' title='bbox 2773 5570 2955 5631; x_wconf 83' lang='lat' dir='ltr'><strong>posset</strong></span> <span class='ocrx_word' id='word_1_971' title='bbox 3002 5558 3127 5611; x_wconf 88' lang='lat' dir='ltr'><strong>illttd</strong></span> <span class='ocrx_word' id='word_1_972' title='bbox 3151 5557 3348 5631; x_wconf 25' lang='lat' dir='ltr'><strong>‘Matth.</strong></span> <span class='ocrx_word' id='word_1_973' title='bbox 3377 5572 3428 5610; x_wconf 66' lang='grc' dir='ltr'><strong>χι</strong></span> <span class='ocrx_word' id='word_1_974' title='bbox 3453 5597 3465 5617; x_wconf 85' lang='grc'><em>,</em></span> <span class='ocrx_word' id='word_1_975' title='bbox 3495 5555 3598 5610; x_wconf 74' lang='lat'><strong>25:</strong></span> 
     </span>
    </p>
   </div>
   <div class='ocr_carea' id='block_1_119' title="bbox 2018 5628 3605 5701">
    <p class='ocr_par' dir='ltr' id='par_1_119' title="bbox 2018 5628 3605 5701">
     <span class='ocr_line' id='line_1_121' title="bbox 2018 5628 3605 5701; baseline -0.009 -7"><span class='ocrx_word' id='word_1_976' title='bbox 2018 5628 2211 5693; x_wconf 77' lang='lat' dir='ltr'><strong>Omnia</strong></span> <span class='ocrx_word' id='word_1_977' title='bbox 2246 5637 2371 5691; x_wconf 86' lang='lat' dir='ltr'><strong>mihi</strong></span> <span class='ocrx_word' id='word_1_978' title='bbox 2394 5636 2582 5690; x_wconf 82' lang='lat' dir='ltr'><strong>tradita</strong></span> <span class='ocrx_word' id='word_1_979' title='bbox 2609 5641 2726 5685; x_wconf 84' lang='lat' dir='ltr'><strong>sunt</strong></span> <span class='ocrx_word' id='word_1_980' title='bbox 2773 5628 2805 5686; x_wconf 78' lang='lat' dir='ltr'><strong>tt</strong></span> <span class='ocrx_word' id='word_1_981' title='bbox 2846 5630 3028 5695; x_wconf 83' lang='lat' dir='ltr'><strong>Patre,</strong></span> <span class='ocrx_word' id='word_1_982' title='bbox 3081 5628 3165 5683; x_wconf 82' lang='lat' dir='ltr'><strong>vel</strong></span> <span class='ocrx_word' id='word_1_983' title='bbox 3195 5643 3259 5682; x_wconf 80' lang='lat' dir='ltr'><strong>ex</strong></span> <span class='ocrx_word' id='word_1_984' title='bbox 3288 5638 3605 5701; x_wconf 11' lang='lat' dir='ltr'><strong>sensutaggt-</strong></span> 
     </span>
    </p>
   </div>
   <div class='ocr_carea' id='block_1_120' title="bbox 2012 5696 3605 5776">
    <p class='ocr_par' dir='ltr' id='par_1_120' title="bbox 2012 5696 3605 5776">
     <span class='ocr_line' id='line_1_122' title="bbox 2012 5696 3605 5776; baseline -0.007 -12"><span class='ocrx_word' id='word_1_985' title='bbox 2012 5724 2123 5766; x_wconf 89' lang='lat' dir='ltr'><strong>tum</strong></span> <span class='ocrx_word' id='word_1_986' title='bbox 2150 5709 2233 5763; x_wconf 85' lang='lat' dir='ltr'><strong>vel</strong></span> <span class='ocrx_word' id='word_1_987' title='bbox 2263 5724 2327 5762; x_wconf 79' lang='lat' dir='ltr'><strong>ex</strong></span> <span class='ocrx_word' id='word_1_988' title='bbox 2374 5706 2627 5776; x_wconf 83' lang='lat' dir='ltr'><strong>singulari</strong></span> <span class='ocrx_word' id='word_1_989' title='bbox 2651 5704 2902 5776; x_wconf 66' lang='lat' dir='ltr'><strong>versione</strong></span> <span class='ocrx_word' id='word_1_990' title='bbox 2948 5714 3283 5776; x_wconf 63' lang='lat' dir='ltr'><strong>memorare,</strong></span> <span class='ocrx_word' id='word_1_991' title='bbox 3330 5696 3434 5754; x_wconf 86' lang='lat' dir='ltr'><strong>nisi</strong></span> <span class='ocrx_word' id='word_1_992' title='bbox 3469 5696 3605 5753; x_wconf 77' lang='lat' dir='ltr'><strong>infra</strong></span> 
     </span>
    </p>
   </div>
   <div class='ocr_carea' id='block_1_121' title="bbox 2016 5773 3495 5845">
    <p class='ocr_par' dir='ltr' id='par_1_121' title="bbox 2016 5773 3495 5845">
     <span class='ocr_line' id='line_1_123' title="bbox 2016 5773 3495 5845; baseline -0.011 -7"><span class='ocrx_word' id='word_1_993' title='bbox 2016 5784 2109 5838; x_wconf 93' lang='lat' dir='ltr'><strong>lih.</strong></span> <span class='ocrx_word' id='word_1_994' title='bbox 2140 5796 2212 5841; x_wconf 82' lang='lat' dir='ltr'><strong>vi.</strong></span> <span class='ocrx_word' id='word_1_995' title='bbox 2247 5797 2300 5833; x_wconf 81' lang='grc' dir='ltr'><strong>ιι.</strong></span> <span class='ocrx_word' id='word_1_996' title='bbox 2329 5778 2422 5845; x_wconf 73' lang='lat'><strong>2‘2,</strong></span> <span class='ocrx_word' id='word_1_997' title='bbox 2456 5773 2508 5832; x_wconf 80' lang='lat' dir='ltr'><strong>et</strong></span> <span class='ocrx_word' id='word_1_998' title='bbox 2538 5776 2663 5831; x_wconf 79' lang='lat' dir='ltr'><strong>alibi</strong></span> <span class='ocrx_word' id='word_1_999' title='bbox 2702 5775 2981 5830; x_wconf 89' lang='lat' dir='ltr'><strong>uobiscum</strong></span> <span class='ocrx_word' id='word_1_1000' title='bbox 3009 5773 3358 5845; x_wconf 82' lang='lat' dir='ltr'><strong>consentiret.</strong></span> <span class='ocrx_word' id='word_1_1001' title='bbox 3488 5829 3495 5845; x_wconf 32' lang='grc' dir='ltr'><strong><em>ἶ</em></strong></span> 
     </span>
    </p>
   </div>
   <div class='ocr_carea' id='block_1_122' title="bbox 2093 5838 3524 5926">
    <p class='ocr_par' dir='ltr' id='par_1_122' title="bbox 2093 5838 3524 5926">
     <span class='ocr_line' id='line_1_124' title="bbox 2093 5838 3524 5926; baseline -0.009 -19"><span class='ocrx_word' id='word_1_1002' title='bbox 2093 5851 2152 5926; x_wconf 78' lang='grc' dir='ltr'><strong>(ἱ)</strong></span> <span class='ocrx_word' id='word_1_1003' title='bbox 2189 5838 2259 5906; x_wconf 64' lang='grc' dir='ltr'><strong>Ιὶίι</strong></span> <span class='ocrx_word' id='word_1_1004' title='bbox 2289 5838 2421 5907; x_wconf 65' lang='grc' dir='ltr'><strong>ωδε.</strong></span> <span class='ocrx_word' id='word_1_1005' title='bbox 2451 5853 2518 5905; x_wconf 82' lang='lat' dir='ltr'><strong>At</strong></span> <span class='ocrx_word' id='word_1_1006' title='bbox 2544 5847 2673 5905; x_wconf 87' lang='lat' dir='ltr'><strong>editi</strong></span> <span class='ocrx_word' id='word_1_1007' title='bbox 2705 5888 2719 5917; x_wconf 94' lang='lat'><strong>,</strong></span> <span class='ocrx_word' id='word_1_1008' title='bbox 2753 5854 2845 5918; x_wconf 64' lang='lat' dir='ltr'><strong>per</strong></span> <span class='ocrx_word' id='word_1_1009' title='bbox 2874 5843 3175 5917; x_wconf 78' lang='lat' dir='ltr'><strong>pt&#39;Ophetam</strong></span> <span class='ocrx_word' id='word_1_1010' title='bbox 3204 5838 3524 5897; x_wconf 73' lang='lat' dir='ltr'><strong>chun&#39;antetn.</strong></span> 
     </span>
    </p>
   </div>
  </div>
