4216 6254
609 283 679 339 59
1818 277 2066 337 SANCTI
2104 275 2364 335 IllLARll
2401 271 2714 335 EPISCOPI
3844 279 3921 335 (0

610 399 822 455 tutabor
870 397 1260 471 profecturum.
1291 397 1392 466 Qui
1423 398 1568 453 enim
1620 396 1706 468 pie
1756 393 1966 451 inﬁnita
2020 393 2437 465 perse—Atiam
2461 391 2605 446 enim
2653 391 2748 448 Dei
2785 366 3232 465 reprobaverunt.
3290 392 3537 450 Scribam
3590 409 3721 466 ergo
3772 395 3910 466 legis

611 493 816 566 quitur,
850 492 951 549 etsi
982 507 1089 549 non
1151 490 1429 561 contingat
1479 488 1789 561 aliquando,
1837 496 2019 544 tamen
2049 487 2213 559 proli-

610 588 718 644 ciet
761 586 1097 659 prodeundo.
1141 585 1264 645 Stat
1313 585 1368 641 in
1419 585 1522 640 hoc
1566 584 1645 658 (a)
1700 581 2058 656 intelligentia
2105 580 2214 638 ﬁne

612 681 926 738 verborum.

687 775 774 829 11.
811 772 938 828 Filii
955 782 1163 827 natura.
1186 770 1341 826 Fidei
1378 770 1694 844 ofﬁrium.-—
1721 768 1815 824 Est
1837 767 2010 824 Filius
2040 765 2114 838 (b)
2148 766 2216 823 ab

617 883 685 923 eo
748 878 900 938 patre
954 867 1043 937 qui
1102 874 1213 934 est,
1249 866 1554 936 unigenitus
1585 862 1653 920 ab
1709 861 1967 934 ingenito,
2023 874 2215 931 proge-

612 962 730 1017 nies
760 977 788 1015 a
822 968 1066 1030 parente,
1100 960 1256 1015 vivus
1282 975 1309 1013 a
1338 960 1480 1014 vivo.
1514 957 1586 1013 Ut
1614 956 1759 1012 Patri
1784 956 1892 1011 vita
1924 955 1978 1010 in
2017 962 2218 1011 semet-

611 1054 748 1122 ipso,
804 1053 874 1107 ita
908 1062 961 1108 et
989 1051 1128 1107 Filio
1173 1051 1299 1107 data
1346 1060 1427 1106 est
1472 1050 1581 1105 vita
1627 1049 1679 1104 in
1736 1048 2052 1118 semetipso.
2086 1046 2217 1102 Per-

612 1145 782 1201 fectus
817 1161 846 1200 a
879 1147 1139 1215 perfecto,
1175 1145 1299 1216 quia
1328 1153 1474 1199 totus
1501 1160 1529 1199 a
1559 1153 1711 1211 toto;
1744 1158 1850 1198 non
1904 1141 2099 1198 divisio
2122 1150 2215 1196 aut

613 1237 885 1306 discissio,
919 1237 1043 1308 quia
1074 1236 1144 1309 (ε)
1175 1238 1312 1292 alter
1335 1238 1388 1291 in
1421 1235 1618 1304 altero,
1672 1245 1725 1289 et
1756 1233 2032 1305 plenitudo
2076 1233 2213 1287 divi.

614 1332 800 1388 uitatis
832 1332 884 1387 in
913 1332 1055 1388 Filio
1100 1340 1202 1387 est.
1263 1328 1836 1402 Inoomprchensibilis
1891 1329 1959 1383 ab
2006 1328 2216 1383 ineoru-

616 1425 1009 1497 preheusibili;
1058 1425 1206 1478 novit
1253 1424 1396 1478 enim
1429 1439 1624 1491 nemo,
1678 1422 1782 1477 nisi
1832 1421 2087 1476 invicem.
2132 1420 2218 1475 ln-

616 1519 845 1575 visibilis
886 1519 954 1573 ab
985 1516 1274 1572 invisibili:
1305 1514 1416 1589 35
1438 1517 1560 1585 quia
1604 1517 1780 1584 imago
1809 1514 1903 1570 Dei
1934 1512 2218 1569 invisibilis

615 1619 702 1667 est
731 1628 745 1676 ;
774 1623 828 1667 et
857 1610 979 1681 quia
1012 1610 1103 1679 qui
1133 1608 1265 1663 vidit
1312 1608 1532 1673 Filium,
1558 1606 1691 1663 vidit
1721 1618 1774 1663 et
1799 1608 2037 1662 Patrem.
2065 1606 2217 1661 Alius

616 1705 685 1759 ab
715 1704 820 1758 alio
851 1720 866 1769 ;
910 1703 1031 1773 quia
1063 1712 1215 1773 pater
1245 1711 1299 1758 et
1331 1701 1474 1758 ﬁlius
1507 1719 1521 1755 :
1556 1716 1663 1756 non
1705 1709 1890 1755 natura
1922 1700 2217 1755 divinitatis

2317 487 2597 545 consulam
2623 487 2646 542 ?
2676 485 2781 545 Sed
2812 486 3021 558 ignorat
3050 505 3066 554 ;
3097 488 3223 559 quia
3253 486 3302 543 ei
3330 503 3465 545 crux
3511 487 3713 547 Christi
3756 503 3919 545 scan—

2315 579 2496 636 dalum
2535 588 2638 635 est.
2671 578 2940 637 Hortabor
2963 578 3105 636 forte
3131 595 3229 636 vos
3265 579 3561 636 connivere
3609 591 3662 637 et
3709 589 3914 648 tacere,

2315 673 2439 745 quia
2483 671 2551 727 ad
2580 672 2989 729 venerationem
3020 672 3154 728 satis
3183 672 3255 729 sit
3283 671 3400 743 ejus
3425 672 3515 744 qui
3564 672 3915 744 prmdicatnr,

2314 766 2559 837 leprosos
2604 764 2927 821 emundatos
2972 764 3158 833 fuisse,
3191 764 3384 820 surdos
3429 764 3667 832 audisse,
3697 764 3923 820 claudos

2313 861 2640 926 cucurrisse,
2689 860 3015 932 paralyticos
3043 858 3375 926 constitisse,
3404 874 3581 915 erecos
3614 860 3694 929 (5)
3730 858 3917 915 lumen

2315 954 2616 1024 recepisse,
2669 968 2872 1008 caecum
2942 952 3011 1007 ab
3069 962 3223 1008 utero
3269 953 3457 1009 oculos
3511 961 3863 1009 consecutum
3891 993 3911 1020 ,

2317 1046 2592 1103 daemonas
2646 1046 2879 1119 fugatos,
2951 1056 3185 1117 aegrotos
3257 1045 3595 1112 revaluisse,
3670 1054 3916 1101 mortuos

2316 1141 2572 1198 vixisse?
2623 1140 2730 1199 Sed
2802 1141 2921 1197 haec
2991 1140 3229 1197 haeretici
3280 1140 3624 1213 conﬁtentur,
3685 1148 3742 1197 et
3792 1154 3923 1211 rer-

2318 1242 2467 1291 eunt.

2397 1328 2485 1383 l5.
2514 1325 2709 1381 Eadem
2735 1325 2979 1397 piscatori
3005 1326 3248 1382 revelata.
3281 1324 3505 1381 Verbum
3531 1334 3604 1381 est
3633 1342 3666 1381 a
3694 1334 3926 1397 tempore

2319 1420 2644 1477 liberum.——-
2663 1421 2986 1490 ExSpectate
3017 1421 3198 1491 itaque
3235 1418 3366 1475 nihil
3393 1419 3574 1475 minus
3605 1418 3922 1475 claudorum

2318 1530 2501 1581 cursu,
2524 1528 2792 1569 emcornm
2821 1512 2959 1579 visu,
3008 1511 3134 1584 fuga
3166 1511 3496 1580 daemonum,
3524 1513 3630 1569 vita
3680 1521 3926 1569 mortuo.

2315 1622 2455 1663 rum.
2483 1606 2562 1677 (4)
2592 1603 2848 1661 Consistit
2871 1605 3014 1661 enim
3052 1607 3285 1673 mecum,
3328 1605 3381 1660 in
3424 1605 3783 1675 patrocinium
3813 1605 3930 1662 edi-

2323 1711 2495 1757 tarum
2517 1701 2764 1770 superius
2792 1698 3193 1766 difﬁcultatum,
3225 1698 3457 1770 piscator
3471 1690 3655 1770 egens,
3674 1698 3752 1772 (5)
3774 1696 3929 1770 igna-

615 1795 718 1849 alia
765 1804 818 1849 et
848 1794 993 1860 alia;
1027 1794 1151 1865 quia
1177 1792 1338 1848 ambo
1365 1808 1550 1847 unutn.
1585 1795 1725 1847 Deus
1755 1808 1785 1846 a
1810 1792 1940 1857 Deo,
1988 1791 2057 1846 ab
2103 1804 2211 1845 uno
2242 1786 2289 1847 B
2316 1808 2429 1860 rus,
2485 1793 2750 1858 indoctus,
2803 1791 3051 1848 manibus
3102 1791 3209 1846 lino
3258 1789 3338 1862 (6)
3399 1800 3714 1863 occupatus,
3767 1802 3920 1851 veste

617 1884 857 1957 ingenito
888 1886 998 1940 Deo
1036 1898 1177 1938 unus
1233 1883 1538 1953 unigenitus
1587 1883 1762 1949 Dens;
1810 1897 1917 1937 non
1968 1881 2044 1937 dii
2085 1882 2214 1952 duo,

616 1980 711 2034 sed
737 1995 876 2034 unus
905 1978 975 2033 ab
998 1992 1138 2045 uno;
1172 1992 1277 2032 non
1320 1977 1541 2047 ingeniti
1574 1976 1703 2042 duo,
1754 1977 1876 2048 quia
1932 1984 2089 2031 natus
2134 1986 2220 2032 est

619 2073 688 2127 ab
717 2073 941 2138 innato;
971 2071 1108 2126 alter
1136 2070 1204 2124 ab
1234 2070 1405 2125 altero
1437 2059 1576 2124 nihil
1626 2070 1904 2137 dill‘erens,
1936 2070 2059 2140 quia
2109 2070 2219 2124 vita

637 2165 871 2220 viventis
934 2163 987 2217 in
1038 2164 1161 2217 vivo
1210 2173 1315 2219 est.
1389 2163 1516 2219 Haec
1560 2163 1628 2218 de
1686 2173 1878 2218 natura
1923 2162 2220 2219 divinitatis

625 2258 707 2328 (1)
732 2255 1027 2327 attigimus,
1052 2270 1158 2310 non
1181 2269 1447 2311 summam
1474 2254 1839 2327 intelligentiae
1855 2254 2218 2325 comprehen-

621 2349 836 2417 dentes,
865 2347 1335 2419 sedintelligentes
1360 2363 1483 2404 esse
1505 2346 2068 2417 incomprehensibilia
2100 2362 2220 2418 qna:

619 2443 928 2514 loquamur.
955 2441 1170 2496 Nullum
1196 2456 1346 2512 ergo,
1382 2440 1463 2512 (‘2)
1496 2441 1654 2503 dicis,
1688 2439 1925 2496 ofﬁcium
1958 2450 2043 2496 est
2072 2439 2218 2507 lidci,

618 2538 663 2592 si
723 2535 855 2590 nihil
903 2535 1103 2605 poterit
1147 2534 1558 2605 comprehendi.
1610 2536 1782 2590 Immo
1830 2534 1931 2590 hoc
1981 2533 2220 2590 cilicium

616 2627 755 2683 ﬁdes
802 2626 1140 2699 proﬁteatur,
1191 2627 1246 2683 id
1292 2628 1436 2684 unde
1482 2629 1750 2700 quaeritur
1806 2628 2223 2700 incomprehen—

617 2720 775 2776 sibile
800 2720 900 2775 sibi
925 2734 1046 2776 esse
1088 2735 1149 2776 se
1184 2720 1348 2777 scire.

692 2813 778 2868 1‘2.
807 2812 1085 2868 Getteratio
1113 2812 1240 2869 Filii
1266 2815 1394 2882 Dei,
1425 2817 1603 2889 ignota
1650 2815 1967 2890 sapientibus
2017 2818 2217 2889 mundi,

617 2906 799 2962 scribis
826 2907 984 2978 legis,
1028 2908 1298 2963 miraculis
1327 2926 1430 2964 non
1458 2911 1582 2965 satis
1605 2911 1838 2979 probata.
1870 2940 1942 2952 —
1960 2911 2223 2982 Superest

615 2999 685 3056 de
737 2999 1089 3055 inenarrabili
1138 3001 1489 3070 generatione
1556 3001 1678 3056 Filii
1734 3003 1911 3060 adhuc
1975 3003 2220 3075 aliquid,

618 3091 786 3147 immo
816 3091 1021 3163 aliquid
1077 3092 1208 3147 illud
1260 3093 1437 3149 adhuc
1477 3103 1644 3149 totum
1678 3104 1783 3151 est.
1812 3095 2029 3165 Aﬁstuo,
2069 3095 2222 3153 dilic—

2321 1885 2501 1950 uvida,
2530 1883 2758 1954 pedibus
2799 1884 2929 1938 limo
2953 1883 3177 1950 oblitus,
3211 1890 3354 1937 totus
3379 1898 3411 1937 e
3433 1885 3573 1938 navi.
3601 1882 3835 1953 Quaerite
3861 1892 3919 1940 et

2322 1978 2620 2047 intelligite,
2642 1975 2709 2050 (f)
2727 1984 2901 2036 utrum
2926 1974 3228 2031 mirabilius
3252 1974 3503 2047 luerit(7)
3528 1985 3766 2029 mortuos
3782 1976 3927 2031 exci-

2322 2080 2488 2136 tasse,
2508 2086 2574 2125 an
2591 2069 2840 2139 imperito
2852 2068 3132 2127 scientiam
3156 2067 3415 2124 doctrinae
3442 2068 3597 2123 istius
3626 2067 3925 2124 intimasse.

2321 2164 2412 2218 Ait
2441 2161 2584 2219 enim
2613 2180 2628 2216 :
2667 2161 2776 2235 35
2811 2160 2875 2214 In
2904 2161 3155 2233 principio
3179 2170 3288 2217 erat
3325 2160 3541 2217 Verbum
3569 2161 3748 2233 (Joan.
3780 2178 3819 2228 ι,
3851 2161 3924 2232 l).

2320 2255 2458 2324 Quid
2480 2254 2740 2320 estistud,
2765 2254 2820 2307 in
2837 2253 3093 2325 principio
3104 2254 3251 2308 erat?
3272 2253 3640 2311 Transcuntur
3654 2264 3923 2324 tempora,

2324 2350 2403 2425 (8)
2427 2348 2501 2424 (g)
2537 2349 2978 2405 transmittuntur
3006 2348 3224 2414 suacnla,
3258 2347 3517 2404 tolluntur
3545 2356 3751 2405 aetates.
3781 2348 3927 2409 Pone

2320 2445 2536 2516 aliquod
2560 2443 2699 2515 quod
2727 2443 2874 2498 voles
2893 2452 2979 2499 tua
3008 2441 3260 2512 opinione
3280 2439 3601 2510 principium
3619 2457 3632 2495 :
3648 2456 3754 2496 non
3776 2450 3928 2496 tenes

2325 2546 2592 2607 tempore,
2616 2545 2721 2590 erat
2750 2536 2893 2590 enim
2923 2531 3066 2589 unde
3096 2540 3378 2587 tractatur.
3410 2529 3640 2601 Respice
3676 2530 3742 2584 ad
3773 2546 3928 2585 mun-

2322 2631 2471 2701 dum,
2523 2631 2762 2701 intellige
2791 2627 2920 2700 quid
2964 2626 3034 2683 de
3077 2641 3143 2683 eo
3195 2625 3453 2696 scriptum
3498 2624 3611 2679 sit;
3674 2622 3744 2679 In
3784 2627 3929 2695 priu-

2324 2727 2459 2799 ct’pio
2484 2726 2606 2797 fecit
2627 2723 2770 2781 Deus
2800 2722 2984 2779 cwlum
3005 2732 3052 2778 et
3075 2731 3264 2778 terram
3296 2720 3317 2792 (
3345 2718 3474 2775 Cen.
3506 2734 3546 2785 ι,
3573 2719 3649 2789 l).
3681 2717 3770 2774 Fit
3796 2733 3929 2790 ergo

2325 2821 2376 2877 in
2408 2821 2673 2892 principio
2701 2818 2843 2891 quod
2883 2826 3120 2884 creatur,
3146 2824 3199 2872 et
3229 2813 3305 2889 (9)
3334 2814 3412 2888 (li)
3438 2822 3598 2871 actate
3641 2813 3930 2872 continens

2324 2914 2467 2988 quod
2496 2915 2548 2971 in
2574 2914 2837 2986 principio
2883 2912 3193 2969 continetur
3233 2918 3291 2965 ut
3330 2910 3502 2965 ﬁeret.
3548 2908 3698 2963 Meus
3746 2917 3927 2963 autem

2328 3010 2566 3085 piscator
2596 3008 2929 3073 illitteratus,
2978 3004 3251 3072 indoctus,
3281 3003 3418 3059 liber
3458 3017 3488 3059 a
3516 3011 3783 3072 tempore,
3838 3015 3930 3058 so-

2325 3102 2470 3159 lutus
2496 3117 2525 3156 a
2554 3100 2769 3158 sarculis
2794 3109 2901 3168 est,
2933 3099 3060 3155 vicit
3076 3113 3238 3153 omne
3260 3094 3580 3167 principium
3604 3112 3617 3149 :
3645 3104 3752 3150 erat
3781 3095 3927 3150 enim

617 3201 730 3251 l'Ol‘,
768 3184 849 3258 (ά)
904 3186 1159 3254 hebcseo,
1190 3195 1246 3244 ει
1291 3187 1433 3243 unde
1474 3186 1724 3257 incipiam
1769 3189 1975 3247 nescio.
2028 3189 2222 3245 Nescio
2251 3175 2296 3241 Ο
2328 3194 2471 3266 quod
2498 3202 2604 3262 est,
2636 3208 2812 3265 neque
2866 3192 2919 3248 in
2973 3199 3223 3262 tempore
3260 3190 3442 3260 aliquo
3491 3187 3830 3245 concluditur
3871 3197 3929 3243 ιιι

623 3280 768 3334 enim
818 3280 1036 3349 quando
1093 3289 1250 3336 natus
1306 3280 1376 3337 sit
1429 3280 1643 3350 Filius;
1692 3292 1748 3338 et
1794 3284 1949 3340 nefas
1978 3294 2062 3340 est
2090 3285 2222 3340 mihi

619 3374 833 3430 nescire
863 3373 1004 3445 quod
1035 3384 1194 3430 natus
1238 3374 1329 3430 sit.
1374 3374 1544 3442 Quem
1592 3376 1906 3447 imprecer?
1934 3392 2093 3447 quem
2124 3377 2226 3433 im-

620 3467 877 3536 plorem?
905 3482 969 3521 ex
1002 3467 1198 3537 quibus
1229 3467 1384 3522 libris
1414 3467 1480 3522 ad
1530 3476 1799 3523 tantarum
1841 3468 2219 3527 difﬁcultatum

621 3563 1020 3618 enarrationem
1068 3563 1231 3619 verba
1270 3563 1647 3630 prtesumam?
1702 3563 1957 3619 Evolvam
2008 3581 2225 3622 omnem

624 3655 847 3713 Grazcias
888 3655 1182 3712 scholam?
1229 3655 1334 3713 Sed
1383 3655 1489 3727 legi

622 3751 939 3818 conquisitor
974 3750 1150 3805 stoculi
1182 3748 1200 3822 (
1227 3748 1248 3805 Ι
1278 3749 1399 3805 Cor.
1434 3766 1471 3816 ι,
1522 3748 1679 3819 20)?
1720 3749 1776 3805 In
1825 3750 1929 3807 hoc
1976 3767 2106 3825 ergo
2140 3768 2230 3811 so-

620 3843 816 3917 phistm
846 3841 1035 3899 mundi
1064 3852 1116 3899 et
1145 3841 1419 3914 sapientes
1445 3842 1630 3899 saeculi
1662 3844 1793 3899 muti
1824 3852 1981 3914 sunt;
2014 3846 2228 3917 sapien-

695 3983 773 4121 (Ι)
807 3985 1137 4057 Altingimus.

721 4054 1085 4121 2)Dices,mox
1098 4074 1137 4121 q:

721 4054 1355 4179 ἓζυὶοεεζωοξὲμωνειω·
1365 4057 1876 4129 incontpreltensibile
1885 4076 1995 4117 esse
2006 4075 2060 4116 se
2071 4059 2220 4118 scire.

725 4127 758 4179 5
810 4126 1009 4179 Lumen
1036 4144 1081 4179 vt
1124 4144 1243 4179 isse.

701 4126 780 4198 (ᾗ)
810 4126 1009 4198 Lumen
1036 4126 1243 4182 vidisse.

695 4183 777 4265 (4)
809 4197 1064 4252 Constitit.

701 4269 782 4337 (5)
805 4269 897 4342 Sic
914 4284 978 4322 ex
999 4268 1311 4342 ms.Veron.
1342 4268 1587 4337 legimus,
1608 4286 1714 4328 non
1736 4272 2027 4342 ignotus,ut
2043 4282 2226 4332 antea.

628 4337 759 4392 Nam
780 4340 937 4409 paulo
956 4349 1074 4408 post
1100 4341 1340 4407 sequitur
1364 4358 1376 4393 :
1397 4342 1620 4409 piscator
1635 4337 1955 4407 illitteratus,
1968 4347 2222 4403 indoctus.

698 4403 1026 4486 (Quinum-us
1039 4412 1144 4466 lino
1157 4403 1436 4484 occupatis.
1447 4414 1889 4486 Deinde,pe¢libus
1900 4403 2024 4474 limo
2032 4418 2226 4476 oblitis.
2258 4403 2309 4463 Ῑ)

698 4481 778 4550 (7)
821 4481 1104 4539 Mortuum.

701 4552 780 4623 (8)
833 4553 1269 4611 Trasceuduntur.

707 4626 785 4692 (9)
813 4625 993 4682 zEtate
1019 4629 1302 4682 continens.

702 4698 816 4770 (10)
837 4697 1169 4755 Veronensis
1191 4699 1349 4766 liber,
1378 4708 1429 4754 et
1443 4710 1607 4755 sumet
1625 4700 1825 4757 sibimet
1846 4703 1984 4772 quod
2012 4702 2229 4759 liberum

702 4807 1070 4885 (a)l>ar._cum
1108 4805 1423 4885 mss._Colb.
1476 4820 1534 4885 et
1559 4809 1746 4885 _Germ.
1788 4852 1816 4885 ,_
1842 4811 2223 4885 intelligentiae.

628 4881 729 4937 llic
764 4880 883 4949 pius
926 4879 1128 4934 Prmsul
1172 4880 1438 4935 rationem
1484 4880 1699 4936 videtur
1726 4881 1986 4949 reddere,
2019 4879 2130 4939 'cur
2157 4885 2225 4941 ad

627 4951 989 5023 cognitionem
1017 4950 1197 5023 arcani
1224 4950 1491 5005 neminem
1514 4962 1893 5022 perventurum
1917 4968 2039 5009 esse
2059 4955 2221 5023 dicat,

634 5020 757 5094 quia
787 5021 1041 5077 videlicet
1086 5020 1525 5091 investigationis
1561 5023 1707 5079 illius
1738 5024 1858 5080 ﬁnis
1888 5026 1992 5081 erit
2027 5020 2228 5083 intelliL

632 5096 810 5166 gentia
838 5094 1156 5166 verborum,
1202 5103 1324 5162 puta
1355 5095 1497 5162 quod
1548 5095 1599 5149 in
1633 5095 1743 5150 Deo
1773 5096 1845 5150 sit
1866 5112 2026 5152 verus
2067 5097 2228 5155 Pater

632 5165 689 5222 et
713 5181 873 5223 verus
903 5165 1072 5221 Filius
1099 5165 1337 5236 ejusdem
1366 5179 1485 5221 cum
1512 5166 1671 5222 Patre
1693 5178 1897 5225 natura:
1918 5169 2056 5225 :‘sed
2088 5170 2227 5226 ultra

632 5238 881 5310 progredi
914 5236 986 5310 ad_
1006 5236 1376 5310 generationis
1405 5237 1621 5310 modum
1656 5256 1763 5295 non
1808 5239 2046 5298 dabitur.

710 5309 783 5379 (b)
820 5309 935 5374 Er.,
964 5307 1114 5376 Lips.
1147 5318 1200 5379 et
1227 5308 1350 5363 Par.
1386 5308 1447 5362 ab
1468 5326 1527 5364 eo
1550 5311 1639 5378 qui
1664 5309 1819 5365 Pater
1840 5322 1948 5379 est;
1972 5313 2227 5370 obniten-

633 5378 776 5456 tibus
804 5382 921 5435 aliis
951 5379 1123 5435 libris.
1157 5378 1305 5456 Idem
1337 5380 1587 5456 loquendi
1622 5378 2099 5456 modusdeinceps
2129 5401 2233 5439 sre-

639 5452 765 5523 pins
784 5461 1023 5511 recurret
1044 5494 1058 5517 ,
1083 5459 1138 5523 et
1166 5449 1307 5506 aliud
1335 5449 1461 5517 quid
1493 5463 1669 5509 sonat.
1697 5454 1762 5510 V.
1798 5455 1890 5511 lib.
1923 5472 1981 5511 ιη
2001 5498 2016 5521 ,
2039 5449 2103 5513 ἠ.
2135 5456 2229 5513 22.

707 5522 787 5648 (ἐξ
809 5524 936 5581 Mss.
959 5523 1085 5579 Vat.
1118 5522 1235 5579 bas.
1269 5532 1324 5580 et
1361 5522 1581 5580 Carnut.
1619 5527 1751 5589 alter
1779 5527 1841 5582 ab
1882 5529 2077 5584 altero:
2127 5530 2230 5589 mi-

707 5612 727 5647 ι.
792 5611 927 5648 tene.

642 5604 741 5647 »υς
772 5604 927 5652 bene.

710 5665 791 5738 (ά)
817 5666 917 5744 Alii
949 5679 1081 5720 mss.
1109 5665 1309 5744 habent
1338 5669 1596 5737 erubesco,
1628 5669 1719 5726 alii
1755 5671 1979 5744 tabesco,
2008 5689 2074 5728 ex
2105 5674 2227 5744 qui-

636 5736 739 5792 bus
772 5736 1128 5820 ‘conlirmatur
1167 5740 1481 5820 conjectura
1529 5736 1711 5820 nostra
1758 5736 2045 5813 legendum
2106 5736 2231 5805 esse

639 5822 793 5865 nunt.
822 5808 877 5874 5,
904 5808 957 5863 in
987 5822 1138 5867 sensu
1159 5808 1299 5871 tabes
1326 5820 1399 5870 est
1422 5852 1438 5883 ,
1465 5828 1573 5872 non
1610 5812 1748 5875 labes
1775 5808 1870 5875 es't.

2324 3286 2551 3358 coeperit
2577 3328 2593 3349 ,
2630 3284 2774 3358 quod
2819 3293 2937 3363 erat
2985 3283 3165 3357 potius
3194 3284 3248 3341 in
3295 3282 3577 3355 principio,
3616 3297 3776 3354 quam
3829 3283 3927 3337 lic-

2330 3380 2438 3435 bat.

2403 3472 2487 3533 η.
2541 3471 2668 3527 Non
2714 3479 2789 3528 est
2828 3478 2997 3526 tamen
3044 3470 3353 3527 solitarium.
3396 3500 3471 3512 -—
3512 3468 3621 3527 Sed
3664 3467 3932 3524 excidisse

2329 3567 2472 3627 forte
2499 3567 2567 3623 ab
2603 3565 2791 3625 ordine
2820 3564 3115 3635 proposita:
3154 3563 3552 3621 distributionis
3599 3562 3930 3632 piscatorem

1542 3673 1554 3710 :
1606 3657 1705 3712 Ubi
1748 3658 1996 3731 sapiens?
2020 3658 2094 3732 (e)
2142 3661 2231 3717 ubi
2333 3668 2581 3717 nostrum
2612 3657 3114 3730 deprehendemus:
3151 3656 3382 3713 Verbum
3412 3655 3559 3712 enim
3590 3664 3835 3724 tempore
3862 3653 3931 3708 li-

2332 3754 2560 3820 beravit,
2590 3750 2707 3825 (lO)
2740 3750 2804 3825 (ἱ)
2830 3761 2885 3807 et
2916 3767 3073 3807 suum
3123 3759 3204 3807 est
3242 3749 3483 3820 sibique,
3533 3748 3676 3820 quod
3703 3748 3932 3805 liberum

2332 3855 2437 3915 est,
2490 3854 2546 3902 et
2590 3844 2892 3901 solitarium
2941 3853 2998 3900 et
3050 3842 3429 3915 obtemperans
3480 3840 3706 3898 nemini.
3753 3840 3933 3896 Aures

2328 3998 2405 4045 est
2434 4005 2453 4043 :
2478 3986 2620 4054 quod
2677 3987 2730 4043 in
2761 3986 2906 4043 idem
2936 3985 3146 4042 recidit.
3178 3984 3313 4040 Nam
3347 3985 3393 4039 si
3441 3982 3675 4039 Verbum
3704 3995 3748 4054 Aa
3795 3988 3934 4036 tem-

2328 4076 2462 4131 pore
2493 4052 2721 4115 liberum
2767 4068 2871 4125 est,
2919 4072 3259 4131 consequens
3287 4055 3532 4131 videtur,
3577 4052 3933 4131 quodusuntet

2329 4123 2528 4191 Sibimet
2549 4133 2683 4203 quod
2711 4123 2929 4187 liberum
2955 4140 3054 4198 est,
3085 4123 3138 4185 id
3169 4138 3251 4185 est
3270 4129 3352 4183 sui
3372 4127 3510 4198 juris
3534 4140 3660 4203 esse
3683 4123 3787 4203 sibi
3814 4125 3936 4178 vin-

2331 4195 2572 4267 dicabit,’
2598 4212 2653 4259 et
2679 4202 2978 4258 solitarium
3033 4195 3157 4257 esse
3206 4195 3441 4271 atque'a
3484 4196 3701 4271 nemine
3732 4195 3936 4271 depen-

2332 4276 2487 4331 dens.
2522 4276 2691 4342 Quam
2736 4267 3347 4344 quidemnobjeetione’m
3376 4269 3534 4344 diluit
3560 4284 3628 4344 ex
3674 4267 3932 4344 subucxis

2333 4338 2577 4418 Apostoii
2610 4338 2889 4418 \'erbis,et
2943 4338 3162 4418 Verbum
3214 4352 3324 4418 erat
3365 4340 3506 4418 apud
3544 4339 3738 4418 ρεπψι.
3770 4338 3935 4392 Aures

2335 4410 2628 4490 erigamus,
2672 4417 2876 4485 inquit,
2919 4423 3025 4469 etc.
3078 4412 3502 4490 Tamet_si_enim
3544 4410 3788 4490 Verbme
3823 4419 3933 4463 erat

2336 4480 2462 4546 suis
2490 4480 2870 4556 tempus,‘erat
2909 4494 3088 4556 tamen
3130 4483 3272 4550 apud
3290 4481 3501 4556 (Deum;
3523 4492 3572 4536 et
3611 4481 3697 4556 qui
3734 4480 3874 4556 abest
3899 4498 3933 4535 a

2337 4571 2562 4629 tmpore
2580 4552 2726 4629 [non
2764 4557 2903 4611 abest
2938 4555 3001 4629 ab
3031 4565 3257 4629 auctore.
3288 4555 3365 4610 lta
3399 4552 3633 4629 namque
3663 4553 3715 4607 in
3743 4552 3933 4629 eodem

2339 4625 2586 4699 legimus.
2635 4628 2876 4686 Habetur
2914 4628 3002 4685 hic
3046 4627 3099 4683 in
3139 4626 3335 4693 eodem,
3370 4625 3559 4682 codice
3596 4640 3777 4691 orans,
3814 4625 3935 4678 loco

2335 4710 2429 4761 τοῦ
2459 4703 2545 4773 qui
2574 4710 2704 4758 erat.

2402 4813 2477 4884 (e)
2504 4812 2560 4868 ln
2593 4812 2830 4883 vulgatis
2856 4810 3075 4868 adutlur
3115 4811 3202 4867 hic
3229 4810 3313 4865 ubi
3340 4806 3547 4884 scriba?
3576 4806 3717 4879 quod
3742 4804 3937 4884 melius

2330 4879 2485 4941 abest
2510 4900 2538 4939 a
2568 4879 3004 4955 mssfsiquidem
3047 4883 3239 4939 scribat
3277 4882 3498 4938 nomine
3537 4895 3646 4936 non
3677 4879 3892 4951 gentilis
3915 4921 3930 4944 ,

2330 4957 2425 5013 sed
2459 4957 2591 5028 legis
2619 4956 2808 5012 doctor
2837 4956 3192 5026 signiﬁcatur.

2405 5028 2474 5100 ([)
2496 5022 2591 5084 llic
2606 5022 3013 5101 vulg.adjieiunt
3027 5025 3424 5101 circumspicito:
3437 5022 3578 5101 quod
3593 5024 3743 5078 abest
3757 5036 3787 5075 a
3800 5036 3936 5077 mss.

2404 5094 2809 5175 (gﬂlontplures
2825 5094 2961 5175 mss.
2985 5115 3106 5175 eum
3131 5094 3284 5161 Badi,
3301 5096 3477 5175 _I_t3r._e.t
3497 5094 3642 5175 liips.
3660 5103 3935 5175 transcen-

2334 5165 2549 5230 zluiitur.
2582 5165 2703 5228 Mox
2747 5172 2798 5226 in
2826 5171 3059 5241 vulgatis
3089 5185 3219 5238 pone
3259 5165 3839 5241 aliquid._Cottci_t_tnius
3884 5166 3935 5218 in

2330 5261 2464 5302 mss.
2495 5244 2703 5314 aliquod
2724 5284 2738 5304 .
2766 5243 2886 5299 scil.
2924 5235 3270 5314 principium.
3326 5236 3528 5294 Deinde
3574 5238 3626 5291 in
3659 5235 3782 5292 Vat.
3814 5235 3929 5292 bas.

2332 5333 2437 5374 ms.
2462 5360 2475 5375 ,
2501 5316 2825 5381 opinatione,
2859 5330 2965 5370 non
2995 5314 3255 5383 opinione.
3364 5382 3368 5383 ν
3445 5367 3449 5373 ὶ

2406 5388 2485 5459 (It)
2526 5386 2656 5441 Bad.
2687 5378 2885 5459 aetatem
2919 5378 3203 5459 continens.
3236 5382 3512 5459 Editiones
3549 5378 3938 5459 anxietatem

2334 5450 2552 5517 continet
2578 5473 2597 5513 :
2619 5473 2649 5512 e
2668 5472 2802 5513 mss.
2825 5458 2915 5512 alii
2940 5457 3157 5523 habent,
3178 5464 3353 5511 aetates
3376 5452 3620 5516 continet,
3643 5450 3732 5523 alii
3760 5460 3940 5505 anates

2337 5533 2615 5597 continent,
2632 5529 2723 5584 alii
2748 5539 2897 5585 tctate
2920 5521 3217 5597 continens.
3244 5526 3439 5581 Verius
3463 5531 3578 5597 tres
3607 5521 3939 5597 antiquiores

2338 5614 2489 5660 (etate
2538 5592 2812 5656 contines:
2844 5600 2988 5671 quod
3025 5596 3313 5669 opponitur
3371 5595 3615 5665 proxime
3662 5592 3820 5649 dictis
3869 5593 3940 5649 de

2336 5676 2553 5733 Verbo:
2585 5689 2688 5746 non
2718 5682 2855 5746 tenes
2885 5682 3127 5746 tempore.

2416 5746 2560 5819 (i)ﬂA
2573 5743 2676 5819 pud
2716 5742 2864 5819 Lips.
2896 5752 2953 5801 et
2987 5736 3143 5809 'Par.,
3173 5748 3222 5794 et
3249 5738 3405 5819 sumit
3432 5736 3531 5819 sibi
3551 5736 3699 5819 .quod
3727 5736 3943 5819 liberum

2337 5829 2387 5883 et
2413 5807 2699 5885 solitarium
2720 5825 2767 5883 et
2784 5807 3139 5897 obtemperans
3174 5810 3365 5878 nemini
3390 5817 3510 5877 est;
3548 5808 3608 5873 in
3643 5824 3750 5873 ms.
3775 5807 3942 5871 Cori).
