4216 6254
200 335 263 391 Gl
1454 329 1538 387 DE
1578 326 1954 388 TRINITA'I‘E
1996 328 2200 391 LIBER
2238 330 2305 387 11.
3445 331 3511 387 62

200 456 479 525 erigamus
508 450 561 508 in
582 460 803 507 caetera.
836 448 955 504 Ait:
987 446 1055 502 Et
1091 445 1307 502 Verbum
1340 455 1449 502 erat
1475 445 1616 516 apud
1639 445 1806 500 Deum
1834 450 1889 513 Α
1986 447 2075 501 16.
2111 446 2222 503 Nec
2270 447 2411 503 ltedit
2446 449 2696 504 unitatem
2714 447 2923 503 Dei.—
2945 446 3051 502 Sed
3086 444 3294 525 trepido
3322 446 3374 501 in
3408 447 3517 500 dic-

204 545 402 618 (Joan.
447 560 488 612 ι,
531 542 628 615 1).
658 541 776 598 Jam
808 540 926 595 sine
976 538 1240 611 principio
1294 547 1379 595 est
1422 536 1565 610 apud
1614 537 1812 606 Deum,

199 637 345 710 quod
373 645 494 693 erat
546 644 672 691 ante
711 633 1058 706 principium.
1106 631 1207 690 Est
1245 647 1376 703 ergo
1418 627 1496 705 (a)
1544 629 1632 702 qui
1672 639 1811 699 erat,

198 729 343 805 apud
397 729 568 784 Deum
601 743 621 784 :
663 740 718 785 et
754 728 846 800 qui
898 726 1053 784 abest
1104 743 1133 781 a
1178 724 1502 797 cognitionis
1547 732 1811 795 tempore,

197 840 308 881 non
339 824 496 880 abest
520 824 591 877 ab
620 830 860 877 auctore.
916 820 1161 877 Piscator
1207 829 1392 877 noster
1441 818 1612 875 evasit
1657 836 1671 872 :
1716 816 1814 875 sed

196 918 341 975 forte
382 916 610 972 literebit
650 916 702 971 in
731 915 967 972 exteris.

277 1012 368 1067 15.
422 1013 501 1067 An
550 1011 618 1067 sit
673 1027 829 1066 sonus
891 1010 1030 1065 vocis
1076 1010 1234 1081 juxta
1280 1007 1586 1064 Hebionem.
1664 1004 1823 1063 Vocis

198 1122 333 1161 sono
362 1122 468 1161 non
497 1106 734 1179 congruit
786 1096 933 1161 eratf
962 1102 1181 1159 Verbum
1207 1102 1351 1158 Deus
1400 1114 1493 1158 est.
1523 1132 1595 1143 --
1625 1098 1703 1175 (l)
1736 1099 1823 1156 Di-

210 1216 308 1257 ces
362 1202 504 1257 enim
564 1218 577 1255 :
626 1199 865 1257 Verbum
910 1214 1077 1256 sonus
1107 1198 1257 1254 vocis
1301 1208 1403 1263 est,
1444 1208 1499 1253 et
1526 1195 1822 1253 enuntiatio

199 1296 583 1368 negotiorum,
635 1303 691 1350 et
741 1293 975 1350 elocutio
1043 1292 1450 1365 cogitationum.
1507 1290 1620 1347 Hoc
1672 1289 1815 1360 apud

202 1388 378 1444 Deum
432 1395 567 1450 erat.
598 1396 654 1442 et
683 1384 739 1441 in
771 1385 1036 1458 principio
1084 1393 1201 1440 erat
1244 1401 1258 1437 :
1319 1384 1444 1455 quia
1494 1397 1676 1438 sermo
1724 1397 1817 1438 co-

201 1478 482 1553 gitationis
502 1485 741 1534 attentus
780 1486 1027 1545 est,(uin
1054 1476 1143 1549 qui
1186 1476 1388 1548 cogitat
1438 1475 1510 1531 sit
1560 1484 1819 1531 attentus.

208 1571 288 1643 (Ξ)
320 1570 646 1641 Respondeo
686 1568 785 1624 tibi
810 1569 1028 1625 interim
1054 1583 1152 1640 pro
1178 1569 1444 1641 piscatore
1472 1582 1592 1623 meo
1615 1568 1820 1638 paucis,

203 1664 335 1719 dum
365 1662 676 1719 videbimus
701 1663 974 1734 quomodo
1008 1662 1364 1718 rusticitatem
1396 1676 1547 1718 suam
1577 1662 1695 1732 ipse
1723 1660 1817 1717 de-

205 1756 414 1811 fendat.
445 1756 641 1813 Sermo
670 1756 722 1811 in
752 1764 941 1810 natura
966 1754 1129 1811 habet
1151 1764 1343 1811 utesse
1367 1756 1558 1827 possit,
1585 1769 1818 1826 sequens

1920 549 1995 611 to,
2031 548 2085 595 ct
2128 556 2215 597 me
2251 540 2490 598 insolens
2543 558 2725 598 sermo
2780 552 3106 599 commovet.
3170 538 3393 594 Audio:
3451 537 3518 595 Et

1918 632 2061 688 Deus
2106 643 2215 688 erat
2260 633 2503 702 Verbum,
2546 634 2623 708 (ά)
2661 635 2747 691 cui
2793 649 2958 689 unum
3017 633 3183 687 Deum
3241 630 3516 702 propheta:

1919 726 2319 782 nuntiaverunt.
2369 728 2475 783 Sed
2532 743 2600 783 ne
2666 742 2771 799 quo
2830 727 2968 782 ultra
3040 724 3324 794 trepidatio
3390 738 3512 780 mea

1919 820 2169 892 progredi
2195 818 2383 890 possit,
2400 819 2567 877 redde
2589 821 2916 877 sacramenti
2941 821 3069 875 tanti
3095 821 3329 892 piscator
3356 835 3509 875 meus

1919 914 2402 986 dispensationem,
2432 924 2489 971 et
2518 914 2662 972 refer
2682 915 2749 971 ad
2796 931 2959 970 unum
2991 916 3169 970 omnia
3222 914 3337 969 sine
3386 929 3519 968 con-

1923 1008 2161 1077 tumelia,
2189 1007 2307 1065 sine
2333 1008 2645 1075 abolitione,
2680 1010 2795 1064 sine
2821 1016 3087 1080 tempore.
3119 1008 3206 1062 Ait
3231 1025 3245 1062 :
3267 1006 3380 1060 Hoc
3404 1016 3519 1061 erat

1919 1102 1972 1156 in
1991 1100 2243 1175 principio
2265 1100 2403 1172 apud
2429 1099 2611 1156 Deum.
2637 1098 2768 1156 Cum
2796 1101 3013 1156 hocerat
3038 1100 3090 1154 in
3109 1098 3385 1171 principio,
3410 1115 3515 1153 non

1920 1203 2136 1252 tenetur
2157 1195 2211 1250 in
2245 1204 2518 1268 tempore;
2550 1208 2673 1249 cum
2698 1194 2839 1250 Deus
2883 1201 2987 1262 est,
3031 1208 3135 1247 non
3182 1191 3417 1247 refertur
3450 1193 3515 1247 ad

1921 1305 2147 1355 vocem;
2176 1304 2297 1344 cum
2330 1300 2412 1345 est
2435 1289 2575 1361 apud
2600 1286 2765 1343 Deum
2788 1288 2859 1359 (ε)
2890 1287 3025 1345 nihil
3065 1303 3165 1343 nec
3195 1286 3504 1348 olfeuditur.

1922 1401 2024 1442 nec
2047 1386 2319 1441 aufertur:
2352 1400 2475 1441 nam
2509 1400 2609 1439 nec
2653 1384 2901 1440 aboletur
2938 1384 2993 1438 in
3028 1383 3257 1437 alterum
3288 1388 3343 1435 et
3379 1379 3519 1451 apud

1925 1494 2087 1536 unum
2116 1478 2414 1551 ingenitum
2456 1479 2653 1546 Deum,
2685 1492 2751 1532 ex
2798 1491 2905 1548 quo
2932 1476 3048 1548 ipse
3093 1490 3232 1531 unus
3277 1473 3521 1545 unigeni-

1925 1582 2008 1630 tus
2058 1573 2198 1628 Dens
2226 1583 2329 1639 est,
2372 1572 2712 1642 praedicatur.

1997 1668 2085 1723 l7.
2114 1658 2338 1738 Tempus
2384 1663 2447 1719 ab
2482 1681 2539 1720 eo
2570 1674 2661 1726 est,
2705 1674 2905 1733 tempus
2932 1662 3521 1733 quid.—Expectamtts

1925 1761 2098 1817 adhuc
2120 1776 2147 1812 ει
2173 1770 2243 1823 te,
2269 1759 2524 1829 piscator,
2545 1755 2929 1827 plenitudinem
2947 1755 3131 1810 Verbi.
3161 1754 3521 1827 Eratquidem

201 1861 388 1905 autem
409 1848 461 1904 ei
484 1858 568 1904 est
591 1856 650 1904 ut
670 1847 870 1915 fuerit;
899 1858 981 1903 est
1001 1863 1133 1903 vero
1182 1858 1387 1903 tantum
1425 1862 1548 1903 cum
1574 1846 1809 1903 auditur.
1843 1841 1889 1903 B
1920 1858 1970 1910 in
2013 1853 2297 1927 principio,
2329 1852 2423 1908 sed
2470 1851 2644 1923 potuit
2672 1865 2777 1904 non
2832 1863 2953 1905 esse
3002 1858 3126 1902 ante
3177 1847 3537 1919 principium:

202 1942 275 1998 Et
305 1940 588 2014 quomodo
621 1941 677 1996 in
702 1941 956 2014 principio
987 1951 1115 2007 erat,
1144 1940 1287 2012 quod
1319 1955 1493 2010 neque
1515 1948 1641 1997 ante
1676 1949 1813 1994 tem-

202 2049 328 2106 pus,
358 2048 537 2106 neque
576 2043 698 2105 post
740 2043 953 2104 tempus
1005 2031 1224 2088 est?Et
1252 2030 1436 2089 nescio
1475 2047 1541 2085 an
1572 2031 1656 2087 vel
1695 2030 1814 2104 ipso

202 2143 330 2183 esse
364 2127 537 2198 possit
558 2126 610 2183 in
635 2135 922 2198 tempore:
957 2125 1291 2196 loquentium
1322 2126 1466 2191 enim
1505 2141 1687 2181 sermo
1721 2141 1815 2178 nc-

200 2234 312 2290 que
339 2227 425 2274 est
469 2226 597 2273 ante
644 2233 804 2290 quam
857 2216 1165 2289 loquantur,
1214 2226 1269 2272 et
1314 2232 1437 2273 cum
1466 2218 1629 2273 locuti
1657 2224 1816 2273 erunt

201 2327 311 2366 non
350 2313 456 2367 erit
480 2329 495 2378 ;
528 2311 584 2366 in
612 2326 680 2366 eo
706 2322 884 2366 autem
909 2311 1026 2382 ipso
1050 2309 1159 2384 36
1183 2309 1325 2380 quod
1348 2310 1659 2381 loquuntur,
1684 2308 1812 2363 dum

204 2406 424 2474 finiunt,
452 2405 564 2477 jam
597 2422 704 2461 non
730 2405 835 2460 erit
864 2405 915 2460 id
958 2405 1099 2460 unde
1129 2414 1430 2477 cmperunt.
1484 2403 1610 2460 llaec
1640 2419 1668 2456 a
1699 2419 1809 2470 me,

202 2511 259 2555 ut
308 2500 381 2553 ab
410 2513 518 2553 uno
545 2514 615 2555 ex
637 2497 870 2554 ueteris.
895 2496 1002 2554 Sed
1034 2498 1273 2568 piscator
1302 2497 1460 2551 aliter
1488 2511 1582 2566 pro
1613 2511 1672 2552 se
1698 2513 1711 2550 :
1751 2505 1806 2551 et

205 2593 517 2664 objurgabit
558 2600 611 2648 te
640 2593 808 2662 prius,
841 2605 937 2646 cur
983 2590 1317 2662 negligenter
1362 2589 1622 2647 audieris.
1680 2589 1814 2645 Nam

203 2690 307 2745 etsi
344 2687 674 2744 sententiam
707 2685 933 2757 primam
975 2684 1125 2740 rudis
1168 2683 1386 2739 auditor
1415 2683 1712 2739 amiseras:
1748 2682 1817 2738 In

205 2779 465 2853 principio
497 2788 607 2834 erat
662 2775 925 2843 Verbum,
978 2775 1048 2832 de
1086 2776 1335 2847 sequenti
1377 2774 1503 2849 quid
1541 2775 1813 2848 quereris,

205 2875 271 2931 Et
311 2874 540 2931 Verbum
569 2882 677 2929 erat
704 2873 843 2946 apud
870 2871 1073 2927 Deum?
1123 2868 1395 2943 Numquid
1448 2868 1718 2932 audieras.
1753 2864 1815 2926 in

211 2970 323 3023 Deo
377 2968 456 3040 (et
500 2982 611 3022 non
657 2965 798 3036 apud
848 2961 1149 3035 Deum),ut
1175 2977 1480 3019 sermonem
1519 2961 1816 3019 recondita:

204 3060 553 3133 cogitationis
582 3058 859 3129 acciperes
897 3057 920 3112 ?
949 3064 1041 3111 aut
1066 3054 1334 3112 fefellerat
1362 3054 1657 3124 rusticum,
1684 3055 1814 3128 quid

204 3166 354 3212 esset
409 3154 491 3226 (ὅ)
519 3151 601 3225 (b)
659 3152 801 3208 inter
865 3151 1044 3207 inesse
1083 3158 1138 3206 et
1186 3149 1378 3206 adesse
1417 3148 1715 3206 momenti?
1753 3148 1809 3205 Id

1918 1948 2094 2005 Etiam
2134 1947 2222 2005 hic
2256 1947 2348 2002 tibi
2378 1944 2577 2017 aliquid
2611 1960 2707 2015 pro
2759 1943 3028 2014 piscatore
3081 1956 3202 1996 meo
3248 1939 3510 2013 profero:

1916 2040 2068 2115 Quod
2100 2049 2238 2108 erat,
2265 2055 2370 2095 non
2398 2037 2574 2109 potuit
2631 2051 2736 2092 non
2788 2034 3003 2103 fuisse;
3055 2042 3161 2089 crat
3218 2033 3361 2087 enim
3415 2046 3523 2086 non

1920 2133 2083 2190 habet
2108 2132 2160 2188 in
2205 2140 2449 2205 tempore
2502 2144 2607 2184 non
2655 2126 2841 2183 fuisse.
2872 2126 2981 2185 Sed
3012 2124 3140 2198 quid
3169 2139 3267 2196 pro
3297 2139 3355 2180 se
3386 2124 3525 2179 ille?

1921 2229 2107 2285 Omnia
2138 2245 2228 2297 per
2256 2243 2370 2281 eum
2416 2230 2552 2297 {acta
2573 2234 2691 2279 sunt
2722 2222 2912 2297 (lbid.,
2938 2222 2973 2277 5
3001 2220 3041 2293 ).
3103 2222 3244 2292 Ergo
3273 2219 3354 2294 (4)
3383 2217 3450 2295 (Γ)
3481 2218 3523 2275 si

1919 2320 2058 2376 nihil
2081 2321 2200 2374 sine
2232 2319 2325 2374 illo
2369 2328 2492 2382 est;
2536 2332 2632 2389 per
2661 2331 2822 2386 quem
2878 2314 3131 2369 universa
3188 2311 3292 2385 37
3347 2327 3527 2382 come.

1918 2422 2086 2482 runt;
2119 2423 2174 2470 et
2203 2413 2255 2471 in
2275 2411 2541 2469 infinitum
2565 2418 2666 2475 est,
2696 2423 2791 2480 per
2810 2422 2969 2478 quem
3002 2405 3143 2478 quod
3170 2415 3429 2461 estomne
3457 2404 3528 2459 sit

1919 2510 2140 2565 factum.
2176 2506 2253 2583 (g)
2278 2505 2512 2576 Tempus
2538 2503 2681 2559 enim
2710 2511 2791 2557 est
2817 2500 2997 2572 spatii,
3028 2513 3134 2554 non
3167 2498 3220 2553 in
3251 2498 3404 2560 loco,
3429 2496 3524 2551 sed

1919 2602 1973 2659 in
2004 2610 2162 2658 aetate
2180 2599 2449 2655 manentis
2472 2595 2769 2668 significata
2798 2592 3117 2647 moderatio.
3150 2590 3218 2645 Et
3238 2604 3357 2643 cum
3378 2589 3444 2644 ab
3461 2605 3526 2643 eo

1918 2694 2117 2760 omnia,
2140 2706 2226 2748 res
2248 2691 2391 2746 nulla
2405 2704 2509 2745 non
2528 2688 2595 2743 ab
2616 2702 2680 2742 eo
2705 2704 2718 2739 :
2739 2696 2791 2741 et
2812 2685 3012 2741 idcirco
3031 2693 3240 2754 tempus
3261 2680 3327 2736 ab
3340 2696 3406 2736 eo
3420 2689 3522 2736 est.

1993 2787 2083 2843 18.
2114 2784 2337 2841 Verbum
2365 2799 2466 2838 non
2488 2792 2561 2836 cst
2587 2775 3078 2835 solitarium—Sed
3110 2776 3308 2832 dicitur
3334 2775 3428 2830 tibi
3458 2774 3525 2829 ab

1920 2878 2126 2948 aliquo,
2161 2878 2397 2950 piscator
2426 2891 2580 2931 meus
2600 2892 2616 2932 :
2640 2873 2874 2929 Nimium
2903 2870 3081 2928 facilis
3108 2881 3161 2927 et
3182 2869 3526 2944 promiscuus

1918 2971 2006 3026 hic
2033 2970 2202 3036 fuisti;
2235 2968 2409 3024 omnia
2422 2984 2511 3038 per
2527 2984 2640 3022 eum
2662 2970 2801 3041 facta
2816 2974 2936 3020 sunt
2964 2979 3071 3020 non
3101 2962 3264 3019 habet
3283 2962 3523 3019 modum.

1920 3064 2017 3121 Est
2045 3064 2334 3136 ingenitus,
2364 3062 2457 3133 qui
2511 3062 2682 3118 factus
2725 3075 2753 3114 a
2789 3059 3005 3115 nemine
3043 3066 3169 3115 est:
3202 3064 3288 3113 est
3330 3065 3384 3111 et
3411 3056 3526 3127 ipse

1918 3159 2134 3231 genitus
2163 3158 2231 3213 ab
2258 3157 2462 3213 innato.
2489 3155 2620 3212 Siue
2652 3152 2972 3224 exceptione
3020 3158 3149 3206 sunt
3195 3151 3371 3204 omnia
3398 3192 3416 3217 ,
3473 3157 3527 3204 et

205 3245 550 3318 enimuiuod
603 3247 654 3301 in
706 3245 969 3316 principio
1018 3252 1155 3312 erat.
1199 3258 1309 3299 non
1338 3241 1390 3296 in
1444 3241 1618 3298 altero
1669 3257 1813 3311 esse.
1842 3238 1889 3301 C
1924 3251 2055 3307 nihil
2081 3249 2225 3321 quod
2257 3259 2408 3305 extra
2436 3247 2506 3302 sit
2535 3246 2938 3318 derelinquunt.
2971 3243 3079 3301 Sed
3108 3243 3234 3299 dum
3268 3241 3402 3297 nihil
3449 3241 3529 3295 ui-

208 3345 302 3401 sed
324 3360 455 3400 cum
498 3343 675 3398 altero
716 3339 1061 3413 praedicatur.
1097 3337 1204 3396 Sed
1236 3338 1304 3394 de
1341 3336 1709 3408 superioribus
1735 3338 1814 3393 ni-

208 3438 281 3494 hil
308 3452 494 3502 sumo,
526 3438 1000 3511 (c)consequentia
1039 3438 1140 3493 sibi
1173 3436 1385 3503 adsint;
1424 3443 1623 3491 statum
1655 3434 1817 3494 Verbi

208 3539 264 3585 et
313 3543 514 3584 nomen
562 3540 838 3601 esspecta.
893 3530 1032 3585 Dicit
1084 3544 1316 3601 namque
1347 3544 1363 3584 :
1400 3526 1465 3582 Et
1513 3524 1654 3583 Deus
1708 3538 1819 3586 erat

215 3621 468 3676 Verbum.
524 3619 715 3677 Cessat
751 3637 919 3678 sonus
975 3623 1161 3690 vocis,
1208 3630 1263 3678 et
1305 3621 1649 3693 cogitationis
1697 3623 1814 3677 elo-

208 3716 420 3787 quium.
460 3714 693 3771 Verbum
725 3714 828 3771 boc
853 3732 941 3771 res
963 3727 1070 3780 esu
1104 3731 1209 3772 non
1238 3730 1438 3784 sonus;
1470 3723 1682 3788 natura,
1708 3732 1816 3773 non

207 3822 425 3875 sermo;
462 3807 633 3875 Deus,
664 3824 769 3867 non
800 3809 1030 3869 inanitas
1050 3821 1153 3866 est.

304 3949 367 4094 ἐξ
404 3946 767 4094 ἓῗῗῖἇηάεὸο.
798 4018 1031 4094 Exinde,
1059 4020 1183 4075 dum
1201 4019 1452 4094 videmus.

308 4090 369 4158 5)
409 4090 556 4146 Inter
584 4108 721 4158 esse,
748 4102 795 4145 et
820 4093 953 4146 inter
978 4093 1143 4146 inesse
1167 4100 1215 4147 et
1241 4093 1416 4149 adesse
1438 4093 1698 4151 momenti.

308 4097 345 4149 5
409 4097 556 4146 Inter
584 4108 721 4158 esse,
748 4102 795 4145 et
820 4097 953 4146 inter
978 4097 1110 4146 ineas

285 4097 369 4235 id;
409 4164 596 4218 Sinon
624 4170 800 4219 exstat
827 4163 882 4218 in
910 4161 1110 4219 Veron.

210 4314 259 4359 el
284 4311 457 4359 sumet
495 4302 698 4359 sibimet
731 4301 869 4370 quod
906 4300 1155 4368 liberant,
1185 4308 1293 4359 etc.
1330 4300 1549 4358 Rectius
1593 4300 1645 4357 in
1695 4301 1817 4365 aliis

212 4375 401 4441 libris,
432 4380 494 4429 ut
528 4375 580 4428 in
622 4382 788 4429 textu.
822 4373 1150 4444 PropOnitnr
1182 4373 1324 4428 enim
1366 4373 1668 4442 objectum:
1700 4373 1756 4429 Si
1784 4390 1815 4431 a

213 4458 460 4517 tempore
487 4444 715 4517 liberum
746 4453 861 4517 est,
900 4445 981 4498 sui
1005 4444 1142 4512 juris
1167 4451 1289 4517 est,
1323 4444 1375 4517 in
1404 4459 1463 4499 se
1490 4454 1574 4499 est
1607 4454 1660 4500 et
1687 4445 1816 4500 soli-

212 4514 410 4572 tarium
430 4558 445 4580 ,
476 4530 581 4588 nec
609 4514 677 4570 ab
700 4515 818 4588 alio
851 4516 1046 4582 pendet
1071 4533 1085 4569 :
1114 4515 1178 4571 ad
1208 4516 1350 4586 quod
1378 4529 1502 4570 mox
1533 4518 1816 4588 responsio

213 4597 331 4658 est,
360 4605 466 4641 non
492 4586 632 4640 abest
657 4586 720 4640 ab
744 4596 969 4642 auctore.

282 4655 368 4734 (ἐι)
412 4658 516 4713 Pro
536 4659 792 4734 quierat,
824 4660 875 4711 in
899 4658 1123 4734 vetustis
1145 4657 1423 4734 codicibus
1447 4655 1625 4734 Colh.,
1656 4658 1810 4734 Rem.

212 4729 507 4788 ac'Germ.
547 4730 747 4803 legitur
785 4745 955 4803 emus.
977 4731 1155 4803 _Abest
1195 4730 1356 4803 eti_am
1403 4729 1680 4803 relativum
1729 4731 1816 4803 qui

212 4818 242 4856 a
283 4805 513 4856 Carnut.
546 4800 750 4873 Deinde
789 4802 929 4868 apud
975 4800 1107 4855 Bad.
1157 4810 1213 4873 et
1251 4800 1345 4856 Er.
1376 4812 1423 4855 et
1459 4804 1581 4873 quia
1629 4800 1817 4858 abesta

213 4875 511 4947 conditione
530 4872 774 4947 temporis
797 4887 815 4926 :
835 4872 1072 4947 pessime
1092 4872 1213 4945 quia
1237 4888 1336 4947 pro
1350 4874 1457 4947 qui.
1473 4872 1635 4943 ’Apud
1667 4874 1812 4947 Lips.

214 4955 267 5017 et
294 4946 425 5017 Par.
455 4957 556 4998 nec
586 4958 693 4998 non
721 4945 773 4999 in
797 4945 1000 5017 aliquot
1026 4944 1157 4998 is.
1185 4954 1230 4997 et
1253 4945 1338 5017 qui
1358 4944 1497 5017 abest
1517 4960 1548 4997 a
1572 4944 1814 5017 tempore.

214 5016 271 5072 In
295 5014 528 5071 Carnut.
577 5030 680 5070 ms.
714 5033 746 5068 (ι
788 5016 1077 5084 cognitione
1122 5014 1384 5083 temporis.
1421 5014 1679 5083 Legimus
1696 5031 1816 5070 cum

214 5088 428 5144 duobus
467 5086 626 5140 Colb.
648 5128 662 5151 ,
699 5086 883 5142 Germ.
915 5102 978 5142 ac
1008 5087 1239 5141 Sorbon.
1272 5103 1307 5139 a
1354 5087 1656 5157 cognitionis
1696 5097 1820 5139 lem-

215 5175 374 5227 pore,
422 5159 530 5214 hoc
567 5165 680 5227 est,
718 5174 749 5211 a
783 5158 1025 5227 quolibet
1064 5167 1307 5226 tempore
1345 5156 1487 5227 quod
1527 5157 1819 5227 excogitari

213 5231 391 5286 valeat
415 5246 427 5280 :
458 5229 585 5299 quia
612 5238 696 5283 est
717 5237 838 5283 ante
867 5229 1008 5298 quod
1032 5230 1180 5286 voles
1213 5240 1299 5284 tua
1327 5229 1582 5298 opinione
1615 5243 1814 5297 ponere

215 5301 564 5374 principium.
618 5299 921 5374 Aliquando
968 5302 1126 5354 etiam
1196 5302 1464 5374 placuerat
1514 5316 1546 5354 a
1592 5309 1816 5374 tempore

219 5372 561 5439 conditionis,
615 5372 765 5443 quasi
806 5386 837 5426 a
888 5382 1130 5443 tempore
1183 5372 1325 5444 quod
1372 5372 1532 5439 rebus
1586 5372 1816 5431 conditis

218 5448 490 5506 congruit.

280 5515 365 5591 (ὁ)
401 5515 462 5572 In
507 5513 943 5591 vulga_tis,_inter
975 5530 1085 5591 esse
1121 5524 1171 5572 et
1215 5515 1351 5572 inter
1387 5514 1563 5591 inesse
1599 5524 1649 5570 et
1691 5515 1822 5570 inter

220 5586 400 5642 «tam
423 5586 672 5643 momenti
698 5602 717 5641 :
746 5586 983 5642 abundat
1025 5589 1292 5653 interesse,
1335 5600 1436 5642 nec
1479 5586 1676 5642 habent
1722 5601 1820 5657 po-

219 5660 389 5715 tiores
418 5673 551 5714 mss.
584 5657 818 5714 Hilarius
845 5668 1029 5715 autem
1051 5659 1305 5716 observat
1333 5657 1567 5715 Verbum
1598 5674 1703 5715 non
1730 5674 1820 5725 so-

216 5728 323 5787 lum
346 5731 531 5803 inesse
556 5730 610 5785 in
641 5730 824 5798 Patre,
857 5731 1073 5789 vetutin
1097 5728 1503 5803 principio;sed
1524 5740 1578 5786 et
1602 5730 1818 5800 adesse,

217 5801 361 5875 apud
389 5816 803 5875 quem‘sempetj
834 5803 957 5859 fuit.

290 5870 368 5947 (ε)
408 5871 532 5931 Vat.
562 5872 681 5933 has.
703 5870 902 5944 codex,
930 5891 1045 5935 cum
1064 5875 1342 5953 sequentia,
1369 5872 1586 5937 duobus
1616 5873 1815 5939 verbis.

1924 3356 2002 3400 tra
2030 3343 2213 3403 dicere
2241 3343 2523 3409 audemus,
2555 3350 2648 3396 aut
2692 3339 2830 3395 forte
2861 3338 2986 3395 dum
3024 3339 3206 3394 dicere
3253 3337 3523 3401 molimur,

1922 3435 2000 3511 (5)
2032 3435 2112 3510 (h)
2158 3451 2385 3492 occurre
2411 3453 2424 3489 :
2451 3433 2517 3490 Et
2548 3437 2659 3490 sine
2687 3451 2748 3489 eo
2776 3437 2969 3507 factum
3008 3441 3081 3487 est
3128 3432 3276 3486 nihil.
3328 3429 3527 3485 Reddi-

1920 3532 2046 3589 disti
2118 3543 2438 3597 auctorem,
2503 3545 2625 3584 cum
2680 3528 2887 3586 socium
2928 3526 3208 3600 professus
3260 3540 3339 3580 es.
3390 3521 3523 3578 Cum

1921 3629 2064 3682 enim
2124 3625 2256 3680 nihil
2305 3624 2414 3681 sine
2470 3640 2564 3690 eo,
2628 3621 2868 3693 intelligo
2941 3636 3048 3677 non
3125 3619 3331 3683 solum;
3403 3618 3523 3688 quia

1920 3720 2057 3774 alius
2083 3727 2167 3774 est
2217 3733 2314 3791 per
2361 3732 2520 3792 quem
2543 3759 2557 3787 ,
2590 3715 2729 3771 alius
2751 3713 2832 3787 (ti)
2861 3724 2939 3769 est
2970 3714 3089 3770 sine
3117 3727 3224 3783 quo
3256 3730 3268 3766 :
3300 3723 3525 3780 utroque

1918 3810 2242 3877 discernitur
2286 3810 2607 3884 significatio
2654 3819 2710 3865 et
2760 3806 3169 3865 intervenientis
3196 3814 3251 3861 et
3292 3802 3519 3874 agentis.

1995 3948 2075 4022 (5)
2107 3948 2385 4004 Librarius
2410 3956 2595 4003 noster
2625 3946 2773 4016 prius
2796 3946 3090 4013 scripserat
3116 3952 3384 4022 occurret,
3411 3957 3524 3996 ma-

1918 4016 2015 4093 gis
2045 4016 2170 4093 apte
2197 4027 2255 4093 et
2289 4034 2533 4093 connexe
2571 4034 2735 4088 quam
2776 4033 2985 4093 occurre
3022 4033 3050 4093 :_
3085 4016 3396 4072 emendavit
3437 4029 3524 4071 se-

1921 4088 2096 4150 cunda
2110 4092 2222 4162 _sed
2249 4091 2468 4158 antiqua
2499 4104 2709 4158 manus,
2738 4089 2960 4145 occurrit
2993 4088 3167 4162 plane.

1994 4163 2072 4242 (6)
2103 4160 2196 4223 Est
2218 4163 2503 4219 omittitur.

1918 4302 2057 4361 Aliis
2089 4302 2234 4363 favet
2269 4302 2401 4360 illud
2432 4301 2527 4359 lib.
2559 4317 2663 4367 vn,
2695 4317 2753 4358 η.
2791 4298 2864 4355 2‘2
2890 4315 2904 4355 :
2935 4297 3084 4355 Adsit
3128 4297 3223 4353 sibi
3249 4297 3435 4357 divina:
3465 4297 3527 4351 de

1920 4392 1973 4431 se
2000 4376 2265 4435 sententia:
2290 4376 2659 4433 testimonium.

1996 4442 2074 4518 (ιι)
2115 4444 2257 4518 Edi‘ti
2275 4487 2291 4518 ,
2316 4462 2500 4518 cum...
2528 4444 2891 4518 nuntiaverint.
2910 4441 3225 4513 Elegantius
3253 4455 3384 4497 mss.
3408 4443 3523 4509 cui,

1917 4514 2062 4584 etc},
2084 4515 2227 4587 quod
2255 4514 2322 4570 de
2346 4532 2406 4571 se
2432 4517 2573 4587 dicit,
2592 4515 2843 4569 llilarius.

1991 4583 2182 4662 (e)__ln_
2205 4588 2468 4662 vulgatis.
2496 4585 2628 4662 nihil
2668 4602 2757 4639 nec
2798 4584 3291 4662 confunditurtnec
3321 4583 3526 4651 confer-

1919 4655 2684 4733 tur.Verbum—confunditur
2711 4663 2900 4733 exstat
2934 4662 3136 4733 tantum
3180 4655 3230 4708 in
3271 4668 3376 4733 un_o
3416 4669 3520 4707 nis.

1921 4731 2072 4787 Colh.
2101 4733 2170 4785 At
2196 4731 2247 4785 in
2276 4725 2490 4785 mutet-is
2510 4770 2525 4795 ,
2555 4729 2684 4783 nihil
2705 4744 2796 4782 nec
2820 4725 3120 4793 o/fenditur,
3146 4742 3236 4779 nec
3256 4725 3524 4793 aufertur:

1921 4818 2042 4871 qua:
2076 4803 2183 4856 duo
2213 4802 2372 4857 verba
2403 4802 2467 4854 ad
2498 4802 2603 4856 alia
2633 4800 2739 4855 duo
2778 4799 3085 4869 superiora,
3118 4797 3225 4871 sine
3265 4806 3526 4871 contume—

1923 4868 2013 4938 lia,
2043 4876 2155 4928 sine
2180 4873 2454 4928 abolitione
2489 4873 2732 4941 apposite
2762 4871 3087 4926 referuntur.
3124 4868 3289 4927 i‘orro
3329 4868 3382 4941 in
3415 4881 3522 4941 _vo—

1922 4946 2074 5001 cibus
2115 4946 2247 4999 nihil
2286 4962 2407 5008 nec,
2455 4938 2571 4999 non
2608 4943 2809 5012 duplex
2852 4943 3063 5011 negatio
3094 4947 3206 5012 est,
3240 4938 3344 5012 sed
3380 4938 3525 5008 pleo—

1923 5032 2141 5072 nasmus
2179 5015 2387 5091 στερείς
2415 5015 2621 5091 ipsique
2657 5009 2869 5091 Hilario
2894 5009 3194 5091 iaiiiiliaris.
3239 5009 3391 5065 Hune
3429 5023 3524 5091 ca-

1924 5103 2050 5142 vere
2078 5103 2207 5142 mss.
2239 5080 2757 5157 Rcmigiet'Theod.
2782 5085 2872 5155 qui
2903 5099 3016 5157 pro,
3044 5083 3177 5137 nihil
3210 5098 3300 5135 nec
3322 5123 3336 5147 ,
3366 5080 3520 5157 exilii-

1924 5158 2052 5215 bent
2083 5159 2214 5214 nihil
2255 5160 2309 5214 in
2338 5154 2418 5214 eo:
2449 5159 2503 5214 Si
2536 5158 2659 5229 quis
2699 5154 2847 5229 malit
2887 5155 3017 5211 nihil
3063 5171 3164 5229 nec
3193 5154 3527 5229 confunditur

1924 5247 2016 5284 nec
2037 5234 2300 5298 aufertur,
2331 5224 2710 5300 propter'illud
2744 5228 2837 5283 lib.
2867 5242 2941 5283 vit
2963 5268 2980 5295 ,
3012 5244 3067 5283 η.
3103 5226 3169 5281 21
3198 5242 3213 5279 :
3241 5224 3364 5300 lVon
3406 5241 3527 5279 con-

1922 5297 2158 5375 funditur
2186 5297 2357 5374 itaque
2383 5297 2470 5356 aut
2498 5300 2729 5356 aboletur
2753 5309 2971 5367 natura;
3002 5313 3097 5371 per
3120 5312 3217 5353 nos
3242 5297 3421 5353 liceat.

2016 5395 2448 5470 (f)__Particulam
2495 5396 2542 5453 si
2583 5395 2833 5470 addimus
2882 5396 3201 5470 auctoritate
3258 5395 3525 5465 potiorum

1922 5468 2069 5525 mss.
2091 5468 2211 5527 Mox
2243 5469 2429 5525 vocula
2460 5477 2509 5524 et
2535 5482 2634 5539 pro
2660 5468 2812 5523 etiam
2841 5469 3078 5537 ponitur.

1997 5561 2073 5636 (g)
2096 5562 2255 5636 Solus
2281 5560 2413 5636 Vat.
2446 5560 2562 5615 bas.
2593 5560 2787 5628 codex,
2818 5559 3041 5636 Tempus
3078 5560 3396 5636 eiiim‘spatii
3426 5576 3527 5636 non

1924 5634 1979 5689 in
2005 5630 2116 5690 ibeo
2144 5635 2234 5689 sed
2274 5634 2328 5686 in
2367 5642 2519 5687 a'tale
2558 5641 2727 5687 manet
2765 5630 3027 5686 moderata
3066 5632 3395 5702 signiﬁcatio.
3428 5631 3527 5688 Cui

1925 5705 2195 5763 consentit
2222 5703 2445 5763 Carnut.
2475 5704 2530 5761 in
2554 5703 2767 5759 duobus
2797 5703 3084 5773 postremis
3113 5703 3311 5759 verbis.

1989 5798 2078 5934 ςδὴ)
2103 5798 2267 5865 Editi,
2297 5797 2542 5863 occurrit,
2572 5797 2787 5852 occurrit
2809 5797 2996 5866 plane;
3027 5806 3081 5852 et
3108 5812 3252 5867 mox,
3283 5795 3524 5870 Piscatgr

2025 5871 2204 5934 didisti
2229 5888 2245 5934 ε
2266 5868 2666 5934 refragantibus
2692 5869 2965 5931 veteribus
2988 5869 3157 5931 libris.

1930 5868 2204 5935 reddidisti
2229 5888 2245 5935 i
2266 5868 2666 5942 refragantibus
2692 5869 2965 5931 veteribus
2988 5869 3157 5931 libris.
