4216 6254
664 352 737 410 65
1867 355 2116 413 SANCTI
2156 353 2417 412 IIILARII
2458 354 2764 413 EPISCOPI
2870 312 2881 321 .
3909 352 3983 409 61

739 470 827 528 19.
859 471 984 528 Non
1012 482 1208 529 tantum
1228 472 1395 545 adfuit
1422 472 1632 545 facienti
1652 473 1843 541 omnia,
1869 473 1959 528 sed
1978 482 2024 528 et
2052 474 2267 545 (eci1.—
2293 474 2343 534 Λ
2374 470 2556 545 (Joan.
2578 489 2631 538 v,
2655 472 2772 546 26).
2808 473 2964 539 llinc,
2992 471 3158 528 Nemo
3184 472 3320 527 novit
3342 471 3532 528 Filium
3555 472 3654 528 nisi
3683 470 3863 541 Pater,
3888 491 3981 529 ne-

663 562 771 622 Sed
802 565 881 640 (1)
905 566 982 642 (ιι)
1005 567 1239 624 sollicito
1280 567 1349 624 de
1390 578 1635 635 auctore,
1667 567 1759 640 qui
1806 582 1946 622 unus
1995 566 2265 638 ingenitus

2370 582 2468 635 que
2520 566 2733 621 Patrem
2765 566 2843 637 (6)
2867 567 2964 622 nisi
2996 565 3041 620 F
3043 566 3164 621 ilius
3193 565 3408 638 (Matth.
3445 582 3497 621 χι
3522 608 3536 633 ,
3574 566 3692 635 27).
3725 568 3883 636 Hinc,
3915 568 3982 626 In

666 676 775 734 est,
806 678 873 718 ne
904 662 956 716 in
985 676 1051 718 eo
1078 660 1221 731 quod
1253 661 1425 715 omnia
1452 659 1682 728 diceres,
1715 659 1846 715 nihil
1887 670 2032 714 esset
2072 673 2269 729 excep-
2367 662 2480 727 ipso
2524 661 2774 715 inhabitat
2822 661 2988 717 omnis
3030 661 3295 731 plenitudo
3325 661 3614 717 divinitatis
3643 665 3984 735 corporaliter

667 769 803 826 tum,
831 754 1038 812 solvisti
1069 764 1271 809 metum
1317 753 1583 810 dicendo:
1620 753 1688 808 Et
1726 754 1834 807 sine
1872 768 1931 808 eo
1971 752 2165 823 factum
2193 760 2268 805 est

670 849 823 906 nihil.
850 847 1052 903 Verum
1076 844 1379 903 confundor
1406 856 1460 902 et
1489 846 1676 902 turbor
1701 844 1756 901 in
1788 861 1874 913 en,
1913 845 2055 916 quod
2076 845 2188 899 sine
2211 859 2268 898 eo

671 946 869 1014 factum
899 950 972 996 est
999 939 1152 996 nihil.
1176 940 1273 996 Est
1296 955 1425 1012 ergo
1445 940 1648 1012 aliquid
1672 956 1766 1010 per
1786 940 2013 995 alterum
2044 939 2266 1006 factum,

669 1033 813 1106 quod
840 1043 1018 1088 tamen
1051 1048 1157 1087 non
1186 1032 1263 1087 sit
1277 1032 1394 1087 sine
1425 1047 1490 1086 eo
1514 1031 1711 1088 factum
1738 1049 1753 1088 :
1784 1040 1840 1089 et
1868 1032 1916 1086 si
1940 1031 2140 1102 aliquid
2177 1046 2271 1101 per

667 1128 921 1191 alterum,
949 1122 1025 1198 (Ξ)
1061 1124 1188 1179 licet
1218 1139 1323 1179 non
1351 1124 1468 1179 sine
1487 1138 1592 1190 eo;
1619 1122 1727 1194 jam
1758 1136 1860 1177 non
1891 1137 1989 1193 per
2015 1138 2137 1177 eum
2157 1137 2270 1175 om-

673 1219 792 1285 nia;
841 1218 965 1289 quia
996 1216 1141 1271 aliud
1166 1224 1249 1271 est
1278 1215 1491 1280 fecisse,
1523 1214 1667 1271 aliud
1697 1224 1781 1271 est
1808 1215 2164 1270 intervenisse
2186 1213 2270 1269 fa-

672 1311 859 1368 cienti.
888 1310 1005 1365 Non
1037 1309 1210 1365 habeo
1241 1309 1351 1375 hic,
1383 1307 1619 1378 piscator
1641 1323 1816 1374 meus,
1854 1314 1913 1361 ut
1940 1307 1993 1361 in
2019 1307 2231 1362 cteteris
2253 1345 2271 1372 ,

672 1406 817 1477 quod
839 1421 903 1460 ex
945 1420 1064 1460 meo
1095 1404 1363 1474 proferam
1391 1419 1406 1468 ;
1441 1419 1470 1458 a
1499 1413 1590 1457 tuo
1624 1403 1806 1456 statim
1838 1400 2272 1472 respondendum

676 1509 782 1567 est,
831 1497 1018 1554 Omnia
1066 1514 1157 1568 per
1195 1513 1307 1551 eum
1345 1496 1484 1565 facta
1530 1503 1667 1549 sunt.
1727 1491 1933 1549 Sentio.
1983 1492 2277 1562 Apostolus

677 1596 820 1651 enim
845 1596 924 1667 (5)
940 1594 1122 1649 docuit
1150 1611 1163 1646 :
1192 1592 1428 1647 Visibilia
1448 1599 1493 1645 et
1514 1589 1810 1657 invisibilia,
1828 1586 2280 1652 siveT/rroni,sive

675 1688 1086 1755 Dominationes,
1115 1686 1219 1740 sive
1244 1683 1575 1755 Principatus
1594 1725 1609 1750 ,
1637 1685 1741 1738 sive
1772 1680 2081 1748 Potestates,
2106 1682 2277 1735 omnia

674 1799 768 1854 per
787 1783 976 1852 ipsum,
1009 1780 1131 1835 etin
1157 1780 1267 1850 ipso
1300 1776 1526 1852 (Coloss.
1552 1793 1590 1838 ι.
1625 1775 1739 1848 16).

2373 752 2596 826 (Coloss.
2628 770 2688 821 tt,
2714 754 2793 826 9).

2440 847 2531 901 2L
2577 846 2722 901 Verbi
2743 846 3002 918 generatio
3025 845 3252 901 qunaua
3280 847 3480 903 ratione
3500 865 3603 903 non
3627 850 3870 920 capitur;
3901 860 3983 905 te-

2332 912 2542 991 ⁸ηιξιιιία
2564 939 2721 1011 igitur
2742 939 2866 1009 ﬁde.
2896 969 2970 980 —
2997 938 3121 993 llzrc
3144 939 3251 993 vita
3284 939 3379 994 lux
3411 940 3688 995 hominum
3718 950 3820 1004 est,
3855 941 3973 997 ha'c

2374 1010 2467 1085 lux
2496 1031 2748 1085 tenebras
2773 1031 3103 1085 illmninaus.
3129 1030 3196 1085 Et
3220 1040 3277 1085 ut
3304 1032 3790 1102 impossibilitatem
3813 1049 3986 1104 gene-

2374 1122 2601 1177 rationis
2636 1123 2754 1191 ejus
2779 1123 3098 1178 enarranda:
3136 1122 3432 1179 seetmdum
3459 1125 3778 1194 prophetam
3805 1127 3987 1196 pisca-

2375 1223 2459 1269 tor
2481 1216 2853 1270 consolaretur
2878 1216 3029 1289 (Esa.
3053 1231 3165 1281 ι.ιιι,
3196 1217 3507 1287 8);adjecit,
3543 1216 3611 1271 Et
3639 1219 3856 1275 lenebrw
3871 1237 3989 1276 eam

2377 1326 2479 1363 non
2508 1310 3005 1379 comprehenderunt
3036 1311 3213 1384 (Joan.
3247 1329 3283 1377 ι,
3310 1314 3386 1381 4).
3413 1312 3589 1368 Cessit
3624 1330 3806 1373 sermo
3830 1328 3984 1372 natu-

2378 1418 2476 1469 rae,
2516 1411 2700 1458 etnon
2738 1403 2898 1459 habet
2935 1421 3040 1473 quo
3070 1415 3349 1472 excurrat;
3384 1414 3438 1461 et
3470 1417 3645 1462 tamen
3678 1407 3783 1465 hoc
3811 1410 3989 1479 pisca-

2381 1500 2466 1547 tor
2494 1494 2595 1548 iStc
2627 1495 2893 1550 recubans
2926 1496 2977 1549 in
3010 1496 3221 1552 Domini
3259 1506 3447 1570 pectus
3485 1500 3713 1570 accepit.
3758 1501 3875 1555 Non
3904 1511 3988 1556 est

2381 1585 2483 1642 iste
2503 1585 2687 1641 szcculi
2713 1601 2912 1652 sermo;
2947 1589 3072 1659 quia
3097 1589 3164 1644 de
3194 1605 3295 1659 qua
3321 1591 3519 1661 agitur,
3552 1606 3661 1646 non
3684 1593 3869 1647 sreculi
3898 1607 3988 1648 res

2381 1686 2484 1732 est.
2515 1678 2718 1733 Edatur
2746 1675 2974 1748 aliquid,
3011 1681 3054 1734 si
3087 1680 3139 1734 in
3170 1680 3563 1750 significatione
3588 1682 3875 1738 verborum
3903 1699 3991 1739 re—

2384 1771 2549 1841 periri
2583 1779 2765 1842 potest
2803 1774 2939 1827 ultra
2973 1789 3132 1844 quam
3180 1773 3383 1829 dictum
3417 1775 3484 1829 sit
3517 1794 3529 1828 :
3562 1778 3685 1831 etsi
3720 1792 3821 1846 qua
3862 1786 3991 1832 sunt

746 1874 839 1928 20.
875 1873 976 1940 Qui
1005 1874 1179 1927 omnia
1204 1873 1256 1926 in
1283 1871 1451 1927 Verbo
1470 1879 1661 1925 creata.
1700 1869 1922 1925 Verbum
1947 1886 2048 1924 non
2077 1884 2278 1923 succes-
2308 1858 2353 1919 Β
2382 1865 2484 1918 alia
2509 1866 2769 1936 expositae
2798 1881 2826 1919 a
2877 1866 3037 1922 nobis
3083 1875 3291 1921 naturze
3320 1868 3536 1923 nomina
3563 1910 3576 1934 ,
3621 1869 3985 1937 proferantur.

672 1968 798 2036 sive,
822 1967 913 2021 sed
939 1966 1192 2021 nascendo
1216 1969 1493 2037 perfectum
1516 1963 1919 2018 existit.—Cum
1951 1976 2079 2033 ergo
2104 1962 2276 2016 omnia

680 2075 772 2131 per
818 2060 1025 2131 ipsum,
1068 2057 1292 2112 subveni
1349 2065 1404 2111 et
1456 2070 1681 2122 enarra,
1715 2054 1841 2125 quid
1883 2069 1989 2109 non
2043 2054 2160 2109 sine
2210 2067 2276 2108 eo

686 2152 780 2226 (4)
810 2152 1006 2207 factum
1034 2152 1122 2207 sit.
1156 2150 1230 2223 (b)
1266 2150 1414 2217 Quod
1454 2152 1642 2222 factum
1671 2158 1746 2205 est
1780 2151 1935 2215 ineo,
1977 2149 2078 2203 vita
2107 2147 2176 2219 (ε)
2207 2157 2279 2201 est

692 2244 874 2320 (Joan.
908 2260 945 2310 ι.
982 2244 1063 2316 4).
1100 2243 1213 2299 lloc
1243 2243 1405 2315 igitur
1429 2259 1537 2299 non
1560 2243 1679 2298 sine
1707 2256 1794 2309 eo,
1825 2241 1968 2313 (ιιιοά
1998 2242 2049 2296 in
2072 2256 2138 2297 eo
2164 2241 2276 2296 fac-

682 2347 795 2393 tum
818 2347 901 2394 est
932 2355 945 2390 :
975 2353 1096 2392 nam
1127 2337 1176 2391 id
1196 2336 1338 2407 quod
1361 2336 1413 2391 in
1432 2352 1497 2392 eo
1513 2337 1711 2392 factum
1728 2343 1832 2401 est,
1857 2334 2019 2390 etiam
2038 2348 2132 2404 per
2152 2348 2275 2389 eum

674 2431 876 2486 factum
895 2438 996 2486 est.
1017 2429 1209 2484 Omnia
1226 2429 1370 2485 enim
1388 2444 1482 2499 per
1496 2431 1667 2499 ipsum
1682 2436 1738 2484 et
1760 2429 1810 2483 in
1826 2427 1942 2498 ipso
1961 2436 2139 2481 creata
2153 2434 2280 2481 sunt

685 2519 909 2589 (Coloss.
936 2537 973 2585 I,
1016 2517 1126 2592 16).
1157 2519 1212 2574 [n
1244 2521 1360 2590 ipso
1381 2530 1555 2575 autem
1600 2528 1815 2586 creata,
1863 2518 1985 2589 quia
2021 2516 2281 2573 nasceba-

691 2626 776 2670 tur
789 2623 1001 2670 ereator
1022 2611 1297 2671 Deus.Sed
1311 2613 1470 2670 etiam
1504 2628 1571 2668 ex
1602 2613 1704 2667 hoc
1723 2612 1840 2667 sine
1854 2626 1919 2666 eo
1934 2610 2063 2666 nihil
2080 2610 2277 2664 factum

682 2721 786 2771 est,
808 2711 1014 2778 quodin
1037 2727 1102 2768 eo
1123 2710 1316 2767 factum
1340 2720 1443 2778 est,
1462 2712 1584 2782 quia
1610 2724 1839 2764 nascens
1861 2708 1999 2763 Deus
2016 2708 2119 2762 vita
2132 2714 2277 2761 erat:

684 2812 738 2858 et
774 2801 855 2876 (ιι)
881 2804 969 2872 qui
1002 2805 1106 2858 vita
1141 2812 1274 2869 erat,
1301 2818 1406 2858 non
1437 2812 1619 2873 postea
1659 2818 1815 2871 qttam
1843 2809 1926 2855 est
1954 2806 2130 2862 natus,
2173 2797 2282 2870 38

688 2893 916 2950 eliectus
941 2903 1025 2950 est
1046 2895 1184 2960 vita;
1215 2910 1320 2950 non
1376 2896 1518 2948 enim
1548 2894 1600 2947 in
1645 2908 1711 2948 eo
1740 2892 1882 2946 aliud
1927 2900 2011 2946 est
2039 2887 2113 2961 (e)
2142 2889 2279 2958 quod

684 2997 866 3040 natum
924 2995 1026 3051 est,
1059 2995 1112 3041 et
1165 2985 1308 3040 aliud
1337 2995 1420 3039 est
1441 2984 1581 3055 quod
1613 2994 1768 3039 natus
1796 2983 2021 3051 accepit.
2046 2981 2162 3035 Non
2189 2978 2285 3034 ha-

688 3077 816 3132 bent
846 3078 1007 3133 ‘iuter
1047 3093 1106 3133 se
1137 3086 1347 3147 tempus
1386 3088 1439 3131 et
1466 3077 1718 3130 nativitas
1748 3085 1804 3130 et
1833 3072 2124 3144 prolectus.
2174 3071 2282 3127 Sed

686 3170 817 3226 nihil
881 3171 960 3244 (5)
990 3171 1109 3226 sine
1164 3187 1222 3227 se
1249 3169 1410 3225 liebat
1436 3186 1502 3224 ex
1553 3170 1617 3223 iis
1663 3183 1782 3239 qua:
1830 3167 1883 3222 in
1938 3183 2003 3222 eo
2053 3165 2277 3232 ﬂebant,

2380 1955 2511 2023 Qua:
2535 1958 2579 2010 si
2610 1971 2716 2011 non
2735 1965 2882 2023 sunt,
2910 1958 3074 2012 immo
3100 1958 3223 2029 quia
3254 1974 3358 2014 non
3383 1971 3531 2025 sunt;
3561 1959 3821 2014 miremur
3844 1960 3987 2017 hanc

2380 2050 2434 2105 in
2467 2050 2733 2118 piscatore
2772 2049 3096 2116 doctrinam,
3140 2060 3192 2106 et
3222 2051 3273 2106 in
3304 2067 3370 2106 eo
3398 2053 3475 2125 (ῃ)
3501 2054 3714 2124 eloquia
3741 2054 3830 2109 Dei
3861 2070 3988 2109 sen-

2381 2149 2577 2199 tiamus
2610 2162 2622 2197 :
2656 2142 3165 2214 confessionemque
3207 2144 3381 2201 Patris
3406 2155 3461 2202 et
3490 2145 3647 2211 Filii,
3681 2147 3905 2217 ingeniti
3931 2158 3989 2203 et

2383 2222 2640 2306 unigeniti
2672 2235 3124 2302 inenarrabilem,
3158 2244 3212 2291 et
3250 2237 3601 2293 excedentem
3640 2239 3984 2309 complexum

2382 2344 2597 2384 orlinem
2634 2338 2687 2385 et
2717 2330 2988 2384 sermonis
3018 2341 3072 2384 et
3098 2344 3320 2395 senSus,
3355 2341 3632 2385 teneamus
3657 2338 3818 2404 atque
3848 2333 3983 2387 ado-

2383 2437 2565 2478 remus
2603 2440 2616 2475 :
2672 2430 2729 2476 et
2774 2421 2828 2475 in
2874 2422 3102 2476 Domino
3146 2421 3309 2488 Jesu,
3360 2423 3614 2494 exemplo
3651 2423 3891 2490 Joannis,
3926 2432 3987 2480 ut.

2383 2514 2500 2571 haec
2541 2514 2810 2586 possimus
2837 2514 3040 2571 sentire
3066 2525 3117 2571 et
3150 2514 3408 2587 colloqui,
3441 2517 3770 2575 accubemus
3798 2517 3980 2594 (Joan.

2382 2624 2501 2673 xm,
2533 2608 2650 2680 25).

2453 2702 2544 2756 22.
2580 2701 2953 2757 Hiereticorum
2991 2712 3127 2757 artes
3177 2712 3355 2757 contra
3404 2703 3556 2774 ﬁdem
3604 2719 3767 2759 vana.
3825 2704 3986 2762 Fides

2384 2810 2488 2848 una
2517 2796 2669 2850 vincit
2693 2813 2864 2851 omnes
2896 2795 3134 2850 lrwreses.
3167 2826 3240 2836 --
3267 2794 3622 2851 Commendat
3646 2807 3827 2852 autem
3856 2798 3983 2854 lidei

2386 2887 2546 2959 hujus
2566 2890 2948 2958 integritatem,
2975 2889 3349 2960 etevangelica
3366 2890 3680 2955 auctoritas,
3701 2900 3753 2944 et
3768 2902 3988 2961 aposto-

2383 2981 2481 3036 lica
2507 2982 2617 3054 39
2645 2981 2912 3045 doctrina,
2943 2990 2997 3036 et
3020 2980 3579 3051 circumstrepentium
3614 2984 3850 3055 undique
3877 2987 3991 3039 bze-

2384 3073 2676 3128 reticorum
2711 3074 2787 3146 (7)
2824 3072 2904 3147 (It)
2936 3074 3106 3128 otiosa
3146 3074 3520 3131 lraudulentia.
3553 3076 3671 3132 Stat
3709 3079 3849 3133 enim
3883 3077 3989 3136 hoc

2385 3167 2791 3222 fundamentum
2844 3167 3078 3223 validum
3143 3178 3198 3223 et
3240 3170 3517 3224 immotum
3569 3172 3828 3227 adversus
3870 3187 3992 3228 om-

681 3265 803 3336 quia
858 3264 959 3320 vita
1005 3274 1088 3321 est
1157 3263 1365 3336 (supple
1418 3265 1486 3336 is)
1536 3264 1588 3318 in
1637 3278 1744 3336 quo
1790 3262 2008 3326 liebaut,
2038 3271 2091 3317 et
2144 3262 2282 3317 Deus
2308 3255 2354 3319 C
2388 3274 2485 3315 nes
2513 3271 2723 3327 ventos,
2760 3261 2967 3327 pluvias
2992 3303 3007 3327 ,
3061 3268 3369 3329 torrentes,
3401 3278 3502 3318 non
3536 3263 3749 3321 ﬂatibus
3783 3266 3992 3337 pellen-

686 3359 778 3429 qui
832 3373 859 3411 a
918 3358 1029 3414 Deo
1074 3366 1228 3413 natus
1287 3366 1414 3423 est,
1496 3372 1603 3412 non
1664 3364 1847 3427 postea
1915 3369 2074 3425 quam
2129 3362 2285 3410 natas

686 3460 771 3506 est
795 3492 809 3518 ,
856 3449 926 3523 (Ῑ)
981 3451 1074 3507 sed
1109 3452 1380 3507 nascendo
1424 3451 1564 3506 Deus
1604 3450 1827 3505 exstitit.
1860 3447 2100 3503 Nascens
2136 3446 2281 3502 enim

687 3559 717 3598 a
752 3545 966 3600 vivente
1015 3545 1208 3609 vivus,
1260 3560 1290 3599 a
1318 3558 1446 3601 vero
1473 3559 1657 3609 verus,
1709 3559 1737 3597 a
1777 3542 2021 3615 perfecto
2074 3541 2283 3612 perfec-

687 3647 805 3703 tus,
846 3653 951 3692 non
1003 3637 1122 3692 sine
1167 3646 1436 3707 potestate
1486 3636 1781 3692 nativitatis
1832 3652 1946 3691 suae
1996 3644 2151 3690 natus
2177 3645 2279 3702 est,

686 3730 1019 3785 nativitatem
1054 3730 1300 3786 videlicet
1329 3745 1481 3785 suam
1514 3746 1619 3785 non
1658 3741 1842 3802 postea
1880 3729 2153 3797 sentiens,
2188 3730 2281 3784 sed

685 3836 746 3877 se
778 3822 945 3877 Deum
1000 3823 1051 3878 in
1088 3838 1159 3879 eo
1201 3824 1319 3893 ipso
1348 3823 1490 3894 quod
1520 3825 1658 3879 Deus
1700 3839 1767 3878 ex
1828 3825 1936 3879 Deo
1964 3821 2286 3878 nascebatur

684 3915 1007 3986 intelligens.
1043 3916 1155 3972 Hoc
1177 3916 1483 3986 unigenitus
1512 3916 1581 3972 ab
1603 3916 1879 3986 ingenito:
1915 3914 2049 3978 hoc,
2102 3913 2216 3985 Ego
2242 3924 2287 3968 et

688 4006 1033 4062 Puterunum
1058 4026 1233 4064 sumus
1257 4010 1437 4079 (Joan.
1469 4025 1524 4077 χ,
1550 4008 1643 4079 50)
1678 4025 1692 4062 :
1726 4007 1830 4064 huc
1860 4007 1916 4062 in
1943 4006 2289 4063 confessione

692 4099 868 4154 Patris
893 4108 950 4155 et
986 4100 1107 4156 Filii
1137 4102 1276 4155 Deus
1306 4117 1442 4156 intus
1475 4120 1487 4155 :
1520 4102 1620 4156 hoc
1652 4101 1809 4156 Pater
1839 4100 1892 4155 in
1921 4098 2080 4166 Filio,
2110 4108 2166 4155 et
2194 4097 2285 4154 Fi-

693 4191 795 4246 lius
826 4191 878 4246 in
911 4192 1089 4249 Patre.
1121 4193 1291 4259 Hinc,
1342 4195 1445 4262 Qui
1482 4212 1563 4248 me
1601 4186 1760 4259 vidit,
1806 4194 1931 4248 vidit
1977 4204 2023 4247 et
2081 4192 2284 4249 Patrem

687 4282 870 4357 (Joan.
900 4301 1023 4353 xw,
1068 4285 1145 4354 9).
1181 4288 1334 4353 llinc,
1372 4287 1560 4342 Omnia
1583 4304 1696 4348 quae
1738 4286 1887 4342 habet
1927 4286 2117 4350 Pater,
2146 4288 2287 4343 dedit

691 4374 834 4430 Filio
856 4375 1039 4449 (Joan.
1069 4394 1181 4443 xvr,
1211 4379 1322 4451 '15).
1354 4379 1506 4445 Hinc,
1531 4380 1677 4435 Sicut
1705 4378 1852 4435 habet
1883 4380 2041 4437 Pater
2063 4382 2218 4436 vitam
2236 4383 2288 4437 in

686 4469 989 4542 semetipso,
1032 4471 1104 4525 ita
1134 4471 1273 4527 dedit
1322 4469 1466 4527 Filio
1497 4473 1647 4528 vitam
1703 4473 1890 4530 habere
1925 4475 1978 4529 in
2022 4475 2290 4547 semetipso

757 4596 838 4739 (i)
868 4598 1113 4665 Solliciti,
1146 4615 1301 4670 teque
1328 4600 1486 4657 bene.

778 4668 813 4722 ‘2
872 4671 999 4727 lleic
1051 4674 1411 4739 interponitur
1442 4676 1486 4739 fa

778 4668 838 4739 ἐξ)
869 4671 999 4754 lleic
1051 4668 1411 4752 interponitur
1442 4676 1658 4743 factum.
1702 4671 1897 4730 Postea
1935 4673 2289 4745 supprimitur

687 4751 759 4796 est
789 4753 916 4795 ante
942 4751 1290 4797 intervenisse.

763 4810 842 4953 (ὃς
869 4811 1101 4866 Additur
1130 4810 1356 4866 Paulus.

873 4881 1095 4937 Factum
1122 4890 1215 4936 est.

761 4881 840 4952 (4)
873 4881 1095 4937 Factum
1122 4890 1215 4936 est.

761 4952 839 5023 (5)
873 4954 999 5008 Sine
1018 4971 1095 5009 eo.

759 5024 839 5098 (6)
865 5023 919 5080 In
947 5027 1132 5083 codice
1156 5030 1342 5081 nostro
1361 5026 1673 5098 adiungitur
1704 5047 1719 5085 :
1746 5030 1859 5102 quis
1887 5030 2045 5099 novit,
2077 5031 2173 5087 sed
2202 5046 2288 5088 se-

761 5142 837 5219 _(_a)
865 5143 940 5219 Ita
956 5145 1242 5219 eleganter
1261 5151 1480 5219 optima:
1499 5158 1640 5203 nottn
1660 5164 1788 5204 mss.
1814 5151 1974 5203 tacita
1991 5162 2121 5203 voce
2148 5147 2295 5213 mihi,

690 5213 1031 5271 scil.solvisti
1050 5213 1260 5274 metum.
1293 5213 1363 5276 Ᾱι
1391 5223 1441 5275 in
1475 5221 1705 5289 vulgatis
1729 5222 2004 5275 sollicitor.

723 5375 734 5386 .
765 5304 843 5376 (b)
878 5307 1122 5386 l.ips.‘_e_t
1148 5309 1269 5364 Par.
1304 5323 1416 5377 post
1449 5313 1542 5386 Er.
1580 5312 1664 5367 hic
1691 5312 1909 5377 addunt,
1936 5311 2073 5381 quod
2100 5312 2293 5377 factum

689 5382 774 5442 sit,
818 5389 1011 5446 praeter
1035 5382 1192 5436 tidem
1219 5391 1458 5438 veterum
1491 5383 1773 5440 librorum.

760 5471 833 5542 (e)
858 5471 1097 5545 Rursum
1128 5475 1214 5531 hic
1250 5477 1379 5531 editi
1410 5475 1773 5545 prtrl‘erebaut
1797 5478 1901 5531 vita
1948 5486 2055 5530 erat
2081 5491 2101 5532 :
2130 5489 2287 5545 repu-

688 5542 974 5624 guantihns
1003 5561 1152 5624 mss._
1182 5560 1237 5601 ut
1258 5542 1436 5624 _et_»lib'.
1470 5564 1508 5624 ι,
1541 5565 1594 5601 ιι.
1622 5548 1709 5624 10.
1733 5549 2070 5624 Quamquam
2096 5563 2163 5624 ex
2192 5542 2287 5602 se-

690 5614 982 5691 quentibus
1008 5619 1268 5691 suspicari
1316 5620 1436 5675 licet
1467 5614 1603 5675 hanc
1631 5614 2147 5691 lectionem-Hilario
2162 5635 2288 5691 ιιιιιι

687 5677 864 5764 fuisse
884 5677 1199 5764 inauditam.
1240 5693 1557 5748 Ambrosius
1582 5707 1796 5763 quoque
1830 5694 1921 5748 lib.
1953 5688 2011 5747 tn
2039 5690 2109 5748 de
2158 5689 2290 5748 Fide

686 5764 735 5804 ο.
758 5752 820 5825 ι6,
853 5754 997 5826 legit.
1028 5758 1127 5821 vita
1157 5770 1248 5813 est.

760 5841 838 5915 (tl)
868 5843 938 5897 ita
972 5844 1226 5904 meliores
1257 5852 1387 5905 mss.
1421 5855 1488 5907 At
1523 5848 1671 5919 editi,
1703 5862 1747 5905 rt
1773 5853 1891 5922 quia
1920 5852 2023 5906 vita
2049 5827 2177 5907 erat.

2390 3352 2543 3419 dum,
2574 3370 2678 3409 non
2712 3353 3004 3409 stillicidiis
3033 3356 3449 3425 penetrandmn,
3483 3373 3587 3410 non
3619 3358 3989 3413 inundationi-

2392 3447 2489 3502 bus
2518 3448 2581 3519 (i)
2603 3448 2959 3504 subluendum
2993 3448 3183 3521 (Mat/1.
3212 3464 3322 3517 vn,
3346 3449 3476 3519 25):
3507 3459 3562 3505 et
3592 3451 3850 3520 optimum
3878 3461 3980 3517 est,

2389 3542 2648 3614 quidquid
2680 3556 2708 3591 τι
2748 3542 2993 3612 plurimis
3024 3544 3351 3597 incursatum
3374 3583 3388 3608 ,
3426 3557 3456 3596 a
3490 3543 3633 3595 nullo
3664 3554 3839 3597 tamen
3890 3560 3986 3613 po-

2391 3636 2517 3692 terit
2556 3636 2782 3707 impelli.
2831 3635 2902 3692 Ut
2946 3644 3124 3690 autem
3166 3634 3413 3705 quaedam
3464 3636 3987 3691 medicamentorum

2389 3744 2587 3800 genera
2631 3738 2758 3785 sunt
2789 3730 2859 3782 ita
2891 3736 3235 3797 comparata,
3285 3735 3343 3781 nt
3381 3741 3486 3781 non
3530 3727 3757 3796 singulis
3783 3736 3988 3782 tantum

2388 3821 2797 3892 :Pgritudinihus
2828 3822 2975 3876 utilia
3020 3822 3159 3888 sint,
3209 3819 3303 3876 sed
3332 3821 3582 3876 omnilms
3621 3820 3675 3875 in
3702 3836 3991 3877 commune

2390 3917 2749 3981 medeantur,
2806 3915 3141 3982 habeantque
3189 3913 3240 3968 iu
3302 3928 3362 3970 sc
3413 3914 3663 3969 virtutem
3721 3915 3992 3983 generalis

2389 4008 2580 4064 atrxihi
2613 4026 2625 4062 :
2661 4007 2732 4062 ita
2760 4016 2816 4062 et
2837 4006 2971 4061 lides
2997 4005 3261 4062 catholica
3291 4020 3399 4060 non
3424 4005 3710 4060 advorsum
3751 4006 3990 4076 singulas

2392 4117 2593 4177 pestes,
2629 4104 2722 4160 sed
2741 4113 2928 4160 contra
2956 4117 3147 4159 omnes
3167 4103 3386 4158 morbos
3407 4117 3562 4173 opem
3586 4101 3809 4156 medelas
3840 4115 3991 4156 com-

2395 4200 2574 4256 munis
2618 4199 2899 4269 impertit,
2958 4214 3062 4253 non
3118 4195 3439 4252 inﬁrmanda
3476 4211 3695 4265 genere,
3729 4211 3833 4249 non
3876 4196 3994 4249 vin-

2396 4294 2567 4349 cenda
2591 4307 2838 4359 numero,
2864 4308 2969 4347 non
2999 4291 3313 4348 diversitate
3344 4287 3574 4344 fallenda
3601 4304 3616 4352 ;
3646 4276 3739 4344 sed
3767 4303 3873 4342 una
3903 4297 3993 4341 at-

2396 4401 2502 4458 que
2549 4374 2737 4443 eadem
2788 4385 3074 4441 adversum
3126 4383 3334 4453 singula
3381 4382 3671 4452 omniaque
3720 4380 3993 4438 consistit.

2398 4478 2651 4549 Magnum
2691 4485 2776 4530 est
2803 4476 2978 4538 enim;
3014 4473 3094 4547 (8)
3124 4483 3202 4529 tot
3229 4473 3285 4529 iu
3312 4489 3375 4529 ea
3408 4488 3513 4529 una
3556 4470 3795 4529 remedia
3836 4486 3994 4539 esse,

2317 4612 2371 4671 1)
2394 4605 2567 4660 cunda
2606 4604 2945 4662 recensione.
2977 4603 3285 4661 Concurdat
3322 4604 3575 4676 Vulgata-
3602 4614 3785 4661 nostra
3833 4615 3997 4675 atque

2394 4675 2618 4733 Graecus
2646 4685 2843 4733 textus.

2465 4749 2541 4817 (7)
2586 4747 2661 4803 Ita
2705 4749 2930 4819 legimus
2958 4746 3014 4802 in
3039 4758 3226 4805 nostro
3254 4747 3424 4816 libro;
3450 4748 3706 4804 secundis
3730 4747 3873 4802 curis
3893 4762 3995 4816 ap-

2393 4820 2627 4890 positmn
2652 4829 2756 4885 est,
2787 4820 2986 4875 odiosa.

2391 4962 2445 5016 ά,
2469 4889 2547 4963 (8)
2580 4891 2633 4946 lu
2656 4892 3019 4948 auterioribus
3044 4890 3396 4960 editionibus,
3425 4899 3497 4946 tot
3532 4891 3587 4946 in
3614 4906 3718 4945 una
3744 4906 3806 4945 ea
3833 4905 4000 4945 reme-

2429 4980 2479 5016 ια
2505 4980 2632 5016 esse.

2429 4980 2479 5018 ια
2505 4980 2632 5019 8888.

2471 5145 2546 5217 (e)
2576 5145 2739 5211 Editi,
2763 5146 2900 5214 quod
2922 5154 3071 5200 natus
3097 5155 3170 5217 est
3201 5163 3215 5200 :
3247 5145 3630 5202 dissidentibus
3658 5159 3789 5199 mss.

2434 5214 2540 5341 1(γ’)
2570 5217 2622 5271 lu
2650 5234 2753 5273 ms.
2785 5216 2910 5274 Vat.
2945 5217 3056 5273 bas.
3085 5216 3172 5272 hic
3189 5217 3458 5289 adjicitur,
3483 5218 3784 5290 effectusest
3821 5214 4002 5273 Deus:

2456 5303 2688 5341 ossema.

2456 5303 2688 5344 OSSClnﬂ.

2492 5304 2515 5340 S
2639 5325 2649 5341 ι
2675 5329 2688 5343 .

2398 5302 2700 5431 83993033.
2730 5360 2849 5416 bas.
2890 5359 3061 5418 codex
3088 5375 3212 5417 cum
3241 5360 3411 5417 altera
3436 5359 3608 5417 Vatic.
3642 5368 3698 5416 et
3744 5360 3996 5427 (ὶιιιιιιιιἸ

2397 5429 2737 5495 eloquentiam
2772 5431 2883 5486 Dei.

2468 5499 2549 5573 (Ιι)
2598 5502 2651 5557 In
2675 5504 2904 5573 vulgatis
2934 5504 3135 5559 odiosa.
3181 5503 3371 5573 Aptius
3421 5506 3471 5556 in
3506 5519 3645 5560 mss.
3682 5503 3862 5557 Otiose.
3894 5502 4001 5569 Qui

2395 5583 2577 5628 autem
2607 5574 2778 5628 otiosa
2810 5585 2864 5629 et
2885 5577 3061 5630 inanis
3088 5577 3179 5633 sit.
3210 5577 3466 5628 continuo
3491 5575 3817 5629 declaratur.

2464 5643 2531 5713 (i)
2557 5644 2796 5712 Quatuor
2829 5661 2962 5701 mss.
3005 5647 3323 5700 solvendum.
3369 5644 3562 5707 Corb.,
3598 5647 3769 5707 l’rat..
3806 5644 3998 5710 Faur.,

2393 5715 2764 5769 subruendum.
2787 5717 3155 5773 ‘Retrinendum
3184 5716 3265 5772 eat
3306 5716 3668 5781 subluendum,
3700 5727 3757 5770 ut
3785 5725 4004 5771 constat

2393 5802 2456 5840 ex
2485 5801 2608 5911 gap.
2643 5787 2677 5843 6
2703 5787 2756 5844 in
2782 5787 2971 5847 Matth.
2995 5806 3051 5847 ιι.
3080 5792 3133 5859 6,
3166 5798 3221 5846 ct
3250 5792 3313 5844 ex
3341 5796 3497 5844 tract.
3541 5790 3593 5844 ιιι
3629 5788 3763 5859 psal.
3812 5786 4000 5854 vaui;

2396 5875 2448 5911 ιι.
2485 5892 2497 5911 ι
2525 5898 2538 5911 .

2396 5875 2448 5912 lt.
2485 5875 2538 5912 ἴ).
