4216 6254
252 302 325 359 65
848 331 869 356 κ

1507 298 1594 356 DE
1631 295 1880 355 TRINITi

1985 296 2008 352 ζ
2048 297 2250 355 LIBER
2283 301 2344 357 11.
3507 306 3579 363 66

252 429 383 489 qttnt
412 415 586 471 morbi
614 421 781 478 sunt;
817 421 873 469 et
904 410 1126 468 totidem
1156 411 1398 468 veritatis
1418 426 1539 469 esse
1562 412 1861 480 doctrinas,
1892 409 1943 471 A
1970 414 2111 483 quod
2139 413 2385 471 Christus
2414 416 2691 486 proprium
2722 416 2824 473 sibi
2853 425 3057 487 patrem
3091 417 3259 473 Deum
3283 420 3574 485 conﬁtens,

253 509 532 580 qiritiilcm
597 516 758 563 erunt
815 505 991 560 studia
1040 503 1311 560 falsitatis.
1363 503 1766 560 Coutrahautur
1808 505 1859 560 iu

255 618 422 658 unum
449 603 671 658 nomina
700 600 1112 665 haereticorum,
1144 607 1199 653 et
1247 613 1439 653 omnes
1490 599 1690 653 schol:e
1737 612 1863 669 pro-

253 698 416 753 deant
449 714 461 751 :
494 696 717 751 audiant
756 708 918 749 unum
953 692 1249 762 ingenitum
1285 692 1450 747 Deum
1500 700 1708 762 patrem
1741 732 1757 757 ,
1809 698 1864 746 et

254 806 423 845 unum
442 789 774 860 unigenitum
800 785 891 839 Dei
916 784 1081 838 filium
1113 781 1330 852 perfecti
1355 782 1522 853 patris
1551 782 1861 853 progeniem

254 883 587 954 perfectam;
632 897 741 935 non
769 895 865 950 per
892 877 1305 932 diminutionem
1332 877 1606 947 genitum,
1647 892 1755 932 non
1798 892 1865 954 es

254 972 785 1046 solidopartealiqua
815 971 1078 1036 decisum,
1110 970 1201 1024 sed
1232 969 1410 1024 omnia
1446 968 1754 1033 habentem,
1781 983 1868 1040 ge-

255 1070 443 1124 nuisse
467 1065 541 1140 (a)
555 1067 734 1123 omnia
752 1071 1236 1127 consecutum;non
1252 1076 1318 1117 ex
1334 1061 1673 1116 derivatione
1693 1060 1867 1115 fluxu-

254 1176 323 1215 ve
346 1156 764 1219 deductum.scd
786 1171 851 1210 ex
879 1154 1129 1208 omnibus
1156 1163 1317 1223 atque
1342 1153 1393 1207 in
1410 1153 1659 1209 omnibus
1681 1164 1866 1208 natum
1912 1204 1915 1207 γ

254 1253 329 1308 ab
357 1269 445 1321 eo,
468 1254 557 1324 qui
582 1251 636 1306 in
656 1249 905 1306 omnibus
931 1249 982 1303 in
1005 1248 1199 1319 quibus
1228 1255 1311 1303 est
1338 1262 1461 1303 esse
1492 1265 1596 1304 non
1622 1248 1867 1314 desinat;

256 1349 493 1404 liberum
544 1362 573 1402 a
616 1354 887 1415 tempore,
920 1344 1152 1399 solutum
1204 1358 1232 1397 a
1273 1343 1515 1409 szeculis,
1572 1358 1671 1414 per
1708 1359 1867 1413 quem

256 1443 439 1496 omnia
463 1441 600 1495 facta
624 1439 703 1512 (l)
733 1448 891 1494 sunt:
917 1455 1090 1509 neque
1111 1438 1251 1492 enim
1283 1452 1404 1494 esse
1431 1438 1482 1492 in
1512 1437 1870 1511 his(s:eculis)

258 1535 459 1605 potuit,
478 1549 597 1602 quae
617 1533 687 1586 ah
715 1533 831 1601 ipso
854 1540 981 1586 sunt
1016 1532 1275 1585 instituta.
1309 1530 1433 1584 Hmc
1470 1530 1538 1585 de
1570 1530 1871 1600 Evangeliis

255 1625 521 1683 catholica
551 1633 607 1679 et
642 1622 939 1693 apostolica
972 1622 1241 1678 confessio
1269 1628 1371 1675 est.

332 1719 425 1773 2⁷η.
462 1715 775 1771 Testimonia
803 1725 981 1769 contra
1019 1712 1328 1779 Sabellium,
1360 1720 1535 1766 contra
1566 1709 1868 1775 Ilcbionem,

1965 507 2228 576 aequalem
2253 524 2313 564 se
2346 511 2453 564 Deo
2485 509 2673 564 fecerit
2706 527 2719 565 :
2748 520 2802 564 ct
2831 526 2935 564 uua
2964 527 3084 565 cum
3119 512 3184 566 iis
3206 511 3447 580 audiant,
3482 511 3579 566 Vel

1965 602 2203 673 aperibus
2226 603 2350 656 meis
2383 603 2594 668 credite,
2629 603 2751 673 quia
2780 602 2937 658 Pater
2968 605 3020 659 in
3052 621 3150 671 nte,
3180 614 3229 659 et
3253 622 3344 679 ego
3376 607 3432 660 in
3465 605 3576 660 Pa.

1966 703 2040 748 tre
2068 693 2249 765 (Joan.
2279 711 2369 750 xiv
2394 736 2409 763 ,
2453 695 2570 764 28).
2605 695 2777 751 Unum
2832 697 2994 767 igitur
3024 697 3128 753 hoc
3168 708 3253 753 est
3298 696 3578 754 immobile

1969 785 2379 844 fundamentum
2410 832 2424 856 ,
2472 805 2576 845 una
2627 789 2743 846 luce
2787 790 2912 846 felix
2945 791 3064 847 fidei
3118 806 3269 863 petra
3301 793 3442 848 Petri
3482 807 3580 848 ore

1966 883 2234 948 confessa,
2266 881 2344 936 Tu
2373 898 2425 939 es
2447 882 2618 937 Filius
2648 882 2742 938 Dei
2761 884 2858 938 vivi
2883 883 3097 951 (Matth.
3143 900 3257 951 xw,
3289 886 3398 957 17),
3432 894 3581 940 tanta

1968 972 2021 1027 in
2050 989 2110 1029 se
2140 975 2415 1030 sustinens
2444 983 2758 1045 argumenta
2791 972 3067 1053 veritatis,
3104 985 3318 1046 quantm
3360 992 3579 1046 perver-

1967 1066 2186 1120 sitatum
2235 1067 2564 1137 quaestiones
2603 1075 2660 1123 et
2705 1066 3046 1122 infidelitatis
3074 1068 3363 1123 calumnia:
3392 1083 3577 1125 move-

1972 1158 2191 1215 buntur.

2039 1256 2132 1311 24.
2165 1255 2293 1321 Qua:
2311 1264 2498 1312 nostra:
2519 1257 2702 1313 salutis
2729 1273 2884 1312 causa
2913 1257 3146 1313 Christus
3175 1258 3472 1328 susceperit.
3505 1286 3577 1299 —-

1969 1350 2088 1405 Jam
2131 1349 2184 1403 in
2224 1352 2437 1405 caeteris
2486 1350 2818 1421 dispensatio
2853 1351 3144 1405 voluntatis
3190 1359 3427 1419 paterna!
3468 1360 3575 1408 est.

1970 1440 2157 1511 Virgo.
2193 1449 2249 1497 et
2271 1450 2478 1512 partus,
2511 1454 2565 1497 et
2592 1456 2816 1513 corpus;
2851 1453 3076 1513 postque
3096 1457 3227 1497 crus
3252 1484 3268 1509 ,
3299 1457 3463 1507 mors,
3496 1442 3578 1497 in-

1972 1530 2093 1598 feri,
2111 1533 2450 1589 salusuostra
2468 1543 2569 1589 est.
2592 1534 2818 1589 Humani
2835 1534 2987 1609 (Haec
3004 1538 3124 1590 citat
3146 1534 3261 1589 cod.
3287 1552 3405 1589 can.
3428 1533 3575 1591 Eccl.

1973 1624 2129 1682 Rom.
2160 1643 2207 1680 c.
2240 1626 2305 1682 4f
2338 1625 2357 1699 )
2403 1630 2545 1683 enim
2596 1630 2813 1700 generis
2850 1644 3006 1684 causa
3042 1630 3133 1685 Dei
3163 1630 3302 1684 filius
3332 1642 3487 1686 natus
3508 1644 3577 1685 ex

1974 1720 2184 1790 virgine
2212 1731 2295 1775 est
2320 1729 2374 1775 et
2396 1722 2466 1792 (ε)
2496 1721 2697 1791 Spiritu
2727 1730 2936 1789 sancto,
2969 1724 3087 1793 ipso
3107 1723 3207 1778 sibi
3238 1724 3289 1778 in
3325 1724 3424 1778 hac
3448 1739 3579 1793 ope-

259 1823 443 1869 contra
470 1812 707 1866 Arianos.
747 1809 900 1864 Petra
928 1807 1070 1863 Petri
1099 1806 1671 1879 confessio.—Putreui
1700 1815 1755 1861 et
1778 1803 1864 1859 Fi-

1985 1816 2179 1869 satione
2212 1814 2538 1877 famulante;
2572 1823 2626 1869 et
2655 1829 2751 1870 sua
2778 1856 2791 1880 ,
2828 1814 2918 1870 Dei
2953 1815 3203 1870 videlicet
3235 1816 3577 1872 inumbrante

259 1909 415 1976 lium,
446 1905 491 1962 si
523 1905 719 1973 audet,
742 1903 1007 1959 Sabellius
1033 1902 1283 1958 eumdem
1316 1901 1665 1972 prmdicct,ct
1686 1901 1760 1971 (b)
1785 1901 1865 1970 ip-

259 2024 382 2063 sum
430 2006 583 2061 illum
642 2018 762 2060 esse
812 2002 900 2073 qui
958 2011 1246 2070 utrumque
1283 2001 1353 2055 sit
1392 2010 1766 2070 nuncupatus;
1809 2009 1867 2055 ut

260 2112 385 2152 cum
414 2111 481 2150 eo
508 2110 646 2151 unus
671 2096 742 2149 sit
766 2094 949 2153 ambo.
979 2110 1087 2148 non
1119 2105 1305 2148 unum.
1336 2088 1536 2145 Audiet
1574 2091 1754 2143 statim
1798 2088 1868 2144 de

260 2188 576 2259 Evangeliis
606 2203 711 2241 nun
740 2187 908 2242 semel
942 2199 1119 2256 neque
1150 2185 1369 2245 iterum,
1399 2182 1494 2237 sed
1531 2181 1867 2253 frequenter,

268 2280 372 2334 Hic
413 2291 487 2335 est
528 2282 670 2349 ﬁlius
715 2297 857 2335 meus
903 2279 1156 2347 dilectus,
1206 2278 1261 2332 in
1293 2295 1394 2349 quo
1428 2274 1552 2329 bene
1582 2275 1870 2345 complacui

265 2373 426 2447 (Mat.
459 2390 590 2439 xm,
617 2371 695 2446 5).
722 2374 937 2439 Audiet,
958 2372 1116 2428 Pater
1141 2376 1309 2446 major
1334 2388 1414 2426 me
1439 2381 1515 2426 est
1541 2367 1721 2443 (John.
1754 2381 1869 2435 xw,

261 2470 384 2540 εκ).
419 2470 617 2525 Audiet
645 2510 660 2535 ,
711 2467 825 2540 Ego
869 2468 998 2522 vado
1026 2468 1094 2521 ad
1126 2467 1333 2520 Patrem
1360 2463 1609 2536 (Ibidem,
1640 2461 1763 2533 12);
1793 2470 1869 2527 et,

264 2561 429 2616 Pater
457 2564 651 2635 gratias
682 2563 772 2616 tibi
798 2579 897 2635 ago
926 2560 1102 2631 (Joan.
1134 2575 1217 2625 χι,
1247 2560 1342 2629 41)
1369 2574 1384 2623 ;
1416 2566 1489 2622 et,
1522 2555 1601 2629 (2)
1624 2554 1876 2625 Cleri/ica

265 2671 369 2722 me,
404 2656 563 2709 Pater
579 2653 756 2725 (Joan.
781 2671 918 2720 XVII,
945 2657 1000 2725 5)
1024 2670 1038 2718 ;
1059 2651 1259 2724 Met,
1285 2650 1364 2705 Tu
1393 2667 1445 2705 es
1468 2647 1639 2704 Filius
1660 2647 1756 2702 Dei
1782 2648 1878 2702 vivi

266 2746 487 2821 (Matth.
531 2763 641 2814 XVI,
674 2748 787 2819 l7).
815 2747 1084 2816 Suhrcpat
1116 2747 1322 2800 llebion
1346 2785 1361 2811 ,
1409 2740 1479 2815 (c)
1528 2742 1737 2796 initium
1766 2739 1877 2793 filio

271 2841 368 2896 Dei
396 2857 464 2897 ex
494 2841 661 2896 Maria
684 2839 1014 2906 concedens,
1045 2852 1101 2895 et
1131 2837 1366 2893 Verbum
1404 2851 1432 2889 a
1480 2834 1670 2889 diebus
1700 2832 1879 2887 carnis

268 2936 598 3007 intelligens.
635 2935 715 3009 (5)
746 2936 991 3007 Delegat,
1024 2932 1215 3000 Pater,
1248 2931 1479 3000 clariﬁca
1516 2945 1596 2983 me
1626 2926 1768 2998 apud
1803 2935 1879 2980 te-

268 3032 545 3099 metipsum
574 3047 635 3085 ea
665 3030 919 3097 claritate,
960 3044 1113 3097 quant
1143 3026 1296 3080 habui
1326 3014 1467 3096 apud
1492 3032 1538 3076 te
1570 3022 1710 3092 prius
1728 3035 1883 3092 quant

270 3125 495 3178 mundus
516 3134 642 3179 esset
666 3123 996 3197 (Joan.xvu,
1027 3122 1121 3193 5);
1151 3131 1227 3188 et,
1257 3119 1322 3174 In
1352 3118 1605 3191 principio
1623 3126 1728 3171 erat
1759 3113 1883 3168 Ver-

1967 1908 2183 1973 virtute,
2219 1908 2464 1976 corporis
2503 1907 2605 1962 sibi
2634 1907 2787 1962 initia
2812 1911 3093 1977 conscvit,
3122 1916 3178 1964 et
3206 1909 3429 1964 exordia
3457 1924 3578 1964 car-

1969 2001 2054 2054 nis
2074 1999 2339 2064 instituit;
2365 2009 2421 2054 ut
2446 1998 2608 2055 homo
2631 2001 2804 2056 factus
2833 2016 2898 2054 ex
2935 1999 3142 2070 virgine
3163 2010 3408 2056 naturam
3433 2002 3486 2055 iu
3517 2015 3578 2056 se

1970 2091 2149 2146 carnis
2174 2094 2463 2162 acciperet,
2492 2106 2691 2162 perque
2710 2090 2870 2161 hujus
2892 2091 3239 2148 admixtionis
3263 2092 3577 2148 societatem

1971 2187 2362 2241 sanctificatum
2404 2184 2457 2239 in
2488 2199 2555 2239 eo
2584 2184 2819 2240 universi
2850 2186 3068 2256 generis
3098 2185 3315 2240 humani
3341 2184 3411 2256 (f)
3460 2200 3585 2240 cor-

1975 2294 2073 2349 pus
2096 2279 2385 2335 exsisteret
2419 2295 2430 2330 :
2466 2286 2524 2331 ut
2546 2276 3000 2347 quemadmodum
3025 2293 3216 2333 omnes
3237 2279 3291 2333 in
3317 2294 3377 2333 se
3403 2293 3499 2349 per
3530 2277 3583 2333 id

1974 2372 2117 2444 quod
2147 2387 2467 2443 corporeum
2497 2385 2555 2426 se
2579 2385 2701 2426 esse
2727 2370 2896 2426 voluit
2929 2372 3298 2428 conderentur
3321 2414 3336 2438 ,
3368 2372 3441 2426 ita
3467 2387 3587 2427 rur—

1976 2480 2094 2519 sum
2119 2466 2171 2519 in
2204 2478 2395 2518 omnes
2436 2464 2550 2535 ipse
2577 2478 2673 2533 per
2695 2463 2744 2518 id
2778 2462 2921 2533 quod
2954 2463 3072 2533 ejus
3094 2473 3177 2519 est
3203 2463 3476 2519 invisibile
3500 2477 3588 2519 re-

1977 2558 2228 2613 ferretur.
2260 2557 2354 2611 Dei
2383 2557 2544 2625 igitur
2565 2555 2742 2625 imago
2765 2554 3049 2610 invisibilis
3065 2555 3327 2625 pudorem
3353 2538 3596 2616 humani,

1979 2650 2188 2707 exordii
2231 2666 2337 2706 non
2365 2650 2655 2712 recusavit,
2683 2656 2739 2704 et
2765 2663 2861 2718 per
2881 2650 3314 2718 conceptionem,
3346 2658 3581 2718 partum,

1979 2746 2239 2814 vagitum,
2270 2758 2458 2810 cunas,
2507 2757 2696 2798 omnes
2727 2750 2934 2796 natura:
2983 2747 3183 2797 nostra:
3228 2739 3587 2795 contumelias

1984 2837 2394 2894 transcucurrit.

2058 2927 2163 3002 ἀι
2189 2929 2281 2985 25.
2319 2928 2472 2996 Quod
2492 2927 2622 2982 nihil
2642 2928 2852 2999 dignum
2890 2925 3169 2999 rependere
3202 2926 3483 2983 valeamus.
3517 2955 3590 2969 --

1986 3023 2123 3090 Quid
2158 3022 2375 3077 tandem
2401 3021 2625 3093 dignum
2648 3036 2675 3072 a
2709 3020 2865 3075 nobis
2892 3028 3054 3075 tanta)
3077 3019 3405 3091 dignationis
3430 3019 3594 3076 affec-

1989 3118 2063 3171 tui
2108 3115 2477 3187 rcpcndetur?
2516 3113 2899 3169 lnenarrahilis
2934 3128 2964 3167 a
3013 3114 3125 3169 Deo
3166 3114 3392 3185 originis
3456 3123 3593 3168 unus

272 3217 415 3283 bum,
449 3226 497 3272 et
538 3216 753 3271 Verbum
790 3227 898 3271 erat
925 3217 1066 3288 apud
1094 3212 1263 3268 Deum
1287 3255 1302 3279 ,
1352 3223 1399 3268 et
1428 3211 1571 3265 Deus
1604 3218 1715 3263 erat
1755 3207 1878 3262 Ver-
1907 3188 1955 3252 C
1987 3210 2293 3280 unigenitus
2326 3208 2498 3274 Deus,
2529 3208 2582 3262 in
2605 3206 2911 3278 corpusculi
2932 3205 3150 3260 humani
3180 3206 3405 3261 formam
3431 3222 3592 3263 sanc-

274 3311 392 3365 bum
418 3308 602 3380 (Joan.
630 3327 668 3375 I,
700 3312 787 3390 1);
819 3319 894 3376 et,
926 3309 1112 3364 Omnia
1145 3326 1234 3379 per
1260 3323 1375 3362 eum
1403 3310 1542 3377 facta
1563 3314 1684 3359 sunt
1714 3300 1877 3375 (Ibid.

271 3405 368 3478 5);
398 3415 475 3473 et,
500 3405 566 3460 In
598 3406 792 3460 mundo
814 3415 943 3469 erat,
969 3404 1250 3459 etmundus
1273 3418 1367 3473 per
1395 3402 1561 3468 ipsum
1594 3399 1762 3469 [actus
1785 3406 1882 3463 est,

273 3511 322 3554 et
339 3500 562 3554 mundus
578 3516 693 3555 eum
710 3516 813 3554 non
827 3499 1060 3571 cognovit
1074 3504 1089 3566 (
1103 3496 1123 3550 Ι
1132 3496 1264 3561 bid.,
1289 3494 1405 3567 10).
1425 3495 1670 3548 Existunt
1691 3488 1769 3563 (ά)
1787 3505 1885 3544 no-

272 3596 401 3651 velli
435 3596 789 3666 apostolatus,
844 3594 938 3650 sed
996 3594 1064 3647 ab
1111 3591 1450 3657 antichristo,
1480 3587 1883 3658 przedicatores,

270 3687 426 3744 omni
451 3690 777 3744 COllllllllt'lla
805 3689 894 3743 Dei
924 3687 1092 3741 filiuni
1116 3683 1404 3740 illudentes
1430 3698 1443 3734 ;
1468 3690 1520 3737 et
1539 3677 1616 3750 (4)
1644 3678 1887 3743 audiant,

274 3783 393 3856 Ego
433 3784 499 3836 de
527 3781 683 3837 Patre
711 3783 841 3837 exivi
873 3774 1054 3845 (Joan.
1095 3794 1209 3846 xvr,
1235 3776 1361 3848 28);
1394 3784 1466 3842 et,
1508 3772 1675 3827 Filius
1698 3773 1750 3825 in
1780 3768 1893 3823 Pa-

278 3878 381 3931 tris
409 3877 529 3930 sinu
551 3874 729 3948 (Joan.
756 3892 792 3944 i,
827 3874 950 3946 18);
997 3882 1084 3940 et,
1118 3871 1227 3943 Ego
1260 3882 1305 3925 et
1340 3869 1494 3923 Pater
1529 3882 1689 3922 unum
1717 3881 1895 3919 sumus

272 3969 461 4042 (Joan.
497 3986 554 4033 ι,
586 3969 718 4039 50);
751 3980 824 4033 et,
862 3966 973 4038 Ego
1003 3967 1056 4020 in
1080 3964 1258 4030 Patre,
1275 3972 1321 4017 et
1346 3961 1504 4016 Pater
1529 3961 1582 4015 in
1603 3976 1681 4014 me
1714 3957 1894 4031 (Jonn.

270 4077 389 4125 xw,
436 4063 547 4131 ll).
584 4061 650 4115 Et
700 4069 975 4131 postremo
1014 4072 1120 4112 una
1164 4070 1288 4111 cum
1317 4053 1518 4110 ludatis
1553 4053 1896 4117 irascantur,

350 4175 429 4249 (ι)
463 4175 606 4249 Sint.

349 4236 434 4319 (2)
482 4248 749 4318 Cleri/ica.
801 4246 877 4302 Ita
915 4254 970 4302 et
1011 4245 1063 4301 in
1114 4244 1305 4301 (ἂι-προ
1357 4250 1546 4298 textu:
1579 4236 1791 4305 δόξασόν
1819 4260 1882 4311 με

269 4318 460 4395 (John.
483 4336 613 4386 xvu,
641 4318 717 4387 5).

350 4438 428 4513 (a)
458 4440 586 4513 Post
610 4440 845 4513 genuisse
873 4438 1090 4513 additur
1116 4437 1168 4492 in
1202 4432 1603 4513 uuo‘ms.Colb.
1638 4430 1887 4513 gen-ilum.

1989 3313 2057 3358 ιω
2079 3302 2313 3374 Virginis
2341 3308 2497 3357 utero
2526 3300 2765 3355 insertus
2794 3298 3084 3355 accrescit.
3117 3298 3222 3367 Qui
3260 3303 3441 3354 omnia
3464 3314 3599 3356 con-

1989 3399 2152 3461 tinet,
2185 3406 2241 3452 et
2264 3397 2403 3449 intra
2432 3408 2593 3464 quem
2625 3399 2681 3448 et
2711 3407 2808 3464 per
2852 3407 3013 3462 quem
3056 3403 3249 3447 cuncta
3285 3401 3408 3447 sunt
3435 3433 3451 3461 ,
3487 3392 3592 3447 liu-

1991 3491 2132 3545 mani
2185 3498 2368 3559 partus
2400 3487 2516 3558 lege
2549 3485 2851 3557 profertur,
2895 3494 2952 3541 et
2977 3485 3044 3540 ad
3074 3484 3229 3557 cujus
3273 3501 3459 3542 vocem
3491 3488 3598 3542 Ar-

1992 3578 2242 3651 changeli
2282 3589 2446 3649 atque
2481 3578 2672 3648 Angcli
2704 3586 2942 3633 tremunt
2965 3619 2979 3642 ,
3032 3577 3231 3633 caelum
3279 3586 3338 3634 et
3375 3590 3519 3635 terra
3545 3587 3602 3635 et

1998 3673 2182 3727 omnia
2229 3670 2413 3726 mundi
2447 3669 2608 3739 huius
2655 3668 2736 3742 (ὅ)
2788 3671 2865 3741 (g)
2902 3670 3249 3725 resolvuntur
3298 3670 3601 3739 elementa,

1996 3765 2177 3834 vagitu
2228 3762 2469 3817 infantia:
2499 3761 2737 3816 auditur.
2797 3760 2901 3829 Qui
2948 3762 3235 3817 invisibilis
3283 3772 3340 3818 et
3394 3763 3602 3818 incom-

2000 3857 2383 3931 prehensibilis
2423 3866 2535 3919 est,
2571 3871 2677 3910 non
2712 3856 2860 3922 visu,
2888 3870 3051 3911 sensu
3073 3895 3089 3921 ,
3138 3864 3387 3926 tactuque
3416 3854 3604 3911 mode-

2004 3953 2240 4018 randus,
2275 3949 2429 4007 cunis
2472 3958 2556 4005 est
2586 3948 2895 4004 obvolutus.
2945 3948 3068 4003 Haec
3118 3947 3165 4003 si
3208 3949 3328 4018 quis
3384 3948 3602 4018 indigna

2009 4048 2118 4103 Deo
2148 4044 2384 4111 recolet,
2439 4051 2588 4096 tanto
2644 4056 2704 4097 se
2751 4041 2971 4110 majoris
3009 4039 3259 4097 beneficii
3306 4039 3602 4097 obnoxium

2072 4163 2127 4231 (Ii
2180 4161 2393 4235 Relegat
2424 4174 2644 4214 mecum.

2072 4164 2150 4307 (τί)
2180 4233 2426 4307 Audierit.

2094 4233 2147 4290 4)
2180 4233 2426 4287 Audierit.

2094 4237 2147 4307 4)
2180 4237 2426 4287 Audierit.

2066 4237 2149 4380 (5)
2176 4305 2532 4371 Resolveutur,
2558 4310 2742 4360 noster
2769 4316 2891 4358 cum
2925 4301 3048 4359 aliis
3071 4317 3208 4358 mss.

2002 4425 2145 4481 tione
2175 4423 2481 4480 universam
2514 4422 2566 4476 in
2592 4438 2653 4475 ea
2672 4422 2933 4477 tenuisse.
2956 4421 3105 4476 llauil
3134 4421 3365 4478 absimili
3396 4424 3605 4484 ratione

356 4492 434 4583 (b)
458 4492 593 4583 Vat.
611 4492 751 4567 "i355.
772 4492 1204 4583 vendesﬁ,iipsunt
1250 4506 1347 4563 sibi
1374 4523 1481 4561 esse
1506 4521 1523 4560 :
1551 4492 1661 4560 non
1691 4504 1886 4573 placet.
1916 4501 1971 4563 D
1996 4497 2107 4580 Leo
2134 4493 2605 4583 papa'rSermALti-lge
2631 4492 3602 4583 [:Ipiplttl‘tt‘igaJa-ilthis_f(ttn‘ttalgrant

354 4580 430 4656 (ε)
454 4584 510 4639 ln
533 4582 664 4639 edit.
690 4599 836 4638 omne
855 4583 1077 4637 initium.
1111 4580 1278 4636 Abest
1302 4594 1450 4633 onme
1475 4593 1507 4632 a
1537 4593 1669 4633 mss.
1695 4588 1885 4645 quam-

280 4657 367 4712 \is
389 4664 567 4712 exstet
588 4670 739 4710 num.
771 4656 825 4709 4.
1462 4668 1467 4673 '

357 4747 438 4821 (d)
475 4748 692 4813 Escusi,
721 4746 813 4821 sed
825 4745 935 4821 sub
963 4742 1284 4821 antichristi).
1308 4739 1529 4821 Carnut.
1561 4739 1733 4821 codex
1769 4752 1891 4821 eum

280 4810 395 4875 uno
417 4810 619 4886 Colb.,
671 4810 854 4883 novelli
892 4815 1115 4889 apostoli
1160 4815 1254 4889 sub
1292 4813 1636 4889 antichristo._
1674 4810 1895 4865 Rectius

279 4895 400 4957 alii,
426 4882 617 4946 novelli
649 4882 991 4961 apostolatus,
1019 4884 1552 4961 sedabantichristo.
1587 4882 1768 4961 idest,
1792 4896 1898 4961 ,ηο-

281 4952 488 5019 vellem
519 4952 882 5032 apostolatum
911 4952 1015 5032 nou
1039 4974 1069 5011 a
1092 4955 1453 5032 Christo_,__sed
1478 4956 1545 5009 ab
1573 4952 1894 5032 antichristo

281 5020 618 5090 obtinentes.
646 5032 800 5101 Quod
824 5030 1176 5088 confirmatur
1202 5028 1283 5083 his
1306 5026 1403 5083 lib.
1434 5032 1505 5101 vi,
1540 5042 1595 5101 ῃ.
1620 5025 1687 5079 ’57
1711 5041 1733 5101 ,ε
1761 5020 1897 5101 Mihi

280 5119 337 5160 tu
360 5107 539 5173 hodie,
571 5095 692 5160 novi
710 5104 1026 5172 apostolatus
1054 5101 1277 5155 mendax
1304 5097 1664 5161 sacerdotium,
1705 5095 1895 5165 ingeris

282 5177 553 5235 Christum
574 5194 637 5232 ea:
657 5176 822 5230 nihilo
849 5185 1155 5230 creaturam.

358 5272 436 5343 (e)
469 5270 731 5339 Spiritum
774 5278 1021 5343 sanctum
1063 5265 1151 5320 hic
1181 5263 1417 5343 Verbum
1445 5260 1624 5343 ipsum
1667 5254 1895 5343 intelligi

283 5327 638 5398 manifestum
670 5350 756 5395 est
799 5355 866 5394 ex
924 5335 1398 5406 subsequentibus.
1444 5327 1741 5406 Iliuc__eap.
1774 5327 1810 5381 2
1841 5327 1895 5381 in

286 5414 481 5470 Matth.
514 5430 568 5466 u.
591 5411 645 5478 5,
670 5412 871 5465 diserte
894 5409 1088 5479 legitur
1105 5402 1358 5463 Christus
1396 5420 1460 5460 ea:
1488 5402 1701 5457 muliere
1719 5409 1892 5465 nutus,

289 5502 385 5557 per
423 5484 644 5539 Verbum
673 5499 793 5537 caro
823 5486 1011 5553 factus.

367 5578 438 5651 (f)
469 5577 570 5635 Hic
592 5586 649 5651 et
687 5576 813 5631 alibi
859 5574 1063 5651 sentire
1108 5571 1320 5627 videtur
1365 5567 1599 5651 Hilarius
1621 5563 1895 5651 Christum

288 5639 405 5707 non
418 5639 780 5721 singularem,
804 5646 899 5703 sed
922 5641 1469 5721 universam_generis
1499 5639 1716 5721 humani
1742 5646 1899 5690 natu-

287 5738 410 5779 rant
437 5708 818 5793 assumpsisse.
845 5724 934 5785 At,
977 5726 1036 5772 ut
1062 5732 1129 5772 ex
1154 5708 1417 5793 subuersis
1436 5710 1626 5793 liquet,
1664 5708 1769 5764 hoe
1801 5721 1897 5777 po-

288 5794 407 5853 tius
450 5782 647 5863 sensit;
678 5807 801 5846 eum
837 5782 1044 5846 natura:
1078 5787 1237 5845 unius
1262 5799 1325 5842 ac
1346 5782 1632 5853 singularis
1671 5793 1891 5850 suscep-

1996 4563 2248 4623 universte
2271 4564 2603 4619 humanitatis
2641 4564 3005 4634 assinnpsjsse
3033 4580 3046 4615 :
3080 4571 3137 4617 et
3174 4563 3419 4634 vulgatus
3447 4567 3602 4624 Titus

1997 4638 2305 4696 Bostrensis
2329 4640 2383 4691 in
2406 4635 2535 4691 Luc.
2565 4648 2685 4703 cap.
2718 4631 2792 4705 712
2827 4650 2839 4684 ε
2873 4630 2978 4686 Per
3003 4649 3184 4705 massa:
3204 4630 3395 4687 nostra?
3423 4638 3606 4705 primi-

2002 4715 2102 4766 tias
2125 4711 2414 4764 universam
2437 4715 2675 4760 naturam
2704 4704 2984 4758 humanam
3006 4704 3254 4759 induisse.
3284 4704 3429 4761 lline
3464 4707 3603 4764 Gre-

1998 4782 2183 4855 gorius
2208 4780 2369 4855 Nyss.
2399 4778 2510 4855 0r._
2529 4776 2738 4855 cateeh.
2769 4791 2819 4830 c.
2853 4776 2998 4855 δι’-εξ
3030 4775 3375 4855 ’l‘licodoreto
3397 4778 3602 4855 relatus

2000 4846 2131 4910 dial.
2165 4846 2452 4917 ut.'docet
2497 4849 2620 4903 ideo
2661 4862 2760 4903 nos
2786 4862 2908 4901 cum
2936 4846 3153 4902 Christo
3196 4851 3557 4907 resurrexisse
3583 4893 3599 4918 ,

2000 4928 2124 4997 quia
2144 4941 2253 4997 non
2284 4921 2699 4997 aliundenquam
2729 4934 2792 4997 ex
2820 4934 2991 4972 massa
3022 4928 3199 4997 nostra
3223 4962 3239 4985 ,
3287 4929 3396 4974 erat
3448 4922 3601 4997 homo

1998 4992 2085 5068 qui
2130 4995 2295 5068 Deum
2344 4992 2741 5068 suscepit,__qu_i
2788 5006 2878 5060 per
2902 4993 3324 5068 resurrectionem
3348 4994 3603 5049 exaltatus

2001 5059 2095 5123 est.
2133 5066 2378 5130 Perinde,
2412 5059 2587 5135 inquit
2615 5059 2862 5135 ibid.,_ac
2889 5062 2934 5115 si
2970 5064 3208 5135 universa
3233 5070 3421 5117 natura
3441 5080 3604 5119 unum

1998 5138 2261 5208 quoddam
2300 5145 2429 5208 esset
2456 5133 2670 5208 animal,
2700 5133 2853 5208 unius
2885 5134 3045 5208 partis
3074 5136 3377 5208 resurrectio
3424 5136 3480 5189 in
3522 5146 3604 5190 to-

1999 5204 2108 5265 tum
2138 5215 2387 5279 penetrat.
2417 5204 2873 5279 ltaAmhrosius,
2894 5204 2986 5279 lib.
3018 5219 3071 5259 iv
3090 5205 3159 5279 de
3185 5204 3337 5273 Fide,
3363 5221 3483 5275 cap.
3511 5208 3599 5274 ll),

2001 5297 2101 5337 nos
2131 5275 2183 5335 in
2212 5279 2430 5333 Christo
2458 5276 2522 5330 ad
2543 5275 2819 5347 dexteram
2842 5276 3017 5329 Patris
3047 5278 3239 5331 sedere
3266 5287 3486 5332 enarrat
3513 5293 3605 5347 per

1999 5351 2229 5425 corporis
2270 5348 2535 5425 unitatem.
2570 5346 2703 5401 Hine
2733 5346 3032 5425 illustratur
3065 5356 3331 5416 quatenus
3365 5346 3605 5425 Hilarius

2002 5416 2125 5479 cuiu
2156 5421 2403 5477 Patribus
2432 5418 2552 5472 aliis
2578 5427 2783 5472 asserat
2812 5416 3086 5471 Christum
3130 5429 3333 5473 natura:
3355 5460 3369 5484 ,
3399 5420 3605 5476 sancti-

2004 5495 2148 5557 tatis,
2178 5489 2590 5562 resurrectionis
2614 5502 2680 5562 _ac
2703 5488 2889 5562 gloria:
2902 5503 3028 5562 sua:
3060 5502 3158 5562 nos
3175 5489 3285 5562 jam
3311 5491 3604 5562 participes

2001 5565 2266 5621 effecisse.
2309 5560 2440 5615 Vide
2465 5559 2518 5614 in
2548 5557 2748 5614 Aduot.
2783 5558 2849 5613 ad
2892 5558 3103 5613 Comm.
3150 5557 3201 5614 in
3229 5557 3417 5616 Matth.
3458 5557 3519 5618 εἰ
3545 5561 3601 5630 2,

2001 5653 2154 5694 num.
2181 5636 2235 5691 5.

2074 5728 2151 5804 (g)
2182 5726 2242 5787 In
2279 5723 2524 5800 pluribus
2544 5734 2677 5781 mss.
2708 5719 3048 5777 resolvantur.
