  <div class='ocr_page' id='page_1' title='image "/cluster/home/n/w/nwhite01/storage/ocr_20150623/10/hvd.32044096580386/040.png"; bbox 0 0 4216 6254; ppageno 0'>
   <div class='ocr_carea' id='block_1_1' title="bbox 251 336 1868 429">
    <p class='ocr_par' dir='ltr' id='par_1_1' title="bbox 251 336 1868 415">
     <span class='ocr_line' id='line_1_1' title="bbox 251 336 1868 415; baseline 0.009 -15"><span class='ocrx_word' id='word_1_1' title='bbox 251 352 322 413; x_wconf 73' lang='lat'><strong>59</strong></span> <span class='ocrx_word' id='word_1_2' title='bbox 1471 356 1558 413; x_wconf 84' lang='lat' dir='ltr'><strong>DE</strong></span> <span class='ocrx_word' id='word_1_3' title='bbox 1595 336 1868 415; x_wconf 76' lang='lat' dir='ltr'><strong>TRINITA</strong></span> 
     </span>
    </p>
   </div>
   <div class='ocr_carea' id='block_1_2' title="bbox 1974 336 3574 429">
    <p class='ocr_par' dir='ltr' id='par_1_2' title="bbox 2012 359 3574 429">
     <span class='ocr_line' id='line_1_2' title="bbox 2012 359 3574 429; baseline 0.007 -12"><span class='ocrx_word' id='word_1_4' title='bbox 2012 359 2220 419; x_wconf 77' lang='lat' dir='ltr'><strong>LIBER</strong></span> <span class='ocrx_word' id='word_1_5' title='bbox 2256 361 2321 419; x_wconf 90' lang='lat' dir='ltr'><strong>ll.</strong></span> <span class='ocrx_word' id='word_1_6' title='bbox 3506 374 3574 429; x_wconf 77' lang='lat'><strong>70</strong></span> 
     </span>
    </p>
   </div>
   <div class='ocr_carea' id='block_1_3' title="bbox 250 447 3575 558">
    <p class='ocr_par' dir='ltr' id='par_1_3' title="bbox 250 447 3575 558">
     <span class='ocr_line' id='line_1_3' title="bbox 250 447 3575 558; baseline 0.005 -31"><span class='ocrx_word' id='word_1_7' title='bbox 250 488 371 543; x_wconf 78' lang='lat' dir='ltr'><strong>qua:</strong></span> <span class='ocrx_word' id='word_1_8' title='bbox 400 479 486 529; x_wconf 91' lang='lat' dir='ltr'><strong>est</strong></span> <span class='ocrx_word' id='word_1_9' title='bbox 511 485 706 529; x_wconf 85' lang='lat' dir='ltr'><strong>cursus</strong></span> <span class='ocrx_word' id='word_1_10' title='bbox 735 471 933 529; x_wconf 65' lang='lat' dir='ltr'><strong>aetatis.</strong></span> <span class='ocrx_word' id='word_1_11' title='bbox 965 471 1100 530; x_wconf 83' lang='lat' dir='ltr'><strong>Nam</strong></span> <span class='ocrx_word' id='word_1_12' title='bbox 1130 447 1308 532; x_wconf 80' lang='lat' dir='ltr'><strong>omne</strong></span> <span class='ocrx_word' id='word_1_13' title='bbox 1348 482 1594 547; x_wconf 93' lang='lat' dir='ltr'><strong>tempus,</strong></span> <span class='ocrx_word' id='word_1_14' title='bbox 1638 476 1864 549; x_wconf 89' lang='lat' dir='ltr'><strong>quodin</strong></span> <span class='ocrx_word' id='word_1_15' title='bbox 1894 488 1939 549; x_wconf 76' lang='grc' dir='ltr'>Α</span> <span class='ocrx_word' id='word_1_16' title='bbox 1970 481 2152 536; x_wconf 84' lang='lat' dir='ltr'><strong>mundi</strong></span> <span class='ocrx_word' id='word_1_17' title='bbox 2195 481 2519 551; x_wconf 82' lang='lat' dir='ltr'><strong>accepimus,</strong></span> <span class='ocrx_word' id='word_1_18' title='bbox 2560 482 2653 539; x_wconf 88' lang='lat' dir='ltr'><strong>sed</strong></span> <span class='ocrx_word' id='word_1_19' title='bbox 2684 482 2942 557; x_wconf 75' lang='lat' dir='ltr'><strong>Spiritum</strong></span> <span class='ocrx_word' id='word_1_20' title='bbox 2989 485 3076 558; x_wconf 88' lang='lat' dir='ltr'><strong>qui</strong></span> <span class='ocrx_word' id='word_1_21' title='bbox 3130 502 3192 541; x_wconf 71' lang='lat' dir='ltr'><strong>ex</strong></span> <span class='ocrx_word' id='word_1_22' title='bbox 3233 485 3343 543; x_wconf 84' lang='lat' dir='ltr'><strong>Deo</strong></span> <span class='ocrx_word' id='word_1_23' title='bbox 3368 497 3444 543; x_wconf 79' lang='lat' dir='ltr'><strong>est</strong></span> <span class='ocrx_word' id='word_1_24' title='bbox 3468 530 3482 555; x_wconf 93' lang='lat'><strong>,</strong></span> <span class='ocrx_word' id='word_1_25' title='bbox 3522 501 3575 543; x_wconf 88' lang='lat' dir='ltr'><strong>ut</strong></span> 
     </span>
    </p>
   </div>
   <div class='ocr_carea' id='block_1_4' title="bbox 250 565 1864 646">
    <p class='ocr_par' dir='ltr' id='par_1_4' title="bbox 250 565 1864 646">
     <span class='ocr_line' id='line_1_4' title="bbox 250 565 1864 646; baseline 0.005 -24"><span class='ocrx_word' id='word_1_26' title='bbox 250 565 476 624; x_wconf 89' lang='lat' dir='ltr'><strong>homine</strong></span> <span class='ocrx_word' id='word_1_27' title='bbox 500 569 641 639; x_wconf 81' lang='lat' dir='ltr'><strong>egit,</strong></span> <span class='ocrx_word' id='word_1_28' title='bbox 669 569 723 624; x_wconf 92' lang='lat' dir='ltr'><strong>in</strong></span> <span class='ocrx_word' id='word_1_29' title='bbox 756 567 835 643; x_wconf 85' lang='lat' dir='ltr'><strong>(l)</strong></span> <span class='ocrx_word' id='word_1_30' title='bbox 869 566 965 626; x_wconf 89' lang='lat' dir='ltr'><strong>Dei</strong></span> <span class='ocrx_word' id='word_1_31' title='bbox 1008 570 1265 640; x_wconf 83' lang='lat' dir='ltr'><strong>operibus</strong></span> <span class='ocrx_word' id='word_1_32' title='bbox 1289 571 1545 641; x_wconf 82' lang='lat' dir='ltr'><strong>explevit.</strong></span> <span class='ocrx_word' id='word_1_33' title='bbox 1578 574 1653 629; x_wconf 90' lang='lat' dir='ltr'><strong>De</strong></span> <span class='ocrx_word' id='word_1_34' title='bbox 1680 574 1864 646; x_wconf 87' lang='lat' dir='ltr'><strong>singu—</strong></span> 
     </span>
    </p>
   </div>
   <div class='ocr_carea' id='block_1_5' title="bbox 248 660 1865 735">
    <p class='ocr_par' dir='ltr' id='par_1_5' title="bbox 248 660 1865 735">
     <span class='ocr_line' id='line_1_5' title="bbox 248 660 1865 735; baseline 0.004 -20"><span class='ocrx_word' id='word_1_35' title='bbox 248 660 316 715; x_wconf 91' lang='lat' dir='ltr'><strong>lis</strong></span> <span class='ocrx_word' id='word_1_36' title='bbox 340 678 448 718; x_wconf 89' lang='lat' dir='ltr'><strong>non</strong></span> <span class='ocrx_word' id='word_1_37' title='bbox 479 672 563 718; x_wconf 86' lang='lat' dir='ltr'><strong>est</strong></span> <span class='ocrx_word' id='word_1_38' title='bbox 601 672 816 735; x_wconf 84' lang='lat' dir='ltr'><strong>tempus</strong></span> <span class='ocrx_word' id='word_1_39' title='bbox 845 663 1060 721; x_wconf 82' lang='lat' dir='ltr'><strong>dicere:</strong></span> <span class='ocrx_word' id='word_1_40' title='bbox 1096 673 1300 720; x_wconf 89' lang='lat' dir='ltr'><strong>tantum</strong></span> <span class='ocrx_word' id='word_1_41' title='bbox 1335 664 1465 720; x_wconf 87' lang='lat' dir='ltr'><strong>illud</strong></span> <span class='ocrx_word' id='word_1_42' title='bbox 1510 666 1561 721; x_wconf 92' lang='lat' dir='ltr'><strong>in</strong></span> <span class='ocrx_word' id='word_1_43' title='bbox 1596 666 1865 723; x_wconf 83' lang='lat' dir='ltr'><strong>universis</strong></span> 
     </span>
    </p>
   </div>
   <div class='ocr_carea' id='block_1_6' title="bbox 249 753 1865 828">
    <p class='ocr_par' dir='ltr' id='par_1_6' title="bbox 249 753 1865 828">
     <span class='ocr_line' id='line_1_6' title="bbox 249 753 1865 828; baseline 0.006 -22"><span class='ocrx_word' id='word_1_44' title='bbox 249 753 515 810; x_wconf 83' lang='lat' dir='ltr'><strong>virtutum</strong></span> <span class='ocrx_word' id='word_1_45' title='bbox 559 766 617 811; x_wconf 90' lang='lat' dir='ltr'><strong>et</strong></span> <span class='ocrx_word' id='word_1_46' title='bbox 643 755 983 812; x_wconf 90' lang='lat' dir='ltr'><strong>curationum</strong></span> <span class='ocrx_word' id='word_1_47' title='bbox 1014 757 1307 828; x_wconf 78' lang='lat' dir='ltr'><strong>generibus</strong></span> <span class='ocrx_word' id='word_1_48' title='bbox 1351 758 1715 815; x_wconf 85' lang='lat' dir='ltr'><strong>contuendum</strong></span> <span class='ocrx_word' id='word_1_49' title='bbox 1742 769 1865 827; x_wconf 89' lang='lat' dir='ltr'><strong>est,</strong></span> 
     </span>
    </p>
   </div>
   <div class='ocr_carea' id='block_1_7' title="bbox 246 846 1869 923">
    <p class='ocr_par' dir='ltr' id='par_1_7' title="bbox 246 846 1869 923">
     <span class='ocr_line' id='line_1_7' title="bbox 246 846 1869 923; baseline 0.003 -21"><span class='ocrx_word' id='word_1_50' title='bbox 246 846 302 903; x_wconf 92' lang='lat' dir='ltr'><strong>in</strong></span> <span class='ocrx_word' id='word_1_51' title='bbox 330 848 515 905; x_wconf 88' lang='lat' dir='ltr'><strong>carnis</strong></span> <span class='ocrx_word' id='word_1_52' title='bbox 536 848 906 921; x_wconf 88' lang='lat' dir='ltr'><strong>assumptione</strong></span> <span class='ocrx_word' id='word_1_53' title='bbox 932 849 1231 919; x_wconf 87' lang='lat' dir='ltr'><strong>hominem,</strong></span> <span class='ocrx_word' id='word_1_54' title='bbox 1268 851 1435 908; x_wconf 89' lang='lat' dir='ltr'><strong>Deum</strong></span> <span class='ocrx_word' id='word_1_55' title='bbox 1465 866 1595 907; x_wconf 89' lang='lat' dir='ltr'><strong>vero</strong></span> <span class='ocrx_word' id='word_1_56' title='bbox 1627 850 1681 907; x_wconf 91' lang='lat' dir='ltr'><strong>in</strong></span> <span class='ocrx_word' id='word_1_57' title='bbox 1702 855 1869 923; x_wconf 88' lang='lat' dir='ltr'><strong>gestis</strong></span> 
     </span>
    </p>
   </div>
   <div class='ocr_carea' id='block_1_8' title="bbox 246 938 1867 997">
    <p class='ocr_par' dir='ltr' id='par_1_8' title="bbox 246 938 1867 997">
     <span class='ocr_line' id='line_1_8' title="bbox 246 938 1867 997; baseline 0.002 -3"><span class='ocrx_word' id='word_1_58' title='bbox 246 938 418 994; x_wconf 84' lang='lat' dir='ltr'><strong>rebus</strong></span> <span class='ocrx_word' id='word_1_59' title='bbox 447 940 734 997; x_wconf 74' lang='lat' dir='ltr'><strong>exsistere.</strong></span> <span class='ocrx_word' id='word_1_60' title='bbox 1856 940 1867 951; x_wconf 87' lang='grc'><em>”</em></span> 
     </span>
    </p>
   </div>
   <div class='ocr_carea' id='block_1_9' title="bbox 322 1031 1866 1108">
    <p class='ocr_par' dir='ltr' id='par_1_9' title="bbox 322 1031 1866 1108">
     <span class='ocr_line' id='line_1_9' title="bbox 322 1031 1866 1108; baseline 0.005 -23"><span class='ocrx_word' id='word_1_61' title='bbox 322 1031 420 1088; x_wconf 69' lang='lat'><strong>29.</strong></span> <span class='ocrx_word' id='word_1_62' title='bbox 445 1031 704 1102; x_wconf 85' lang='lat' dir='ltr'><strong>Spiritum</strong></span> <span class='ocrx_word' id='word_1_63' title='bbox 742 1043 977 1090; x_wconf 83' lang='lat' dir='ltr'><strong>sanctum</strong></span> <span class='ocrx_word' id='word_1_64' title='bbox 1002 1051 1130 1092; x_wconf 86' lang='lat' dir='ltr'><strong>esse.</strong></span> <span class='ocrx_word' id='word_1_65' title='bbox 1177 1065 1250 1077; x_wconf 91' lang='lat'><strong>—</strong></span> <span class='ocrx_word' id='word_1_66' title='bbox 1300 1035 1375 1094; x_wconf 90' lang='lat' dir='ltr'><strong>De</strong></span> <span class='ocrx_word' id='word_1_67' title='bbox 1425 1035 1633 1108; x_wconf 88' lang='lat' dir='ltr'><strong>Spiritu</strong></span> <span class='ocrx_word' id='word_1_68' title='bbox 1686 1045 1866 1093; x_wconf 88' lang='lat' dir='ltr'><strong>autem</strong></span> 
     </span>
    </p>
   </div>
   <div class='ocr_carea' id='block_1_10' title="bbox 249 1128 1867 1201">
    <p class='ocr_par' dir='ltr' id='par_1_10' title="bbox 249 1128 1867 1201">
     <span class='ocr_line' id='line_1_10' title="bbox 249 1128 1867 1201; baseline 0.004 -22"><span class='ocrx_word' id='word_1_69' title='bbox 249 1133 450 1180; x_wconf 85' lang='lat' dir='ltr'><strong>sancto</strong></span> <span class='ocrx_word' id='word_1_70' title='bbox 478 1139 576 1181; x_wconf 90' lang='lat' dir='ltr'><strong>nec</strong></span> <span class='ocrx_word' id='word_1_71' title='bbox 604 1134 783 1182; x_wconf 89' lang='lat' dir='ltr'><strong>tacere</strong></span> <span class='ocrx_word' id='word_1_72' title='bbox 812 1136 1057 1199; x_wconf 78' lang='lat' dir='ltr'><strong>oportet,</strong></span> <span class='ocrx_word' id='word_1_73' title='bbox 1088 1143 1191 1185; x_wconf 92' lang='lat' dir='ltr'><strong>nec</strong></span> <span class='ocrx_word' id='word_1_74' title='bbox 1212 1128 1361 1201; x_wconf 89' lang='lat' dir='ltr'><strong>loqui</strong></span> <span class='ocrx_word' id='word_1_75' title='bbox 1389 1145 1611 1187; x_wconf 89' lang='lat' dir='ltr'><strong>necesse</strong></span> <span class='ocrx_word' id='word_1_76' title='bbox 1632 1138 1744 1187; x_wconf 87' lang='lat' dir='ltr'><strong>est:</strong></span> <span class='ocrx_word' id='word_1_77' title='bbox 1773 1130 1867 1186; x_wconf 84' lang='lat' dir='ltr'><strong>sed</strong></span> 
     </span>
    </p>
   </div>
   <div class='ocr_carea' id='block_1_11' title="bbox 248 1218 1867 1295">
    <p class='ocr_par' dir='ltr' id='par_1_11' title="bbox 248 1218 1867 1295">
     <span class='ocr_line' id='line_1_11' title="bbox 248 1218 1867 1295; baseline 0.003 -22"><span class='ocrx_word' id='word_1_78' title='bbox 248 1219 410 1274; x_wconf 84' lang='lat' dir='ltr'><strong>sileri</strong></span> <span class='ocrx_word' id='word_1_79' title='bbox 439 1234 469 1275; x_wconf 89' lang='lat' dir='ltr'><strong>a</strong></span> <span class='ocrx_word' id='word_1_80' title='bbox 498 1218 674 1286; x_wconf 88' lang='lat' dir='ltr'><strong>nobis,</strong></span> <span class='ocrx_word' id='word_1_81' title='bbox 706 1234 893 1277; x_wconf 91' lang='lat' dir='ltr'><strong>eorum</strong></span> <span class='ocrx_word' id='word_1_82' title='bbox 926 1236 1085 1277; x_wconf 86' lang='lat' dir='ltr'><strong>causa</strong></span> <span class='ocrx_word' id='word_1_83' title='bbox 1117 1222 1207 1293; x_wconf 88' lang='lat' dir='ltr'><strong>qui</strong></span> <span class='ocrx_word' id='word_1_84' title='bbox 1231 1222 1499 1291; x_wconf 90' lang='lat' dir='ltr'><strong>nesciunt,</strong></span> <span class='ocrx_word' id='word_1_85' title='bbox 1528 1238 1634 1279; x_wconf 91' lang='lat' dir='ltr'><strong>non</strong></span> <span class='ocrx_word' id='word_1_86' title='bbox 1666 1231 1867 1295; x_wconf 88' lang='lat' dir='ltr'><strong>potest.</strong></span> 
     </span>
    </p>
   </div>
   <div class='ocr_carea' id='block_1_12' title="bbox 246 1308 1870 1391">
    <p class='ocr_par' dir='ltr' id='par_1_12' title="bbox 246 1308 1870 1391">
     <span class='ocr_line' id='line_1_12' title="bbox 246 1308 1870 1391; baseline 0.004 -24"><span class='ocrx_word' id='word_1_87' title='bbox 246 1308 428 1384; x_wconf 89' lang='lat' dir='ltr'><strong>Loqui</strong></span> <span class='ocrx_word' id='word_1_88' title='bbox 452 1323 631 1369; x_wconf 89' lang='lat' dir='ltr'><strong>autem</strong></span> <span class='ocrx_word' id='word_1_89' title='bbox 658 1312 726 1370; x_wconf 91' lang='lat' dir='ltr'><strong>de</strong></span> <span class='ocrx_word' id='word_1_90' title='bbox 755 1329 822 1371; x_wconf 89' lang='lat' dir='ltr'><strong>eo</strong></span> <span class='ocrx_word' id='word_1_91' title='bbox 852 1331 959 1371; x_wconf 93' lang='lat' dir='ltr'><strong>non</strong></span> <span class='ocrx_word' id='word_1_92' title='bbox 988 1331 1213 1373; x_wconf 89' lang='lat' dir='ltr'><strong>necesse</strong></span> <span class='ocrx_word' id='word_1_93' title='bbox 1238 1326 1350 1385; x_wconf 91' lang='lat' dir='ltr'><strong>est,</strong></span> <span class='ocrx_word' id='word_1_94' title='bbox 1385 1316 1465 1391; x_wconf 77' lang='lat'><strong>(2)</strong></span> <span class='ocrx_word' id='word_1_95' title='bbox 1498 1317 1573 1391; x_wconf 93' lang='lat' dir='ltr'><strong>(a)</strong></span> <span class='ocrx_word' id='word_1_96' title='bbox 1596 1317 1687 1390; x_wconf 89' lang='lat' dir='ltr'><strong>qui</strong></span> <span class='ocrx_word' id='word_1_97' title='bbox 1712 1318 1870 1374; x_wconf 89' lang='lat' dir='ltr'><strong>Patre</strong></span> 
     </span>
    </p>
   </div>
   <div class='ocr_carea' id='block_1_13' title="bbox 246 1402 1867 1482">
    <p class='ocr_par' dir='ltr' id='par_1_13' title="bbox 246 1402 1867 1482">
     <span class='ocr_line' id='line_1_13' title="bbox 246 1402 1867 1482; baseline 0.003 -22"><span class='ocrx_word' id='word_1_98' title='bbox 246 1413 302 1460; x_wconf 86' lang='lat' dir='ltr'><strong>et</strong></span> <span class='ocrx_word' id='word_1_99' title='bbox 336 1402 475 1459; x_wconf 86' lang='lat' dir='ltr'><strong>Filio</strong></span> <span class='ocrx_word' id='word_1_100' title='bbox 504 1405 843 1473; x_wconf 87' lang='lat' dir='ltr'><strong>auctoribus,</strong></span> <span class='ocrx_word' id='word_1_101' title='bbox 872 1407 1215 1465; x_wconf 88' lang='lat' dir='ltr'><strong>conlitendus</strong></span> <span class='ocrx_word' id='word_1_102' title='bbox 1237 1417 1337 1465; x_wconf 87' lang='lat' dir='ltr'><strong>est.</strong></span> <span class='ocrx_word' id='word_1_103' title='bbox 1375 1409 1440 1465; x_wconf 86' lang='lat' dir='ltr'><strong>Et</strong></span> <span class='ocrx_word' id='word_1_104' title='bbox 1466 1410 1683 1481; x_wconf 83' lang='lat' dir='ltr'><strong>quidem</strong></span> <span class='ocrx_word' id='word_1_105' title='bbox 1716 1419 1867 1482; x_wconf 91' lang='lat' dir='ltr'><strong>puto,</strong></span> 
     </span>
    </p>
   </div>
   <div class='ocr_carea' id='block_1_14' title="bbox 249 1499 1870 1573">
    <p class='ocr_par' dir='ltr' id='par_1_14' title="bbox 249 1499 1870 1573">
     <span class='ocr_line' id='line_1_14' title="bbox 249 1499 1870 1573; baseline 0.003 -21"><span class='ocrx_word' id='word_1_106' title='bbox 249 1512 321 1552; x_wconf 88' lang='lat' dir='ltr'><strong>an</strong></span> <span class='ocrx_word' id='word_1_107' title='bbox 352 1499 445 1566; x_wconf 88' lang='lat' dir='ltr'><strong>sit,</strong></span> <span class='ocrx_word' id='word_1_108' title='bbox 479 1514 585 1554; x_wconf 91' lang='lat' dir='ltr'><strong>non</strong></span> <span class='ocrx_word' id='word_1_109' title='bbox 616 1513 743 1555; x_wconf 89' lang='lat' dir='ltr'><strong>esse</strong></span> <span class='ocrx_word' id='word_1_110' title='bbox 785 1500 1143 1557; x_wconf 87' lang='lat' dir='ltr'><strong>tractandum.</strong></span> <span class='ocrx_word' id='word_1_111' title='bbox 1178 1500 1277 1557; x_wconf 81' lang='lat' dir='ltr'><strong>ESt</strong></span> <span class='ocrx_word' id='word_1_112' title='bbox 1296 1501 1474 1567; x_wconf 92' lang='lat' dir='ltr'><strong>enim;</strong></span> <span class='ocrx_word' id='word_1_113' title='bbox 1508 1502 1723 1573; x_wconf 85' lang='lat' dir='ltr'><strong>quando</strong></span> <span class='ocrx_word' id='word_1_114' title='bbox 1750 1502 1870 1573; x_wconf 89' lang='lat' dir='ltr'><strong>qui-</strong></span> 
     </span>
    </p>
   </div>
   <div class='ocr_carea' id='block_1_15' title="bbox 249 1588 1869 1666">
    <p class='ocr_par' dir='ltr' id='par_1_15' title="bbox 249 1588 1869 1666">
     <span class='ocr_line' id='line_1_15' title="bbox 249 1588 1869 1666; baseline 0.003 -22"><span class='ocrx_word' id='word_1_115' title='bbox 249 1588 381 1645; x_wconf 85' lang='lat' dir='ltr'><strong>dem</strong></span> <span class='ocrx_word' id='word_1_116' title='bbox 413 1588 678 1660; x_wconf 82' lang='lat' dir='ltr'><strong>donatur,</strong></span> <span class='ocrx_word' id='word_1_117' title='bbox 708 1592 1001 1663; x_wconf 84' lang='lat' dir='ltr'><strong>accipitur,</strong></span> <span class='ocrx_word' id='word_1_118' title='bbox 1026 1593 1329 1661; x_wconf 89' lang='lat' dir='ltr'><strong>obtinetur;</strong></span> <span class='ocrx_word' id='word_1_119' title='bbox 1353 1603 1407 1650; x_wconf 85' lang='lat' dir='ltr'><strong>et</strong></span> <span class='ocrx_word' id='word_1_120' title='bbox 1428 1596 1517 1666; x_wconf 87' lang='lat' dir='ltr'><strong>qui</strong></span> <span class='ocrx_word' id='word_1_121' title='bbox 1542 1592 1869 1649; x_wconf 80' lang='lat' dir='ltr'><strong>confessioni</strong></span> 
     </span>
    </p>
   </div>
   <div class='ocr_carea' id='block_1_16' title="bbox 250 1683 1869 1760">
    <p class='ocr_par' dir='ltr' id='par_1_16' title="bbox 250 1683 1869 1760">
     <span class='ocr_line' id='line_1_16' title="bbox 250 1683 1869 1760; baseline 0.002 -20"><span class='ocrx_word' id='word_1_122' title='bbox 250 1684 433 1740; x_wconf 77' lang='lat' dir='ltr'><strong>Patris</strong></span> <span class='ocrx_word' id='word_1_123' title='bbox 457 1683 649 1741; x_wconf 85' lang='lat' dir='ltr'><strong>etFilii</strong></span> <span class='ocrx_word' id='word_1_124' title='bbox 676 1701 955 1742; x_wconf 79' lang='lat' dir='ltr'><strong>connexus</strong></span> <span class='ocrx_word' id='word_1_125' title='bbox 977 1697 1060 1744; x_wconf 90' lang='lat' dir='ltr'><strong>est</strong></span> <span class='ocrx_word' id='word_1_126' title='bbox 1081 1728 1096 1754; x_wconf 94' lang='lat'><strong>,</strong></span> <span class='ocrx_word' id='word_1_127' title='bbox 1131 1703 1238 1744; x_wconf 87' lang='lat' dir='ltr'><strong>non</strong></span> <span class='ocrx_word' id='word_1_128' title='bbox 1264 1696 1440 1760; x_wconf 81' lang='lat' dir='ltr'><strong>potest</strong></span> <span class='ocrx_word' id='word_1_129' title='bbox 1468 1703 1500 1743; x_wconf 86' lang='lat' dir='ltr'><strong>a</strong></span> <span class='ocrx_word' id='word_1_130' title='bbox 1526 1687 1869 1744; x_wconf 89' lang='lat' dir='ltr'><strong>confessione</strong></span> 
     </span>
    </p>
   </div>
   <div class='ocr_carea' id='block_1_17' title="bbox 253 1777 1871 1850">
    <p class='ocr_par' dir='ltr' id='par_1_17' title="bbox 253 1777 1871 1850">
     <span class='ocr_line' id='line_1_17' title="bbox 253 1777 1871 1850; baseline 0.001 -17"><span class='ocrx_word' id='word_1_131' title='bbox 253 1777 433 1833; x_wconf 83' lang='lat' dir='ltr'><strong>Patris</strong></span> <span class='ocrx_word' id='word_1_132' title='bbox 456 1790 507 1833; x_wconf 89' lang='lat' dir='ltr'><strong>et</strong></span> <span class='ocrx_word' id='word_1_133' title='bbox 535 1777 656 1833; x_wconf 81' lang='lat' dir='ltr'><strong>Filii</strong></span> <span class='ocrx_word' id='word_1_134' title='bbox 691 1779 953 1849; x_wconf 88' lang='lat' dir='ltr'><strong>separari.</strong></span> <span class='ocrx_word' id='word_1_135' title='bbox 999 1779 1381 1850; x_wconf 88' lang='lat' dir='ltr'><strong>Imperfectum</strong></span> <span class='ocrx_word' id='word_1_136' title='bbox 1420 1778 1566 1835; x_wconf 91' lang='lat' dir='ltr'><strong>enim</strong></span> <span class='ocrx_word' id='word_1_137' title='bbox 1608 1787 1693 1835; x_wconf 89' lang='lat' dir='ltr'><strong>est</strong></span> <span class='ocrx_word' id='word_1_138' title='bbox 1712 1779 1871 1835; x_wconf 88' lang='lat' dir='ltr'><strong>nobis</strong></span> 
     </span>
    </p>
   </div>
   <div class='ocr_carea' id='block_1_18' title="bbox 1968 573 3577 652">
    <p class='ocr_par' dir='ltr' id='par_1_18' title="bbox 1968 573 3577 652">
     <span class='ocr_line' id='line_1_18' title="bbox 1968 573 3577 652; baseline 0.006 -25"><span class='ocrx_word' id='word_1_139' title='bbox 1968 573 2193 627; x_wconf 88' lang='lat' dir='ltr'><strong>sciamus</strong></span> <span class='ocrx_word' id='word_1_140' title='bbox 2217 591 2331 645; x_wconf 77' lang='lat' dir='ltr'><strong>qua:</strong></span> <span class='ocrx_word' id='word_1_141' title='bbox 2372 592 2404 628; x_wconf 92' lang='lat' dir='ltr'><strong>a</strong></span> <span class='ocrx_word' id='word_1_142' title='bbox 2425 573 2538 629; x_wconf 90' lang='lat' dir='ltr'><strong>Deo</strong></span> <span class='ocrx_word' id='word_1_143' title='bbox 2578 576 2771 630; x_wconf 86' lang='lat' dir='ltr'><strong>donata</strong></span> <span class='ocrx_word' id='word_1_144' title='bbox 2800 586 2915 630; x_wconf 82' lang='lat' dir='ltr'><strong>sunt</strong></span> <span class='ocrx_word' id='word_1_145' title='bbox 2958 579 3101 633; x_wconf 82' lang='lat' dir='ltr'><strong>trabis</strong></span> <span class='ocrx_word' id='word_1_146' title='bbox 3132 579 3173 651; x_wconf 97' lang='lat' dir='ltr'><strong>(I</strong></span> <span class='ocrx_word' id='word_1_147' title='bbox 3205 580 3325 636; x_wconf 89' lang='lat' dir='ltr'><strong>Cor.</strong></span> <span class='ocrx_word' id='word_1_148' title='bbox 3354 597 3390 635; x_wconf 88' lang='lat' dir='ltr'><strong>ll</strong></span> <span class='ocrx_word' id='word_1_149' title='bbox 3413 624 3427 648; x_wconf 95' lang='lat'><strong>,</strong></span> <span class='ocrx_word' id='word_1_150' title='bbox 3462 583 3577 652; x_wconf 68' lang='lat'><strong>12).</strong></span> 
     </span>
    </p>
   </div>
   <div class='ocr_carea' id='block_1_19' title="bbox 1970 664 3580 745">
    <p class='ocr_par' dir='ltr' id='par_1_19' title="bbox 1970 664 3580 745">
     <span class='ocr_line' id='line_1_19' title="bbox 1970 664 3580 745; baseline 0.004 -26"><span class='ocrx_word' id='word_1_151' title='bbox 1970 664 2036 719; x_wconf 87' lang='lat' dir='ltr'><strong>Et</strong></span> <span class='ocrx_word' id='word_1_152' title='bbox 2058 680 2273 721; x_wconf 85' lang='lat' dir='ltr'><strong>rursum</strong></span> <span class='ocrx_word' id='word_1_153' title='bbox 2301 682 2314 719; x_wconf 88' lang='lat'><strong>:</strong></span> <span class='ocrx_word' id='word_1_154' title='bbox 2355 665 2461 721; x_wconf 82' lang='lat' dir='ltr'><strong>Vos</strong></span> <span class='ocrx_word' id='word_1_155' title='bbox 2497 677 2666 721; x_wconf 84' lang='lat' dir='ltr'><strong>autent</strong></span> <span class='ocrx_word' id='word_1_156' title='bbox 2691 685 2792 722; x_wconf 85' lang='lat' dir='ltr'><strong>non</strong></span> <span class='ocrx_word' id='word_1_157' title='bbox 2820 669 2937 724; x_wconf 87' lang='lat' dir='ltr'><strong>estis</strong></span> <span class='ocrx_word' id='word_1_158' title='bbox 2979 670 3030 724; x_wconf 86' lang='lat' dir='ltr'><strong>in</strong></span> <span class='ocrx_word' id='word_1_159' title='bbox 3061 687 3214 726; x_wconf 84' lang='lat' dir='ltr'><strong>carne</strong></span> <span class='ocrx_word' id='word_1_160' title='bbox 3237 713 3251 738; x_wconf 93' lang='lat'><strong>,</strong></span> <span class='ocrx_word' id='word_1_161' title='bbox 3280 672 3368 726; x_wconf 82' lang='lat' dir='ltr'><strong>sed</strong></span> <span class='ocrx_word' id='word_1_162' title='bbox 3396 672 3448 726; x_wconf 86' lang='lat' dir='ltr'><strong>in</strong></span> <span class='ocrx_word' id='word_1_163' title='bbox 3473 674 3580 745; x_wconf 89' lang='lat' dir='ltr'><strong>spi-</strong></span> 
     </span>
    </p>
   </div>
   <div class='ocr_carea' id='block_1_20' title="bbox 1971 755 3580 836">
    <p class='ocr_par' dir='ltr' id='par_1_20' title="bbox 1971 755 3580 836">
     <span class='ocr_line' id='line_1_20' title="bbox 1971 755 3580 836; baseline 0.008 -27"><span class='ocrx_word' id='word_1_164' title='bbox 1971 755 2109 822; x_wconf 85' lang='lat' dir='ltr'><strong>ritu;</strong></span> <span class='ocrx_word' id='word_1_165' title='bbox 2139 756 2220 829; x_wconf 80' lang='lat'><strong>(5)</strong></span> <span class='ocrx_word' id='word_1_166' title='bbox 2251 757 2324 833; x_wconf 78' lang='grc' dir='ltr'><strong>(ε)</strong></span> <span class='ocrx_word' id='word_1_167' title='bbox 2351 760 2394 814; x_wconf 89' lang='lat' dir='ltr'><strong>si</strong></span> <span class='ocrx_word' id='word_1_168' title='bbox 2425 768 2592 815; x_wconf 90' lang='lat' dir='ltr'><strong>tamen</strong></span> <span class='ocrx_word' id='word_1_169' title='bbox 2620 760 2851 831; x_wconf 76' lang='lat' dir='ltr'><strong>Spiritus</strong></span> <span class='ocrx_word' id='word_1_170' title='bbox 2874 761 2973 817; x_wconf 96' lang='lat' dir='ltr'><strong>Dei</strong></span> <span class='ocrx_word' id='word_1_171' title='bbox 3008 764 3223 820; x_wconf 89' lang='lat' dir='ltr'><strong>iuvabis</strong></span> <span class='ocrx_word' id='word_1_172' title='bbox 3248 777 3341 821; x_wconf 88' lang='lat' dir='ltr'><strong>est.</strong></span> <span class='ocrx_word' id='word_1_173' title='bbox 3375 766 3437 822; x_wconf 91' lang='lat' dir='ltr'><strong>Si</strong></span> <span class='ocrx_word' id='word_1_174' title='bbox 3466 768 3580 836; x_wconf 90' lang='lat' dir='ltr'><strong>quis</strong></span> 
     </span>
    </p>
   </div>
   <div class='ocr_carea' id='block_1_21' title="bbox 1970 849 3580 929">
    <p class='ocr_par' dir='ltr' id='par_1_21' title="bbox 1970 849 3580 929">
     <span class='ocr_line' id='line_1_21' title="bbox 1970 849 3580 929; baseline 0.007 -27"><span class='ocrx_word' id='word_1_175' title='bbox 1970 858 2138 903; x_wconf 89' lang='lat' dir='ltr'><strong>autem</strong></span> <span class='ocrx_word' id='word_1_176' title='bbox 2170 849 2429 921; x_wconf 82' lang='lat' dir='ltr'><strong>Spiritum</strong></span> <span class='ocrx_word' id='word_1_177' title='bbox 2456 851 2646 906; x_wconf 80' lang='lat' dir='ltr'><strong>Christi</strong></span> <span class='ocrx_word' id='word_1_178' title='bbox 2686 869 2788 907; x_wconf 82' lang='lat' dir='ltr'><strong>non</strong></span> <span class='ocrx_word' id='word_1_179' title='bbox 2828 853 3018 924; x_wconf 83' lang='lat' dir='ltr'><strong>habet,</strong></span> <span class='ocrx_word' id='word_1_180' title='bbox 3067 855 3149 910; x_wconf 88' lang='lat' dir='ltr'><strong>hic</strong></span> <span class='ocrx_word' id='word_1_181' title='bbox 3200 874 3303 913; x_wconf 86' lang='lat' dir='ltr'><strong>non</strong></span> <span class='ocrx_word' id='word_1_182' title='bbox 3344 867 3418 913; x_wconf 84' lang='lat' dir='ltr'><strong>est</strong></span> <span class='ocrx_word' id='word_1_183' title='bbox 3464 858 3580 929; x_wconf 88' lang='lat' dir='ltr'><strong>ejus</strong></span> 
     </span>
    </p>
   </div>
   <div class='ocr_carea' id='block_1_22' title="bbox 1972 941 3577 1022">
    <p class='ocr_par' dir='ltr' id='par_1_22' title="bbox 1972 941 3577 1022">
     <span class='ocr_line' id='line_1_22' title="bbox 1972 941 3577 1022; baseline 0.005 -24"><span class='ocrx_word' id='word_1_184' title='bbox 1972 941 2151 1015; x_wconf 86' lang='lat' dir='ltr'><strong>(Rom.</strong></span> <span class='ocrx_word' id='word_1_185' title='bbox 2185 960 2280 999; x_wconf 88' lang='lat' dir='ltr'><strong>vm</strong></span> <span class='ocrx_word' id='word_1_186' title='bbox 2304 987 2316 1009; x_wconf 90' lang='lat'><strong>,</strong></span> <span class='ocrx_word' id='word_1_187' title='bbox 2350 943 2429 1018; x_wconf 90' lang='lat'><strong>9).</strong></span> <span class='ocrx_word' id='word_1_188' title='bbox 2462 945 2529 1001; x_wconf 87' lang='lat' dir='ltr'><strong>Et</strong></span> <span class='ocrx_word' id='word_1_189' title='bbox 2575 962 2822 1004; x_wconf 88' lang='lat' dir='ltr'><strong>rursum:</strong></span> <span class='ocrx_word' id='word_1_190' title='bbox 2856 947 2919 1003; x_wconf 89' lang='lat' dir='ltr'><strong>Si</strong></span> <span class='ocrx_word' id='word_1_191' title='bbox 2970 959 3140 1004; x_wconf 88' lang='lat' dir='ltr'><strong>autem</strong></span> <span class='ocrx_word' id='word_1_192' title='bbox 3169 949 3399 1022; x_wconf 85' lang='lat' dir='ltr'><strong>Spiritus</strong></span> <span class='ocrx_word' id='word_1_193' title='bbox 3428 951 3577 1020; x_wconf 75' lang='lat' dir='ltr'><strong>eius,</strong></span> 
     </span>
    </p>
   </div>
   <div class='ocr_carea' id='block_1_23' title="bbox 1970 1035 3577 1113">
    <p class='ocr_par' dir='ltr' id='par_1_23' title="bbox 1970 1035 3577 1113">
     <span class='ocr_line' id='line_1_23' title="bbox 1970 1035 3577 1113; baseline 0.006 -25"><span class='ocrx_word' id='word_1_194' title='bbox 1970 1036 2060 1106; x_wconf 89' lang='lat' dir='ltr'><strong>qui</strong></span> <span class='ocrx_word' id='word_1_195' title='bbox 2082 1036 2346 1092; x_wconf 83' lang='lat' dir='ltr'><strong>suscitavit</strong></span> <span class='ocrx_word' id='word_1_196' title='bbox 2369 1035 2551 1093; x_wconf 78' lang='lat' dir='ltr'><strong>Iesum</strong></span> <span class='ocrx_word' id='word_1_197' title='bbox 2595 1056 2628 1094; x_wconf 90' lang='lat' dir='ltr'><strong>a</strong></span> <span class='ocrx_word' id='word_1_198' title='bbox 2666 1041 2903 1108; x_wconf 87' lang='lat' dir='ltr'><strong>mortuis,</strong></span> <span class='ocrx_word' id='word_1_199' title='bbox 2941 1041 3137 1096; x_wconf 78' lang='lat' dir='ltr'><strong>habitat</strong></span> <span class='ocrx_word' id='word_1_200' title='bbox 3182 1044 3236 1098; x_wconf 89' lang='lat' dir='ltr'><strong>in</strong></span> <span class='ocrx_word' id='word_1_201' title='bbox 3265 1042 3442 1108; x_wconf 89' lang='lat' dir='ltr'><strong>vobis,</strong></span> <span class='ocrx_word' id='word_1_202' title='bbox 3488 1043 3577 1113; x_wconf 86' lang='lat' dir='ltr'><strong>qui</strong></span> 
     </span>
    </p>
   </div>
   <div class='ocr_carea' id='block_1_24' title="bbox 1970 1128 3583 1204">
    <p class='ocr_par' dir='ltr' id='par_1_24' title="bbox 1970 1128 3583 1204">
     <span class='ocr_line' id='line_1_24' title="bbox 1970 1128 3583 1204; baseline 0.004 -22"><span class='ocrx_word' id='word_1_203' title='bbox 1970 1128 2235 1183; x_wconf 83' lang='lat' dir='ltr'><strong>suscitavit</strong></span> <span class='ocrx_word' id='word_1_204' title='bbox 2266 1128 2333 1203; x_wconf 83' lang='grc' dir='ltr'><strong>(Ῑ)</strong></span> <span class='ocrx_word' id='word_1_205' title='bbox 2360 1128 2620 1186; x_wconf 85' lang='lat' dir='ltr'><strong>Christum</strong></span> <span class='ocrx_word' id='word_1_206' title='bbox 2663 1148 2696 1185; x_wconf 92' lang='lat' dir='ltr'><strong>a</strong></span> <span class='ocrx_word' id='word_1_207' title='bbox 2743 1133 2987 1201; x_wconf 84' lang='lat' dir='ltr'><strong>mortuis,</strong></span> <span class='ocrx_word' id='word_1_208' title='bbox 3019 1134 3289 1204; x_wconf 69' lang='lat' dir='ltr'><strong>vivificabit</strong></span> <span class='ocrx_word' id='word_1_209' title='bbox 3318 1143 3367 1189; x_wconf 88' lang='lat' dir='ltr'><strong>et</strong></span> <span class='ocrx_word' id='word_1_210' title='bbox 3389 1145 3583 1189; x_wconf 88' lang='lat' dir='ltr'><strong>morta-</strong></span> 
     </span>
    </p>
   </div>
   <div class='ocr_carea' id='block_1_25' title="bbox 1973 1220 3581 1299">
    <p class='ocr_par' dir='ltr' id='par_1_25' title="bbox 1973 1220 3581 1299">
     <span class='ocr_line' id='line_1_25' title="bbox 1973 1220 3581 1299; baseline 0.005 -24"><span class='ocrx_word' id='word_1_211' title='bbox 1973 1220 2046 1275; x_wconf 94' lang='lat' dir='ltr'><strong>lia</strong></span> <span class='ocrx_word' id='word_1_212' title='bbox 2075 1238 2295 1289; x_wconf 87' lang='lat' dir='ltr'><strong>corpora</strong></span> <span class='ocrx_word' id='word_1_213' title='bbox 2321 1233 2490 1279; x_wconf 87' lang='lat' dir='ltr'><strong>vestra</strong></span> <span class='ocrx_word' id='word_1_214' title='bbox 2519 1236 2729 1297; x_wconf 84' lang='lat' dir='ltr'><strong>propter</strong></span> <span class='ocrx_word' id='word_1_215' title='bbox 2758 1225 3019 1297; x_wconf 83' lang='lat' dir='ltr'><strong>Spiritum</strong></span> <span class='ocrx_word' id='word_1_216' title='bbox 3057 1243 3207 1282; x_wconf 86' lang='lat' dir='ltr'><strong>suum</strong></span> <span class='ocrx_word' id='word_1_217' title='bbox 3246 1228 3336 1299; x_wconf 85' lang='lat' dir='ltr'><strong>qui</strong></span> <span class='ocrx_word' id='word_1_218' title='bbox 3385 1228 3581 1283; x_wconf 77' lang='lat' dir='ltr'><strong>habitat</strong></span> 
     </span>
    </p>
   </div>
   <div class='ocr_carea' id='block_1_26' title="bbox 1972 1312 3582 1389">
    <p class='ocr_par' dir='ltr' id='par_1_26' title="bbox 1972 1312 3582 1389">
     <span class='ocr_line' id='line_1_26' title="bbox 1972 1312 3582 1389; baseline 0.007 -23"><span class='ocrx_word' id='word_1_219' title='bbox 1972 1316 2026 1368; x_wconf 86' lang='lat' dir='ltr'><strong>in</strong></span> <span class='ocrx_word' id='word_1_220' title='bbox 2056 1313 2194 1368; x_wconf 82' lang='lat' dir='ltr'><strong>vobis</strong></span> <span class='ocrx_word' id='word_1_221' title='bbox 2220 1312 2383 1387; x_wconf 84' lang='lat' dir='ltr'><strong>(Ibid.</strong></span> <span class='ocrx_word' id='word_1_222' title='bbox 2438 1316 2546 1388; x_wconf 81' lang='grc' dir='ltr'><strong>Η).</strong></span> <span class='ocrx_word' id='word_1_223' title='bbox 2583 1315 2737 1374; x_wconf 90' lang='lat' dir='ltr'><strong>Unde</strong></span> <span class='ocrx_word' id='word_1_224' title='bbox 2769 1318 2892 1389; x_wconf 81' lang='lat' dir='ltr'><strong>quia</strong></span> <span class='ocrx_word' id='word_1_225' title='bbox 2935 1325 3059 1387; x_wconf 91' lang='lat' dir='ltr'><strong>est,</strong></span> <span class='ocrx_word' id='word_1_226' title='bbox 3106 1328 3163 1375; x_wconf 92' lang='lat' dir='ltr'><strong>et</strong></span> <span class='ocrx_word' id='word_1_227' title='bbox 3212 1319 3448 1375; x_wconf 81' lang='lat' dir='ltr'><strong>donatur</strong></span> <span class='ocrx_word' id='word_1_228' title='bbox 3473 1361 3488 1387; x_wconf 94' lang='lat'><strong>,</strong></span> <span class='ocrx_word' id='word_1_229' title='bbox 3527 1330 3582 1377; x_wconf 88' lang='lat' dir='ltr'><strong>et</strong></span> 
     </span>
    </p>
   </div>
   <div class='ocr_carea' id='block_1_27' title="bbox 1975 1405 3579 1475">
    <p class='ocr_par' dir='ltr' id='par_1_27' title="bbox 1975 1405 3579 1475">
     <span class='ocr_line' id='line_1_27' title="bbox 1975 1405 3579 1475; baseline 0.005 -16"><span class='ocrx_word' id='word_1_230' title='bbox 1975 1405 2232 1474; x_wconf 86' lang='lat' dir='ltr'><strong>habetur,</strong></span> <span class='ocrx_word' id='word_1_231' title='bbox 2256 1415 2314 1462; x_wconf 88' lang='lat' dir='ltr'><strong>et</strong></span> <span class='ocrx_word' id='word_1_232' title='bbox 2342 1408 2434 1464; x_wconf 91' lang='lat' dir='ltr'><strong>Dei</strong></span> <span class='ocrx_word' id='word_1_233' title='bbox 2467 1417 2579 1475; x_wconf 91' lang='lat' dir='ltr'><strong>est;</strong></span> <span class='ocrx_word' id='word_1_234' title='bbox 2611 1419 2792 1466; x_wconf 89' lang='lat' dir='ltr'><strong>cesset</strong></span> <span class='ocrx_word' id='word_1_235' title='bbox 2834 1409 2960 1466; x_wconf 87' lang='lat' dir='ltr'><strong>hinc</strong></span> <span class='ocrx_word' id='word_1_236' title='bbox 3013 1409 3195 1468; x_wconf 87' lang='lat' dir='ltr'><strong>sermo</strong></span> <span class='ocrx_word' id='word_1_237' title='bbox 3239 1413 3579 1468; x_wconf 87' lang='lat' dir='ltr'><strong>calumnian-</strong></span> 
     </span>
    </p>
   </div>
   <div class='ocr_carea' id='block_1_28' title="bbox 1975 1498 3582 1578">
    <p class='ocr_par' dir='ltr' id='par_1_28' title="bbox 1975 1498 3582 1578">
     <span class='ocr_line' id='line_1_28' title="bbox 1975 1498 3582 1578; baseline 0.007 -25"><span class='ocrx_word' id='word_1_238' title='bbox 1975 1498 2130 1554; x_wconf 89' lang='lat' dir='ltr'><strong>tium.</strong></span> <span class='ocrx_word' id='word_1_239' title='bbox 2166 1498 2301 1556; x_wconf 85' lang='lat' dir='ltr'><strong>Cum</strong></span> <span class='ocrx_word' id='word_1_240' title='bbox 2334 1500 2522 1557; x_wconf 91' lang='lat' dir='ltr'><strong>dicunt</strong></span> <span class='ocrx_word' id='word_1_241' title='bbox 2552 1518 2651 1573; x_wconf 91' lang='lat' dir='ltr'><strong>per</strong></span> <span class='ocrx_word' id='word_1_242' title='bbox 2675 1520 2835 1575; x_wconf 88' lang='lat' dir='ltr'><strong>quem</strong></span> <span class='ocrx_word' id='word_1_243' title='bbox 2862 1506 2973 1574; x_wconf 91' lang='lat' dir='ltr'><strong>sit,</strong></span> <span class='ocrx_word' id='word_1_244' title='bbox 3005 1516 3059 1562; x_wconf 90' lang='lat' dir='ltr'><strong>et</strong></span> <span class='ocrx_word' id='word_1_245' title='bbox 3086 1508 3158 1563; x_wconf 89' lang='lat' dir='ltr'><strong>oh</strong></span> <span class='ocrx_word' id='word_1_246' title='bbox 3186 1508 3315 1578; x_wconf 89' lang='lat' dir='ltr'><strong>quid</strong></span> <span class='ocrx_word' id='word_1_247' title='bbox 3343 1508 3414 1563; x_wconf 88' lang='lat' dir='ltr'><strong>sit</strong></span> <span class='ocrx_word' id='word_1_248' title='bbox 3438 1550 3452 1574; x_wconf 98' lang='lat'><strong>,</strong></span> <span class='ocrx_word' id='word_1_249' title='bbox 3494 1508 3582 1564; x_wconf 86' lang='lat' dir='ltr'><strong>vel</strong></span> 
     </span>
    </p>
   </div>
   <div class='ocr_carea' id='block_1_29' title="bbox 1974 1591 3580 1669">
    <p class='ocr_par' dir='ltr' id='par_1_29' title="bbox 1974 1591 3580 1669">
     <span class='ocr_line' id='line_1_29' title="bbox 1974 1591 3580 1669; baseline 0.005 -23"><span class='ocrx_word' id='word_1_250' title='bbox 1974 1592 2149 1660; x_wconf 85' lang='lat' dir='ltr'><strong>qualis</strong></span> <span class='ocrx_word' id='word_1_251' title='bbox 2179 1594 2288 1647; x_wconf 87' lang='lat' dir='ltr'><strong>sit:</strong></span> <span class='ocrx_word' id='word_1_252' title='bbox 2323 1591 2399 1665; x_wconf 92' lang='lat' dir='ltr'><strong>(g)</strong></span> <span class='ocrx_word' id='word_1_253' title='bbox 2434 1593 2480 1649; x_wconf 90' lang='lat' dir='ltr'><strong>si</strong></span> <span class='ocrx_word' id='word_1_254' title='bbox 2506 1596 2790 1666; x_wconf 89' lang='lat' dir='ltr'><strong>responsio</strong></span> <span class='ocrx_word' id='word_1_255' title='bbox 2820 1606 3003 1652; x_wconf 83' lang='lat' dir='ltr'><strong>nostra</strong></span> <span class='ocrx_word' id='word_1_256' title='bbox 3046 1598 3356 1669; x_wconf 87' lang='lat' dir='ltr'><strong>displicebit</strong></span> <span class='ocrx_word' id='word_1_257' title='bbox 3390 1601 3580 1656; x_wconf 89' lang='lat' dir='ltr'><strong>dicen-</strong></span> 
     </span>
    </p>
   </div>
   <div class='ocr_carea' id='block_1_30' title="bbox 1977 1686 3582 1763">
    <p class='ocr_par' dir='ltr' id='par_1_30' title="bbox 1977 1686 3582 1763">
     <span class='ocr_line' id='line_1_30' title="bbox 1977 1686 3582 1763; baseline 0.003 -20"><span class='ocrx_word' id='word_1_258' title='bbox 1977 1687 2109 1745; x_wconf 90' lang='lat' dir='ltr'><strong>tium</strong></span> <span class='ocrx_word' id='word_1_259' title='bbox 2136 1726 2152 1751; x_wconf 94' lang='lat'><strong>,</strong></span> <span class='ocrx_word' id='word_1_260' title='bbox 2186 1686 2288 1741; x_wconf 87' lang='lat' dir='ltr'><strong>Per</strong></span> <span class='ocrx_word' id='word_1_261' title='bbox 2317 1702 2475 1757; x_wconf 88' lang='lat' dir='ltr'><strong>quem</strong></span> <span class='ocrx_word' id='word_1_262' title='bbox 2508 1689 2688 1744; x_wconf 90' lang='lat' dir='ltr'><strong>omnia</strong></span> <span class='ocrx_word' id='word_1_263' title='bbox 2716 1730 2731 1754; x_wconf 91' lang='lat'><strong>,</strong></span> <span class='ocrx_word' id='word_1_264' title='bbox 2765 1688 2844 1761; x_wconf 85' lang='lat' dir='ltr'><strong>(h)</strong></span> <span class='ocrx_word' id='word_1_265' title='bbox 2875 1701 2928 1745; x_wconf 87' lang='lat' dir='ltr'><strong>et</strong></span> <span class='ocrx_word' id='word_1_266' title='bbox 2957 1706 3025 1747; x_wconf 87' lang='lat' dir='ltr'><strong>ex</strong></span> <span class='ocrx_word' id='word_1_267' title='bbox 3071 1708 3178 1763; x_wconf 91' lang='lat' dir='ltr'><strong>quo</strong></span> <span class='ocrx_word' id='word_1_268' title='bbox 3225 1693 3405 1747; x_wconf 85' lang='lat' dir='ltr'><strong>omnia</strong></span> <span class='ocrx_word' id='word_1_269' title='bbox 3436 1700 3582 1762; x_wconf 86' lang='lat' dir='ltr'><strong>sunt,</strong></span> 
     </span>
    </p>
   </div>
   <div class='ocr_carea' id='block_1_31' title="bbox 1974 1778 3583 1855">
    <p class='ocr_par' dir='ltr' id='par_1_31' title="bbox 1974 1778 3583 1855">
     <span class='ocr_line' id='line_1_31' title="bbox 1974 1778 3583 1855; baseline 0.004 -22"><span class='ocrx_word' id='word_1_270' title='bbox 1974 1785 2032 1833; x_wconf 88' lang='lat' dir='ltr'><strong>et</strong></span> <span class='ocrx_word' id='word_1_271' title='bbox 2062 1778 2184 1849; x_wconf 87' lang='lat' dir='ltr'><strong>quia</strong></span> <span class='ocrx_word' id='word_1_272' title='bbox 2208 1778 2439 1847; x_wconf 86' lang='lat' dir='ltr'><strong>Spiritus</strong></span> <span class='ocrx_word' id='word_1_273' title='bbox 2455 1790 2538 1834; x_wconf 88' lang='lat' dir='ltr'><strong>est</strong></span> <span class='ocrx_word' id='word_1_274' title='bbox 2562 1780 2658 1835; x_wconf 90' lang='lat' dir='ltr'><strong>Dei</strong></span> <span class='ocrx_word' id='word_1_275' title='bbox 2678 1823 2694 1847; x_wconf 95' lang='lat'><strong>,</strong></span> <span class='ocrx_word' id='word_1_276' title='bbox 2726 1781 2928 1836; x_wconf 92' lang='lat' dir='ltr'><strong>donum</strong></span> <span class='ocrx_word' id='word_1_277' title='bbox 2955 1781 3233 1851; x_wconf 84' lang='lat' dir='ltr'><strong>ﬁdelium;</strong></span> <span class='ocrx_word' id='word_1_278' title='bbox 3258 1785 3583 1855; x_wconf 88' lang='lat' dir='ltr'><strong>displiceant</strong></span> 
     </span>
    </p>
   </div>
   <div class='ocr_carea' id='block_1_32' title="bbox 258 1870 3587 1950">
    <p class='ocr_par' dir='ltr' id='par_1_32' title="bbox 258 1870 3587 1950">
     <span class='ocr_line' id='line_1_32' title="bbox 258 1870 3587 1950; baseline 0.002 -23"><span class='ocrx_word' id='word_1_279' title='bbox 258 1880 457 1939; x_wconf 89' lang='lat' dir='ltr'><strong>totum,</strong></span> <span class='ocrx_word' id='word_1_280' title='bbox 487 1870 533 1927; x_wconf 88' lang='lat' dir='ltr'><strong>si</strong></span> <span class='ocrx_word' id='word_1_281' title='bbox 562 1871 765 1944; x_wconf 88' lang='lat' dir='ltr'><strong>aliquid</strong></span> <span class='ocrx_word' id='word_1_282' title='bbox 794 1872 985 1930; x_wconf 89' lang='lat' dir='ltr'><strong>desita</strong></span> <span class='ocrx_word' id='word_1_283' title='bbox 1034 1884 1169 1931; x_wconf 90' lang='lat' dir='ltr'><strong>toto.</strong></span> <span class='ocrx_word' id='word_1_284' title='bbox 1203 1874 1277 1931; x_wconf 93' lang='lat' dir='ltr'><strong>De</strong></span> <span class='ocrx_word' id='word_1_285' title='bbox 1303 1890 1410 1946; x_wconf 89' lang='lat' dir='ltr'><strong>quo</strong></span> <span class='ocrx_word' id='word_1_286' title='bbox 1439 1874 1485 1930; x_wconf 90' lang='lat' dir='ltr'><strong>si</strong></span> <span class='ocrx_word' id='word_1_287' title='bbox 1516 1874 1638 1946; x_wconf 87' lang='lat' dir='ltr'><strong>quis</strong></span> <span class='ocrx_word' id='word_1_288' title='bbox 1668 1873 1868 1929; x_wconf 84' lang='lat' dir='ltr'><strong>intelli-</strong></span> <span class='ocrx_word' id='word_1_289' title='bbox 1904 1886 1953 1950; x_wconf 75' lang='grc' dir='ltr'><strong>Β</strong></span> <span class='ocrx_word' id='word_1_290' title='bbox 1978 1881 2034 1926; x_wconf 93' lang='lat' dir='ltr'><strong>et</strong></span> <span class='ocrx_word' id='word_1_291' title='bbox 2064 1871 2309 1943; x_wconf 88' lang='lat' dir='ltr'><strong>Apostoli</strong></span> <span class='ocrx_word' id='word_1_292' title='bbox 2333 1881 2387 1927; x_wconf 92' lang='lat' dir='ltr'><strong>et</strong></span> <span class='ocrx_word' id='word_1_293' title='bbox 2418 1872 2704 1945; x_wconf 79' lang='lat' dir='ltr'><strong>Propheta:</strong></span> <span class='ocrx_word' id='word_1_294' title='bbox 2732 1916 2744 1938; x_wconf 93' lang='lat'><strong>,</strong></span> <span class='ocrx_word' id='word_1_295' title='bbox 2778 1873 2881 1930; x_wconf 87' lang='lat' dir='ltr'><strong>hoc</strong></span> <span class='ocrx_word' id='word_1_296' title='bbox 2911 1885 3115 1931; x_wconf 88' lang='lat' dir='ltr'><strong>tantum</strong></span> <span class='ocrx_word' id='word_1_297' title='bbox 3146 1876 3212 1933; x_wconf 90' lang='lat' dir='ltr'><strong>de</strong></span> <span class='ocrx_word' id='word_1_298' title='bbox 3236 1894 3302 1933; x_wconf 91' lang='lat' dir='ltr'><strong>eo</strong></span> <span class='ocrx_word' id='word_1_299' title='bbox 3325 1877 3467 1950; x_wconf 85' lang='lat' dir='ltr'><strong>quod</strong></span> <span class='ocrx_word' id='word_1_300' title='bbox 3498 1895 3587 1934; x_wconf 90' lang='lat' dir='ltr'><strong>cs-</strong></span> 
     </span>
    </p>
   </div>
   <div class='ocr_carea' id='block_1_33' title="bbox 256 1967 1873 2041">
    <p class='ocr_par' dir='ltr' id='par_1_33' title="bbox 256 1967 1873 2041">
     <span class='ocr_line' id='line_1_33' title="bbox 256 1967 1873 2041; baseline -0.001 -19"><span class='ocrx_word' id='word_1_301' title='bbox 256 1968 458 2038; x_wconf 70' lang='lat' dir='ltr'><strong>gentize</strong></span> <span class='ocrx_word' id='word_1_302' title='bbox 489 1977 689 2023; x_wconf 58' lang='lat' dir='ltr'><strong>nostra}</strong></span> <span class='ocrx_word' id='word_1_303' title='bbox 717 1982 939 2024; x_wconf 88' lang='lat' dir='ltr'><strong>sensum</strong></span> <span class='ocrx_word' id='word_1_304' title='bbox 962 1968 1223 2040; x_wconf 88' lang='lat' dir='ltr'><strong>requiret,</strong></span> <span class='ocrx_word' id='word_1_305' title='bbox 1256 1971 1308 2023; x_wconf 91' lang='lat' dir='ltr'><strong>in</strong></span> <span class='ocrx_word' id='word_1_306' title='bbox 1351 1967 1615 2039; x_wconf 81' lang='lat' dir='ltr'><strong>Apostolo</strong></span> <span class='ocrx_word' id='word_1_307' title='bbox 1644 1967 1873 2041; x_wconf 75' lang='lat' dir='ltr'><strong>legimus</strong></span> 
     </span>
    </p>
   </div>
   <div class='ocr_carea' id='block_1_34' title="bbox 254 2062 1873 2135">
    <p class='ocr_par' dir='ltr' id='par_1_34' title="bbox 254 2062 1873 2135">
     <span class='ocr_line' id='line_1_34' title="bbox 254 2062 1873 2135; baseline -0.001 -18"><span class='ocrx_word' id='word_1_308' title='bbox 254 2063 456 2129; x_wconf 85' lang='lat' dir='ltr'><strong>ambo,</strong></span> <span class='ocrx_word' id='word_1_309' title='bbox 490 2063 749 2131; x_wconf 83' lang='lat' dir='ltr'><strong>Quoniam</strong></span> <span class='ocrx_word' id='word_1_310' title='bbox 776 2064 897 2118; x_wconf 87' lang='lat' dir='ltr'><strong>estis</strong></span> <span class='ocrx_word' id='word_1_311' title='bbox 927 2063 1027 2134; x_wconf 81' lang='lat' dir='ltr'><strong>ﬁlii</strong></span> <span class='ocrx_word' id='word_1_312' title='bbox 1067 2063 1191 2129; x_wconf 89' lang='lat' dir='ltr'><strong>Dei,</strong></span> <span class='ocrx_word' id='word_1_313' title='bbox 1240 2063 1381 2118; x_wconf 85' lang='lat' dir='ltr'><strong>misit</strong></span> <span class='ocrx_word' id='word_1_314' title='bbox 1428 2062 1568 2117; x_wconf 88' lang='lat' dir='ltr'><strong>Deus</strong></span> <span class='ocrx_word' id='word_1_315' title='bbox 1612 2062 1873 2135; x_wconf 85' lang='lat' dir='ltr'><strong>Spiritum</strong></span> 
     </span>
    </p>
   </div>
   <div class='ocr_carea' id='block_1_35' title="bbox 254 2153 1875 2229">
    <p class='ocr_par' dir='ltr' id='par_1_35' title="bbox 254 2153 1875 2229">
     <span class='ocr_line' id='line_1_35' title="bbox 254 2153 1875 2229; baseline 0 -20"><span class='ocrx_word' id='word_1_316' title='bbox 254 2156 359 2223; x_wconf 74' lang='lat' dir='ltr'><strong>ﬁlii</strong></span> <span class='ocrx_word' id='word_1_317' title='bbox 388 2157 469 2209; x_wconf 90' lang='lat' dir='ltr'><strong>sui</strong></span> <span class='ocrx_word' id='word_1_318' title='bbox 514 2157 568 2210; x_wconf 88' lang='lat' dir='ltr'><strong>in</strong></span> <span class='ocrx_word' id='word_1_319' title='bbox 616 2157 773 2210; x_wconf 88' lang='lat' dir='ltr'><strong>corda</strong></span> <span class='ocrx_word' id='word_1_320' title='bbox 812 2153 892 2229; x_wconf 79' lang='grc' dir='ltr'><strong>(ὁ)</strong></span> <span class='ocrx_word' id='word_1_321' title='bbox 921 2165 1099 2211; x_wconf 87' lang='lat' dir='ltr'><strong>nostra</strong></span> <span class='ocrx_word' id='word_1_322' title='bbox 1149 2159 1490 2223; x_wconf 86' lang='lat' dir='ltr'><strong>clamantem,</strong></span> <span class='ocrx_word' id='word_1_323' title='bbox 1540 2154 1683 2209; x_wconf 85' lang='lat' dir='ltr'><strong>Abba</strong></span> <span class='ocrx_word' id='word_1_324' title='bbox 1729 2164 1875 2225; x_wconf 89' lang='lat' dir='ltr'><strong>pater</strong></span> 
     </span>
    </p>
   </div>
   <div class='ocr_carea' id='block_1_36' title="bbox 256 2245 1871 2320">
    <p class='ocr_par' dir='ltr' id='par_1_36' title="bbox 256 2245 1871 2320">
     <span class='ocr_line' id='line_1_36' title="bbox 256 2245 1871 2320; baseline -0.003 -17"><span class='ocrx_word' id='word_1_325' title='bbox 256 2248 460 2320; x_wconf 81' lang='lat' dir='ltr'><strong>(Galat.</strong></span> <span class='ocrx_word' id='word_1_326' title='bbox 482 2246 564 2315; x_wconf 82' lang='lat' dir='ltr'><strong>’tv,</strong></span> <span class='ocrx_word' id='word_1_327' title='bbox 593 2245 672 2319; x_wconf 87' lang='lat'><strong>6).</strong></span> <span class='ocrx_word' id='word_1_328' title='bbox 702 2247 769 2303; x_wconf 85' lang='lat' dir='ltr'><strong>Et</strong></span> <span class='ocrx_word' id='word_1_329' title='bbox 788 2264 1001 2304; x_wconf 91' lang='lat' dir='ltr'><strong>rursum</strong></span> <span class='ocrx_word' id='word_1_330' title='bbox 1027 2266 1040 2303; x_wconf 93' lang='lat'><strong>:</strong></span> <span class='ocrx_word' id='word_1_331' title='bbox 1076 2246 1256 2305; x_wconf 83' lang='lat' dir='ltr'><strong>Nolite</strong></span> <span class='ocrx_word' id='word_1_332' title='bbox 1276 2249 1583 2303; x_wconf 82' lang='lat' dir='ltr'><strong>contristare</strong></span> <span class='ocrx_word' id='word_1_333' title='bbox 1609 2246 1871 2317; x_wconf 89' lang='lat' dir='ltr'><strong>Spiritum</strong></span> 
     </span>
    </p>
   </div>
   <div class='ocr_carea' id='block_1_37' title="bbox 254 2339 1867 2414">
    <p class='ocr_par' dir='ltr' id='par_1_37' title="bbox 254 2339 1867 2414">
     <span class='ocr_line' id='line_1_37' title="bbox 254 2339 1867 2414; baseline -0.002 -16"><span class='ocrx_word' id='word_1_334' title='bbox 254 2353 494 2398; x_wconf 86' lang='lat' dir='ltr'><strong>sanctum</strong></span> <span class='ocrx_word' id='word_1_335' title='bbox 526 2340 651 2407; x_wconf 85' lang='lat' dir='ltr'><strong>Dei,</strong></span> <span class='ocrx_word' id='word_1_336' title='bbox 675 2343 729 2397; x_wconf 81' lang='lat' dir='ltr'><strong>in</strong></span> <span class='ocrx_word' id='word_1_337' title='bbox 756 2358 855 2413; x_wconf 87' lang='lat' dir='ltr'><strong>quo</strong></span> <span class='ocrx_word' id='word_1_338' title='bbox 890 2342 1082 2414; x_wconf 84' lang='lat' dir='ltr'><strong>signati</strong></span> <span class='ocrx_word' id='word_1_339' title='bbox 1115 2342 1237 2397; x_wconf 86' lang='lat' dir='ltr'><strong>estis</strong></span> <span class='ocrx_word' id='word_1_340' title='bbox 1260 2341 1334 2414; x_wconf 88' lang='lat' dir='ltr'><strong>(c)</strong></span> <span class='ocrx_word' id='word_1_341' title='bbox 1366 2340 1585 2412; x_wconf 85' lang='lat' dir='ltr'><strong>(Ephes.</strong></span> <span class='ocrx_word' id='word_1_342' title='bbox 1635 2356 1688 2395; x_wconf 84' lang='grc' dir='ltr'><strong>ιν</strong></span> <span class='ocrx_word' id='word_1_343' title='bbox 1709 2381 1724 2407; x_wconf 88' lang='grc'><em>,</em></span> <span class='ocrx_word' id='word_1_344' title='bbox 1748 2339 1867 2410; x_wconf 74' lang='lat'><strong>50).</strong></span> 
     </span>
    </p>
   </div>
   <div class='ocr_carea' id='block_1_38' title="bbox 256 2426 1874 2508">
    <p class='ocr_par' dir='ltr' id='par_1_38' title="bbox 256 2426 1874 2508">
     <span class='ocr_line' id='line_1_38' title="bbox 256 2426 1874 2508; baseline -0.004 -16"><span class='ocrx_word' id='word_1_345' title='bbox 256 2436 329 2492; x_wconf 82' lang='lat' dir='ltr'><strong>Et</strong></span> <span class='ocrx_word' id='word_1_346' title='bbox 374 2436 573 2492; x_wconf 87' lang='lat' dir='ltr'><strong>iterum</strong></span> <span class='ocrx_word' id='word_1_347' title='bbox 613 2451 628 2490; x_wconf 91' lang='lat'><strong>:</strong></span> <span class='ocrx_word' id='word_1_348' title='bbox 672 2432 786 2491; x_wconf 90' lang='lat' dir='ltr'><strong>Nos</strong></span> <span class='ocrx_word' id='word_1_349' title='bbox 814 2444 985 2490; x_wconf 84' lang='lat' dir='ltr'><strong>autent</strong></span> <span class='ocrx_word' id='word_1_350' title='bbox 1030 2451 1132 2490; x_wconf 86' lang='lat' dir='ltr'><strong>non</strong></span> <span class='ocrx_word' id='word_1_351' title='bbox 1166 2435 1409 2507; x_wconf 87' lang='lat' dir='ltr'><strong>spiritum</strong></span> <span class='ocrx_word' id='word_1_352' title='bbox 1463 2431 1543 2508; x_wconf 79' lang='grc' dir='ltr'><strong>(ἀ)</strong></span> <span class='ocrx_word' id='word_1_353' title='bbox 1579 2432 1735 2507; x_wconf 84' lang='lat' dir='ltr'><strong>hujus</strong></span> <span class='ocrx_word' id='word_1_354' title='bbox 1762 2426 1874 2505; x_wconf 65' lang='grc' dir='ltr'><strong>Μ.</strong></span> 
     </span>
    </p>
   </div>
   <div class='ocr_carea' id='block_1_39' title="bbox 331 2621 1861 2699">
    <p class='ocr_par' dir='ltr' id='par_1_39' title="bbox 331 2621 1861 2699">
     <span class='ocr_line' id='line_1_39' title="bbox 331 2621 1861 2699; baseline -0.003 -18"><span class='ocrx_word' id='word_1_355' title='bbox 331 2627 415 2699; x_wconf 90' lang='lat' dir='ltr'><strong>(l)</strong></span> <span class='ocrx_word' id='word_1_356' title='bbox 465 2625 625 2699; x_wconf 81' lang='lat' dir='ltr'><strong>Forte</strong></span> <span class='ocrx_word' id='word_1_357' title='bbox 654 2625 859 2684; x_wconf 90' lang='lat' dir='ltr'><strong>rectius</strong></span> <span class='ocrx_word' id='word_1_358' title='bbox 884 2626 940 2683; x_wconf 93' lang='lat' dir='ltr'><strong>in</strong></span> <span class='ocrx_word' id='word_1_359' title='bbox 985 2635 1174 2685; x_wconf 86' lang='lat' dir='ltr'><strong>nostro</strong></span> <span class='ocrx_word' id='word_1_360' title='bbox 1212 2624 1402 2684; x_wconf 91' lang='lat' dir='ltr'><strong>codice</strong></span> <span class='ocrx_word' id='word_1_361' title='bbox 1431 2621 1861 2696; x_wconf 65' lang='lat' dir='ltr'><strong>praetermittitur</strong></span> 
     </span>
    </p>
   </div>
   <div class='ocr_carea' id='block_1_40' title="bbox 259 2698 688 2771">
    <p class='ocr_par' dir='ltr' id='par_1_40' title="bbox 259 2698 688 2771">
     <span class='ocr_line' id='line_1_40' title="bbox 259 2698 688 2771; baseline -0.005 -17"><span class='ocrx_word' id='word_1_362' title='bbox 259 2698 583 2771; x_wconf 70' lang='lat' dir='ltr'><strong>prrrpnsitio</strong></span> <span class='ocrx_word' id='word_1_363' title='bbox 610 2698 688 2753; x_wconf 84' lang='lat' dir='ltr'><strong>in.</strong></span> 
     </span>
    </p>
   </div>
   <div class='ocr_carea' id='block_1_41' title="bbox 255 2858 1867 2942">
    <p class='ocr_par' dir='ltr' id='par_1_41' title="bbox 255 2858 1867 2942">
     <span class='ocr_line' id='line_1_41' title="bbox 255 2858 1867 2942; baseline 0 -31"><span class='ocrx_word' id='word_1_364' title='bbox 255 2860 528 2942; x_wconf 71' lang='lat' dir='ltr'><strong>humilitas</strong></span> <span class='ocrx_word' id='word_1_365' title='bbox 555 2877 587 2942; x_wconf 73' lang='grc' dir='ltr'><em>ᾳ</em></span> <span class='ocrx_word' id='word_1_366' title='bbox 628 2859 797 2932; x_wconf 77' lang='lat' dir='ltr'><strong>Magis</strong></span> <span class='ocrx_word' id='word_1_367' title='bbox 844 2860 1065 2942; x_wconf 77' lang='lat' dir='ltr'><strong>adorata</strong></span> <span class='ocrx_word' id='word_1_368' title='bbox 1108 2870 1182 2917; x_wconf 83' lang='lat' dir='ltr'><strong>est</strong></span> <span class='ocrx_word' id='word_1_369' title='bbox 1206 2902 1221 2927; x_wconf 90' lang='lat'><strong>,</strong></span> <span class='ocrx_word' id='word_1_370' title='bbox 1254 2858 1558 2942; x_wconf 39' lang='lat' dir='ltr'><strong>{mysticis</strong></span> <span class='ocrx_word' id='word_1_371' title='bbox 1596 2872 1867 2942; x_wconf 74' lang='lat' dir='ltr'><strong>muner_um</strong></span> 
     </span>
    </p>
   </div>
   <div class='ocr_carea' id='block_1_42' title="bbox 253 2930 1867 3002">
    <p class='ocr_par' dir='ltr' id='par_1_42' title="bbox 253 2930 1867 3002">
     <span class='ocr_line' id='line_1_42' title="bbox 253 2930 1867 3002; baseline -0.002 -16"><span class='ocrx_word' id='word_1_372' title='bbox 253 2932 524 2999; x_wconf 84' lang='lat' dir='ltr'><strong>speciebus</strong></span> <span class='ocrx_word' id='word_1_373' title='bbox 548 2930 801 3002; x_wconf 78' lang='lat' dir='ltr'><strong>honorata</strong></span> <span class='ocrx_word' id='word_1_374' title='bbox 824 2973 841 3000; x_wconf 93' lang='lat'><strong>,</strong></span> <span class='ocrx_word' id='word_1_375' title='bbox 862 2951 965 2987; x_wconf 80' lang='lat' dir='ltr'><strong>non</strong></span> <span class='ocrx_word' id='word_1_376' title='bbox 992 2933 1258 3002; x_wconf 78' lang='lat' dir='ltr'><strong>adoptato.</strong></span> <span class='ocrx_word' id='word_1_377' title='bbox 1292 2930 1466 2989; x_wconf 85' lang='lat' dir='ltr'><strong>Penes</strong></span> <span class='ocrx_word' id='word_1_378' title='bbox 1497 2948 1595 2987; x_wconf 90' lang='lat' dir='ltr'><strong>nos</strong></span> <span class='ocrx_word' id='word_1_379' title='bbox 1618 2941 1701 2986; x_wconf 90' lang='lat' dir='ltr'><strong>est</strong></span> <span class='ocrx_word' id='word_1_380' title='bbox 1732 2930 1867 2984; x_wconf 86' lang='lat' dir='ltr'><strong>liber</strong></span> 
     </span>
    </p>
   </div>
   <div class='ocr_carea' id='block_1_43' title="bbox 255 3001 1866 3073">
    <p class='ocr_par' dir='ltr' id='par_1_43' title="bbox 255 3001 1866 3073">
     <span class='ocr_line' id='line_1_43' title="bbox 255 3001 1866 3073; baseline -0.003 -15"><span class='ocrx_word' id='word_1_381' title='bbox 255 3001 606 3073; x_wconf 70' lang='lat' dir='ltr'><strong>tiorbeiegsis</strong></span> <span class='ocrx_word' id='word_1_382' title='bbox 661 3016 788 3060; x_wconf 88' lang='lat' dir='ltr'><strong>ante</strong></span> <span class='ocrx_word' id='word_1_383' title='bbox 863 3020 1036 3060; x_wconf 89' lang='lat' dir='ltr'><strong>annos</strong></span> <span class='ocrx_word' id='word_1_384' title='bbox 1093 3001 1199 3061; x_wconf 89' lang='lat'><strong>800</strong></span> <span class='ocrx_word' id='word_1_385' title='bbox 1261 3006 1494 3073; x_wconf 88' lang='lat' dir='ltr'><strong>scriptus</strong></span> <span class='ocrx_word' id='word_1_386' title='bbox 1564 3012 1866 3073; x_wconf 78' lang='lat' dir='ltr'><strong>postremas</strong></span> 
     </span>
    </p>
   </div>
   <div class='ocr_carea' id='block_1_44' title="bbox 256 3071 1867 3145">
    <p class='ocr_par' dir='ltr' id='par_1_44' title="bbox 256 3071 1867 3145">
     <span class='ocr_line' id='line_1_44' title="bbox 256 3071 1867 3145; baseline -0.001 -18"><span class='ocrx_word' id='word_1_387' title='bbox 256 3071 424 3128; x_wconf 82' lang='lat' dir='ltr'><strong>hasce</strong></span> <span class='ocrx_word' id='word_1_388' title='bbox 450 3071 687 3145; x_wconf 79' lang='lat' dir='ltr'><strong>syllabas</strong></span> <span class='ocrx_word' id='word_1_389' title='bbox 709 3086 881 3145; x_wconf 86' lang='lat' dir='ltr'><strong>ptatur</strong></span> <span class='ocrx_word' id='word_1_390' title='bbox 909 3076 1026 3132; x_wconf 89' lang='lat' dir='ltr'><strong>loco</strong></span> <span class='ocrx_word' id='word_1_391' title='bbox 1051 3077 1247 3133; x_wconf 81' lang='lat' dir='ltr'><strong>abraso</strong></span> <span class='ocrx_word' id='word_1_392' title='bbox 1275 3071 1573 3139; x_wconf 87' lang='lat' dir='ltr'><strong>exhibens;</strong></span> <span class='ocrx_word' id='word_1_393' title='bbox 1603 3073 1703 3128; x_wconf 87' lang='lat' dir='ltr'><strong>etsi</strong></span> <span class='ocrx_word' id='word_1_394' title='bbox 1727 3071 1867 3127; x_wconf 84' lang='lat' dir='ltr'><strong>mala</strong></span> 
     </span>
    </p>
   </div>
   <div class='ocr_carea' id='block_1_45' title="bbox 257 3145 1868 3217">
    <p class='ocr_par' dir='ltr' id='par_1_45' title="bbox 257 3145 1868 3217">
     <span class='ocr_line' id='line_1_45' title="bbox 257 3145 1868 3217; baseline -0.001 -20"><span class='ocrx_word' id='word_1_395' title='bbox 257 3147 485 3199; x_wconf 76' lang='lat' dir='ltr'><strong>torsitan</strong></span> <span class='ocrx_word' id='word_1_396' title='bbox 513 3146 637 3211; x_wconf 80' lang='lat' dir='ltr'><strong>fide,</strong></span> <span class='ocrx_word' id='word_1_397' title='bbox 672 3162 781 3202; x_wconf 89' lang='lat' dir='ltr'><strong>non</strong></span> <span class='ocrx_word' id='word_1_398' title='bbox 812 3156 991 3204; x_wconf 89' lang='lat' dir='ltr'><strong>tamen</strong></span> <span class='ocrx_word' id='word_1_399' title='bbox 1019 3147 1160 3203; x_wconf 86' lang='lat' dir='ltr'><strong>male</strong></span> <span class='ocrx_word' id='word_1_400' title='bbox 1186 3148 1517 3217; x_wconf 87' lang='lat' dir='ltr'><strong>adscriptum</strong></span> <span class='ocrx_word' id='word_1_401' title='bbox 1543 3154 1626 3201; x_wconf 90' lang='lat' dir='ltr'><strong>est</strong></span> <span class='ocrx_word' id='word_1_402' title='bbox 1646 3145 1868 3212; x_wconf 84' lang='lat' dir='ltr'><strong>adopta-</strong></span> 
     </span>
    </p>
   </div>
   <div class='ocr_carea' id='block_1_46' title="bbox 261 3218 1866 3287">
    <p class='ocr_par' dir='ltr' id='par_1_46' title="bbox 261 3218 1866 3287">
     <span class='ocr_line' id='line_1_46' title="bbox 261 3218 1866 3287; baseline 0.001 -19"><span class='ocrx_word' id='word_1_403' title='bbox 261 3228 387 3269; x_wconf 78' lang='lat' dir='ltr'><strong>tur:</strong></span> <span class='ocrx_word' id='word_1_404' title='bbox 415 3233 578 3287; x_wconf 87' lang='lat' dir='ltr'><strong>quam</strong></span> <span class='ocrx_word' id='word_1_405' title='bbox 610 3218 897 3273; x_wconf 88' lang='lat' dir='ltr'><strong>lectionem</strong></span> <span class='ocrx_word' id='word_1_406' title='bbox 951 3219 1170 3275; x_wconf 90' lang='lat' dir='ltr'><strong>codices</strong></span> <span class='ocrx_word' id='word_1_407' title='bbox 1193 3218 1347 3275; x_wconf 87' lang='lat' dir='ltr'><strong>Colb.</strong></span> <span class='ocrx_word' id='word_1_408' title='bbox 1383 3228 1436 3273; x_wconf 92' lang='lat' dir='ltr'><strong>et</strong></span> <span class='ocrx_word' id='word_1_409' title='bbox 1478 3218 1702 3272; x_wconf 81' lang='lat' dir='ltr'><strong>Carnut.</strong></span> <span class='ocrx_word' id='word_1_410' title='bbox 1739 3222 1866 3270; x_wconf 85' lang='lat' dir='ltr'><strong>ante</strong></span> 
     </span>
    </p>
   </div>
   <div class='ocr_carea' id='block_1_47' title="bbox 1978 1963 3587 2043">
    <p class='ocr_par' dir='ltr' id='par_1_47' title="bbox 1978 1963 3587 2043">
     <span class='ocr_line' id='line_1_47' title="bbox 1978 1963 3587 2043; baseline 0.004 -24"><span class='ocrx_word' id='word_1_411' title='bbox 1978 1972 2063 2019; x_wconf 89' lang='lat' dir='ltr'><strong>set</strong></span> <span class='ocrx_word' id='word_1_412' title='bbox 2094 1963 2407 2035; x_wconf 84' lang='lat' dir='ltr'><strong>loquentes;</strong></span> <span class='ocrx_word' id='word_1_413' title='bbox 2439 1971 2494 2019; x_wconf 92' lang='lat' dir='ltr'><strong>et</strong></span> <span class='ocrx_word' id='word_1_414' title='bbox 2522 1975 2646 2036; x_wconf 89' lang='lat' dir='ltr'><strong>post</strong></span> <span class='ocrx_word' id='word_1_415' title='bbox 2675 1965 2794 2021; x_wconf 74' lang='lat' dir='ltr'><strong>inec</strong></span> <span class='ocrx_word' id='word_1_416' title='bbox 2824 1965 2984 2023; x_wconf 90' lang='lat' dir='ltr'><strong>Pater</strong></span> <span class='ocrx_word' id='word_1_417' title='bbox 3018 1978 3072 2024; x_wconf 93' lang='lat' dir='ltr'><strong>et</strong></span> <span class='ocrx_word' id='word_1_418' title='bbox 3094 1968 3263 2023; x_wconf 89' lang='lat' dir='ltr'><strong>Filius</strong></span> <span class='ocrx_word' id='word_1_419' title='bbox 3294 1967 3359 2043; x_wconf 85' lang='lat' dir='ltr'><strong>(i)</strong></span> <span class='ocrx_word' id='word_1_420' title='bbox 3397 1969 3587 2042; x_wconf 80' lang='lat' dir='ltr'><strong>displi-</strong></span> 
     </span>
    </p>
   </div>
   <div class='ocr_carea' id='block_1_48' title="bbox 1979 2057 2144 2112">
    <p class='ocr_par' dir='ltr' id='par_1_48' title="bbox 1979 2057 2144 2112">
     <span class='ocr_line' id='line_1_48' title="bbox 1979 2057 2144 2112; baseline -0.006 0"><span class='ocrx_word' id='word_1_421' title='bbox 1979 2057 2144 2112; x_wconf 84' lang='lat' dir='ltr'><strong>Cebit.</strong></span> 
     </span>
    </p>
   </div>
   <div class='ocr_carea' id='block_1_49' title="bbox 2048 2147 3585 2226">
    <p class='ocr_par' dir='ltr' id='par_1_49' title="bbox 2048 2147 3585 2226">
     <span class='ocr_line' id='line_1_49' title="bbox 2048 2147 3585 2226; baseline 0.005 -22"><span class='ocrx_word' id='word_1_422' title='bbox 2048 2148 2139 2204; x_wconf 82' lang='lat'><strong>&#39;50.</strong></span> <span class='ocrx_word' id='word_1_423' title='bbox 2170 2147 2235 2203; x_wconf 84' lang='lat' dir='ltr'><strong>Et</strong></span> <span class='ocrx_word' id='word_1_424' title='bbox 2267 2147 2423 2205; x_wconf 84' lang='lat' dir='ltr'><strong>Pater</strong></span> <span class='ocrx_word' id='word_1_425' title='bbox 2448 2158 2496 2204; x_wconf 90' lang='lat' dir='ltr'><strong>et</strong></span> <span class='ocrx_word' id='word_1_426' title='bbox 2527 2147 2699 2205; x_wconf 78' lang='lat' dir='ltr'><strong>Filius</strong></span> <span class='ocrx_word' id='word_1_427' title='bbox 2726 2160 2798 2207; x_wconf 88' lang='lat' dir='ltr'><strong>est</strong></span> <span class='ocrx_word' id='word_1_428' title='bbox 2835 2161 3041 2207; x_wconf 84' lang='lat' dir='ltr'><strong>sanctus</strong></span> <span class='ocrx_word' id='word_1_429' title='bbox 3077 2151 3327 2226; x_wconf 89' lang='lat' dir='ltr'><strong>Spiritus.</strong></span> <span class='ocrx_word' id='word_1_430' title='bbox 3361 2184 3433 2197; x_wconf 93' lang='lat'><strong><em>—</em></strong></span> <span class='ocrx_word' id='word_1_431' title='bbox 3471 2154 3585 2211; x_wconf 83' lang='lat' dir='ltr'><strong>Ma-</strong></span> 
     </span>
    </p>
   </div>
   <div class='ocr_carea' id='block_1_50' title="bbox 1979 2240 3582 2319">
    <p class='ocr_par' dir='ltr' id='par_1_50' title="bbox 1979 2240 3582 2319">
     <span class='ocr_line' id='line_1_50' title="bbox 1979 2240 3582 2319; baseline 0.006 -23"><span class='ocrx_word' id='word_1_432' title='bbox 1979 2256 2111 2296; x_wconf 90' lang='lat' dir='ltr'><strong>nere</strong></span> <span class='ocrx_word' id='word_1_433' title='bbox 2135 2252 2313 2297; x_wconf 90' lang='lat' dir='ltr'><strong>autem</strong></span> <span class='ocrx_word' id='word_1_434' title='bbox 2345 2240 2474 2298; x_wconf 90' lang='lat' dir='ltr'><strong>hinc</strong></span> <span class='ocrx_word' id='word_1_435' title='bbox 2500 2242 2763 2314; x_wconf 89' lang='lat' dir='ltr'><strong>quosdam</strong></span> <span class='ocrx_word' id='word_1_436' title='bbox 2808 2244 2862 2299; x_wconf 93' lang='lat' dir='ltr'><strong>in</strong></span> <span class='ocrx_word' id='word_1_437' title='bbox 2892 2244 3191 2317; x_wconf 85' lang='lat' dir='ltr'><strong>ignorantia</strong></span> <span class='ocrx_word' id='word_1_438' title='bbox 3217 2258 3378 2319; x_wconf 89' lang='lat' dir='ltr'><strong>atque</strong></span> <span class='ocrx_word' id='word_1_439' title='bbox 3404 2249 3582 2305; x_wconf 90' lang='lat' dir='ltr'><strong>ambi-</strong></span> 
     </span>
    </p>
   </div>
   <div class='ocr_carea' id='block_1_51' title="bbox 1979 2330 3585 2416">
    <p class='ocr_par' dir='ltr' id='par_1_51' title="bbox 1979 2330 3585 2416">
     <span class='ocr_line' id='line_1_51' title="bbox 1979 2330 3585 2416; baseline 0.006 -27"><span class='ocrx_word' id='word_1_440' title='bbox 1979 2330 2186 2405; x_wconf 86' lang='lat' dir='ltr'><strong>guitate</strong></span> <span class='ocrx_word' id='word_1_441' title='bbox 2234 2335 2515 2402; x_wconf 87' lang='lat' dir='ltr'><strong>existimo,</strong></span> <span class='ocrx_word' id='word_1_442' title='bbox 2549 2337 2694 2411; x_wconf 87' lang='lat' dir='ltr'><strong>quod</strong></span> <span class='ocrx_word' id='word_1_443' title='bbox 2750 2337 2855 2394; x_wconf 87' lang='lat' dir='ltr'><strong>hoc</strong></span> <span class='ocrx_word' id='word_1_444' title='bbox 2893 2339 3130 2409; x_wconf 88' lang='lat' dir='ltr'><strong>tertium,</strong></span> <span class='ocrx_word' id='word_1_445' title='bbox 3164 2341 3217 2396; x_wconf 89' lang='lat' dir='ltr'><strong>id</strong></span> <span class='ocrx_word' id='word_1_446' title='bbox 3274 2352 3388 2411; x_wconf 89' lang='lat' dir='ltr'><strong>est,</strong></span> <span class='ocrx_word' id='word_1_447' title='bbox 3441 2343 3585 2416; x_wconf 85' lang='lat' dir='ltr'><strong>quod</strong></span> 
     </span>
    </p>
   </div>
   <div class='ocr_carea' id='block_1_52' title="bbox 1981 2425 3586 2505">
    <p class='ocr_par' dir='ltr' id='par_1_52' title="bbox 1981 2425 3586 2505">
     <span class='ocr_line' id='line_1_52' title="bbox 1981 2425 3586 2505; baseline 0.007 -25"><span class='ocrx_word' id='word_1_448' title='bbox 1981 2428 2049 2499; x_wconf 87' lang='lat' dir='ltr'><strong>(j)</strong></span> <span class='ocrx_word' id='word_1_449' title='bbox 2099 2425 2404 2484; x_wconf 83' lang='lat' dir='ltr'><strong>nominatur</strong></span> <span class='ocrx_word' id='word_1_450' title='bbox 2433 2427 2665 2500; x_wconf 88' lang='lat' dir='ltr'><strong>Spiritus</strong></span> <span class='ocrx_word' id='word_1_451' title='bbox 2685 2441 2933 2500; x_wconf 89' lang='lat' dir='ltr'><strong>sanctus,</strong></span> <span class='ocrx_word' id='word_1_452' title='bbox 2966 2432 3186 2489; x_wconf 82' lang='lat' dir='ltr'><strong>videant</strong></span> <span class='ocrx_word' id='word_1_453' title='bbox 3208 2450 3304 2505; x_wconf 89' lang='lat' dir='ltr'><strong>pro</strong></span> <span class='ocrx_word' id='word_1_454' title='bbox 3335 2436 3495 2492; x_wconf 82' lang='lat' dir='ltr'><strong>Patre</strong></span> <span class='ocrx_word' id='word_1_455' title='bbox 3528 2444 3586 2492; x_wconf 89' lang='lat' dir='ltr'><strong>et</strong></span> 
     </span>
    </p>
   </div>
   <div class='ocr_carea' id='block_1_53' title="bbox 2040 2614 2860 2759">
    <p class='ocr_par' dir='ltr' id='par_1_53' title="bbox 2040 2614 2860 2759">
     <span class='ocr_line' id='line_1_53' title="bbox 2040 2614 2860 2759; baseline 0.009 -90"><span class='ocrx_word' id='word_1_456' title='bbox 2040 2614 2122 2759; x_wconf 56' lang='lat'><strong>(2)</strong></span> <span class='ocrx_word' id='word_1_457' title='bbox 2153 2615 2257 2742; x_wconf 55' lang='grc' dir='ltr'><strong>Ξειὶ</strong></span> <span class='ocrx_word' id='word_1_458' title='bbox 2282 2614 2532 2702; x_wconf 53' lang='grc' dir='ltr'><em>αραετεε</em></span> <span class='ocrx_word' id='word_1_459' title='bbox 2561 2635 2670 2677; x_wconf 91' lang='lat' dir='ltr'><strong>non</strong></span> <span class='ocrx_word' id='word_1_460' title='bbox 2698 2621 2860 2679; x_wconf 89' lang='lat' dir='ltr'><strong>male.</strong></span> 
     </span>
     <span class='ocr_line' id='line_1_54' title="bbox 2072 2688 2475 2759; baseline 0.01 -18"><span class='ocrx_word' id='word_1_461' title='bbox 2072 2689 2130 2758; x_wconf 74' lang='grc' dir='ltr'>ὅ)</span> <span class='ocrx_word' id='word_1_462' title='bbox 2199 2704 2216 2741; x_wconf 83' lang='grc' dir='ltr'>ι</span> <span class='ocrx_word' id='word_1_463' title='bbox 2245 2688 2475 2759; x_wconf 77' lang='lat' dir='ltr'><strong>quidem.</strong></span> 
     </span>
    </p>
   </div>
   <div class='ocr_carea' id='block_1_54' title="bbox 2072 2688 2475 2760">
    <p class='ocr_par' dir='ltr' id='par_1_54' title="bbox 2072 2688 2475 2760">
     <span class='ocr_line' id='line_1_55' title="bbox 2072 2688 2475 2760; baseline 0.01 -19"><span class='ocrx_word' id='word_1_464' title='bbox 2072 2689 2130 2758; x_wconf 74' lang='grc' dir='ltr'>ὅ)</span> <span class='ocrx_word' id='word_1_465' title='bbox 2153 2688 2216 2742; x_wconf 86' lang='lat' dir='ltr'><strong>Si</strong></span> <span class='ocrx_word' id='word_1_466' title='bbox 2245 2688 2475 2760; x_wconf 81' lang='lat' dir='ltr'><strong>quidem.</strong></span> 
     </span>
    </p>
   </div>
   <div class='ocr_carea' id='block_1_55' title="bbox 1973 2846 3577 2927">
    <p class='ocr_par' dir='ltr' id='par_1_55' title="bbox 1973 2846 3577 2927">
     <span class='ocr_line' id='line_1_56' title="bbox 1973 2846 3577 2927; baseline 0.011 -23"><span class='ocrx_word' id='word_1_467' title='bbox 1973 2849 2115 2927; x_wconf 50' lang='grc' dir='ltr'><strong>ιρι,</strong></span> <span class='ocrx_word' id='word_1_468' title='bbox 2154 2846 2311 2905; x_wconf 85' lang='lat' dir='ltr'><strong>Colb.</strong></span> <span class='ocrx_word' id='word_1_469' title='bbox 2342 2860 2398 2907; x_wconf 90' lang='lat' dir='ltr'><strong>et</strong></span> <span class='ocrx_word' id='word_1_470' title='bbox 2436 2852 2622 2921; x_wconf 89' lang='lat' dir='ltr'><strong>Carn.,</strong></span> <span class='ocrx_word' id='word_1_471' title='bbox 2656 2869 2686 2910; x_wconf 86' lang='lat' dir='ltr'><strong>a</strong></span> <span class='ocrx_word' id='word_1_472' title='bbox 2713 2855 2911 2927; x_wconf 88' lang='lat' dir='ltr'><strong>quibus</strong></span> <span class='ocrx_word' id='word_1_473' title='bbox 2929 2853 3199 2915; x_wconf 84' lang='lat' dir='ltr'><strong>dissidere</strong></span> <span class='ocrx_word' id='word_1_474' title='bbox 3224 2865 3577 2921; x_wconf 84' lang='lat' dir='ltr'><strong>consentien-</strong></span> 
     </span>
    </p>
   </div>
   <div class='ocr_carea' id='block_1_56' title="bbox 1973 2924 3577 2993">
    <p class='ocr_par' dir='ltr' id='par_1_56' title="bbox 1973 2924 3577 2993">
     <span class='ocr_line' id='line_1_57' title="bbox 1973 2924 3577 2993; baseline 0.009 -16"><span class='ocrx_word' id='word_1_475' title='bbox 1973 2924 2127 2993; x_wconf 19' lang='lat' dir='ltr'><strong>tibus,</strong></span> <span class='ocrx_word' id='word_1_476' title='bbox 2146 2938 2252 2976; x_wconf 92' lang='lat' dir='ltr'><strong>non</strong></span> <span class='ocrx_word' id='word_1_477' title='bbox 2275 2932 2360 2978; x_wconf 89' lang='lat' dir='ltr'><strong>est</strong></span> <span class='ocrx_word' id='word_1_478' title='bbox 2383 2933 2555 2981; x_wconf 87' lang='lat' dir='ltr'><strong>tutum</strong></span> <span class='ocrx_word' id='word_1_479' title='bbox 2575 2968 2591 2992; x_wconf 90' lang='lat'><strong>,</strong></span> <span class='ocrx_word' id='word_1_480' title='bbox 2619 2924 2829 2983; x_wconf 81' lang='lat' dir='ltr'><strong>necnon</strong></span> <span class='ocrx_word' id='word_1_481' title='bbox 2862 2944 2927 2984; x_wconf 86' lang='lat' dir='ltr'><strong>ex</strong></span> <span class='ocrx_word' id='word_1_482' title='bbox 2962 2931 3151 2986; x_wconf 78' lang='lat' dir='ltr'><strong>Germ.</strong></span> <span class='ocrx_word' id='word_1_483' title='bbox 3185 2947 3294 2988; x_wconf 87' lang='lat' dir='ltr'><strong>uno</strong></span> <span class='ocrx_word' id='word_1_484' title='bbox 3338 2936 3577 2993; x_wconf 89' lang='lat' dir='ltr'><strong>Sorbon.</strong></span> 
     </span>
    </p>
   </div>
   <div class='ocr_carea' id='block_1_57' title="bbox 1969 2992 3583 3069">
    <p class='ocr_par' dir='ltr' id='par_1_57' title="bbox 1969 2992 3583 3069">
     <span class='ocr_line' id='line_1_58' title="bbox 1969 2992 3583 3069; baseline 0.012 -24"><span class='ocrx_word' id='word_1_485' title='bbox 1969 2992 2077 3046; x_wconf 75' lang='lat' dir='ltr'><strong>alin</strong></span> <span class='ocrx_word' id='word_1_486' title='bbox 2099 2992 2254 3069; x_wconf 70' lang='lat' dir='ltr'><strong>inb.</strong></span> <span class='ocrx_word' id='word_1_487' title='bbox 2287 2996 2622 3069; x_wconf 86' lang='lat' dir='ltr'><strong>restituimns</strong></span> <span class='ocrx_word' id='word_1_488' title='bbox 2643 3000 2731 3069; x_wconf 89' lang='lat' dir='ltr'><strong>qui</strong></span> <span class='ocrx_word' id='word_1_489' title='bbox 2766 2998 2944 3065; x_wconf 82' lang='lat' dir='ltr'><strong>Patre,</strong></span> <span class='ocrx_word' id='word_1_490' title='bbox 2972 3001 3021 3056; x_wconf 91' lang='lat' dir='ltr'><strong>id</strong></span> <span class='ocrx_word' id='word_1_491' title='bbox 3052 3013 3166 3069; x_wconf 88' lang='lat' dir='ltr'><strong>est,</strong></span> <span class='ocrx_word' id='word_1_492' title='bbox 3198 3004 3244 3060; x_wconf 92' lang='lat' dir='ltr'><strong>si</strong></span> <span class='ocrx_word' id='word_1_493' title='bbox 3272 3017 3457 3062; x_wconf 87' lang='lat' dir='ltr'><strong>nostra</strong></span> <span class='ocrx_word' id='word_1_494' title='bbox 3480 3025 3583 3064; x_wconf 89' lang='lat' dir='ltr'><strong>nos</strong></span> 
     </span>
    </p>
   </div>
   <div class='ocr_carea' id='block_1_58' title="bbox 1972 3065 3587 3140">
    <p class='ocr_par' dir='ltr' id='par_1_58' title="bbox 1972 3065 3587 3140">
     <span class='ocr_line' id='line_1_59' title="bbox 1972 3065 3587 3140; baseline 0.011 -22"><span class='ocrx_word' id='word_1_495' title='bbox 1972 3079 2080 3140; x_wconf 85' lang='lat' dir='ltr'><strong>non</strong></span> <span class='ocrx_word' id='word_1_496' title='bbox 2112 3065 2248 3119; x_wconf 89' lang='lat' dir='ltr'><strong>fallit</strong></span> <span class='ocrx_word' id='word_1_497' title='bbox 2279 3067 2485 3140; x_wconf 82' lang='lat' dir='ltr'><strong>opinio,</strong></span> <span class='ocrx_word' id='word_1_498' title='bbox 2515 3070 2605 3140; x_wconf 89' lang='lat' dir='ltr'><strong>qui</strong></span> <span class='ocrx_word' id='word_1_499' title='bbox 2633 3065 2754 3125; x_wconf 79' lang='lat' dir='ltr'><strong>cum</strong></span> <span class='ocrx_word' id='word_1_500' title='bbox 2784 3071 2996 3126; x_wconf 86' lang='lat' dir='ltr'><strong>Patrem</strong></span> <span class='ocrx_word' id='word_1_501' title='bbox 3025 3087 3078 3129; x_wconf 88' lang='lat' dir='ltr'><strong>et</strong></span> <span class='ocrx_word' id='word_1_502' title='bbox 3101 3065 3300 3131; x_wconf 75' lang='lat' dir='ltr'><strong>Filium</strong></span> <span class='ocrx_word' id='word_1_503' title='bbox 3335 3090 3587 3136; x_wconf 84' lang='lat' dir='ltr'><strong>auctores</strong></span> 
     </span>
    </p>
   </div>
   <div class='ocr_carea' id='block_1_59' title="bbox 1974 3136 3588 3217">
    <p class='ocr_par' dir='ltr' id='par_1_59' title="bbox 1974 3136 3588 3217">
     <span class='ocr_line' id='line_1_60' title="bbox 1974 3136 3588 3217; baseline 0.011 -28"><span class='ocrx_word' id='word_1_504' title='bbox 1974 3136 2191 3203; x_wconf 81' lang='lat' dir='ltr'><strong>habeat,</strong></span> <span class='ocrx_word' id='word_1_505' title='bbox 2221 3136 2567 3217; x_wconf 77' lang='lat' dir='ltr'><strong>conﬁtendus</strong></span> <span class='ocrx_word' id='word_1_506' title='bbox 2594 3148 2702 3197; x_wconf 91' lang='lat' dir='ltr'><strong>est.</strong></span> <span class='ocrx_word' id='word_1_507' title='bbox 2730 3141 2893 3217; x_wconf 59' lang='lat' dir='ltr'><strong>Derte</strong></span> <span class='ocrx_word' id='word_1_508' title='bbox 2922 3143 3119 3200; x_wconf 88' lang='lat' dir='ltr'><strong>Filium</strong></span> <span class='ocrx_word' id='word_1_509' title='bbox 3143 3146 3382 3217; x_wconf 86' lang='lat' dir='ltr'><strong>Spiritus</strong></span> <span class='ocrx_word' id='word_1_510' title='bbox 3410 3153 3588 3207; x_wconf 88' lang='lat' dir='ltr'><strong>sancti</strong></span> 
     </span>
    </p>
   </div>
   <div class='ocr_carea' id='block_1_60' title="bbox 1971 3211 3590 3281">
    <p class='ocr_par' dir='ltr' id='par_1_60' title="bbox 1971 3211 3590 3281">
     <span class='ocr_line' id='line_1_61' title="bbox 1971 3211 3590 3281; baseline 0.011 -21"><span class='ocrx_word' id='word_1_511' title='bbox 1971 3219 2249 3281; x_wconf 76' lang='lat' dir='ltr'><strong>anetorem</strong></span> <span class='ocrx_word' id='word_1_512' title='bbox 2277 3213 2457 3265; x_wconf 88' lang='lat' dir='ltr'><strong>vocari</strong></span> <span class='ocrx_word' id='word_1_513' title='bbox 2498 3211 2609 3281; x_wconf 86' lang='lat' dir='ltr'><strong>jam</strong></span> <span class='ocrx_word' id='word_1_514' title='bbox 2641 3214 2945 3270; x_wconf 87' lang='lat' dir='ltr'><strong>audivimus</strong></span> <span class='ocrx_word' id='word_1_515' title='bbox 2974 3233 3121 3272; x_wconf 91' lang='lat' dir='ltr'><strong>num.</strong></span> <span class='ocrx_word' id='word_1_516' title='bbox 3160 3211 3202 3273; x_wconf 51' lang='lat'><strong>4&#39;</strong></span> <span class='ocrx_word' id='word_1_517' title='bbox 3245 3229 3301 3274; x_wconf 90' lang='lat' dir='ltr'><strong>et</strong></span> <span class='ocrx_word' id='word_1_518' title='bbox 3341 3220 3482 3276; x_wconf 88' lang='lat' dir='ltr'><strong>infra</strong></span> <span class='ocrx_word' id='word_1_519' title='bbox 3527 3231 3590 3277; x_wconf 91' lang='lat' dir='ltr'><strong>ut</strong></span> 
     </span>
    </p>
   </div>
   <div class='ocr_carea' id='block_1_61' title="bbox 261 3271 3583 3361">
    <p class='ocr_par' dir='ltr' id='par_1_61' title="bbox 261 3271 3583 3361">
     <span class='ocr_line' id='line_1_62' title="bbox 261 3271 3583 3361; baseline 0.002 -19"><span class='ocrx_word' id='word_1_520' title='bbox 261 3271 465 3361; x_wconf 69' lang='lat' dir='ltr'><strong>Felicis</strong></span> <span class='ocrx_word' id='word_1_521' title='bbox 510 3271 684 3361; x_wconf 63' lang='lat' dir='ltr'><strong>arvum</strong></span> <span class='ocrx_word' id='word_1_522' title='bbox 703 3271 913 3361; x_wconf 68' lang='lat' dir='ltr'><strong>exarati</strong></span> <span class='ocrx_word' id='word_1_523' title='bbox 939 3271 1188 3361; x_wconf 33' lang='lat' dir='ltr'><strong>{aliique</strong></span> <span class='ocrx_word' id='word_1_524' title='bbox 1204 3271 1349 3345; x_wconf 68' lang='lat' dir='ltr'><strong>sano</strong></span> <span class='ocrx_word' id='word_1_525' title='bbox 1393 3271 1620 3361; x_wconf 76' lang='lat' dir='ltr'><strong>prorsus</strong></span> <span class='ocrx_word' id='word_1_526' title='bbox 1646 3298 1702 3343; x_wconf 90' lang='lat' dir='ltr'><strong>et</strong></span> <span class='ocrx_word' id='word_1_527' title='bbox 1729 3288 1862 3342; x_wconf 85' lang='lat' dir='ltr'><strong>intc-</strong></span> <span class='ocrx_word' id='word_1_528' title='bbox 1895 3271 1940 3334; x_wconf 59' lang='grc' dir='ltr'><strong>(Σ</strong></span> <span class='ocrx_word' id='word_1_529' title='bbox 1974 3279 2309 3361; x_wconf 44' lang='grc' dir='ltr'><strong>ρετ-Ραῑΐειη</strong></span> <span class='ocrx_word' id='word_1_530' title='bbox 2342 3281 2414 3335; x_wconf 86' lang='lat' dir='ltr'><strong>ita</strong></span> <span class='ocrx_word' id='word_1_531' title='bbox 2445 3271 2516 3361; x_wconf 41' lang='lat' dir='ltr'><strong>et.</strong></span> <span class='ocrx_word' id='word_1_532' title='bbox 2533 3299 2626 3353; x_wconf 83' lang='lat' dir='ltr'><strong>per</strong></span> <span class='ocrx_word' id='word_1_533' title='bbox 2652 3284 2848 3361; x_wconf 89' lang='lat' dir='ltr'><strong>ilium</strong></span> <span class='ocrx_word' id='word_1_534' title='bbox 2877 3302 2997 3344; x_wconf 86' lang='lat' dir='ltr'><strong>esse</strong></span> <span class='ocrx_word' id='word_1_535' title='bbox 3028 3271 3298 3361; x_wconf 68' lang='lat' dir='ltr'><strong>Spiritum</strong></span> 
     </span>
    </p>
   </div>
   <div class='ocr_carea' id='block_1_62' title="bbox 256 3359 1867 3441">
    <p class='ocr_par' dir='ltr' id='par_1_62' title="bbox 256 3359 1867 3441">
     <span class='ocr_line' id='line_1_63' title="bbox 256 3359 1867 3441; baseline 0.002 -30"><span class='ocrx_word' id='word_1_536' title='bbox 256 3376 360 3431; x_wconf 53' lang='grc' dir='ltr'><strong>ετξ)</strong></span> <span class='ocrx_word' id='word_1_537' title='bbox 387 3359 508 3415; x_wconf 90' lang='lat' dir='ltr'><strong>loco</strong></span> <span class='ocrx_word' id='word_1_538' title='bbox 536 3360 842 3441; x_wconf 51' lang='lat' dir='ltr'><strong>exhibent;</strong></span> <span class='ocrx_word' id='word_1_539' title='bbox 859 3359 1045 3432; x_wconf 83' lang='lat' dir='ltr'><strong>Neque</strong></span> <span class='ocrx_word' id='word_1_540' title='bbox 1084 3359 1361 3441; x_wconf 70' lang='lat' dir='ltr'><strong>adoptatur</strong></span> <span class='ocrx_word' id='word_1_541' title='bbox 1406 3359 1867 3441; x_wconf 26' lang='grc' dir='ltr'><strong>θιὶιιᾳμὴξςηεηῃαι</strong></span> 
     </span>
    </p>
   </div>
   <div class='ocr_carea' id='block_1_63' title="bbox 262 3430 1867 3503">
    <p class='ocr_par' dir='ltr' id='par_1_63' title="bbox 262 3430 1867 3503">
     <span class='ocr_line' id='line_1_64' title="bbox 262 3430 1867 3503; baseline 0.001 -21"><span class='ocrx_word' id='word_1_542' title='bbox 262 3430 428 3503; x_wconf 74' lang='lat' dir='ltr'><strong>quam</strong></span> <span class='ocrx_word' id='word_1_543' title='bbox 456 3432 767 3488; x_wconf 83' lang='lat' dir='ltr'><strong>assumitur.</strong></span> <span class='ocrx_word' id='word_1_544' title='bbox 800 3432 881 3488; x_wconf 82' lang='lat' dir='ltr'><strong>Ex</strong></span> <span class='ocrx_word' id='word_1_545' title='bbox 926 3430 993 3489; x_wconf 88' lang='lat' dir='ltr'><strong>eo</strong></span> <span class='ocrx_word' id='word_1_546' title='bbox 1016 3433 1161 3488; x_wconf 89' lang='lat' dir='ltr'><strong>enim</strong></span> <span class='ocrx_word' id='word_1_547' title='bbox 1189 3430 1331 3503; x_wconf 81' lang='lat' dir='ltr'><strong>quod</strong></span> <span class='ocrx_word' id='word_1_548' title='bbox 1355 3431 1594 3503; x_wconf 90' lang='lat' dir='ltr'><strong>ostendit</strong></span> <span class='ocrx_word' id='word_1_549' title='bbox 1630 3430 1867 3486; x_wconf 83' lang='lat' dir='ltr'><strong>Hilarius</strong></span> 
     </span>
    </p>
   </div>
   <div class='ocr_carea' id='block_1_64' title="bbox 262 3502 1866 3575">
    <p class='ocr_par' dir='ltr' id='par_1_64' title="bbox 262 3502 1866 3575">
     <span class='ocr_line' id='line_1_65' title="bbox 262 3502 1866 3575; baseline 0 -19"><span class='ocrx_word' id='word_1_550' title='bbox 262 3502 486 3557; x_wconf 73' lang='lat' dir='ltr'><strong>Christo</strong></span> <span class='ocrx_word' id='word_1_551' title='bbox 515 3544 531 3567; x_wconf 91' lang='lat'><strong>,</strong></span> <span class='ocrx_word' id='word_1_552' title='bbox 589 3503 753 3558; x_wconf 89' lang='lat' dir='ltr'><strong>etiam</strong></span> <span class='ocrx_word' id='word_1_553' title='bbox 798 3512 1114 3575; x_wconf 76' lang='lat' dir='ltr'><strong>postquam</strong></span> <span class='ocrx_word' id='word_1_554' title='bbox 1142 3502 1343 3575; x_wconf 83' lang='lat' dir='ltr'><strong>carnis</strong></span> <span class='ocrx_word' id='word_1_555' title='bbox 1394 3502 1866 3575; x_wconf 62' lang='lat' dir='ltr'><strong>humilitatemas-</strong></span> 
     </span>
    </p>
   </div>
   <div class='ocr_carea' id='block_1_65' title="bbox 268 3571 1867 3641">
    <p class='ocr_par' dir='ltr' id='par_1_65' title="bbox 268 3571 1867 3641">
     <span class='ocr_line' id='line_1_66' title="bbox 268 3571 1867 3641; baseline -0.001 -13"><span class='ocrx_word' id='word_1_556' title='bbox 268 3574 524 3639; x_wconf 82' lang='lat' dir='ltr'><strong>sumpsit,</strong></span> <span class='ocrx_word' id='word_1_557' title='bbox 556 3575 766 3630; x_wconf 88' lang='lat' dir='ltr'><strong>divinos</strong></span> <span class='ocrx_word' id='word_1_558' title='bbox 795 3571 1034 3631; x_wconf 78' lang='lat' dir='ltr'><strong>honores</strong></span> <span class='ocrx_word' id='word_1_559' title='bbox 1065 3573 1273 3631; x_wconf 86' lang='lat' dir='ltr'><strong>delatos</strong></span> <span class='ocrx_word' id='word_1_560' title='bbox 1300 3574 1368 3629; x_wconf 90' lang='lat' dir='ltr'><strong>ab</strong></span> <span class='ocrx_word' id='word_1_561' title='bbox 1397 3574 1601 3641; x_wconf 80' lang='lat' dir='ltr'><strong>angelis</strong></span> <span class='ocrx_word' id='word_1_562' title='bbox 1632 3614 1647 3637; x_wconf 94' lang='lat'><strong>,</strong></span> <span class='ocrx_word' id='word_1_563' title='bbox 1677 3587 1709 3628; x_wconf 89' lang='lat' dir='ltr'><strong>a</strong></span> <span class='ocrx_word' id='word_1_564' title='bbox 1758 3571 1867 3627; x_wconf 80' lang='lat' dir='ltr'><strong>Ma-</strong></span> 
     </span>
    </p>
   </div>
   <div class='ocr_carea' id='block_1_66' title="bbox 260 3644 1867 3726">
    <p class='ocr_par' dir='ltr' id='par_1_66' title="bbox 260 3644 1867 3726">
     <span class='ocr_line' id='line_1_67' title="bbox 260 3644 1867 3726; baseline 0 -28"><span class='ocrx_word' id='word_1_565' title='bbox 260 3645 371 3726; x_wconf 67' lang='lat' dir='ltr'><strong>gis,</strong></span> <span class='ocrx_word' id='word_1_566' title='bbox 390 3645 629 3726; x_wconf 68' lang='lat' dir='ltr'><strong>Spiritus</strong></span> <span class='ocrx_word' id='word_1_567' title='bbox 652 3648 824 3726; x_wconf 72' lang='lat' dir='ltr'><strong>sancti</strong></span> <span class='ocrx_word' id='word_1_568' title='bbox 854 3645 1185 3726; x_wconf 68' lang='lat' dir='ltr'><strong>testimonio,</strong></span> <span class='ocrx_word' id='word_1_569' title='bbox 1211 3655 1344 3726; x_wconf 86' lang='lat' dir='ltr'><strong>e_tc._,</strong></span> <span class='ocrx_word' id='word_1_570' title='bbox 1377 3646 1619 3726; x_wconf 80' lang='lat' dir='ltr'><strong>apprime</strong></span> <span class='ocrx_word' id='word_1_571' title='bbox 1646 3644 1867 3726; x_wconf 67' lang='lat' dir='ltr'><strong>conclu-</strong></span> 
     </span>
    </p>
   </div>
   <div class='ocr_carea' id='block_1_67' title="bbox 259 3714 1867 3786">
    <p class='ocr_par' dir='ltr' id='par_1_67' title="bbox 259 3714 1867 3786">
     <span class='ocr_line' id='line_1_68' title="bbox 259 3714 1867 3786; baseline -0.001 -15"><span class='ocrx_word' id='word_1_572' title='bbox 259 3715 344 3771; x_wconf 90' lang='lat' dir='ltr'><strong>dit</strong></span> <span class='ocrx_word' id='word_1_573' title='bbox 370 3716 684 3786; x_wconf 78' lang='lat' dir='ltr'><strong>dignitatem</strong></span> <span class='ocrx_word' id='word_1_574' title='bbox 709 3717 922 3772; x_wconf 90' lang='lat' dir='ltr'><strong>deitatis</strong></span> <span class='ocrx_word' id='word_1_575' title='bbox 944 3734 1049 3772; x_wconf 86' lang='lat' dir='ltr'><strong>nnn</strong></span> <span class='ocrx_word' id='word_1_576' title='bbox 1072 3717 1267 3780; x_wconf 85' lang='lat' dir='ltr'><strong>amitti,</strong></span> <span class='ocrx_word' id='word_1_577' title='bbox 1292 3714 1423 3772; x_wconf 85' lang='lat' dir='ltr'><strong>dum</strong></span> <span class='ocrx_word' id='word_1_578' title='bbox 1439 3714 1619 3771; x_wconf 84' lang='lat' dir='ltr'><strong>earnis</strong></span> <span class='ocrx_word' id='word_1_579' title='bbox 1650 3714 1867 3769; x_wconf 87' lang='lat' dir='ltr'><strong>humili-</strong></span> 
     </span>
    </p>
   </div>
   <div class='ocr_carea' id='block_1_68' title="bbox 260 3786 1862 3861">
    <p class='ocr_par' dir='ltr' id='par_1_68' title="bbox 260 3786 1862 3861">
     <span class='ocr_line' id='line_1_69' title="bbox 260 3786 1862 3861; baseline 0 -21"><span class='ocrx_word' id='word_1_580' title='bbox 260 3799 351 3841; x_wconf 86' lang='lat' dir='ltr'><strong>tas</strong></span> <span class='ocrx_word' id='word_1_581' title='bbox 378 3789 696 3861; x_wconf 68' lang='lat' dir='ltr'><strong>assumitur,</strong></span> <span class='ocrx_word' id='word_1_582' title='bbox 722 3802 816 3844; x_wconf 90' lang='lat' dir='ltr'><strong>seu</strong></span> <span class='ocrx_word' id='word_1_583' title='bbox 867 3789 1035 3844; x_wconf 89' lang='lat' dir='ltr'><strong>Deum</strong></span> <span class='ocrx_word' id='word_1_584' title='bbox 1068 3788 1303 3861; x_wconf 85' lang='lat' dir='ltr'><strong>potentia</strong></span> <span class='ocrx_word' id='word_1_585' title='bbox 1334 3802 1429 3861; x_wconf 85' lang='lat' dir='ltr'><strong>sua</strong></span> <span class='ocrx_word' id='word_1_586' title='bbox 1471 3802 1592 3861; x_wconf 91' lang='lat' dir='ltr'><strong>non_</strong></span> <span class='ocrx_word' id='word_1_587' title='bbox 1623 3786 1862 3861; x_wconf 65' lang='lat' dir='ltr'><strong>cadere,</strong></span> 
     </span>
    </p>
   </div>
   <div class='ocr_carea' id='block_1_69' title="bbox 257 3856 1863 3927">
    <p class='ocr_par' dir='ltr' id='par_1_69' title="bbox 257 3856 1863 3927">
     <span class='ocr_line' id='line_1_70' title="bbox 257 3856 1863 3927; baseline 0 -15"><span class='ocrx_word' id='word_1_588' title='bbox 257 3873 388 3913; x_wconf 87' lang='lat' dir='ltr'><strong>cum</strong></span> <span class='ocrx_word' id='word_1_589' title='bbox 420 3858 585 3913; x_wconf 87' lang='lat' dir='ltr'><strong>homo</strong></span> <span class='ocrx_word' id='word_1_590' title='bbox 612 3857 856 3914; x_wconf 85' lang='lat' dir='ltr'><strong>infirmus</strong></span> <span class='ocrx_word' id='word_1_591' title='bbox 883 3876 1002 3916; x_wconf 75' lang='lat' dir='ltr'><strong>esse</strong></span> <span class='ocrx_word' id='word_1_592' title='bbox 1036 3856 1223 3926; x_wconf 80' lang='lat' dir='ltr'><strong>incipit</strong></span> <span class='ocrx_word' id='word_1_593' title='bbox 1250 3901 1265 3926; x_wconf 90' lang='lat'><strong>,</strong></span> <span class='ocrx_word' id='word_1_594' title='bbox 1295 3859 1378 3913; x_wconf 90' lang='lat' dir='ltr'><strong>cui</strong></span> <span class='ocrx_word' id='word_1_595' title='bbox 1398 3901 1413 3925; x_wconf 95' lang='lat'><strong>,</strong></span> <span class='ocrx_word' id='word_1_596' title='bbox 1457 3866 1518 3912; x_wconf 88' lang='lat' dir='ltr'><strong>ut</strong></span> <span class='ocrx_word' id='word_1_597' title='bbox 1545 3858 1619 3913; x_wconf 87' lang='lat' dir='ltr'><strong>ait</strong></span> <span class='ocrx_word' id='word_1_598' title='bbox 1644 3859 1694 3912; x_wconf 91' lang='lat' dir='ltr'><strong>in</strong></span> <span class='ocrx_word' id='word_1_599' title='bbox 1727 3856 1863 3927; x_wconf 82' lang='lat' dir='ltr'><strong>psal.</strong></span> 
     </span>
    </p>
   </div>
   <div class='ocr_carea' id='block_1_70' title="bbox 261 3926 1867 4003">
    <p class='ocr_par' dir='ltr' id='par_1_70' title="bbox 261 3926 1867 4003">
     <span class='ocr_line' id='line_1_71' title="bbox 261 3926 1867 4003; baseline -0.003 -17"><span class='ocrx_word' id='word_1_600' title='bbox 261 3946 332 3986; x_wconf 75' lang='grc' dir='ltr'><strong>ιν</strong></span> <span class='ocrx_word' id='word_1_601' title='bbox 361 3972 379 3995; x_wconf 84' lang='grc'><em>,</em></span> <span class='ocrx_word' id='word_1_602' title='bbox 419 3947 479 3995; x_wconf 93' lang='lat' dir='ltr'><strong>n,</strong></span> <span class='ocrx_word' id='word_1_603' title='bbox 507 3930 571 3986; x_wconf 84' lang='lat'><strong>5:</strong></span> <span class='ocrx_word' id='word_1_604' title='bbox 606 3931 912 3985; x_wconf 74' lang='lat' dir='ltr'><strong>exinanienti</strong></span> <span class='ocrx_word' id='word_1_605' title='bbox 954 3947 1009 3986; x_wconf 88' lang='lat' dir='ltr'><strong>se</strong></span> <span class='ocrx_word' id='word_1_606' title='bbox 1035 3948 1097 3986; x_wconf 77' lang='lat' dir='ltr'><strong>ex</strong></span> <span class='ocrx_word' id='word_1_607' title='bbox 1125 3933 1296 4003; x_wconf 82' lang='lat' dir='ltr'><strong>forma</strong></span> <span class='ocrx_word' id='word_1_608' title='bbox 1326 3926 1735 4003; x_wconf 82' lang='lat' dir='ltr'><strong>servivirtutem</strong></span> <span class='ocrx_word' id='word_1_609' title='bbox 1771 3926 1867 3982; x_wconf 89' lang='lat' dir='ltr'><strong>Dei</strong></span> 
     </span>
    </p>
   </div>
   <div class='ocr_carea' id='block_1_71' title="bbox 258 4002 1867 4072">
    <p class='ocr_par' dir='ltr' id='par_1_71' title="bbox 258 4002 1867 4072">
     <span class='ocr_line' id='line_1_72' title="bbox 258 4002 1867 4072; baseline -0.003 -15"><span class='ocrx_word' id='word_1_610' title='bbox 258 4012 415 4072; x_wconf 84' lang='lat' dir='ltr'><strong>atque</strong></span> <span class='ocrx_word' id='word_1_611' title='bbox 444 4014 681 4055; x_wconf 82' lang='lat' dir='ltr'><strong>naturam</strong></span> <span class='ocrx_word' id='word_1_612' title='bbox 727 4007 896 4072; x_wconf 79' lang='lat' dir='ltr'><strong>forma</strong></span> <span class='ocrx_word' id='word_1_613' title='bbox 938 4002 1136 4058; x_wconf 85' lang='lat' dir='ltr'><strong>servilis</strong></span> <span class='ocrx_word' id='word_1_614' title='bbox 1162 4020 1261 4056; x_wconf 87' lang='lat' dir='ltr'><strong>non</strong></span> <span class='ocrx_word' id='word_1_615' title='bbox 1289 4002 1519 4056; x_wconf 86' lang='lat' dir='ltr'><strong>abstulit.</strong></span> <span class='ocrx_word' id='word_1_616' title='bbox 1552 4002 1623 4058; x_wconf 85' lang='lat' dir='ltr'><strong>At</strong></span> <span class='ocrx_word' id='word_1_617' title='bbox 1648 4002 1693 4056; x_wconf 83' lang='lat' dir='ltr'><strong>si</strong></span> <span class='ocrx_word' id='word_1_618' title='bbox 1727 4014 1867 4070; x_wconf 67' lang='lat' dir='ltr'><strong>prte-</strong></span> 
     </span>
    </p>
   </div>
   <div class='ocr_carea' id='block_1_72' title="bbox 262 4072 1863 4154">
    <p class='ocr_par' dir='ltr' id='par_1_72' title="bbox 262 4072 1863 4154">
     <span class='ocr_line' id='line_1_73' title="bbox 262 4072 1863 4154; baseline -0.003 -26"><span class='ocrx_word' id='word_1_619' title='bbox 262 4073 458 4154; x_wconf 71' lang='lat' dir='ltr'><strong>tulcris</strong></span> <span class='ocrx_word' id='word_1_620' title='bbox 486 4074 753 4154; x_wconf 62' lang='lat' dir='ltr'><strong>adoratur,</strong></span> <span class='ocrx_word' id='word_1_621' title='bbox 785 4089 890 4154; x_wconf 79' lang='lat' dir='ltr'><strong>non</strong></span> <span class='ocrx_word' id='word_1_622' title='bbox 914 4090 984 4129; x_wconf 84' lang='lat' dir='ltr'><strong>ex</strong></span> <span class='ocrx_word' id='word_1_623' title='bbox 1018 4073 1265 4129; x_wconf 87' lang='lat' dir='ltr'><strong>omnibus</strong></span> <span class='ocrx_word' id='word_1_624' title='bbox 1296 4072 1863 4154; x_wconf 56' lang='lat' dir='ltr'><strong>superiusassutnptis</strong></span> 
     </span>
    </p>
   </div>
   <div class='ocr_carea' id='block_1_73' title="bbox 261 4140 1860 4215">
    <p class='ocr_par' dir='ltr' id='par_1_73' title="bbox 261 4140 1860 4215">
     <span class='ocr_line' id='line_1_74' title="bbox 261 4140 1860 4215; baseline -0.002 -16"><span class='ocrx_word' id='word_1_625' title='bbox 261 4146 371 4199; x_wconf 87' lang='lat' dir='ltr'><strong>crit</strong></span> <span class='ocrx_word' id='word_1_626' title='bbox 391 4144 689 4208; x_wconf 86' lang='lat' dir='ltr'><strong>conclusio,</strong></span> <span class='ocrx_word' id='word_1_627' title='bbox 716 4140 809 4201; x_wconf 88' lang='lat' dir='ltr'><strong>sed</strong></span> <span class='ocrx_word' id='word_1_628' title='bbox 846 4154 1052 4200; x_wconf 88' lang='lat' dir='ltr'><strong>tantum</strong></span> <span class='ocrx_word' id='word_1_629' title='bbox 1074 4161 1140 4201; x_wconf 83' lang='lat' dir='ltr'><strong>ex</strong></span> <span class='ocrx_word' id='word_1_630' title='bbox 1166 4144 1423 4215; x_wconf 79' lang='lat' dir='ltr'><strong>proximis</strong></span> <span class='ocrx_word' id='word_1_631' title='bbox 1450 4143 1650 4207; x_wconf 90' lang='lat' dir='ltr'><strong>verbis,</strong></span> <span class='ocrx_word' id='word_1_632' title='bbox 1688 4140 1860 4196; x_wconf 86' lang='lat' dir='ltr'><strong>Panni</strong></span> 
     </span>
    </p>
   </div>
   <div class='ocr_carea' id='block_1_74' title="bbox 260 4215 1860 4296">
    <p class='ocr_par' dir='ltr' id='par_1_74' title="bbox 260 4215 1860 4296">
     <span class='ocr_line' id='line_1_75' title="bbox 260 4215 1860 4296; baseline -0.001 -27"><span class='ocrx_word' id='word_1_633' title='bbox 260 4216 473 4296; x_wconf 74' lang='lat' dir='ltr'><strong>sordent</strong></span> <span class='ocrx_word' id='word_1_634' title='bbox 496 4232 516 4271; x_wconf 89' lang='lat'><strong><em>:</em></strong></span> <span class='ocrx_word' id='word_1_635' title='bbox 547 4215 688 4271; x_wconf 88' lang='lat' dir='ltr'><strong>Deus</strong></span> <span class='ocrx_word' id='word_1_636' title='bbox 718 4215 1188 4296; x_wconf 64' lang='lat' dir='ltr'><strong>adoratur._lmnto</strong></span> <span class='ocrx_word' id='word_1_637' title='bbox 1212 4232 1281 4273; x_wconf 82' lang='lat' dir='ltr'><strong>ex</strong></span> <span class='ocrx_word' id='word_1_638' title='bbox 1324 4215 1425 4296; x_wconf 79' lang='lat' dir='ltr'><strong>hac</strong></span> <span class='ocrx_word' id='word_1_639' title='bbox 1450 4215 1860 4296; x_wconf 59' lang='lat' dir='ltr'><strong>assumptione,</strong></span> 
     </span>
    </p>
   </div>
   <div class='ocr_carea' id='block_1_75' title="bbox 262 4284 1862 4367">
    <p class='ocr_par' dir='ltr' id='par_1_75' title="bbox 262 4284 1862 4367">
     <span class='ocr_line' id='line_1_76' title="bbox 262 4284 1862 4367; baseline -0.001 -26"><span class='ocrx_word' id='word_1_640' title='bbox 262 4289 318 4342; x_wconf 89' lang='lat' dir='ltr'><strong>in</strong></span> <span class='ocrx_word' id='word_1_641' title='bbox 347 4303 452 4367; x_wconf 82' lang='lat' dir='ltr'><strong>qua</strong></span> <span class='ocrx_word' id='word_1_642' title='bbox 486 4303 591 4367; x_wconf 81' lang='lat' dir='ltr'><strong>non</strong></span> <span class='ocrx_word' id='word_1_643' title='bbox 621 4290 928 4367; x_wconf 82' lang='lat' dir='ltr'><strong>continetur</strong></span> <span class='ocrx_word' id='word_1_644' title='bbox 949 4289 1257 4367; x_wconf 85' lang='lat' dir='ltr'><strong>_nisi_l_)_eum</strong></span> <span class='ocrx_word' id='word_1_645' title='bbox 1308 4286 1520 4367; x_wconf 75' lang='lat' dir='ltr'><strong>adorari</strong></span> <span class='ocrx_word' id='word_1_646' title='bbox 1546 4325 1562 4367; x_wconf 87' lang='lat'><strong>_,</strong></span> <span class='ocrx_word' id='word_1_647' title='bbox 1589 4284 1862 4367; x_wconf 48' lang='lat' dir='ltr'><strong>nullirerit</strong></span> 
     </span>
    </p>
   </div>
   <div class='ocr_carea' id='block_1_76' title="bbox 259 4355 1866 4428">
    <p class='ocr_par' dir='ltr' id='par_1_76' title="bbox 259 4355 1866 4428">
     <span class='ocr_line' id='line_1_77' title="bbox 259 4355 1866 4428; baseline -0.002 -13"><span class='ocrx_word' id='word_1_648' title='bbox 259 4355 564 4423; x_wconf 79' lang='lat' dir='ltr'><strong>conclusio,</strong></span> <span class='ocrx_word' id='word_1_649' title='bbox 594 4374 713 4428; x_wconf 77' lang='lat' dir='ltr'><strong>quae</strong></span> <span class='ocrx_word' id='word_1_650' title='bbox 740 4358 920 4415; x_wconf 87' lang='lat' dir='ltr'><strong>carnis</strong></span> <span class='ocrx_word' id='word_1_651' title='bbox 949 4358 1302 4414; x_wconf 87' lang='lat' dir='ltr'><strong>humilitatem</strong></span> <span class='ocrx_word' id='word_1_652' title='bbox 1346 4356 1559 4412; x_wconf 85' lang='lat' dir='ltr'><strong>adorari</strong></span> <span class='ocrx_word' id='word_1_653' title='bbox 1607 4355 1866 4428; x_wconf 84' lang='lat' dir='ltr'><strong>praedica-</strong></span> 
     </span>
    </p>
   </div>
   <div class='ocr_carea' id='block_1_77' title="bbox 262 4427 1862 4501">
    <p class='ocr_par' dir='ltr' id='par_1_77' title="bbox 262 4427 1862 4501">
     <span class='ocr_line' id='line_1_78' title="bbox 262 4427 1862 4501; baseline -0.004 -15"><span class='ocrx_word' id='word_1_654' title='bbox 262 4441 370 4486; x_wconf 87' lang='lat' dir='ltr'><strong>ret.</strong></span> <span class='ocrx_word' id='word_1_655' title='bbox 402 4429 587 4501; x_wconf 83' lang='lat' dir='ltr'><strong>ltaque</strong></span> <span class='ocrx_word' id='word_1_656' title='bbox 609 4427 716 4486; x_wconf 85' lang='lat' dir='ltr'><strong>non</strong></span> <span class='ocrx_word' id='word_1_657' title='bbox 742 4432 816 4485; x_wconf 86' lang='lat' dir='ltr'><strong>ait</strong></span> <span class='ocrx_word' id='word_1_658' title='bbox 849 4430 1080 4485; x_wconf 83' lang='lat' dir='ltr'><strong>Hilarius</strong></span> <span class='ocrx_word' id='word_1_659' title='bbox 1107 4432 1287 4484; x_wconf 87' lang='lat' dir='ltr'><strong>carnis</strong></span> <span class='ocrx_word' id='word_1_660' title='bbox 1310 4428 1725 4501; x_wconf 29' lang='lat' dir='ltr'><strong>humilitatemha</strong></span> <span class='ocrx_word' id='word_1_661' title='bbox 1751 4427 1862 4481; x_wconf 77' lang='lat' dir='ltr'><strong>Ma-</strong></span> 
     </span>
    </p>
   </div>
   <div class='ocr_carea' id='block_1_78' title="bbox 260 4498 1864 4574">
    <p class='ocr_par' dir='ltr' id='par_1_78' title="bbox 260 4498 1864 4574">
     <span class='ocr_line' id='line_1_79' title="bbox 260 4498 1864 4574; baseline -0.002 -19"><span class='ocrx_word' id='word_1_662' title='bbox 260 4508 348 4574; x_wconf 81' lang='lat' dir='ltr'><strong>gis</strong></span> <span class='ocrx_word' id='word_1_663' title='bbox 379 4498 665 4574; x_wconf 73' lang='lat' dir='ltr'><strong>adoratam</strong></span> <span class='ocrx_word' id='word_1_664' title='bbox 699 4543 715 4566; x_wconf 95' lang='lat'><strong>,</strong></span> <span class='ocrx_word' id='word_1_665' title='bbox 746 4501 841 4557; x_wconf 90' lang='lat' dir='ltr'><strong>sed</strong></span> <span class='ocrx_word' id='word_1_666' title='bbox 873 4517 939 4557; x_wconf 84' lang='lat' dir='ltr'><strong>ex</strong></span> <span class='ocrx_word' id='word_1_667' title='bbox 972 4502 1244 4574; x_wconf 81' lang='lat' dir='ltr'><strong>Magorum</strong></span> <span class='ocrx_word' id='word_1_668' title='bbox 1275 4500 1614 4574; x_wconf 71' lang='lat' dir='ltr'><strong>adoratione</strong></span> <span class='ocrx_word' id='word_1_669' title='bbox 1639 4498 1864 4570; x_wconf 87' lang='lat' dir='ltr'><strong>aliisque</strong></span> 
     </span>
    </p>
   </div>
   <div class='ocr_carea' id='block_1_79' title="bbox 261 4570 1862 4642">
    <p class='ocr_par' dir='ltr' id='par_1_79' title="bbox 261 4570 1862 4642">
     <span class='ocr_line' id='line_1_80' title="bbox 261 4570 1862 4642; baseline -0.002 -15"><span class='ocrx_word' id='word_1_670' title='bbox 261 4570 600 4642; x_wconf 73' lang='lat' dir='ltr'><strong>argumentis</strong></span> <span class='ocrx_word' id='word_1_671' title='bbox 629 4573 881 4629; x_wconf 88' lang='lat' dir='ltr'><strong>deitatem</strong></span> <span class='ocrx_word' id='word_1_672' title='bbox 931 4574 1031 4629; x_wconf 92' lang='lat' dir='ltr'><strong>sub</strong></span> <span class='ocrx_word' id='word_1_673' title='bbox 1058 4570 1236 4628; x_wconf 79' lang='lat' dir='ltr'><strong>carnis</strong></span> <span class='ocrx_word' id='word_1_674' title='bbox 1266 4572 1565 4627; x_wconf 83' lang='lat' dir='ltr'><strong>humilitate</strong></span> <span class='ocrx_word' id='word_1_675' title='bbox 1604 4570 1862 4625; x_wconf 88' lang='lat' dir='ltr'><strong>latentem</strong></span> 
     </span>
    </p>
   </div>
   <div class='ocr_carea' id='block_1_80' title="bbox 1972 3352 3508 3426">
    <p class='ocr_par' dir='ltr' id='par_1_80' title="bbox 1972 3352 3508 3426">
     <span class='ocr_line' id='line_1_81' title="bbox 1972 3352 3508 3426; baseline 0.011 -21"><span class='ocrx_word' id='word_1_676' title='bbox 1972 3352 2318 3426; x_wconf 67' lang='lat' dir='ltr'><strong>declaratur,</strong></span> <span class='ocrx_word' id='word_1_677' title='bbox 2360 3354 2505 3424; x_wconf 78' lang='lat' dir='ltr'><strong>quod</strong></span> <span class='ocrx_word' id='word_1_678' title='bbox 2536 3352 2710 3424; x_wconf 87' lang='lat' dir='ltr'><strong>paulo</strong></span> <span class='ocrx_word' id='word_1_679' title='bbox 2759 3368 2881 3426; x_wconf 88' lang='lat' dir='ltr'><strong>post</strong></span> <span class='ocrx_word' id='word_1_680' title='bbox 2910 3369 3036 3415; x_wconf 90' lang='lat' dir='ltr'><strong>nota</strong></span> <span class='ocrx_word' id='word_1_681' title='bbox 3068 3352 3103 3413; x_wconf 83' lang='lat' dir='ltr'><strong>h</strong></span> <span class='ocrx_word' id='word_1_682' title='bbox 3132 3363 3508 3423; x_wconf 81' lang='lat' dir='ltr'><strong>ostendemus.</strong></span> 
     </span>
    </p>
   </div>
   <div class='ocr_carea' id='block_1_81' title="bbox 2044 3420 3117 3494">
    <p class='ocr_par' dir='ltr' id='par_1_81' title="bbox 2044 3420 3117 3494">
     <span class='ocr_line' id='line_1_82' title="bbox 2044 3420 3117 3494; baseline 0.012 -20"><span class='ocrx_word' id='word_1_683' title='bbox 2044 3420 2119 3494; x_wconf 89' lang='lat' dir='ltr'><strong>(b)</strong></span> <span class='ocrx_word' id='word_1_684' title='bbox 2153 3422 2292 3494; x_wconf 83' lang='lat' dir='ltr'><strong>Editi</strong></span> <span class='ocrx_word' id='word_1_685' title='bbox 2313 3464 2329 3489; x_wconf 91' lang='lat'><strong>,</strong></span> <span class='ocrx_word' id='word_1_686' title='bbox 2358 3420 2524 3479; x_wconf 72' lang='lat' dir='ltr'><strong>vestra</strong></span> <span class='ocrx_word' id='word_1_687' title='bbox 2546 3420 2567 3492; x_wconf 69' lang='grc' dir='ltr'><em>ξ</em></span> <span class='ocrx_word' id='word_1_688' title='bbox 2597 3420 2956 3486; x_wconf 74' lang='lat' dir='ltr'><strong>renitentibus</strong></span> <span class='ocrx_word' id='word_1_689' title='bbox 2985 3448 3117 3487; x_wconf 88' lang='lat' dir='ltr'><strong>mss.</strong></span> 
     </span>
    </p>
   </div>
   <div class='ocr_carea' id='block_1_82' title="bbox 2044 3492 3582 3577">
    <p class='ocr_par' dir='ltr' id='par_1_82' title="bbox 2044 3492 3582 3577">
     <span class='ocr_line' id='line_1_83' title="bbox 2044 3492 3582 3577; baseline 0.012 -30"><span class='ocrx_word' id='word_1_690' title='bbox 2044 3492 2117 3566; x_wconf 87' lang='lat' dir='ltr'><strong>(c)</strong></span> <span class='ocrx_word' id='word_1_691' title='bbox 2145 3493 2497 3577; x_wconf 69' lang='lat' dir='ltr'><strong>subiungitur</strong></span> <span class='ocrx_word' id='word_1_692' title='bbox 2546 3499 2599 3553; x_wconf 94' lang='lat' dir='ltr'><strong>in</strong></span> <span class='ocrx_word' id='word_1_693' title='bbox 2634 3515 2767 3556; x_wconf 89' lang='lat' dir='ltr'><strong>mss.</strong></span> <span class='ocrx_word' id='word_1_694' title='bbox 2802 3500 2920 3557; x_wconf 86' lang='lat' dir='ltr'><strong>Vat.</strong></span> <span class='ocrx_word' id='word_1_695' title='bbox 2973 3502 3089 3560; x_wconf 87' lang='lat' dir='ltr'><strong>bas.</strong></span> <span class='ocrx_word' id='word_1_696' title='bbox 3137 3513 3193 3559; x_wconf 91' lang='lat' dir='ltr'><strong>et</strong></span> <span class='ocrx_word' id='word_1_697' title='bbox 3228 3504 3453 3564; x_wconf 89' lang='lat' dir='ltr'><strong>Carnut.</strong></span> <span class='ocrx_word' id='word_1_698' title='bbox 3476 3547 3494 3577; x_wconf 88' lang='lat'><strong>,</strong></span> <span class='ocrx_word' id='word_1_699' title='bbox 3527 3508 3582 3566; x_wconf 81' lang='lat' dir='ltr'><strong>in</strong></span> 
     </span>
    </p>
   </div>
   <div class='ocr_carea' id='block_1_83' title="bbox 1971 3563 2517 3635">
    <p class='ocr_par' dir='ltr' id='par_1_83' title="bbox 1971 3563 2517 3635">
     <span class='ocr_line' id='line_1_84' title="bbox 1971 3563 2517 3635; baseline 0.011 -18"><span class='ocrx_word' id='word_1_700' title='bbox 1971 3563 2104 3619; x_wconf 83' lang='lat' dir='ltr'><strong>diem</strong></span> <span class='ocrx_word' id='word_1_701' title='bbox 2134 3563 2517 3635; x_wconf 80' lang='lat' dir='ltr'><strong>redemptionis.</strong></span> 
     </span>
    </p>
   </div>
   <div class='ocr_carea' id='block_1_84' title="bbox 2045 3636 3581 3715">
    <p class='ocr_par' dir='ltr' id='par_1_84' title="bbox 2045 3636 3581 3715">
     <span class='ocr_line' id='line_1_85' title="bbox 2045 3636 3581 3715; baseline 0.014 -26"><span class='ocrx_word' id='word_1_702' title='bbox 2045 3636 2121 3709; x_wconf 81' lang='lat' dir='ltr'><strong>(ll)</strong></span> <span class='ocrx_word' id='word_1_703' title='bbox 2151 3636 2458 3715; x_wconf 62' lang='lat' dir='ltr'><strong>Prongmen</strong></span> <span class='ocrx_word' id='word_1_704' title='bbox 2477 3641 2633 3715; x_wconf 57' lang='lat' dir='ltr'><strong>huius</strong></span> <span class='ocrx_word' id='word_1_705' title='bbox 2655 3640 2741 3698; x_wconf 82' lang='lat' dir='ltr'><strong>liic</strong></span> <span class='ocrx_word' id='word_1_706' title='bbox 2762 3653 2816 3698; x_wconf 87' lang='lat' dir='ltr'><strong>et</strong></span> <span class='ocrx_word' id='word_1_707' title='bbox 2842 3643 3004 3713; x_wconf 79' lang='lat' dir='ltr'><strong>infra,</strong></span> <span class='ocrx_word' id='word_1_708' title='bbox 3037 3663 3090 3701; x_wconf 92' lang='lat' dir='ltr'><strong>n.</strong></span> <span class='ocrx_word' id='word_1_709' title='bbox 3125 3646 3220 3715; x_wconf 79' lang='lat'><strong>55,</strong></span> <span class='ocrx_word' id='word_1_710' title='bbox 3250 3650 3407 3707; x_wconf 86' lang='lat' dir='ltr'><strong>abest</strong></span> <span class='ocrx_word' id='word_1_711' title='bbox 3430 3667 3464 3708; x_wconf 82' lang='lat' dir='ltr'><strong>a</strong></span> <span class='ocrx_word' id='word_1_712' title='bbox 3492 3668 3581 3709; x_wconf 87' lang='lat' dir='ltr'><strong>ve-</strong></span> 
     </span>
    </p>
   </div>
   <div class='ocr_carea' id='block_1_85' title="bbox 1973 3707 3447 3789">
    <p class='ocr_par' dir='ltr' id='par_1_85' title="bbox 1973 3707 3447 3789">
     <span class='ocr_line' id='line_1_86' title="bbox 1973 3707 3447 3789; baseline 0.012 -28"><span class='ocrx_word' id='word_1_713' title='bbox 1973 3707 2115 3789; x_wconf 69' lang='lat' dir='ltr'><strong>tusto</strong></span> <span class='ocrx_word' id='word_1_714' title='bbox 2143 3707 2431 3789; x_wconf 46' lang='grc' dir='ltr'><strong>πλη-0011).</strong></span> <span class='ocrx_word' id='word_1_715' title='bbox 2458 3722 2507 3767; x_wconf 91' lang='lat' dir='ltr'><strong>et</strong></span> <span class='ocrx_word' id='word_1_716' title='bbox 2536 3707 2794 3789; x_wconf 72' lang='lat' dir='ltr'><strong>German.</strong></span> <span class='ocrx_word' id='word_1_717' title='bbox 2822 3707 3035 3789; x_wconf 76' lang='lat' dir='ltr'><strong>favente</strong></span> <span class='ocrx_word' id='word_1_718' title='bbox 3062 3707 3245 3789; x_wconf 78' lang='lat' dir='ltr'><strong>graeco</strong></span> <span class='ocrx_word' id='word_1_719' title='bbox 3277 3733 3447 3778; x_wconf 67' lang='lat' dir='ltr'><strong>textu.</strong></span> 
     </span>
    </p>
   </div>
   <div class='ocr_carea' id='block_1_86' title="bbox 2044 3778 3583 3864">
    <p class='ocr_par' dir='ltr' id='par_1_86' title="bbox 2044 3778 3583 3864">
     <span class='ocr_line' id='line_1_87' title="bbox 2044 3778 3583 3864; baseline 0.012 -31"><span class='ocrx_word' id='word_1_720' title='bbox 2044 3778 2308 3864; x_wconf 52' lang='lat' dir='ltr'><strong>(09pm.</strong></span> <span class='ocrx_word' id='word_1_721' title='bbox 2334 3799 2435 3864; x_wconf 63' lang='lat' dir='ltr'><strong>ms.</strong></span> <span class='ocrx_word' id='word_1_722' title='bbox 2464 3798 2590 3864; x_wconf 79' lang='lat' dir='ltr'><strong>cum</strong></span> <span class='ocrx_word' id='word_1_723' title='bbox 2617 3785 2829 3843; x_wconf 89' lang='lat' dir='ltr'><strong>duobus</strong></span> <span class='ocrx_word' id='word_1_724' title='bbox 2877 3778 3093 3859; x_wconf 57' lang='lat' dir='ltr'><strong>Remig:</strong></span> <span class='ocrx_word' id='word_1_725' title='bbox 3128 3801 3185 3846; x_wconf 90' lang='lat' dir='ltr'><strong>et</strong></span> <span class='ocrx_word' id='word_1_726' title='bbox 3210 3792 3366 3859; x_wconf 86' lang='lat' dir='ltr'><strong>aliis,</strong></span> <span class='ocrx_word' id='word_1_727' title='bbox 3395 3796 3440 3850; x_wconf 88' lang='lat' dir='ltr'><strong>si</strong></span> <span class='ocrx_word' id='word_1_728' title='bbox 3465 3796 3583 3864; x_wconf 85' lang='lat' dir='ltr'><strong>qui—</strong></span> 
     </span>
    </p>
   </div>
   <div class='ocr_carea' id='block_1_87' title="bbox 1972 3849 2495 3923">
    <p class='ocr_par' dir='ltr' id='par_1_87' title="bbox 1972 3849 2495 3923">
     <span class='ocr_line' id='line_1_88' title="bbox 1972 3849 2495 3923; baseline 0.008 -19"><span class='ocrx_word' id='word_1_729' title='bbox 1972 3849 2100 3923; x_wconf 70' lang='lat' dir='ltr'><strong>dem</strong></span> <span class='ocrx_word' id='word_1_730' title='bbox 2120 3850 2347 3923; x_wconf 82' lang='lat' dir='ltr'><strong>Spiritus</strong></span> <span class='ocrx_word' id='word_1_731' title='bbox 2377 3852 2495 3908; x_wconf 72' lang='lat' dir='ltr'><strong>Dei.</strong></span> 
     </span>
    </p>
   </div>
   <div class='ocr_carea' id='block_1_88' title="bbox 2042 3922 3581 4001">
    <p class='ocr_par' dir='ltr' id='par_1_88' title="bbox 2042 3922 3581 4001">
     <span class='ocr_line' id='line_1_89' title="bbox 2042 3922 3581 4001; baseline 0.012 -26"><span class='ocrx_word' id='word_1_732' title='bbox 2042 3922 2110 4001; x_wconf 68' lang='lat'><strong>(1&#39;)</strong></span> <span class='ocrx_word' id='word_1_733' title='bbox 2158 3922 2243 4001; x_wconf 29' lang='lat' dir='ltr'><strong>.lta</strong></span> <span class='ocrx_word' id='word_1_734' title='bbox 2307 3924 2743 4001; x_wconf 70' lang='lat' dir='ltr'><strong>juxtagrreeum</strong></span> <span class='ocrx_word' id='word_1_735' title='bbox 2818 3946 2951 3985; x_wconf 91' lang='lat' dir='ltr'><strong>mss.</strong></span> <span class='ocrx_word' id='word_1_736' title='bbox 3009 3932 3301 4001; x_wconf 84' lang='lat' dir='ltr'><strong>meliores,</strong></span> <span class='ocrx_word' id='word_1_737' title='bbox 3360 3935 3457 3992; x_wconf 82' lang='lat' dir='ltr'><strong>ubi</strong></span> <span class='ocrx_word' id='word_1_738' title='bbox 3526 3938 3581 3993; x_wconf 89' lang='lat' dir='ltr'><strong>in</strong></span> 
     </span>
    </p>
   </div>
   <div class='ocr_carea' id='block_1_89' title="bbox 1970 3996 3577 4079">
    <p class='ocr_par' dir='ltr' id='par_1_89' title="bbox 1970 3996 3577 4079">
     <span class='ocr_line' id='line_1_90' title="bbox 1970 3996 3577 4079; baseline 0.015 -37"><span class='ocrx_word' id='word_1_739' title='bbox 1970 3996 2222 4077; x_wconf 78' lang='lat' dir='ltr'><strong>vulgatis,</strong></span> <span class='ocrx_word' id='word_1_740' title='bbox 2245 3996 2620 4079; x_wconf 37' lang='lat' dir='ltr'><strong>qtiinsuscitavit</strong></span> <span class='ocrx_word' id='word_1_741' title='bbox 2644 4000 2844 4079; x_wconf 66' lang='lat' dir='ltr'><strong>Iesum.</strong></span> <span class='ocrx_word' id='word_1_742' title='bbox 2875 4001 3087 4079; x_wconf 32' lang='lat' dir='ltr'><strong>Max-its</strong></span> <span class='ocrx_word' id='word_1_743' title='bbox 3111 4020 3218 4079; x_wconf 82' lang='lat' dir='ltr'><strong>uno</strong></span> <span class='ocrx_word' id='word_1_744' title='bbox 3258 3996 3362 4061; x_wconf 85' lang='lat' dir='ltr'><strong>ms.</strong></span> <span class='ocrx_word' id='word_1_745' title='bbox 3394 4007 3577 4079; x_wconf 88' lang='lat' dir='ltr'><strong>Colb.,</strong></span> 
     </span>
    </p>
   </div>
   <div class='ocr_carea' id='block_1_90' title="bbox 1968 4066 3243 4143">
    <p class='ocr_par' dir='ltr' id='par_1_90' title="bbox 1968 4066 3243 4143">
     <span class='ocr_line' id='line_1_91' title="bbox 1968 4066 3243 4143; baseline 0.011 -28"><span class='ocrx_word' id='word_1_746' title='bbox 1968 4076 2191 4143; x_wconf 57' lang='lat' dir='ltr'><strong>propter:</strong></span> <span class='ocrx_word' id='word_1_747' title='bbox 2204 4066 2570 4143; x_wconf 79' lang='lat' dir='ltr'><strong>inhabitantem</strong></span> <span class='ocrx_word' id='word_1_748' title='bbox 2597 4071 2837 4139; x_wconf 85' lang='lat' dir='ltr'><strong>spiritum</strong></span> <span class='ocrx_word' id='word_1_749' title='bbox 2863 4074 2975 4143; x_wconf 84' lang='lat' dir='ltr'><strong>ejus</strong></span> <span class='ocrx_word' id='word_1_750' title='bbox 3007 4076 3059 4127; x_wconf 90' lang='lat' dir='ltr'><strong>in</strong></span> <span class='ocrx_word' id='word_1_751' title='bbox 3084 4075 3243 4131; x_wconf 84' lang='lat' dir='ltr'><strong>vobis.</strong></span> 
     </span>
    </p>
   </div>
   <div class='ocr_carea' id='block_1_91' title="bbox 1993 4137 3578 4217">
    <p class='ocr_par' dir='ltr' id='par_1_91' title="bbox 1993 4137 3578 4217">
     <span class='ocr_line' id='line_1_92' title="bbox 1993 4137 3578 4217; baseline 0.009 -23"><span class='ocrx_word' id='word_1_752' title='bbox 1993 4206 2005 4217; x_wconf 42' lang='lat'><strong>.</strong></span> <span class='ocrx_word' id='word_1_753' title='bbox 2042 4138 2124 4207; x_wconf 82' lang='lat' dir='ltr'><strong>(g)</strong></span> <span class='ocrx_word' id='word_1_754' title='bbox 2160 4137 2290 4217; x_wconf 74' lang='lat' dir='ltr'><strong>Spla</strong></span> <span class='ocrx_word' id='word_1_755' title='bbox 2328 4139 2492 4217; x_wconf 75' lang='lat' dir='ltr'><strong>editio</strong></span> <span class='ocrx_word' id='word_1_756' title='bbox 2536 4137 2661 4197; x_wconf 78' lang='lat' dir='ltr'><strong>Par.</strong></span> <span class='ocrx_word' id='word_1_757' title='bbox 2690 4184 2705 4208; x_wconf 97' lang='lat'><strong>,</strong></span> <span class='ocrx_word' id='word_1_758' title='bbox 2736 4145 2810 4197; x_wconf 87' lang='lat' dir='ltr'><strong>sic</strong></span> <span class='ocrx_word' id='word_1_759' title='bbox 2830 4137 3127 4217; x_wconf 73' lang='lat' dir='ltr'><strong>responsio.</strong></span> <span class='ocrx_word' id='word_1_760' title='bbox 3182 4149 3383 4205; x_wconf 83' lang='lat' dir='ltr'><strong>Deinde</strong></span> <span class='ocrx_word' id='word_1_761' title='bbox 3400 4152 3578 4208; x_wconf 82' lang='lat' dir='ltr'><strong>dicen-</strong></span> 
     </span>
    </p>
   </div>
   <div class='ocr_carea' id='block_1_92' title="bbox 1968 4210 3443 4287">
    <p class='ocr_par' dir='ltr' id='par_1_92' title="bbox 1968 4210 3443 4287">
     <span class='ocr_line' id='line_1_93' title="bbox 1968 4210 3443 4287; baseline 0.013 -28"><span class='ocrx_word' id='word_1_762' title='bbox 1968 4210 2092 4260; x_wconf 87' lang='lat' dir='ltr'><strong>tium</strong></span> <span class='ocrx_word' id='word_1_763' title='bbox 2124 4210 2351 4266; x_wconf 85' lang='lat' dir='ltr'><strong>refertur</strong></span> <span class='ocrx_word' id='word_1_764' title='bbox 2378 4211 2445 4266; x_wconf 89' lang='lat' dir='ltr'><strong>ad</strong></span> <span class='ocrx_word' id='word_1_765' title='bbox 2476 4224 2672 4277; x_wconf 82' lang='lat' dir='ltr'><strong>nostra,</strong></span> <span class='ocrx_word' id='word_1_766' title='bbox 2700 4215 2844 4287; x_wconf 84' lang='lat' dir='ltr'><strong>quod</strong></span> <span class='ocrx_word' id='word_1_767' title='bbox 2874 4210 3049 4273; x_wconf 83' lang='lat' dir='ltr'><strong>instar</strong></span> <span class='ocrx_word' id='word_1_768' title='bbox 3068 4229 3153 4275; x_wconf 86' lang='lat' dir='ltr'><strong>est</strong></span> <span class='ocrx_word' id='word_1_769' title='bbox 3186 4232 3443 4278; x_wconf 85' lang='lat' dir='ltr'><strong>nostrum.</strong></span> 
     </span>
    </p>
   </div>
   <div class='ocr_carea' id='block_1_93' title="bbox 2039 4299 3584 4387">
    <p class='ocr_par' dir='ltr' id='par_1_93' title="bbox 2039 4299 3584 4387">
     <span class='ocr_line' id='line_1_94' title="bbox 2039 4299 3584 4387; baseline 0.014 -34"><span class='ocrx_word' id='word_1_770' title='bbox 2039 4299 2121 4387; x_wconf 64' lang='grc' dir='ltr'><strong>(ζι)</strong></span> <span class='ocrx_word' id='word_1_771' title='bbox 2333 4304 2395 4387; x_wconf 59' lang='lat' dir='ltr'><strong>in</strong></span> <span class='ocrx_word' id='word_1_772' title='bbox 2415 4321 2539 4387; x_wconf 63' lang='lat' dir='ltr'><strong>quo.</strong></span> <span class='ocrx_word' id='word_1_773' title='bbox 2566 4306 2759 4387; x_wconf 84' lang='lat' dir='ltr'><strong>Melius</strong></span> <span class='ocrx_word' id='word_1_774' title='bbox 2781 4323 2912 4365; x_wconf 82' lang='lat' dir='ltr'><strong>mss.</strong></span> <span class='ocrx_word' id='word_1_775' title='bbox 2940 4325 3123 4387; x_wconf 69' lang='lat' dir='ltr'><strong>exque</strong></span> <span class='ocrx_word' id='word_1_776' title='bbox 3153 4316 3360 4387; x_wconf 85' lang='lat' dir='ltr'><strong>omnia:</strong></span> <span class='ocrx_word' id='word_1_777' title='bbox 3388 4317 3584 4387; x_wconf 88' lang='lat' dir='ltr'><strong>quibus</strong></span> 
     </span>
    </p>
   </div>
   <div class='ocr_carea' id='block_1_94' title="bbox 1968 4373 3583 4456">
    <p class='ocr_par' dir='ltr' id='par_1_94' title="bbox 1968 4373 3583 4456">
     <span class='ocr_line' id='line_1_95' title="bbox 1968 4373 3583 4456; baseline 0.011 -31"><span class='ocrx_word' id='word_1_778' title='bbox 1968 4374 2151 4453; x_wconf 74' lang='lat' dir='ltr'><strong>verbis</strong></span> <span class='ocrx_word' id='word_1_779' title='bbox 2173 4373 2659 4456; x_wconf 42' lang='lat' dir='ltr'><strong>ﬁilarius’Fjliuqr,</strong></span> <span class='ocrx_word' id='word_1_780' title='bbox 2676 4380 2823 4456; x_wconf 69' lang='lat' dir='ltr'><strong>sicut</strong></span> <span class='ocrx_word' id='word_1_781' title='bbox 2848 4388 2903 4436; x_wconf 90' lang='lat' dir='ltr'><strong>et</strong></span> <span class='ocrx_word' id='word_1_782' title='bbox 2920 4373 3295 4456; x_wconf 74' lang='lat' dir='ltr'><strong>superioribus</strong></span> <span class='ocrx_word' id='word_1_783' title='bbox 3321 4373 3583 4456; x_wconf 48' lang='lat' dir='ltr'><strong>per-quem</strong></span> 
     </span>
    </p>
   </div>
   <div class='ocr_carea' id='block_1_95' title="bbox 1969 4444 3582 4526">
    <p class='ocr_par' dir='ltr' id='par_1_95' title="bbox 1969 4444 3582 4526">
     <span class='ocr_line' id='line_1_96' title="bbox 1969 4444 3582 4526; baseline 0.012 -30"><span class='ocrx_word' id='word_1_784' title='bbox 1969 4446 2145 4526; x_wconf 71' lang='lat' dir='ltr'><strong>omnia</strong></span> <span class='ocrx_word' id='word_1_785' title='bbox 2171 4444 2384 4526; x_wconf 52' lang='lat' dir='ltr'><strong>Patrem</strong></span> <span class='ocrx_word' id='word_1_786' title='bbox 2407 4449 2554 4526; x_wconf 63' lang='lat' dir='ltr'><strong>solet</strong></span> <span class='ocrx_word' id='word_1_787' title='bbox 2598 4450 2860 4507; x_wconf 88' lang='lat' dir='ltr'><strong>indicare.</strong></span> <span class='ocrx_word' id='word_1_788' title='bbox 2916 4444 3006 4526; x_wconf 78' lang='lat' dir='ltr'><strong>Sic</strong></span> <span class='ocrx_word' id='word_1_789' title='bbox 3036 4468 3200 4526; x_wconf 87' lang='lat' dir='ltr'><strong>supra</strong></span> <span class='ocrx_word' id='word_1_790' title='bbox 3229 4474 3281 4511; x_wconf 92' lang='lat' dir='ltr'><strong>n.</strong></span> <span class='ocrx_word' id='word_1_791' title='bbox 3321 4444 3359 4512; x_wconf 80' lang='grc'><strong>’1</strong></span> <span class='ocrx_word' id='word_1_792' title='bbox 3386 4475 3399 4511; x_wconf 90' lang='lat'><strong>:</strong></span> <span class='ocrx_word' id='word_1_793' title='bbox 3433 4444 3582 4515; x_wconf 75' lang='lat' dir='ltr'><strong>Unus</strong></span> 
     </span>
    </p>
   </div>
   <div class='ocr_carea' id='block_1_96' title="bbox 1968 4513 3581 4595">
    <p class='ocr_par' dir='ltr' id='par_1_96' title="bbox 1968 4513 3581 4595">
     <span class='ocr_line' id='line_1_97' title="bbox 1968 4513 3581 4595; baseline 0.012 -28"><span class='ocrx_word' id='word_1_794' title='bbox 1968 4524 2043 4595; x_wconf 71' lang='lat' dir='ltr'><strong>est</strong></span> <span class='ocrx_word' id='word_1_795' title='bbox 2065 4515 2201 4595; x_wconf 62' lang='lat' dir='ltr'><strong>enim</strong></span> <span class='ocrx_word' id='word_1_796' title='bbox 2229 4513 2370 4595; x_wconf 50' lang='lat' dir='ltr'><strong>Dleus</strong></span> <span class='ocrx_word' id='word_1_797' title='bbox 2397 4515 2556 4573; x_wconf 86' lang='lat' dir='ltr'><strong>Pater</strong></span> <span class='ocrx_word' id='word_1_798' title='bbox 2585 4536 2650 4575; x_wconf 81' lang='lat' dir='ltr'><strong>ea:</strong></span> <span class='ocrx_word' id='word_1_799' title='bbox 2677 4538 2777 4595; x_wconf 86' lang='lat' dir='ltr'><strong>quo</strong></span> <span class='ocrx_word' id='word_1_800' title='bbox 2804 4524 3011 4588; x_wconf 81' lang='lat' dir='ltr'><strong>omnia,</strong></span> <span class='ocrx_word' id='word_1_801' title='bbox 3042 4513 3246 4579; x_wconf 69' lang='lat' dir='ltr'><strong>etimtts</strong></span> <span class='ocrx_word' id='word_1_802' title='bbox 3273 4513 3581 4595; x_wconf 79' lang='lat' dir='ltr'><strong>Unigenitus</strong></span> 
     </span>
    </p>
   </div>
   <div class='ocr_carea' id='block_1_97' title="bbox 1967 4584 3586 4671">
    <p class='ocr_par' dir='ltr' id='par_1_97' title="bbox 1967 4584 3586 4671">
     <span class='ocr_line' id='line_1_98' title="bbox 1967 4584 3586 4671; baseline 0.009 -32"><span class='ocrx_word' id='word_1_803' title='bbox 1967 4584 2143 4671; x_wconf 14' lang='lat' dir='ltr'><strong>DZN.</strong></span> <span class='ocrx_word' id='word_1_804' title='bbox 2168 4585 2227 4642; x_wconf 83' lang='lat' dir='ltr'><strong>J.</strong></span> <span class='ocrx_word' id='word_1_805' title='bbox 2260 4585 2319 4642; x_wconf 79' lang='grc' dir='ltr'><strong><em>ϐ.</em></strong></span> <span class='ocrx_word' id='word_1_806' title='bbox 2346 4605 2602 4671; x_wconf 75' lang='lat' dir='ltr'><strong>perquam</strong></span> <span class='ocrx_word' id='word_1_807' title='bbox 2639 4584 2851 4659; x_wconf 69' lang='lat' dir='ltr'><strong>ariusia;</strong></span> <span class='ocrx_word' id='word_1_808' title='bbox 2887 4602 2942 4648; x_wconf 92' lang='lat' dir='ltr'><strong>et</strong></span> <span class='ocrx_word' id='word_1_809' title='bbox 2962 4584 3126 4671; x_wconf 81' lang='lat' dir='ltr'><strong>paulo</strong></span> <span class='ocrx_word' id='word_1_810' title='bbox 3147 4608 3268 4664; x_wconf 92' lang='lat' dir='ltr'><strong>post</strong></span> <span class='ocrx_word' id='word_1_811' title='bbox 3298 4614 3312 4649; x_wconf 89' lang='lat'><strong>:</strong></span> <span class='ocrx_word' id='word_1_812' title='bbox 3345 4584 3461 4653; x_wconf 68' lang='lat' dir='ltr'><strong>Una</strong></span> 
     </span>
    </p>
   </div>
   <div class='ocr_carea' id='block_1_98' title="bbox 260 4643 1868 4738">
    <p class='ocr_par' dir='ltr' id='par_1_98' title="bbox 260 4643 1864 4738">
     <span class='ocr_line' id='line_1_99' title="bbox 260 4643 1864 4738; baseline -0.002 -39"><span class='ocrx_word' id='word_1_813' title='bbox 260 4646 626 4738; x_wconf 60' lang='lat' dir='ltr'><strong>doeiuonstrat.</strong></span> <span class='ocrx_word' id='word_1_814' title='bbox 660 4646 775 4700; x_wconf 87' lang='lat' dir='ltr'><strong>llnc</strong></span> <span class='ocrx_word' id='word_1_815' title='bbox 796 4651 1008 4738; x_wconf 56' lang='lat' dir='ltr'><strong>speetat</strong></span> <span class='ocrx_word' id='word_1_816' title='bbox 1037 4643 1864 4738; x_wconf 34' lang='lat' dir='ltr'><strong>qu‘oAdesaAll‘chv‘tt,‘</strong></span> 
     </span>
    </p>
   </div>
   <div class='ocr_carea' id='block_1_99' title="bbox 1974 4643 3580 4738">
    <p class='ocr_par' dir='ltr' id='par_1_99' title="bbox 1974 4643 3580 4738">
     <span class='ocr_line' id='line_1_100' title="bbox 1974 4643 3580 4738; baseline 0.009 -27"><span class='ocrx_word' id='word_1_817' title='bbox 1974 4666 2129 4738; x_wconf 68' lang='lat' dir='ltr'><strong>testas</strong></span> <span class='ocrx_word' id='word_1_818' title='bbox 2151 4676 2240 4738; x_wconf 66' lang='lat' dir='ltr'><strong>per</strong></span> <span class='ocrx_word' id='word_1_819' title='bbox 2260 4643 2633 4738; x_wconf 46' lang='lat' dir='ltr'><strong>quamjnmia</strong></span> <span class='ocrx_word' id='word_1_820' title='bbox 2655 4704 2672 4731; x_wconf 93' lang='lat'><strong>,</strong></span> <span class='ocrx_word' id='word_1_821' title='bbox 2704 4680 2808 4718; x_wconf 82' lang='lat' dir='ltr'><strong>una</strong></span> <span class='ocrx_word' id='word_1_822' title='bbox 2831 4643 3112 4738; x_wconf 56' lang='lat' dir='ltr'><strong>’progreuies</strong></span> <span class='ocrx_word' id='word_1_823' title='bbox 3138 4643 3204 4720; x_wconf 62' lang='lat' dir='ltr'><strong>era:</strong></span> <span class='ocrx_word' id='word_1_824' title='bbox 3237 4643 3580 4738; x_wconf 52' lang='lat' dir='ltr'><strong>quavomriia.</strong></span> 
     </span>
    </p>
   </div>
   <div class='ocr_carea' id='block_1_100' title="bbox 265 4713 1866 4787">
    <p class='ocr_par' dir='ltr' id='par_1_100' title="bbox 265 4713 1866 4787">
     <span class='ocr_line' id='line_1_101' title="bbox 265 4713 1866 4787; baseline -0.002 -15"><span class='ocrx_word' id='word_1_825' title='bbox 265 4717 325 4781; x_wconf 91' lang='lat'><strong>8,</strong></span> <span class='ocrx_word' id='word_1_826' title='bbox 359 4716 608 4786; x_wconf 90' lang='lat' dir='ltr'><strong>corporis</strong></span> <span class='ocrx_word' id='word_1_827' title='bbox 641 4713 949 4771; x_wconf 89' lang='lat' dir='ltr'><strong>assumendi</strong></span> <span class='ocrx_word' id='word_1_828' title='bbox 989 4713 1320 4787; x_wconf 87' lang='lat' dir='ltr'><strong>propositum</strong></span> <span class='ocrx_word' id='word_1_829' title='bbox 1352 4725 1509 4770; x_wconf 89' lang='lat' dir='ltr'><strong>vocat</strong></span> <span class='ocrx_word' id='word_1_830' title='bbox 1538 4713 1866 4787; x_wconf 85' lang='lat' dir='ltr'><strong>adoptionem</strong></span> 
     </span>
    </p>
   </div>
   <div class='ocr_carea' id='block_1_101' title="bbox 261 4784 1867 4867">
    <p class='ocr_par' dir='ltr' id='par_1_101' title="bbox 261 4784 1867 4867">
     <span class='ocr_line' id='line_1_102' title="bbox 261 4784 1867 4867; baseline 0.001 -27"><span class='ocrx_word' id='word_1_831' title='bbox 261 4784 502 4867; x_wconf 63' lang='lat' dir='ltr'><strong>corporis</strong></span> <span class='ocrx_word' id='word_1_832' title='bbox 538 4788 676 4867; x_wconf 78' lang='lat' dir='ltr'><strong>quod</strong></span> <span class='ocrx_word' id='word_1_833' title='bbox 720 4784 1002 4867; x_wconf 84' lang='lat' dir='ltr'><strong>e.1:_virgine</strong></span> <span class='ocrx_word' id='word_1_834' title='bbox 1054 4784 1462 4867; x_wconf 55' lang='lat' dir='ltr'><strong>pi&#39;tcstimpturus</strong></span> <span class='ocrx_word' id='word_1_835' title='bbox 1488 4795 1647 4867; x_wconf 82' lang='lat' dir='ltr'><strong>_esset.</strong></span> <span class='ocrx_word' id='word_1_836' title='bbox 1705 4784 1776 4841; x_wconf 79' lang='lat' dir='ltr'><strong>At</strong></span> <span class='ocrx_word' id='word_1_837' title='bbox 1821 4787 1867 4867; x_wconf 86' lang='lat' dir='ltr'><strong>_si</strong></span> 
     </span>
    </p>
   </div>
   <div class='ocr_carea' id='block_1_102' title="bbox 264 4857 1869 4929">
    <p class='ocr_par' dir='ltr' id='par_1_102' title="bbox 264 4857 1869 4929">
     <span class='ocr_line' id='line_1_103' title="bbox 264 4857 1869 4929; baseline -0.001 -16"><span class='ocrx_word' id='word_1_838' title='bbox 264 4857 396 4914; x_wconf 83' lang='lat' dir='ltr'><strong>hinc</strong></span> <span class='ocrx_word' id='word_1_839' title='bbox 424 4858 659 4929; x_wconf 85' lang='lat' dir='ltr'><strong>quodam</strong></span> <span class='ocrx_word' id='word_1_840' title='bbox 692 4858 852 4913; x_wconf 90' lang='lat' dir='ltr'><strong>modo</strong></span> <span class='ocrx_word' id='word_1_841' title='bbox 878 4857 1166 4914; x_wconf 69' lang='lat' dir='ltr'><strong>excusatur</strong></span> <span class='ocrx_word' id='word_1_842' title='bbox 1196 4857 1376 4925; x_wconf 84' lang='lat' dir='ltr'><strong>Felix;</strong></span> <span class='ocrx_word' id='word_1_843' title='bbox 1412 4858 1532 4928; x_wconf 91' lang='lat' dir='ltr'><strong>quis</strong></span> <span class='ocrx_word' id='word_1_844' title='bbox 1560 4871 1716 4928; x_wconf 70' lang='lat' dir='ltr'><strong>sequo</strong></span> <span class='ocrx_word' id='word_1_845' title='bbox 1747 4858 1869 4912; x_wconf 85' lang='lat' dir='ltr'><strong>ani-</strong></span> 
     </span>
    </p>
   </div>
   <div class='ocr_carea' id='block_1_103' title="bbox 265 4928 1869 5012">
    <p class='ocr_par' dir='ltr' id='par_1_103' title="bbox 265 4928 1869 5012">
     <span class='ocr_line' id='line_1_104' title="bbox 265 4928 1869 5012; baseline -0.002 -28"><span class='ocrx_word' id='word_1_846' title='bbox 265 4945 360 5012; x_wconf 79' lang='lat' dir='ltr'><strong>mo</strong></span> <span class='ocrx_word' id='word_1_847' title='bbox 389 4928 533 4986; x_wconf 80' lang='lat' dir='ltr'><strong>ferre</strong></span> <span class='ocrx_word' id='word_1_848' title='bbox 565 4930 741 5012; x_wconf 72' lang='lat' dir='ltr'><strong>valeat</strong></span> <span class='ocrx_word' id='word_1_849' title='bbox 765 4946 948 5012; x_wconf 42' lang='grc' dir='ltr'><strong>,ης-ηαξ</strong></span> <span class='ocrx_word' id='word_1_850' title='bbox 992 4929 1215 5012; x_wconf 67' lang='lat' dir='ltr'><strong>haeresis</strong></span> <span class='ocrx_word' id='word_1_851' title='bbox 1244 4944 1356 5012; x_wconf 69' lang='lat' dir='ltr'><strong>sua:</strong></span> <span class='ocrx_word' id='word_1_852' title='bbox 1383 4939 1665 5012; x_wconf 76' lang='lat' dir='ltr'><strong>patronum</strong></span> <span class='ocrx_word' id='word_1_853' title='bbox 1720 4945 1869 5012; x_wconf 68' lang='lat' dir='ltr'><strong>quae-</strong></span> 
     </span>
    </p>
   </div>
   <div class='ocr_carea' id='block_1_104' title="bbox 265 4999 1869 5072">
    <p class='ocr_par' dir='ltr' id='par_1_104' title="bbox 265 4999 1869 5072">
     <span class='ocr_line' id='line_1_105' title="bbox 265 4999 1869 5072; baseline 0.001 -20"><span class='ocrx_word' id='word_1_854' title='bbox 265 5003 408 5072; x_wconf 71' lang='lat' dir='ltr'><strong>sisse</strong></span> <span class='ocrx_word' id='word_1_855' title='bbox 432 5016 497 5057; x_wconf 88' lang='lat' dir='ltr'><strong>ac</strong></span> <span class='ocrx_word' id='word_1_856' title='bbox 543 5003 739 5057; x_wconf 82' lang='lat' dir='ltr'><strong>citasse</strong></span> <span class='ocrx_word' id='word_1_857' title='bbox 784 5000 1043 5057; x_wconf 89' lang='lat' dir='ltr'><strong>Hilarium</strong></span> <span class='ocrx_word' id='word_1_858' title='bbox 1066 5042 1081 5068; x_wconf 94' lang='lat'><strong>,</strong></span> <span class='ocrx_word' id='word_1_859' title='bbox 1112 5000 1201 5072; x_wconf 91' lang='lat' dir='ltr'><strong>qui</strong></span> <span class='ocrx_word' id='word_1_860' title='bbox 1225 5001 1424 5071; x_wconf 90' lang='lat' dir='ltr'><strong>ubique</strong></span> <span class='ocrx_word' id='word_1_861' title='bbox 1468 4999 1786 5072; x_wconf 12' lang='lat' dir='ltr'><strong>adoptionis;</strong></span> <span class='ocrx_word' id='word_1_862' title='bbox 1815 5000 1869 5054; x_wconf 93' lang='lat' dir='ltr'><strong>in</strong></span> 
     </span>
    </p>
   </div>
   <div class='ocr_carea' id='block_1_105' title="bbox 262 5070 1870 5134">
    <p class='ocr_par' dir='ltr' id='par_1_105' title="bbox 262 5070 1870 5134">
     <span class='ocr_line' id='line_1_106' title="bbox 262 5070 1870 5134; baseline -0.001 -7"><span class='ocrx_word' id='word_1_863' title='bbox 262 5071 491 5129; x_wconf 87' lang='lat' dir='ltr'><strong>Christo</strong></span> <span class='ocrx_word' id='word_1_864' title='bbox 530 5087 726 5128; x_wconf 85' lang='lat' dir='ltr'><strong>nomen</strong></span> <span class='ocrx_word' id='word_1_865' title='bbox 753 5070 1214 5134; x_wconf 60' lang='lat' dir='ltr'><strong>exhorrescit,&#39;ac</strong></span> <span class='ocrx_word' id='word_1_866' title='bbox 1258 5070 1574 5126; x_wconf 81' lang='lat' dir='ltr'><strong>nominatim</strong></span> <span class='ocrx_word' id='word_1_867' title='bbox 1617 5079 1729 5125; x_wconf 87' lang='lat' dir='ltr'><strong>toto</strong></span> <span class='ocrx_word' id='word_1_868' title='bbox 1775 5070 1870 5126; x_wconf 88' lang='lat' dir='ltr'><strong>lib.</strong></span> 
     </span>
    </p>
   </div>
   <div class='ocr_carea' id='block_1_106' title="bbox 264 5141 1865 5226">
    <p class='ocr_par' dir='ltr' id='par_1_106' title="bbox 264 5141 1865 5226">
     <span class='ocr_line' id='line_1_107' title="bbox 264 5141 1865 5226; baseline -0.001 -30"><span class='ocrx_word' id='word_1_869' title='bbox 264 5159 343 5210; x_wconf 68' lang='grc' dir='ltr'><strong>τι,</strong></span> <span class='ocrx_word' id='word_1_870' title='bbox 378 5160 487 5200; x_wconf 90' lang='lat' dir='ltr'><strong>non</strong></span> <span class='ocrx_word' id='word_1_871' title='bbox 510 5144 820 5226; x_wconf 71' lang='lat' dir='ltr'><strong>aduptivum</strong></span> <span class='ocrx_word' id='word_1_872' title='bbox 843 5146 937 5199; x_wconf 89' lang='lat' dir='ltr'><strong>sed</strong></span> <span class='ocrx_word' id='word_1_873' title='bbox 959 5160 1145 5226; x_wconf 63' lang='lat' dir='ltr'><strong>verum</strong></span> <span class='ocrx_word' id='word_1_874' title='bbox 1163 5160 1225 5226; x_wconf 78' lang='lat' dir='ltr'><strong>ac</strong></span> <span class='ocrx_word' id='word_1_875' title='bbox 1248 5142 1521 5226; x_wconf 73' lang='lat' dir='ltr'><strong>proprium</strong></span> <span class='ocrx_word' id='word_1_876' title='bbox 1544 5141 1710 5226; x_wconf 67' lang='lat' dir='ltr'><strong>lilium</strong></span> <span class='ocrx_word' id='word_1_877' title='bbox 1739 5155 1865 5226; x_wconf 79' lang='lat' dir='ltr'><strong>eum</strong></span> 
     </span>
    </p>
   </div>
   <div class='ocr_carea' id='block_1_107' title="bbox 262 5213 1873 5296">
    <p class='ocr_par' dir='ltr' id='par_1_107' title="bbox 262 5213 1873 5296">
     <span class='ocr_line' id='line_1_108' title="bbox 262 5213 1873 5296; baseline -0.004 -22"><span class='ocrx_word' id='word_1_878' title='bbox 262 5230 393 5274; x_wconf 71' lang='lat' dir='ltr'><strong>esse</strong></span> <span class='ocrx_word' id='word_1_879' title='bbox 419 5217 690 5296; x_wconf 74' lang='lat' dir='ltr'><strong>acerrime</strong></span> <span class='ocrx_word' id='word_1_880' title='bbox 715 5222 1033 5296; x_wconf 72' lang='lat' dir='ltr'><strong>propugnat.</strong></span> <span class='ocrx_word' id='word_1_881' title='bbox 1055 5216 1325 5296; x_wconf 82' lang='lat' dir='ltr'><strong>__Denique</strong></span> <span class='ocrx_word' id='word_1_882' title='bbox 1370 5215 1515 5296; x_wconf 63' lang='lat' dir='ltr'><strong>hunc</strong></span> <span class='ocrx_word' id='word_1_883' title='bbox 1542 5213 1725 5296; x_wconf 81' lang='lat' dir='ltr'><strong>ln_cum_</strong></span> <span class='ocrx_word' id='word_1_884' title='bbox 1750 5213 1873 5296; x_wconf 77' lang='lat' dir='ltr'><strong>imi-</strong></span> 
     </span>
    </p>
   </div>
   <div class='ocr_carea' id='block_1_108' title="bbox 264 5284 1871 5348">
    <p class='ocr_par' dir='ltr' id='par_1_108' title="bbox 264 5284 1871 5348">
     <span class='ocr_line' id='line_1_109' title="bbox 264 5284 1871 5348; baseline -0.001 -4"><span class='ocrx_word' id='word_1_885' title='bbox 264 5296 414 5344; x_wconf 77' lang='lat' dir='ltr'><strong>tatus</strong></span> <span class='ocrx_word' id='word_1_886' title='bbox 437 5287 661 5343; x_wconf 82' lang='lat' dir='ltr'><strong>videtur</strong></span> <span class='ocrx_word' id='word_1_887' title='bbox 706 5284 1025 5345; x_wconf 69' lang='lat' dir='ltr'><strong>Ambrosius</strong></span> <span class='ocrx_word' id='word_1_888' title='bbox 1055 5288 1147 5343; x_wconf 91' lang='lat' dir='ltr'><strong>lib.</strong></span> <span class='ocrx_word' id='word_1_889' title='bbox 1182 5302 1201 5342; x_wconf 83' lang='grc' dir='ltr'>ι</span> <span class='ocrx_word' id='word_1_890' title='bbox 1238 5284 1321 5341; x_wconf 72' lang='grc' dir='ltr'><strong>’(Ιθ</strong></span> <span class='ocrx_word' id='word_1_891' title='bbox 1367 5284 1472 5340; x_wconf 86' lang='lat' dir='ltr'><strong>fide</strong></span> <span class='ocrx_word' id='word_1_892' title='bbox 1497 5300 1547 5339; x_wconf 93' lang='lat' dir='ltr'><strong>c.</strong></span> <span class='ocrx_word' id='word_1_893' title='bbox 1578 5285 1647 5348; x_wconf 72' lang='grc'><strong>4,</strong></span> <span class='ocrx_word' id='word_1_894' title='bbox 1676 5285 1764 5340; x_wconf 89' lang='lat' dir='ltr'><strong>ubi</strong></span> <span class='ocrx_word' id='word_1_895' title='bbox 1804 5300 1871 5342; x_wconf 86' lang='lat' dir='ltr'><strong>ex</strong></span> 
     </span>
    </p>
   </div>
   <div class='ocr_carea' id='block_1_109' title="bbox 264 5356 1869 5429">
    <p class='ocr_par' dir='ltr' id='par_1_109' title="bbox 264 5356 1869 5429">
     <span class='ocr_line' id='line_1_110' title="bbox 264 5356 1869 5429; baseline -0.002 -13"><span class='ocrx_word' id='word_1_896' title='bbox 264 5358 552 5429; x_wconf 64' lang='lat' dir='ltr'><strong>Magorum</strong></span> <span class='ocrx_word' id='word_1_897' title='bbox 581 5359 896 5415; x_wconf 88' lang='lat' dir='ltr'><strong>adoratione</strong></span> <span class='ocrx_word' id='word_1_898' title='bbox 934 5399 950 5425; x_wconf 92' lang='lat'><strong>,</strong></span> <span class='ocrx_word' id='word_1_899' title='bbox 1002 5358 1305 5429; x_wconf 76' lang='lat' dir='ltr'><strong>humilitate</strong></span> <span class='ocrx_word' id='word_1_900' title='bbox 1333 5369 1618 5429; x_wconf 86' lang='lat' dir='ltr'><strong>cunarum,</strong></span> <span class='ocrx_word' id='word_1_901' title='bbox 1650 5356 1869 5427; x_wconf 83' lang='lat' dir='ltr'><strong>angelo-</strong></span> 
     </span>
    </p>
   </div>
   <div class='ocr_carea' id='block_1_110' title="bbox 266 5428 1873 5512">
    <p class='ocr_par' dir='ltr' id='par_1_110' title="bbox 266 5428 1873 5512">
     <span class='ocr_line' id='line_1_111' title="bbox 266 5428 1873 5512; baseline -0.004 -25"><span class='ocrx_word' id='word_1_902' title='bbox 266 5428 715 5512; x_wconf 51' lang='lat' dir='ltr'><strong>rumuobsequio,</strong></span> <span class='ocrx_word' id='word_1_903' title='bbox 739 5442 851 5512; x_wconf 72' lang='lat' dir='ltr'><strong>etc.</strong></span> <span class='ocrx_word' id='word_1_904' title='bbox 876 5431 1230 5512; x_wconf 78' lang='lat' dir='ltr'><strong>,_cunclurlit:</strong></span> <span class='ocrx_word' id='word_1_905' title='bbox 1266 5428 1351 5483; x_wconf 87' lang='lat' dir='ltr'><strong>Ita</strong></span> <span class='ocrx_word' id='word_1_906' title='bbox 1384 5443 1479 5482; x_wconf 81' lang='lat' dir='ltr'><strong>nec</strong></span> <span class='ocrx_word' id='word_1_907' title='bbox 1506 5428 1733 5512; x_wconf 71' lang='lat' dir='ltr'><strong>dignitas</strong></span> <span class='ocrx_word' id='word_1_908' title='bbox 1781 5444 1873 5512; x_wconf 68' lang='lat' dir='ltr'><strong>rra-</strong></span> 
     </span>
    </p>
   </div>
   <div class='ocr_carea' id='block_1_111' title="bbox 265 5501 1877 5574">
    <p class='ocr_par' dir='ltr' id='par_1_111' title="bbox 265 5501 1877 5574">
     <span class='ocr_line' id='line_1_112' title="bbox 265 5501 1877 5574; baseline -0.002 -17"><span class='ocrx_word' id='word_1_909' title='bbox 265 5502 457 5557; x_wconf 78' lang='lat' dir='ltr'><strong>turalis</strong></span> <span class='ocrx_word' id='word_1_910' title='bbox 487 5504 777 5573; x_wconf 78' lang='lat' dir='ltr'><strong>majestatis</strong></span> <span class='ocrx_word' id='word_1_911' title='bbox 805 5504 1077 5572; x_wconf 71' lang='lat' dir='ltr'><strong>amittitur,</strong></span> <span class='ocrx_word' id='word_1_912' title='bbox 1105 5509 1155 5557; x_wconf 83' lang='lat' dir='ltr'><strong>et</strong></span> <span class='ocrx_word' id='word_1_913' title='bbox 1179 5509 1455 5574; x_wconf 68' lang='lat' dir='ltr'><strong>assumpta:</strong></span> <span class='ocrx_word' id='word_1_914' title='bbox 1489 5501 1663 5555; x_wconf 70' lang='lat' dir='ltr'><strong>Carnis</strong></span> <span class='ocrx_word' id='word_1_915' title='bbox 1690 5501 1877 5554; x_wconf 77' lang='lat' dir='ltr'><strong>veritas</strong></span> 
     </span>
    </p>
   </div>
   <div class='ocr_carea' id='block_1_112' title="bbox 265 5576 664 5646">
    <p class='ocr_par' dir='ltr' id='par_1_112' title="bbox 265 5576 664 5646">
     <span class='ocr_line' id='line_1_113' title="bbox 265 5576 664 5646; baseline 0.003 -17"><span class='ocrx_word' id='word_1_916' title='bbox 265 5576 664 5646; x_wconf 57' lang='lat' dir='ltr'><strong>“atterebatur.</strong></span> 
     </span>
    </p>
   </div>
   <div class='ocr_carea' id='block_1_113' title="bbox 294 5665 1878 5753">
    <p class='ocr_par' dir='ltr' id='par_1_113' title="bbox 294 5665 1878 5753">
     <span class='ocr_line' id='line_1_114' title="bbox 294 5665 1878 5753; baseline 0.001 -33"><span class='ocrx_word' id='word_1_917' title='bbox 294 5739 311 5753; x_wconf 47' lang='lat'><strong>.</strong></span> <span class='ocrx_word' id='word_1_918' title='bbox 344 5666 425 5741; x_wconf 82' lang='grc' dir='ltr'><strong>(α)</strong></span> <span class='ocrx_word' id='word_1_919' title='bbox 455 5667 602 5753; x_wconf 46' lang='lat' dir='ltr'><strong>[aditi</strong></span> <span class='ocrx_word' id='word_1_920' title='bbox 624 5683 695 5753; x_wconf 50' lang='lat' dir='ltr'><strong>ei</strong></span> <span class='ocrx_word' id='word_1_921' title='bbox 721 5667 1200 5753; x_wconf 40' lang='lat' dir='ltr'><strong>unico_ms.‘glol_b.</strong></span> <span class='ocrx_word' id='word_1_922' title='bbox 1230 5667 1428 5753; x_wconf 69' lang='lat' dir='ltr'><strong>nullius</strong></span> <span class='ocrx_word' id='word_1_923' title='bbox 1449 5666 1563 5752; x_wconf 76' lang='lat' dir='ltr'><strong>fere</strong></span> <span class='ocrx_word' id='word_1_924' title='bbox 1587 5665 1878 5753; x_wconf 67' lang='lat' dir='ltr'><strong>auctorita-</strong></span> 
     </span>
    </p>
   </div>
   <div class='ocr_carea' id='block_1_114' title="bbox 269 5737 1879 5824">
    <p class='ocr_par' dir='ltr' id='par_1_114' title="bbox 269 5737 1879 5824">
     <span class='ocr_line' id='line_1_115' title="bbox 269 5737 1879 5824; baseline -0.002 0"><span class='ocrx_word' id='word_1_925' title='bbox 269 5737 616 5824; x_wconf 21' lang='lat' dir='ltr'><strong>9V’-4@“§?</strong></span> <span class='ocrx_word' id='word_1_926' title='bbox 646 5738 833 5824; x_wconf 71' lang='grc' dir='ltr'><strong>αιῐει</strong></span> <span class='ocrx_word' id='word_1_927' title='bbox 861 5741 988 5824; x_wconf 54' lang='lat' dir='ltr'><strong>MSS:</strong></span> <span class='ocrx_word' id='word_1_928' title='bbox 1019 5740 1207 5824; x_wconf 58' lang='lat' dir='ltr'><strong>Cor”?</strong></span> <span class='ocrx_word' id='word_1_929' title='bbox 1237 5740 1349 5824; x_wconf 55' lang='lat' dir='ltr'><strong>d9?</strong></span> <span class='ocrx_word' id='word_1_930' title='bbox 1372 5738 1609 5824; x_wconf 53' lang='grc' dir='ltr'><strong>βθηξξῧῖξ</strong></span> <span class='ocrx_word' id='word_1_931' title='bbox 1640 5737 1879 5821; x_wconf 58' lang='lat' dir='ltr'><strong>“eod”.</strong></span> 
     </span>
    </p>
   </div>
   <div class='ocr_carea' id='block_1_115' title="bbox 266 5809 1881 5962">
    <p class='ocr_par' dir='ltr' id='par_1_115' title="bbox 266 5809 1881 5962">
     <span class='ocr_line' id='line_1_116' title="bbox 268 5809 1881 5884; baseline -0.004 -15"><span class='ocrx_word' id='word_1_932' title='bbox 268 5811 513 5876; x_wconf 78' lang='lat' dir='ltr'><strong>Pratel.,</strong></span> <span class='ocrx_word' id='word_1_933' title='bbox 546 5809 733 5877; x_wconf 83' lang='lat' dir='ltr'><strong>Vind.,</strong></span> <span class='ocrx_word' id='word_1_934' title='bbox 757 5812 917 5879; x_wconf 89' lang='lat' dir='ltr'><strong>Silv.,</strong></span> <span class='ocrx_word' id='word_1_935' title='bbox 940 5822 1073 5878; x_wconf 89' lang='lat' dir='ltr'><strong>etc.,</strong></span> <span class='ocrx_word' id='word_1_936' title='bbox 1106 5812 1194 5884; x_wconf 84' lang='lat' dir='ltr'><strong>qui</strong></span> <span class='ocrx_word' id='word_1_937' title='bbox 1219 5827 1253 5867; x_wconf 75' lang='grc' dir='ltr'><strong>α</strong></span> <span class='ocrx_word' id='word_1_938' title='bbox 1280 5810 1459 5867; x_wconf 69' lang='lat' dir='ltr'><strong>Pam.</strong></span> <span class='ocrx_word' id='word_1_939' title='bbox 1481 5810 1765 5866; x_wconf 70' lang='lat' dir='ltr'><strong>Mallemus</strong></span> <span class='ocrx_word' id='word_1_940' title='bbox 1791 5809 1881 5879; x_wconf 87' lang='lat' dir='ltr'><strong>qui</strong></span> 
     </span>
     <span class='ocr_line' id='line_1_117' title="bbox 266 5879 1875 5962; baseline -0.002 -25"><span class='ocrx_word' id='word_1_941' title='bbox 266 5898 394 5962; x_wconf 65' lang='lat' dir='ltr'><strong>gum</strong></span> <span class='ocrx_word' id='word_1_942' title='bbox 422 5881 605 5940; x_wconf 85' lang='lat' dir='ltr'><strong>Patre.</strong></span> <span class='ocrx_word' id='word_1_943' title='bbox 633 5883 744 5941; x_wconf 89' lang='lat' dir='ltr'><strong>Sed</strong></span> <span class='ocrx_word' id='word_1_944' title='bbox 764 5899 833 5943; x_wconf 85' lang='lat' dir='ltr'><strong>ex</strong></span> <span class='ocrx_word' id='word_1_945' title='bbox 854 5884 1166 5944; x_wconf 85' lang='lat' dir='ltr'><strong>veterrimis</strong></span> <span class='ocrx_word' id='word_1_946' title='bbox 1181 5883 1422 5943; x_wconf 89' lang='lat' dir='ltr'><strong>omnium</strong></span> <span class='ocrx_word' id='word_1_947' title='bbox 1443 5880 1721 5941; x_wconf 87' lang='lat' dir='ltr'><strong>codicibus</strong></span> <span class='ocrx_word' id='word_1_948' title='bbox 1754 5879 1875 5937; x_wconf 85' lang='lat' dir='ltr'><strong>Vat.</strong></span> 
     </span>
    </p>
   </div>
   <div class='ocr_carea' id='block_1_116' title="bbox 1972 4728 3584 4807">
    <p class='ocr_par' dir='ltr' id='par_1_116' title="bbox 1972 4728 3584 4807">
     <span class='ocr_line' id='line_1_118' title="bbox 1972 4728 3584 4807; baseline 0.009 -24"><span class='ocrx_word' id='word_1_949' title='bbox 1972 4728 2029 4784; x_wconf 90' lang='lat' dir='ltr'><strong>In</strong></span> <span class='ocrx_word' id='word_1_950' title='bbox 2055 4729 2153 4807; x_wconf 68' lang='lat' dir='ltr'><strong>his</strong></span> <span class='ocrx_word' id='word_1_951' title='bbox 2171 4728 2327 4807; x_wconf 77' lang='lat' dir='ltr'><strong>igitur</strong></span> <span class='ocrx_word' id='word_1_952' title='bbox 2348 4775 2363 4799; x_wconf 93' lang='lat'><strong>,</strong></span> <span class='ocrx_word' id='word_1_953' title='bbox 2412 4731 2516 4789; x_wconf 87' lang='lat' dir='ltr'><strong>Per</strong></span> <span class='ocrx_word' id='word_1_954' title='bbox 2536 4728 2691 4807; x_wconf 82' lang='lat' dir='ltr'><strong>quem</strong></span> <span class='ocrx_word' id='word_1_955' title='bbox 2718 4728 2889 4791; x_wconf 84' lang='lat' dir='ltr'><strong>omnia</strong></span> <span class='ocrx_word' id='word_1_956' title='bbox 2938 4728 2989 4791; x_wconf 75' lang='grc' dir='ltr'><strong>ξε</strong></span> <span class='ocrx_word' id='word_1_957' title='bbox 3012 4753 3076 4791; x_wconf 76' lang='lat' dir='ltr'><strong>ea:</strong></span> <span class='ocrx_word' id='word_1_958' title='bbox 3111 4753 3214 4801; x_wconf 89' lang='lat' dir='ltr'><strong>quo</strong></span> <span class='ocrx_word' id='word_1_959' title='bbox 3249 4728 3454 4807; x_wconf 57' lang='lat' dir='ltr'><strong>&#39;omnia,</strong></span> <span class='ocrx_word' id='word_1_960' title='bbox 3496 4758 3584 4800; x_wconf 88' lang='lat' dir='ltr'><strong>re-</strong></span> 
     </span>
    </p>
   </div>
   <div class='ocr_carea' id='block_1_117' title="bbox 1973 4802 3582 4885">
    <p class='ocr_par' dir='ltr' id='par_1_117' title="bbox 1973 4802 3582 4885">
     <span class='ocr_line' id='line_1_119' title="bbox 1973 4802 3582 4885; baseline 0.007 -28"><span class='ocrx_word' id='word_1_961' title='bbox 1973 4802 2451 4885; x_wconf 40' lang='lat' dir='ltr'><strong>spmri‘sioltabetur</strong></span> <span class='ocrx_word' id='word_1_962' title='bbox 2479 4802 2559 4860; x_wconf 88' lang='lat' dir='ltr'><strong>ad</strong></span> <span class='ocrx_word' id='word_1_963' title='bbox 2580 4808 2877 4885; x_wconf 75' lang='lat' dir='ltr'><strong>institutam</strong></span> <span class='ocrx_word' id='word_1_964' title='bbox 2923 4807 3274 4885; x_wconf 64' lang='lat' dir='ltr'><strong>quaestlgnem</strong></span> <span class='ocrx_word' id='word_1_965' title='bbox 3304 4828 3395 4884; x_wconf 84' lang='lat' dir='ltr'><strong>per</strong></span> <span class='ocrx_word' id='word_1_966' title='bbox 3432 4802 3582 4885; x_wconf 80' lang='lat' dir='ltr'><strong>quem</strong></span> 
     </span>
    </p>
   </div>
   <div class='ocr_carea' id='block_1_118' title="bbox 1974 4874 3583 4949">
    <p class='ocr_par' dir='ltr' id='par_1_118' title="bbox 1974 4874 3583 4949">
     <span class='ocr_line' id='line_1_120' title="bbox 1974 4874 3583 4949; baseline 0.009 -22"><span class='ocrx_word' id='word_1_967' title='bbox 1974 4876 2038 4928; x_wconf 85' lang='lat' dir='ltr'><strong>sit</strong></span> <span class='ocrx_word' id='word_1_968' title='bbox 2084 4874 2317 4949; x_wconf 81' lang='lat' dir='ltr'><strong>Spiritus</strong></span> <span class='ocrx_word' id='word_1_969' title='bbox 2337 4886 2577 4943; x_wconf 86' lang='lat' dir='ltr'><strong>sanctus,</strong></span> <span class='ocrx_word' id='word_1_970' title='bbox 2636 4879 2787 4949; x_wconf 84' lang='lat' dir='ltr'><strong>quasi</strong></span> <span class='ocrx_word' id='word_1_971' title='bbox 2816 4874 3022 4935; x_wconf 80' lang='lat' dir='ltr'><strong>diceret</strong></span> <span class='ocrx_word' id='word_1_972' title='bbox 3051 4898 3065 4936; x_wconf 89' lang='lat'><strong>:</strong></span> <span class='ocrx_word' id='word_1_973' title='bbox 3100 4880 3207 4935; x_wconf 83' lang='lat' dir='ltr'><strong>Per</strong></span> <span class='ocrx_word' id='word_1_974' title='bbox 3233 4874 3346 4937; x_wconf 77' lang='lat' dir='ltr'><strong>enin</strong></span> <span class='ocrx_word' id='word_1_975' title='bbox 3379 4874 3455 4939; x_wconf 79' lang='lat' dir='ltr'><strong>esi</strong></span> <span class='ocrx_word' id='word_1_976' title='bbox 3492 4902 3583 4948; x_wconf 83' lang='lat' dir='ltr'><strong>per</strong></span> 
     </span>
    </p>
   </div>
   <div class='ocr_carea' id='block_1_119' title="bbox 1975 4946 3578 5023">
    <p class='ocr_par' dir='ltr' id='par_1_119' title="bbox 1975 4946 3578 5023">
     <span class='ocr_line' id='line_1_121' title="bbox 1975 4946 3578 5023; baseline 0.011 -28"><span class='ocrx_word' id='word_1_977' title='bbox 1975 4960 2125 5023; x_wconf 80' lang='lat' dir='ltr'><strong>quem</strong></span> <span class='ocrx_word' id='word_1_978' title='bbox 2154 4946 2360 5023; x_wconf 77' lang='lat' dir='ltr'><strong>omnia,</strong></span> <span class='ocrx_word' id='word_1_979' title='bbox 2393 4951 2526 5023; x_wconf 82' lang='lat' dir='ltr'><strong>sicut</strong></span> <span class='ocrx_word' id='word_1_980' title='bbox 2555 4958 2603 5005; x_wconf 89' lang='lat' dir='ltr'><strong>et</strong></span> <span class='ocrx_word' id='word_1_981' title='bbox 2625 4946 2718 5022; x_wconf 68' lang='lat' dir='ltr'><strong>per</strong></span> <span class='ocrx_word' id='word_1_982' title='bbox 2740 4966 2856 5005; x_wconf 76' lang='lat' dir='ltr'><strong>eum</strong></span> <span class='ocrx_word' id='word_1_983' title='bbox 2884 4964 3069 5023; x_wconf 75' lang='lat' dir='ltr'><strong>exquo</strong></span> <span class='ocrx_word' id='word_1_984' title='bbox 3094 4954 3286 5008; x_wconf 83' lang='lat' dir='ltr'><strong>omnia.</strong></span> <span class='ocrx_word' id='word_1_985' title='bbox 3321 4954 3399 5009; x_wconf 86' lang='lat' dir='ltr'><strong>Ita</strong></span> <span class='ocrx_word' id='word_1_986' title='bbox 3426 4946 3578 5012; x_wconf 24' lang='lat' dir='ltr'><strong>et‘ad</strong></span> 
     </span>
    </p>
   </div>
   <div class='ocr_carea' id='block_1_120' title="bbox 1977 5017 3579 5093">
    <p class='ocr_par' dir='ltr' id='par_1_120' title="bbox 1977 5017 3579 5093">
     <span class='ocr_line' id='line_1_122' title="bbox 1977 5017 3579 5093; baseline 0.008 -22"><span class='ocrx_word' id='word_1_987' title='bbox 1977 5017 2260 5093; x_wconf 72' lang='lat' dir='ltr'><strong>duasalias</strong></span> <span class='ocrx_word' id='word_1_988' title='bbox 2286 5017 3030 5093; x_wconf 59' lang='lat' dir='ltr'><strong>quaestiones&#39;subseqnentes</strong></span> <span class='ocrx_word' id='word_1_989' title='bbox 3063 5042 3076 5077; x_wconf 89' lang='lat'><strong>:</strong></span> <span class='ocrx_word' id='word_1_990' title='bbox 3111 5024 3174 5077; x_wconf 79' lang='lat' dir='ltr'><strong>ob</strong></span> <span class='ocrx_word' id='word_1_991' title='bbox 3195 5025 3323 5092; x_wconf 76' lang='lat' dir='ltr'><strong>quid</strong></span> <span class='ocrx_word' id='word_1_992' title='bbox 3362 5028 3429 5080; x_wconf 87' lang='lat' dir='ltr'><strong>sit</strong></span> <span class='ocrx_word' id='word_1_993' title='bbox 3455 5070 3469 5091; x_wconf 91' lang='lat'><strong>,</strong></span> <span class='ocrx_word' id='word_1_994' title='bbox 3499 5030 3579 5084; x_wconf 88' lang='lat' dir='ltr'><strong>vel</strong></span> 
     </span>
    </p>
   </div>
   <div class='ocr_carea' id='block_1_121' title="bbox 1978 5088 3583 5163">
    <p class='ocr_par' dir='ltr' id='par_1_121' title="bbox 1978 5088 3583 5163">
     <span class='ocr_line' id='line_1_123' title="bbox 1978 5088 3583 5163; baseline 0.009 -23"><span class='ocrx_word' id='word_1_995' title='bbox 1978 5088 2147 5163; x_wconf 76' lang='lat' dir='ltr'><strong>qualis</strong></span> <span class='ocrx_word' id='word_1_996' title='bbox 2171 5090 2258 5155; x_wconf 87' lang='lat' dir='ltr'><strong>sit,</strong></span> <span class='ocrx_word' id='word_1_997' title='bbox 2281 5088 2462 5147; x_wconf 78' lang='lat' dir='ltr'><strong>sebrie</strong></span> <span class='ocrx_word' id='word_1_998' title='bbox 2482 5088 2863 5163; x_wconf 78' lang='lat' dir='ltr'><strong>respondetur,</strong></span> <span class='ocrx_word' id='word_1_999' title='bbox 2899 5093 3131 5162; x_wconf 84' lang='lat' dir='ltr'><strong>Spiritus</strong></span> <span class='ocrx_word' id='word_1_1000' title='bbox 3152 5088 3225 5149; x_wconf 83' lang='lat' dir='ltr'><strong>est</strong></span> <span class='ocrx_word' id='word_1_1001' title='bbox 3248 5096 3367 5163; x_wconf 79' lang='lat' dir='ltr'><strong>Dei,</strong></span> <span class='ocrx_word' id='word_1_1002' title='bbox 3388 5088 3583 5154; x_wconf 66' lang='lat' dir='ltr'><strong>donum</strong></span> 
     </span>
    </p>
   </div>
   <div class='ocr_carea' id='block_1_122' title="bbox 1979 5160 3585 5242">
    <p class='ocr_par' dir='ltr' id='par_1_122' title="bbox 1979 5160 3585 5242">
     <span class='ocr_line' id='line_1_124' title="bbox 1979 5160 3585 5242; baseline 0.008 -29"><span class='ocrx_word' id='word_1_1003' title='bbox 1979 5160 2241 5242; x_wconf 66' lang='lat' dir='ltr'><strong>ﬁdelium;</strong></span> <span class='ocrx_word' id='word_1_1004' title='bbox 2272 5177 2341 5242; x_wconf 73' lang='lat' dir='ltr'><strong>ne</strong></span> <span class='ocrx_word' id='word_1_1005' title='bbox 2360 5162 2491 5233; x_wconf 91' lang='lat' dir='ltr'><strong>quid</strong></span> <span class='ocrx_word' id='word_1_1006' title='bbox 2518 5160 2814 5233; x_wconf 81' lang='lat' dir='ltr'><strong>asseratur,</strong></span> <span class='ocrx_word' id='word_1_1007' title='bbox 2838 5160 2985 5236; x_wconf 83' lang='lat' dir='ltr'><strong>quod</strong></span> <span class='ocrx_word' id='word_1_1008' title='bbox 3019 5181 3048 5220; x_wconf 88' lang='lat' dir='ltr'><strong>a</strong></span> <span class='ocrx_word' id='word_1_1009' title='bbox 3076 5160 3363 5238; x_wconf 85' lang='lat' dir='ltr'><strong>prophetis</strong></span> <span class='ocrx_word' id='word_1_1010' title='bbox 3378 5178 3434 5225; x_wconf 86' lang='lat' dir='ltr'><strong>et</strong></span> <span class='ocrx_word' id='word_1_1011' title='bbox 3451 5186 3585 5242; x_wconf 87' lang='lat' dir='ltr'><strong>apo-</strong></span> 
     </span>
    </p>
   </div>
   <div class='ocr_carea' id='block_1_123' title="bbox 1976 5232 2687 5304">
    <p class='ocr_par' dir='ltr' id='par_1_123' title="bbox 1976 5232 2687 5304">
     <span class='ocr_line' id='line_1_125' title="bbox 1976 5232 2687 5304; baseline 0.007 -18"><span class='ocrx_word' id='word_1_1012' title='bbox 1976 5232 2134 5304; x_wconf 86' lang='lat' dir='ltr'><strong>stolis</strong></span> <span class='ocrx_word' id='word_1_1013' title='bbox 2152 5248 2260 5304; x_wconf 75' lang='lat' dir='ltr'><strong>non</strong></span> <span class='ocrx_word' id='word_1_1014' title='bbox 2283 5233 2356 5287; x_wconf 90' lang='lat' dir='ltr'><strong>sit</strong></span> <span class='ocrx_word' id='word_1_1015' title='bbox 2381 5232 2687 5304; x_wconf 83' lang='lat' dir='ltr'><strong>acceptum.</strong></span> 
     </span>
    </p>
   </div>
   <div class='ocr_carea' id='block_1_124' title="bbox 2078 5302 2917 5379">
    <p class='ocr_par' dir='ltr' id='par_1_124' title="bbox 2078 5302 2917 5379">
     <span class='ocr_line' id='line_1_126' title="bbox 2078 5302 2917 5379; baseline 0.008 -23"><span class='ocrx_word' id='word_1_1016' title='bbox 2078 5304 2117 5379; x_wconf 83' lang='lat' dir='ltr'><strong>i)</strong></span> <span class='ocrx_word' id='word_1_1017' title='bbox 2138 5302 2356 5379; x_wconf 67' lang='lat' dir='ltr'><strong>Qarnut.</strong></span> <span class='ocrx_word' id='word_1_1018' title='bbox 2368 5376 2378 5379; x_wconf 91' lang='lat'>_</span> <span class='ocrx_word' id='word_1_1019' title='bbox 2390 5320 2492 5379; x_wconf 79' lang='lat' dir='ltr'><strong>ms.</strong></span> <span class='ocrx_word' id='word_1_1020' title='bbox 2503 5302 2528 5379; x_wconf 39' lang='grc' dir='ltr'>,ἶ</span> <span class='ocrx_word' id='word_1_1021' title='bbox 2548 5308 2917 5379; x_wconf 71' lang='lat' dir='ltr'><strong>displicebant.</strong></span> 
     </span>
    </p>
   </div>
   <div class='ocr_carea' id='block_1_125' title="bbox 2077 5375 3583 5453">
    <p class='ocr_par' dir='ltr' id='par_1_125' title="bbox 2077 5375 3583 5453">
     <span class='ocr_line' id='line_1_127' title="bbox 2077 5375 3583 5453; baseline 0.007 -21"><span class='ocrx_word' id='word_1_1022' title='bbox 2077 5378 2134 5453; x_wconf 81' lang='lat' dir='ltr'><strong>i)_</strong></span> <span class='ocrx_word' id='word_1_1023' title='bbox 2153 5375 2277 5432; x_wconf 85' lang='lat' dir='ltr'><strong>Sola</strong></span> <span class='ocrx_word' id='word_1_1024' title='bbox 2316 5376 2484 5432; x_wconf 84' lang='lat' dir='ltr'><strong>editio</strong></span> <span class='ocrx_word' id='word_1_1025' title='bbox 2513 5375 3003 5453; x_wconf 58' lang='lat' dir='ltr'><strong>Par.&#39;_dominatur;</strong></span> <span class='ocrx_word' id='word_1_1026' title='bbox 3031 5380 3183 5453; x_wconf 87' lang='lat' dir='ltr'><strong>lapsu</strong></span> <span class='ocrx_word' id='word_1_1027' title='bbox 3216 5383 3583 5443; x_wconf 76' lang='lat' dir='ltr'><strong>librariorum.</strong></span> 
     </span>
    </p>
   </div>
   <div class='ocr_carea' id='block_1_126' title="bbox 1980 5443 3588 5527">
    <p class='ocr_par' dir='ltr' id='par_1_126' title="bbox 1980 5443 3588 5527">
     <span class='ocr_line' id='line_1_128' title="bbox 1980 5443 3588 5527; baseline 0.008 -25"><span class='ocrx_word' id='word_1_1028' title='bbox 1980 5443 2137 5515; x_wconf 80' lang='lat' dir='ltr'><strong>Apud</strong></span> <span class='ocrx_word' id='word_1_1029' title='bbox 2158 5457 2490 5527; x_wconf 74' lang='lat' dir='ltr'><strong>quosautetn</strong></span> <span class='ocrx_word' id='word_1_1030' title='bbox 2527 5464 2627 5527; x_wconf 83' lang='lat' dir='ltr'><strong>pro</strong></span> <span class='ocrx_word' id='word_1_1031' title='bbox 2648 5450 2806 5505; x_wconf 86' lang='lat' dir='ltr'><strong>Patre</strong></span> <span class='ocrx_word' id='word_1_1032' title='bbox 2848 5461 2903 5507; x_wconf 91' lang='lat' dir='ltr'><strong>et</strong></span> <span class='ocrx_word' id='word_1_1033' title='bbox 2952 5443 3100 5507; x_wconf 65' lang='lat' dir='ltr'><strong>Filiu&#39;</strong></span> <span class='ocrx_word' id='word_1_1034' title='bbox 3130 5455 3367 5527; x_wconf 88' lang='lat' dir='ltr'><strong>Spiritus</strong></span> <span class='ocrx_word' id='word_1_1035' title='bbox 3410 5459 3588 5515; x_wconf 85' lang='lat' dir='ltr'><strong>sancti</strong></span> 
     </span>
    </p>
   </div>
   <div class='ocr_carea' id='block_1_127' title="bbox 1981 5517 3584 5591">
    <p class='ocr_par' dir='ltr' id='par_1_127' title="bbox 1981 5517 3584 5591">
     <span class='ocr_line' id='line_1_129' title="bbox 1981 5517 3584 5591; baseline 0.011 -23"><span class='ocrx_word' id='word_1_1036' title='bbox 1981 5534 2176 5591; x_wconf 68' lang='lat' dir='ltr'><strong>nomen</strong></span> <span class='ocrx_word' id='word_1_1037' title='bbox 2208 5517 2430 5589; x_wconf 87' lang='lat' dir='ltr'><strong>intelligi</strong></span> <span class='ocrx_word' id='word_1_1038' title='bbox 2462 5520 2656 5584; x_wconf 88' lang='lat' dir='ltr'><strong>soleat,</strong></span> <span class='ocrx_word' id='word_1_1039' title='bbox 2681 5537 3142 5591; x_wconf 85' lang='lat' dir='ltr'><strong>supervacaneum</strong></span> <span class='ocrx_word' id='word_1_1040' title='bbox 3172 5517 3259 5583; x_wconf 69' lang='lat' dir='ltr'><strong>cst</strong></span> <span class='ocrx_word' id='word_1_1041' title='bbox 3299 5542 3584 5585; x_wconf 86' lang='lat' dir='ltr'><strong>annotare.</strong></span> 
     </span>
    </p>
   </div>
   <div class='ocr_carea' id='block_1_128' title="bbox 1982 5588 3585 5669">
    <p class='ocr_par' dir='ltr' id='par_1_128' title="bbox 1982 5588 3585 5669">
     <span class='ocr_line' id='line_1_130' title="bbox 1982 5588 3585 5669; baseline 0.009 -26"><span class='ocrx_word' id='word_1_1042' title='bbox 1982 5588 2072 5644; x_wconf 85' lang='lat' dir='ltr'><strong>Sic</strong></span> <span class='ocrx_word' id='word_1_1043' title='bbox 2102 5591 2247 5669; x_wconf 73' lang='lat' dir='ltr'><strong>enim</strong></span> <span class='ocrx_word' id='word_1_1044' title='bbox 2288 5588 2596 5669; x_wconf 78' lang='lat' dir='ltr'><strong>promiscue</strong></span> <span class='ocrx_word' id='word_1_1045' title='bbox 2641 5588 2761 5647; x_wconf 55' lang='lat' dir='ltr'><strong>hoc&#39;</strong></span> <span class='ocrx_word' id='word_1_1046' title='bbox 2788 5595 3109 5669; x_wconf 78' lang='lat' dir='ltr'><strong>vo_cahulum</strong></span> <span class='ocrx_word' id='word_1_1047' title='bbox 3147 5607 3409 5669; x_wconf 78' lang='lat' dir='ltr'><strong>usurpant</strong></span> <span class='ocrx_word' id='word_1_1048' title='bbox 3446 5600 3585 5657; x_wconf 76' lang='lat' dir='ltr'><strong>Her-</strong></span> 
     </span>
    </p>
   </div>
   <div class='ocr_carea' id='block_1_129' title="bbox 1984 5659 3586 5739">
    <p class='ocr_par' dir='ltr' id='par_1_129' title="bbox 1984 5659 3586 5739">
     <span class='ocr_line' id='line_1_131' title="bbox 1984 5659 3586 5739; baseline 0.009 -25"><span class='ocrx_word' id='word_1_1049' title='bbox 1984 5675 2133 5739; x_wconf 68' lang='lat' dir='ltr'><strong>ruas,</strong></span> <span class='ocrx_word' id='word_1_1050' title='bbox 2163 5659 2445 5739; x_wconf 49' lang='lat' dir='ltr'><strong>Justinus,</strong></span> <span class='ocrx_word' id='word_1_1051' title='bbox 2499 5661 2768 5739; x_wconf 66' lang='lat' dir='ltr'><strong>Irenaeus,</strong></span> <span class='ocrx_word' id='word_1_1052' title='bbox 2790 5663 3121 5739; x_wconf 79' lang='lat' dir='ltr'><strong>_&#39;_l‘atian_us,</strong></span> <span class='ocrx_word' id='word_1_1053' title='bbox 3173 5659 3543 5728; x_wconf 71' lang='lat' dir='ltr'><strong>&#39;l‘erlullianus</strong></span> <span class='ocrx_word' id='word_1_1054' title='bbox 3569 5713 3586 5739; x_wconf 95' lang='lat'><strong>,</strong></span> 
     </span>
    </p>
   </div>
   <div class='ocr_carea' id='block_1_130' title="bbox 1984 5733 3581 5817">
    <p class='ocr_par' dir='ltr' id='par_1_130' title="bbox 1984 5733 3581 5817">
     <span class='ocr_line' id='line_1_132' title="bbox 1984 5733 3581 5817; baseline 0.006 -28"><span class='ocrx_word' id='word_1_1055' title='bbox 1984 5733 2296 5817; x_wconf 63' lang='lat' dir='ltr'><strong>Lactantius</strong></span> <span class='ocrx_word' id='word_1_1056' title='bbox 2320 5774 2352 5817; x_wconf 52' lang='grc' dir='ltr'><em>λ</em></span> <span class='ocrx_word' id='word_1_1057' title='bbox 2399 5735 2735 5817; x_wconf 57' lang='grc' dir='ltr'><strong>βχρῆεξῃιεε,</strong></span> <span class='ocrx_word' id='word_1_1058' title='bbox 2790 5734 3123 5794; x_wconf 71' lang='grc' dir='ltr'><strong>Ριιωδαάίιιδ</strong></span> <span class='ocrx_word' id='word_1_1059' title='bbox 3145 5782 3160 5807; x_wconf 87' lang='grc'><em>,</em></span> <span class='ocrx_word' id='word_1_1060' title='bbox 3193 5733 3581 5817; x_wconf 72' lang='lat' dir='ltr'><strong>__Epipbauius,</strong></span> 
     </span>
    </p>
   </div>
   <div class='ocr_carea' id='block_1_131' title="bbox 1984 5805 3589 5886">
    <p class='ocr_par' dir='ltr' id='par_1_131' title="bbox 1984 5805 3589 5886">
     <span class='ocr_line' id='line_1_133' title="bbox 1984 5805 3589 5886; baseline 0.009 -28"><span class='ocrx_word' id='word_1_1061' title='bbox 1984 5805 2133 5874; x_wconf 77' lang='lat' dir='ltr'><strong>apud</strong></span> <span class='ocrx_word' id='word_1_1062' title='bbox 2151 5819 2291 5876; x_wconf 80' lang='lat' dir='ltr'><strong>quos</strong></span> <span class='ocrx_word' id='word_1_1063' title='bbox 2313 5805 2541 5886; x_wconf 73' lang='lat' dir='ltr'><strong>Spiritus</strong></span> <span class='ocrx_word' id='word_1_1064' title='bbox 2564 5806 2805 5886; x_wconf 53' lang='lat' dir='ltr'><strong>divinata</strong></span> <span class='ocrx_word' id='word_1_1065' title='bbox 2855 5818 3100 5867; x_wconf 73' lang='lat' dir='ltr'><strong>naturam</strong></span> <span class='ocrx_word' id='word_1_1066' title='bbox 3137 5805 3589 5886; x_wconf 64' lang='lat' dir='ltr'><strong>tribus&#39;persouis</strong></span> 
     </span>
    </p>
   </div>
   <div class='ocr_carea' id='block_1_132' title="bbox 1983 5878 2883 5951">
    <p class='ocr_par' dir='ltr' id='par_1_132' title="bbox 1983 5878 2883 5951">
     <span class='ocr_line' id='line_1_134' title="bbox 1983 5878 2883 5951; baseline 0.004 -18"><span class='ocrx_word' id='word_1_1067' title='bbox 1983 5891 2329 5935; x_wconf 88' lang='lat' dir='ltr'><strong>communem</strong></span> <span class='ocrx_word' id='word_1_1068' title='bbox 2360 5878 2559 5951; x_wconf 86' lang='lat' dir='ltr'><strong>passim</strong></span> <span class='ocrx_word' id='word_1_1069' title='bbox 2594 5878 2883 5951; x_wconf 88' lang='lat' dir='ltr'><strong>significat.</strong></span> 
     </span>
    </p>
   </div>
  </div>
