4216 6254
654 310 717 367 7i
1894 318 2139 377 SANCTI
2180 319 2435 376 HILARII
2475 321 2777 380 EPISCOPI
3889 330 3967 387 79.

653 430 726 484 lio
763 429 1070 501 frequenter
1113 429 1356 503 intelligi.
1409 433 1465 488 In
1490 446 1596 503 quo
1655 432 1785 489 nihil
1841 436 2075 504 scrnpuli
2124 447 2244 491 est:
2277 438 2536 515 Amabat
2577 455 2592 493 :
2648 437 2790 510 quod
2844 440 3085 497 Samaria
3136 439 3204 496 ad
3267 440 3603 498 adorandum
3640 443 3808 500 Deum
3865 461 3965 512 per

660 521 773 575 sive
804 524 947 577 enim
976 522 1156 589 Pater,
1190 523 1303 578 sive
1335 523 1521 591 Filius,
1563 524 1643 598 (Ι)
1692 526 1770 596 (a)
1819 528 1874 582 et
1919 528 2150 598 Spiritus
2199 541 2254 585 et

659 628 877 671 SﬂllClllS
905 626 1006 671 εει.

729 707 836 780 45
887 710 948 765 51
965 749 978 762 .
1028 708 1142 777 Qua
1170 709 1366 765 ratione
1386 710 1575 764 dictum
1602 711 1687 775 sit,
1733 709 1873 764 Deus
1902 713 2131 782 Spiritus
2158 723 2250 769 est.

658 801 822 857 Error
840 802 1186 859 Samaritana:
1209 803 1373 859 Deum
1391 805 1579 873 templo
1601 804 1678 859 vel
1701 815 1864 859 monte
1876 805 2256 860 claudentis.—

653 895 757 950 Sed
789 894 841 949 id
873 895 1014 967 quod
1043 897 1094 949 in
1127 895 1433 967 Evangeliis
1470 898 1693 967 legitur,
1721 897 1855 965 Quia
1888 896 2023 951 Deus
2043 899 2256 968 spiritus

650 986 917 1058 est(Joan.
942 1005 1017 1057 tv,
1045 989 1163 1059 ‘24),
1189 990 1473 1061 diligenter
1498 1002 1577 1047 est
1602 992 1963 1046 contuendum
1986 992 2255 1063 quomodo

654 1090 708 1137 et
738 1096 842 1152 qua
881 1081 1094 1138 ratione
1142 1083 1213 1137 sit
1264 1082 1492 1137 dictum.
1548 1082 1722 1139 Omne
1773 1084 1917 1140 euitn
1967 1085 2167 1139 dictum
2197 1095 2256 1140 ut

648 1173 859 1229 dicatur
909 1189 979 1230 ex
1008 1190 1168 1230 causa
1199 1185 1317 1242 est,
1370 1186 1425 1230 et
1463 1176 1593 1232 dicti
1626 1177 1764 1232 ratio
1810 1192 1879 1233 ex
1935 1192 2096 1232 sensu
2148 1178 2254 1234 erit

650 1265 1002 1337 intelligenda
1031 1267 1112 1339 (b)
1143 1265 1391 1333 dicendi;
1416 1284 1485 1323 ne
1509 1269 1630 1338 quia
1661 1283 1982 1340 responsum
2011 1287 2041 1324 a
2068 1269 2253 1325 Domi-

651 1374 720 1412 no
750 1369 852 1423 est,
901 1359 1129 1431 Spiritus
1162 1361 1299 1416 Deus
1325 1371 1428 1424 est,
1462 1362 1662 1417 idcirco
1690 1377 1812 1417 cum
1870 1364 2042 1417 sancti
2077 1361 2251 1432 Spiri-

647 1458 733 1505 tus
762 1452 981 1508 nomine
1003 1462 1057 1508 et
1085 1467 1213 1508 usus
1246 1464 1472 1525 negetur
1493 1461 1548 1509 et
1575 1455 1798 1509 donum.
1832 1451 1967 1508 Cum
2012 1453 2253 1510 Samari-

648 1553 772 1599 tana
827 1546 1054 1601 Domino
1108 1556 1227 1602 erat
1254 1563 1434 1603 sermo
1474 1565 1489 1602 :
1523 1557 1748 1605 venerat
1771 1548 1915 1607 enim
1948 1548 2249 1618 redemptio

654 1637 1055 1693 universorum.
1103 1639 1200 1694 Cui
1246 1649 1364 1709 post
1395 1640 1621 1694 multum
1662 1655 1966 1695 sermonem
1994 1640 2066 1712 (c)
2096 1656 2249 1708 aqua;

651 1727 812 1796 vivae,
860 1740 914 1785 et
957 1731 1191 1802 quinque
1230 1734 1506 1800 virorum,
1561 1743 1615 1788 et
1645 1748 1789 1788 nunc
1841 1736 1961 1803 ejus
1990 1736 2249 1804 quiesset

2362 532 2843 602 transgressionem
2879 532 3011 601 legis
3038 534 3214 589 locum
3244 534 3446 590 montis
3474 536 3751 606 elegerat,
3781 537 3963 593 Jutlu'i

2358 640 2487 679 vero
2518 628 2772 696 templum
2799 641 2829 681 a
2862 626 3157 683 Salomone
3173 628 3448 683 conditum
3477 629 3752 699 religionis
3774 629 3961 685 sedem

2355 716 2770 772 existimabant:
2802 733 3034 788 quorum
3062 728 3418 790 utrorumque
3446 722 3799 791 prmsutnpliu
3825 764 3839 789 ,
3868 733 3965 777 aut

2355 809 2513 864 collis
2556 808 2722 878 edito,
2754 817 2845 864 aut
2887 821 3182 866 exstructa:
3231 811 3426 867 domus
3479 828 3756 879 ceneavo,
3792 815 3962 871 Deum

2354 898 2494 957 intra
2526 917 2688 972 quem
2742 903 2922 957 omnia
2979 913 3033 958 et
3079 914 3229 959 extra
3265 919 3425 976 quem
3459 905 3594 960 nihil
3641 908 3758 977 ejus
3788 923 3959 979 Capax

2356 1002 2469 1058 est,
2509 993 2840 1048 continebat.
2886 993 3028 1064 Ergo
3055 994 3178 1063 quia
3213 996 3353 1051 Deus
3402 995 3712 1064 invisibilis,
3751 997 3960 1053 incom-

2356 1084 2755 1153 prehensibilis,
2778 1087 3074 1142 immensus
3094 1085 3204 1159 46
3223 1095 3325 1154 est;
3356 1088 3432 1143 ait
3452 1087 3710 1144 Dominus
3741 1092 3959 1147 venisse

2357 1182 2666 1247 tempus,ut
2693 1195 2798 1233 non
2833 1180 2884 1234 in
2919 1189 3102 1236 monte
3125 1184 3203 1236 vel
3227 1182 3429 1252 templo
3460 1182 3597 1237 Deus
3621 1183 3694 1238 sit
3720 1183 3955 1239 adoran-

2355 1268 2491 1325 dus:
2525 1271 2646 1341 quia
2669 1273 2882 1342 spiritus
2912 1271 3052 1328 Deus
3091 1283 3199 1340 est,
3250 1284 3302 1328 et
3326 1274 3546 1345 spiritus
3586 1290 3685 1330 nec
3724 1276 3957 1331 circum-

2353 1364 2630 1431 scribitur,
2662 1379 2764 1419 nec
2787 1372 3031 1433 tenetur,
3062 1364 3142 1437 (d)
3168 1367 3255 1437 qui
3291 1381 3385 1437 per
3414 1374 3617 1422 natura:
3642 1383 3755 1423 sua:
3785 1370 3956 1423 virtu-

2354 1463 2461 1510 tem
2492 1456 2689 1527 ubique
2733 1467 2848 1526 est,
2898 1474 3074 1529 neque
3106 1474 3330 1529 usquam
3378 1459 3565 1526 abest,
3601 1460 3653 1514 in
3703 1463 3956 1518 omnibus

2353 1553 2531 1606 omnis
2577 1552 2921 1608 exuberans:
2967 1553 3064 1608 hos
3091 1553 3251 1624 igitur
3280 1568 3440 1608 veros
3464 1568 3586 1610 esse
3614 1553 3953 1622 adoratures,

2351 1646 2441 1715 qui
2476 1647 2526 1698 in
2573 1647 2775 1717 Spiritu
2799 1657 2853 1701 et
2881 1646 3108 1702 veritate
3138 1648 3247 1701 sint
3287 1648 3587 1702 adoraturi.
3632 1648 3958 1706 Aderaturis

2351 1749 2531 1796 autem
2564 1741 2618 1795 in
2652 1741 2856 1812 Spiritu
2891 1742 3056 1796 Deum
3082 1742 3342 1812 Spiritum
3369 1784 3383 1807 ,
3411 1740 3481 1815 (e)
3507 1741 3644 1797 alter
3672 1743 3722 1797 in
3750 1744 3953 1811 officio,

648 1823 859 1879 alienus
876 1822 1180 1895 (Ibid.,‘20),
1208 1825 1398 1880 mulier
1417 1826 1723 1896 respondit:
1751 1826 1988 1894 Domine,
2007 1827 2245 1882 animad-
2276 1851 2326 1911 Β
2352 1833 2489 1887 alter
2518 1833 2571 1888 in
2602 1832 2806 1888 honore
2837 1845 2912 1888 est
2940 1851 2954 1901 ;
2987 1832 3110 1905 quia
3155 1833 3448 1888 discretum
3477 1844 3561 1890 est
3582 1835 3635 1888 in
3674 1852 3780 1904 quo
3808 1835 3959 1905 quis-

649 1925 788 1971 verto
817 1917 953 1987 quod
1000 1916 1252 1989 propheta
1297 1934 1368 1972 es.
1399 1916 1578 1972 Patres
1634 1918 1797 1972 nostri
1842 1919 1897 1971 in
1947 1928 2116 1972 monte
2153 1920 2249 1972 hoc

648 2008 1027 2073 adoraverunt;
1055 2018 1101 2062 et
1130 2023 1218 2063 vos
1247 2008 1416 2063 dicitis
1439 2009 1683 2080 quoniam
1723 2010 1775 2063 in
1806 2007 2148 2080 Jerosolymis
2173 2017 2250 2063 est

649 2099 791 2153 locus
814 2099 897 2153 ubi
925 2098 1146 2154 adorare
1176 2109 1395 2170 oportet.
1432 2100 1693 2155 Dominus
1736 2101 2016 2171 respondit
2045 2121 2059 2156 :
2085 2099 2251 2157 Crede

654 2189 803 2258 mihi,
825 2192 1032 2259 mulier,
1059 2194 1303 2263 quoniam
1330 2194 1460 2249 venit
1486 2195 1635 2262 liora,
1667 2196 1873 2263 quando
1900 2210 2060 2264 neque
2078 2195 2133 2249 in
2150 2194 2250 2249 isto

651 2294 841 2352 monte,
870 2300 1033 2355 neque
1056 2285 1108 2338 in
1135 2283 1477 2357 Jerosolymis
1525 2286 1805 2340 adorabitis
1863 2285 2088 2340 Patrem.
2140 2285 2248 2341 Vos

647 2376 875 2432 adoratis
921 2377 1058 2447 quod
1110 2379 1337 2443 nescitis,
1395 2395 1485 2434 nos
1526 2379 1805 2434 adoramus
1853 2380 1992 2450 quod
2017 2381 2245 2447 scimus,

646 2471 891 2541 quoniam
918 2472 1063 2527 salus
1102 2488 1165 2526 ea:
1201 2470 1406 2527 Iudaeis
1444 2482 1538 2527 est.
1572 2472 1677 2529 Sed
1701 2474 1835 2527 venit
1858 2472 2006 2540 hora,
2037 2483 2084 2527 et
2112 2489 2250 2526 nunc

640 2574 744 2631 est,
771 2581 887 2619 cum
917 2566 1019 2619 veri
1056 2566 1359 2621 adoratores
1413 2566 1704 2622 adorabunt
1734 2566 1943 2622 Patrem
1966 2568 2018 2621 in
2044 2566 2251 2634 Spiritu

642 2665 692 2710 et
718 2658 930 2711 veritate
951 2672 970 2711 :
996 2659 1179 2713 etenim
1218 2657 1373 2714 Pater
1402 2661 1528 2714 tales
1553 2662 1735 2730 (μιαίνει
1760 2662 1849 2732 qui
1866 2663 2083 2716 adorent
2111 2677 2246 2716 eum.

648 2746 879 2819 Spiritus
923 2749 1059 2804 enim
1084 2749 1225 2805 Deus
1248 2760 1325 2806 est
1350 2793 1365 2819 ,
1395 2761 1443 2807 et
1468 2752 1744 2807 adorantes
1774 2770 1890 2809 eum
1910 2795 1926 2820 ,
1957 2754 2012 2808 in
2041 2754 2247 2823 Spiritu

644 2850 693 2894 et
712 2841 920 2896 veritate
939 2853 1136 2913 oportet
1151 2843 1370 2899 adorare
1386 2886 1402 2911 ,
1425 2846 1546 2916 quia
1562 2846 1704 2902 Deus
1723 2847 1932 2918 spiritus
1955 2857 2029 2903 est
2054 2847 2244 2920 (Ibid.,

647 2933 715 2988 21
747 2943 793 2989 et
822 2935 1012 3008 seqq.).
1044 2937 1237 2993 Mulier
1265 2938 1425 3009 igitur
1472 2942 1817 2997 traditionum
1843 2957 2052 2999 memor
2072 2952 2249 3012 pater-

649 3041 840 3082 narum
862 3071 876 3091 ,
931 3030 1016 3085 vel
1069 3041 1339 3101 tamquam
1370 3032 1612 3089 Samaria
1664 3035 1716 3089 in
1746 3046 1958 3103 monte,
1992 3037 2079 3093 vel
2114 3046 2250 3092 tam-

649 3136 810 3191 quam
842 3121 1144 3179 Jerusalem
1173 3125 1225 3180 in
1252 3126 1451 3196 templo
1489 3128 1822 3185 adorandum
1852 3130 2020 3186 Deum
2065 3133 2249 3190 existi-

723 3258 802 3334 (l)
835 3258 902 3313 Et
929 3258 1160 3330 Spiritus
1188 3270 1392 3317 sanctus
1419 3271 1509 3318 est.

722 3373 812 3454 (a)_
832 3373 1020 3454 Plures
1066 3389 1199 3430 mss.
1246 3376 1368 3430 eum
1395 3377 1655 3454 vulgatis,
1686 3390 1747 3454 e_t_
1788 3379 2015 3454 Spiritus
2039 3393 2246 3442 sanctus

649 3446 743 3501 est.
777 3446 1121 3501 Prteferimus
1165 3461 1287 3500 cum
1333 3464 1439 3501 uno
1470 3446 1657 3505 codice
1708 3446 1902 3514 V'atic..
1953 3466 1997 3508 et
2021 3456 2249 3514 Spiritus

648 3527 698 3571 et
716 3529 925 3571 sanctus
946 3528 1018 3571 est
1037 3559 1051 3584 ,
1085 3517 1185 3571 nisi
1218 3517 1373 3572 malis
1395 3535 1515 3575 cum
1545 3531 1730 3579 vetere
1758 3524 1911 3579 Colb.
1938 3540 2002 3581 ac
2030 3517 2245 3585 Germ;

646 3589 751 3642 sive
782 3587 952 3643 Filius
979 3598 1052 3642 est
1079 3598 1287 3643 sanctus
1316 3589 1566 3658 Spiritus.

717 3658 803 3733 (ὁ)
840 3661 999 3737 Editi,
1035 3661 1270 3714 dicentis.
1305 3660 1612 3737 Legendutu
1646 3680 1766 3737 esse
1803 3666 2008 3723 dicendi
2036 3671 2247 3737 passive

651 3740 760 3786 tum
784 3732 1052 3802 petierunt
1086 3747 1217 3786 mss.
1248 3735 1562 3802 auctoritas,
1602 3745 1711 3789 ttnu
1744 3736 1859 3793 haec
1887 3732 2114 3795 suadent
2148 3742 2240 3797 lib.

650 3817 727 3869 tv,
762 3820 818 3857 ιι.
859 3803 958 3857 M:
1003 3802 1354 3874 lntelligentia
1400 3806 1534 3859 enint
1583 3808 1839 3863 dictorum
1888 3828 1951 3865 ea:
1979 3813 2147 3867 causis
2174 3823 2249 3869 est

646 3874 955 3930 assumenda
982 3874 1227 3929 dicendi:
1256 3877 1376 3945 quia
1407 3893 1508 3931 non
1535 3881 1756 3933 sermoni
1796 3898 1895 3947 res,
1927 3885 2017 3936 sed
2054 3885 2127 3938 rei
2170 3897 2247 3940 est

645 3962 809 4019 sermo
835 3948 1110 4019 subjectus.

722 4016 794 4099 (c)
841 4016 1086 4099 μί’-11158.
1118 4017 1337 4090 optione
1378 4026 1542 4088 noue,
1573 4037 1721 4092 aqua:
1745 4022 1882 4092 vine,
1911 4034 1964 4080 et
2004 4040 2130 4082 mox
2158 4033 2247 4099 qui

647 4098 773 4142 esset
801 4089 976 4141 alieni.

724 4158 805 4231 (ά)
845 4158 1110 4239 [immuni
1124 4174 1258 4216 mss.
1289 4176 1411 4239 cum
1441 4163 1621 4239 editis,
1650 4165 1788 4239 quia.
1834 4167 2124 4236 Sequimur
2147 4185 2246 4239 po-

646 4229 1068 4308 tiores:_Deinde
1096 4230 1149 4308 i_n
1180 4246 1283 4308 ms.
1316 4232 1433 4308 vat.
1463 4234 1577 4308 bas.
1602 4229 1824 4292 et'Vict.
1858 4229 2032 4294 omnes
2055 4229 2245 4308 exn-pe-

644 4317 786 4354 rans.
823 4300 1035 4357 Habent
1060 4301 1220 4357 etiam
1237 4302 1476 4373 plerique
1502 4304 1590 4359 alii
1614 4321 1808 4373 omnes,
1842 4324 1982 4363 unus
2008 4300 2240 4367 Sorbon.

645 4387 812 4434 omne,
848 4372 936 4425 alii
970 4382 1080 4429 tres
1108 4374 1301 4427 omnia.
1331 4372 1472 4429 Nihil
1503 4372 1814 4434 mutandum
1846 4380 2078 4436 videtur.
2110 4383 2244 4439 Ver-

644 4442 1041 4519 bumexubero,
1072 4518 1077 4519 γ
1090 4444 1280 4519 tibide
1311 4445 1511 4514 Spiritu
1558 4463 1741 4505 set-mo
1789 4462 1893 4519 est,
1928 4453 2132 4510 Hilario
2161 4467 2243 4511 est

643 4513 1041 4590 fatniliare.__De
1068 4515 1162 4571 illo
1190 4513 1364 4572 habet,
1390 4533 1510 4589 cap.
1539 4520 1606 4577 10
1637 4521 1688 4575 in
1732 4513 1944 4590 Mattli.,
1978 4542 2126 4579 num.
2159 4528 2194 4579 2
2222 4544 2237 4582 :

648 4584 1031 4653 Quantumlibet
1060 4598 1357 4664 assumatur
1373 4607 1413 4664 ρ
1454 4584 1672 4658 cunctis,
1708 4594 1791 4664 ad
1821 4584 2146 4664 largiendum
2189 4614 2242 4652 se

642 4666 831 4738 tamen
849 4674 1049 4738 semper
1077 4660 1440 4738 exuberat._Et
1479 4675 1600 4738 cap.
1649 4663 1739 4727 i5,
1778 4681 1832 4738 ῃ.
1871 4660 1978 4722 ti):
2011 4667 2241 4738 Spiritus

637 4731 790 4800 capia
813 4729 1207 4800 indicatur,_cui
1229 4729 1366 4800 quod
1391 4729 1644 4800 largiatur
1667 4735 1924 4789 exuberet.

717 4799 790 4877 (ε)
831 4797 889 4853 In
954 4814 1059 4854 ms.
1078 4790 1214 4877 'Yat.
1242 4790 1399 4867 'bas.,
1441 4790 1573 4877 alter
1594 4804 1673 4877 in,
1697 4804 1951 4875 obsequio,
2001 4808 2142 4877 quod
2168 4809 2237 4866 de
2263 4790 2319 4852 Β

639 4868 845 4947 Spiritu
871 4879 1060 4925 sancto
1078 4869 1303 4935 dictum,
1328 4880 1386 4947 ut
1405 4874 1473 4947 ab
1499 4889 1565 4928 eo
1586 4875 1788 4945 Spiritu
1814 4868 1904 4947 qui
1927 4868 2237 4937 adorandus

636 4950 721 5016 est
745 4940 909 5016 alium
936 4956 1060 5016 eum
1090 4956 1214 4997 esse
1240 4942 1578 5016 conficiatur,
1610 4940 1779 5001 videri
1814 4940 1995 5016 posset
2016 4951 2236 5007 Arionis

635 5010 840 5077 favere,
871 5011 1133 5080 Spiritum
1184 5025 1429 5069 sanctum
1482 5015 1656 5073 Patris
1682 5028 1736 5073 et
1776 5010 1899 5074 Filii
1928 5022 2232 5078 ministrum

635 5081 1022 5155 etlutientibus.
1076 5086 1146 5139 At
1191 5085 1283 5140 illo
1328 5086 1580 5155 loquendi
1626 5089 1787 5146 modo
1836 5100 2041 5148 tantum
2075 5094 2235 5150 habet

633 5153 873 5210 Hilarius
912 5154 1175 5211 rationem
1216 5153 1599 5226 processiouis,
1628 5176 1725 5217 seu
1767 5162 2232 5222 subordinationis

635 5225 1019 5307 quahSpiritus
1042 5225 1266 5307 sanctus
1297 5228 1578 5299 subjicitur
1624 5233 1888 5303 principio
1912 5251 1942 5289 a
1970 5251 2077 5307 quo
2107 5253 2231 5307 pro-

633 5296 797 5377 cedit.
831 5296 922 5353 Sic
947 5298 1016 5377 de
1042 5298 1200 5377 Filio,
1237 5296 1469 5377 testante
1496 5316 1556 5356 se
1578 5296 1685 5359 non
1712 5296 1869 5373 posse
1888 5296 2177 5377 quidquam
2200 5326 2228 5363 a

635 5380 698 5422 se
738 5367 919 5427 facere
962 5369 1069 5424 nisi
1112 5370 1307 5425 viderit
1354 5370 1567 5428 Patrem
1620 5367 1938 5441 t'aci'entem',
1987 5367 2049 5433 in'
2086 5378 2229 5435 Psal.

631 5451 891 5506 cxxxvm,
925 5456 1073 5495 num.
1103 5440 1195 5518 28,
1224 5441 1494 5518 loquitur:
1526 5442 1877 5502 Contestatam
1902 5440 1965 5504 de
1984 5467 2039 5504 se
2064 5462 2233 5518 potes-

631 5518 784 5583 tatem
827 5527 919 5583 per
946 5513 1237 5573 reverentia:
1259 5511 1505 5569 honorent
1532 5520 1576 5570 ei
1618 5519 1699 5571 cui
1728 5522 1900 5574 omnia
1930 5511 2226 5577 meminerat

629 5582 1173 5659 conﬁtendasubjecit,
1209 5601 1311 5639 non
1335 5585 1433 5642 sibi
1454 5587 1682 5643 adimens
1706 5593 1843 5659 quod
1865 5591 2055 5646 similia
2077 5591 2226 5648 Patri

650 5661 821 5733 tonet,
851 5655 942 5733 sed
967 5655 1083 5733 eum
1103 5672 1193 5726 per
1212 5673 1361 5733 quem
1373 5658 1578 5733 similia
1598 5655 1766 5729 posset
1793 5662 2080 5720 ostendens.
2109 5664 2219 5733 Sic,

649 5721 736 5803 ὣς.
752 5724 821 5778 de
851 5721 1184 5803 Synod.,'n.
1223 5721 1323 5793 ⁷51,
1355 5721 1608 5803 diversas
1635 5745 1917 5803 enumerat
1962 5721 2218 5801 rationes;

625 5792 822 5863 quibus
850 5791 1040 5863 Filius,
1065 5797 1231 5853 etiam
1252 5791 1359 5869 qua
1388 5800 1555 5869 Deus,
1583 5801 1868 5873 subjicitur
1896 5803 2044 5862 Patri
2068 5791 2085 5861 ἑ
2121 5791 2219 5863 Vel

2348 1942 2454 1997 que
2480 1928 2898 1982 sitadorantlus.
2931 1928 3046 1983 Non
3076 1929 3220 1984 enim
3256 1927 3397 1983 tollit
3424 1930 3593 1982 sancti
3621 1928 3853 1999 Spiritus
3900 1937 3959 1985 et

2353 2036 2553 2077 nomen
2584 2031 2636 2076 et
2660 2022 2889 2089 donum,
2919 2024 3041 2094 quia
3069 2023 3269 2079 dictum
3297 2035 3382 2078 est
3401 2064 3415 2088 ,
3445 2022 3580 2078 Deus
3609 2023 3839 2095 Spiritus
3857 2035 3952 2081 est.

2354 2113 2692 2186 ResponSItm
2717 2124 2896 2170 autem
2922 2127 3003 2170 est
3028 2116 3237 2170 mulieri
3271 2116 3434 2170 Demn
3466 2115 3669 2185 templo
3692 2126 3745 2171 et
3773 2126 3956 2171 monte

2349 2211 2645 2279 claudenti,
2672 2226 2792 2267 esse
2824 2210 3004 2266 omnia
3029 2211 3080 2266 in
3107 2213 3214 2267 Deo
3234 2252 3250 2277 ,
3279 2210 3444 2265 Deum
3475 2212 3525 2265 in
3547 2211 3867 2279 semetipso,
3902 2218 3957 2265 cl.

2356 2301 2680 2358 invisibilem
2734 2314 2896 2372 atque
2946 2301 3545 2369 incomprehensibilem
3604 2303 3654 2357 in
3714 2303 3777 2356 iis
3834 2318 3957 2371 ψιώ

2355 2395 2644 2450 invisibilia
2689 2407 2744 2451 et
2794 2395 3363 2465 incomprehensibilia
3420 2402 3549 2450 sunt
3597 2394 3954 2449 adorandum.

2355 2487 2531 2556 Atque
2555 2489 2626 2541 ita
2658 2495 2843 2541 natura
2875 2495 2930 2541 et
2956 2488 3193 2541 muneris
3220 2496 3276 2541 et
3304 2485 3527 2540 honoris
3560 2486 3629 2558 (ί)
3661 2486 3955 2557 signiﬁcata

2357 2589 2469 2643 est,
2499 2595 2620 2635 cum
2654 2580 2705 2634 in
2746 2579 2950 2650 Spiritu
3009 2579 3174 2634 Deum
3224 2579 3487 2650 Spiritum
3513 2579 3698 2634 docuit
3722 2580 3952 2635 adoran-

2357 2671 2482 2726 dum
2504 2715 2518 2738 ,
2552 2681 2606 2727 et
2634 2671 2937 2728 libertatem
2963 2689 3025 2728 ac
3046 2674 3329 2729 scientiam
3353 2674 3716 2739 adorantium,
3739 2686 3793 2730 et
3824 2677 3956 2730 ado-

2352 2766 2505 2820 randi
2539 2765 2617 2839 (g)
2666 2766 3010 2834 inliuitatem,
3049 2766 3177 2821 dum
3225 2767 3279 2821 in
3310 2766 3515 2837 Spiritu
3548 2767 3690 2824 Deus
3722 2768 3957 2838 Spiritus

2350 2860 2607 2917 adoratur
2625 2905 2642 2930 ,
2674 2863 2759 2932 (It)
2787 2864 3101 2919 ostendens.

2424 2955 2514 3010 52.
2533 2954 2718 3012 Simile
2743 2956 2864 3011 huic
2884 2956 3045 3011 etiam
3072 2956 3200 3011 illud
3217 2956 3459 3029 Apostoli
3482 2965 3562 3013 est
3585 2976 3598 3013 :
3618 2956 3755 3025 Quia
3778 2955 3960 3011 Domi-

2353 3064 2450 3102 nus
2479 3048 2708 3120 Spiritus
2737 3060 2831 3115 cst,
2861 3050 2944 3105 ubi
2988 3062 3160 3105 autem
3214 3052 3439 3122 Spiritus
3485 3051 3694 3107 Domini
3749 3062 3844 3119 est,
3886 3051 3959 3105 ibi

2353 3138 2561 3196 libertas
2583 3150 2655 3196 est
2683 3140 2751 3216 (ll
2781 3142 2900 3197 Cor.
2930 3159 3010 3210 tu,
3044 3143 3158 3214 17).
3196 3143 3467 3202 Discrevit
3490 3146 3555 3202 ad
3586 3145 3955 3216 intelligentiae

2273 3389 2318 3454 C
2350 3391 2483 3473 ξιξ-ῳ
2513 3395 2715 3473 quidem
2762 3398 3131 3473 maximenon
3162 3409 3490 3473 comparatur
3529 3417 3622 3456 nec
3649 3411 3958 3473 coaequatur

2356 3461 2533 3543 Filius
2558 3466 2724 3543 Patri,
2752 3471 2885 3543 dum
2929 3470 3164 3543 subditus
3195 3461 3286 3541 per.
3311 3472 3612 3526 obedientia!
3636 3461 3956 3543 obseq'itelam

2352 3546 2448 3598 est,
2479 3536 2602 3590 dum
2631 3540 2699 3593 ad
2727 3539 2988 3595 dexteram
3033 3540 3135 3595 Dei
3174 3536 3282 3595 tum
3307 3544 3555 3608 consedit,
3607 3559 3723 3596 cum
3763 3536 3869 3598 sibi
3901 3554 3956 3598 ut

2353 3610 2637 3683 consideret
2665 3610 2859 3666 dictum
2898 3613 2985 3677 sit,
3018 3613 3141 3667 dum
3171 3615 3402 3669 mittitur.
3432 3614 3555 3666 dum
3591 3615 3798 3683 accipit,
3830 3616 3957 3670 dum

2350 3676 2407 3758 in
2429 3681 2667 3758 omnibus
2683 3684 2943 3758 voluntati
2974 3676 3089 3758 ejus
3130 3685 3215 3752 qui
3241 3702 3293 3739 se
3318 3686 3455 3758 misit
3480 3676 3797 3751 obsequitur.
3846 3688 3956 3741 Sed

2353 3749 2556 3818 pietatis
2580 3754 2824 3819 subjectis
2853 3771 2955 3808 non
2995 3749 3070 3809 cst
3101 3749 3332 3821 essentia:
3361 3749 3653 3820 diminutio,
3701 3773 3794 3809 nec
3830 3759 3956 3813 reli-

2350 3820 2516 3897 gionis
2537 3824 2757 3894 ofﬁcium
2778 3825 3072 3894 degenerem
3089 3820 3233 3897 eﬁicit
3253 3837 3510 3880 naturam.
3534 3827 3598 3882 Et
3621 3837 3743 3897 post
3762 3843 3952 3894 pauca,

2352 3890 2788 3971 ll_aben_s"non_ten,
2824 3890 2911 3950 scd
2951 3901 3062 3969 ejus
3091 3890 3331 3971 c'itjusAet
3359 3890 3703 3971 [ilius‘estiﬁt
3729 3890 3883 3953 Patri
3907 3890 3955 3955 et

2352 3965 2586 4036 obsequio
2614 3967 2872 4036 subjectus
2916 3965 3214 4023 et’nomitie.
3249 3965 3472 4025 Demutn
3507 3969 3600 4022 lih.
3635 3965 3708 4033 tv,
3756 3972 3958 4025 solem-

2352 4035 2436 4107 nis
2462 4050 2544 4091 eSt
2573 4037 2849 4094 distinctio
2897 4039 2988 4096 Dei
3033 4041 3261 4095 dicentis
3312 4057 3407 4096 seu
3452 4042 3726 4107 juheutis,
3759 4051 3814 4096 et
3860 4042 3954 4098 Dei

2350 4105 2660 4181 efticientis,
2687 4125 2914 4179 quorum
2945 4120 3123 4165 tamen
3150 4127 3253 4166 una
3284 4105 3470 4166 natura
3502 4113 3841 4181 prmdteatttr.
3877 4113 3954 4167 Ita

2349 4177 2511 4232 etiam
2543 4180 2629 4235 hic
2658 4177 2743 4236 ubi
2788 4182 3043 4252 Spiritum
3072 4194 3317 4239 sanctum
3346 4198 3376 4237 a
3404 4177 3535 4247 Deo,
3581 4182 3633 4237 itt
3663 4194 3768 4251 est,
3792 4203 3819 4237 ει
3847 4184 3955 4239 Pa-

2349 4254 2454 4322 tre,
2476 4260 2532 4306 et
2553 4268 2579 4305 a
2606 4252 2855 4319 Domino,
2885 4255 2987 4309 hoc
3012 4266 3116 4321 est,
3146 4270 3176 4309 a
3204 4254 3363 4322 Filio,
3388 4254 3718 4310 subsislendi
3746 4255 3955 4311 ratione

2348 4320 2509 4392 alium
2533 4339 2653 4379 esse
2676 4334 2957 4381 ostensum
2984 4337 3087 4392 εει,
3113 4336 3299 4380 natura
3326 4320 3431 4380 non
3461 4326 3603 4381 aliud
3625 4342 3746 4381 esse
3770 4328 3954 4382 multis

2348 4390 2769 4451 demonstratur.
2804 4396 2942 4463 Quid
2974 4390 3117 4451 enim
3148 4397 3292 4451 aliud
3324 4398 3425 4452 sibi
3456 4397 3591 4463 vult,
3627 4398 3795 4451 Deum
3824 4398 3949 4452 infi-

2348 4464 2541 4532 nitum,
2574 4467 2919 4531 invisibilem,
2952 4467 3578 4535 incomprehensibilem,
3605 4470 3950 4536 immensum,

2346 4550 2467 4610 eum
2490 4536 2543 4589 in
2567 4536 2769 4610 Spiritu
2790 4542 3064 4610 adoratur,
3088 4537 3201 4606 jam
3228 4538 3439 4594 inﬁnita
3461 4540 3693 4608 raliwne,
3727 4540 3949 4610 ubique,

2348 4605 2399 4658 in
2428 4604 2493 4659 iis
2519 4604 2638 4675 qua:
2667 4607 2951 4663 invisibilia
2980 4619 3035 4663 et
3076 4604 3642 4676 incomprehensibilia
3675 4604 3819 4669 sunt.
3840 4604 3952 4665 iur-

2348 4689 2437 4752 mo
2469 4676 2520 4730 in
2551 4679 2841 4752 semetipso
2899 4679 3110 4736 adorari
3130 4696 3150 4745 ;-
3194 4681 3345 4752 quid,
3398 4682 3638 4749 inquam,
3690 4682 3794 4736 hoc
3842 4682 3948 4738 sibi

2347 4747 2613 4824 vult,,nisi
2646 4747 2962 4824 liou’orantis
2987 4762 3041 4806 et
3071 4747 3369 4807 honorandi
3418 4747 3649 4824 spiritus
3679 4754 3950 4807 omnimo-

2342 4817 2463 4943 dan;
2507 4834 2628 4876 esse
2655 4822 3075 4932 vproportionem
3104 4866 3120 4892 ,
3171 4817 3532 4895 aequalitatém
3577 4835 3633 4879 ct
3680 4827 3947 4880 unitatem

2342 4904 2435 4943 ner
2458 4901 2630 4943 eciam
2660 4936 2672 4943 .

2340 4901 2630 4958 perlectam
2655 4901 2672 4946 t

2410 4984 2482 5058 (ﬂ
2504 4985 2581 5061 lta
2607 4986 2868 5061 mss._uisi
2897 4990 3039 5061 quod
3073 4989 3125 5044 in
3156 4989 3404 5055 Carnut.,
3439 4991 3758 5061 amplissima
3783 4991 3950 5061 signi-

2336 5055 2550 5126 ficantia
2590 5069 2699 5135 est._
2732 5058 2805 5115 At
2851 5055 3213 5135 ill-Vlllgillls,
3262 5055 3657 5135 expressa'est.
3710 5055 3948 5135 Spiritus

2337 5140 2579 5202 sanctus,
2611 5132 2701 5201 qui
2749 5145 2934 5201 supra,
2981 5150 3035 5186 n.
3081 5132 3140 5196 2,
3183 5132 3361 5189 dictus
3388 5141 3474 5190 est
3514 5150 3711 5189 munus
3738 5133 3879 5202 quod
3914 5150 3948 5189 τι

2336 5199 2449 5273 Deo
2478 5199 2793 5272 accipimus,
2819 5199 2979 5258 nunc
3004 5203 3220 5260 videtur
3260 5205 3365 5260 dici
3393 5221 3590 5260 munus
3638 5199 3779 5273 quod
3834 5205 3949 5259 Deo

2339 5270 2653 5346 deferimus.
2706 5274 2903 5343 Reipsa
2927 5291 3085 5346 quem
3117 5291 3147 5328 a
3194 5278 3304 5332 Deo
3347 5270 3946 5346 accepimns'Spiritutn

2339 5342 2389 5395 ei
2417 5343 2713 5418 reddimus,
2743 5342 2864 5418 cum
2899 5342 3006 5402 non
3056 5357 3264 5413 nostro,
3296 5348 3394 5403 sed
3443 5342 3588 5403 illius
3632 5342 3836 5418 Spiritu
3867 5346 3949 5401 vi-

2337 5423 2525 5469 ventes
2551 5415 2599 5469 ei
2628 5414 2970 5473 famulantur.

2410 5503 2487 5578 (g)
2531 5506 2656 5582 llzec
2698 5506 2958 5582 adorandi
3006 5510 3241 5566 infinitas
3271 5526 3393 5567 cum
3440 5520 3719 5582 repetatur
3761 5527 3826 5566 ex
3879 5526 3948 5566 eo

2333 5576 2522 5703 inlquo
2568 5578 2864 5649 adoratur,
2918 5581 3182 5652 Spiritum
3234 5576 3517 5639 inlinitum'
3546 5599 3669 5640 esse
3718 5596 3947 5639 necesse

2333 5660 2392 5702 es
2422 5687 2437 5701 .

2332 5660 2437 5702 εει.

2401 5735 2483 5819 (lt)
2522 5736 2589 5819 ln_
2623 5738 2822 5819 editis,_
2851 5745 3089 5819 ostendit.
3124 5747 3197 5802 At
3241 5746 3299 5803 in
3341 5746 3595 5819 scriptis,
3649 5748 3942 5815 ostendens,

2325 5809 2471 5883 quad
2498 5809 2735 5870 refertur
2755 5813 2827 5871 ad
2852 5817 3052 5875 docuit.
