4216 6254
282 266 352 319 73
1519 267 1608 324 DE
1646 267 2015 326 TRINITATE
2053 270 2258 329 LIBER
2290 274 2377 332 Ill.
3110 284 3115 289 ’
3526 290 3595 345 74

279 360 735 430 signiﬁcationem
759 358 836 434 (a)
860 372 985 416 eum
1012 361 1101 430 qui
1127 369 1211 416 est
1233 403 1245 427 ,
1271 362 1339 419 ab
1358 376 1424 419 eo
1446 364 1601 435 cujus
1631 373 1735 421 est.
1768 365 1886 421 Non
1915 370 1964 429 Α
1995 378 2098 435 tur,
2122 369 2176 423 hi
2198 370 2295 436 ﬁlii
2316 378 2433 424 sunt
2463 369 2581 425 Dei.
2620 369 2740 426 Non
2761 372 2898 427 enim
2925 375 3196 441 accepistis
3222 377 3460 448 spiritum
3488 398 3599 436 ser-

280 450 425 505 enim
460 450 662 507 habere
686 451 981 522 haberique
997 469 1157 506 unum
1186 462 1290 519 est,
1315 469 1492 524 neque
1513 456 1700 511 eadem
1731 458 1897 526 signi-

280 544 460 600 ﬁcatio
479 548 720 599 continet
741 560 863 601 eum
882 554 1045 614 atque
1074 545 1266 619 ejus.(l
1281 546 1381 620 )lta
1403 564 1523 603 cum
1545 549 1694 616 dicit,
1720 548 1900 604 Domi-

280 662 382 700 nus
427 644 660 717 Spiritus
702 653 807 711 est,
867 653 1113 700 naturam
1157 644 1438 701 inﬁnitatis
1467 647 1585 717 ejus
1624 648 1894 713 ostendit;

280 753 405 793 cum
433 752 566 793 vero
594 737 813 808 adjecit,
849 737 950 793 Ubi
996 737 1225 806 Spiritus
1255 737 1463 795 Domini
1496 738 1571 812 (b)
1596 741 1664 795 ibi
1693 741 1899 796 libertas

282 841 394 899 est,
426 845 551 887 eum
578 831 669 899 qui
724 829 844 900 ejus
899 841 985 885 est
1034 830 1331 901 signiﬁcat;
1387 833 1510 903 quia
1561 844 1617 887 et
1663 832 1900 902 Spiritus

284 922 553 978 Dominus
578 930 662 978 est
683 964 699 989 ,
730 931 784 977 et
812 922 902 977 ubi
934 921 1169 993 Spiritus
1186 931 1272 978 est
1292 923 1525 991 Domini,
1560 924 1630 979 ibi
1657 925 1884 981 libertas

286 1024 390 1070 est.
443 1014 570 1069 Ha‘c
594 1028 699 1068 non
730 1013 874 1083 quod
901 1027 1064 1069 causa
1097 1015 1333 1084 postulet
1360 1014 1502 1070 dicta
1530 1025 1675 1083 sunt,
1710 1015 1806 1070 sed
1831 1030 1899 1070 ne

292 1106 423 1177 quid
482 1105 534 1161 in
581 1105 664 1160 bis
704 1104 1050 1162 obscuritatis
1097 1105 1168 1177 (ε)
1198 1105 1449 1163 haereret.
1480 1106 1576 1161 Est
1601 1106 1744 1162 enim
1790 1104 1897 1179 47

290 1200 526 1271 Spiritus
567 1208 787 1255 sanctus
845 1208 985 1255 unus
1015 1199 1244 1270 ubique,
1297 1215 1487 1256 omnes
1543 1198 1897 1267 patriarchas,

294 1296 609 1366 prophetas,
628 1303 679 1350 et
694 1309 912 1350 omnem
929 1293 1151 1349 chorum
1200 1294 1334 1365 legis
1366 1295 1701 1361 illuminans,
1738 1293 1901 1349 Joan-

301 1404 427 1444 nem
456 1389 617 1444 etiam
663 1390 717 1442 in
748 1396 903 1443 utero
948 1390 1133 1443 matris
1182 1389 1481 1458 inspirans:
1516 1388 1674 1443 datus
1702 1389 1900 1444 deinde

290 1482 555 1553 apostolis
582 1482 903 1551 caeterisque
934 1479 1281 1536 credentibus
1302 1522 1316 1546 ,
1349 1480 1416 1535 ad
1449 1479 1530 1552 (2)
1562 1482 1893 1553 agnitionem

293 1578 414 1643 ejus
442 1588 566 1643 qnze
597 1571 805 1628 indulta
832 1580 918 1627 est
934 1572 1196 1628 veritatis.

364 1668 455 1723 55.
483 1667 715 1736 Spiritus
741 1667 907 1721 sancti
931 1667 1072 1739 quod
1110 1667 1342 1739 ofﬁcium
1368 1673 1420 1723 in
1468 1669 1633 1724 nobis.
1651 1699 1720 1710 —-
1745 1669 1898 1734 Quod

2001 463 2174 516 vitulis
2216 464 2397 517 iterum
2439 463 2506 537 (ί)
2555 468 2611 518 in
2649 467 2904 531 timorem,
2936 471 3026 522 sed
3043 472 3312 543 accepistis
3340 473 3597 540 Spiritum

1999 553 2289 619 adeptionis
2315 596 2329 619 ,
2354 556 2407 609 in
2436 572 2534 626 quo
2563 557 2847 612 clamamus
2877 576 2888 610 :
2918 559 3061 614 Abba
3101 572 3245 631 pater
3276 562 3450 636 (Rom.
3485 580 3599 633 vnt,

2002 646 2114 716 M).
2146 647 2222 718 (g)
2251 649 2318 701 Et
2340 664 2549 703 rursum
2572 667 2585 703 :
2616 650 2751 715 Quia
2773 668 2920 706 nemo
2945 653 2999 706 in
3031 653 3233 725 Spiritu
3256 656 3333 727 (It)
3360 656 3452 711 Dei
3477 658 3602 712 dicit

1999 738 2353 812 anathema(5)
2365 739 2565 805 Jesu,et
2580 758 2724 796 nemo
2736 753 2899 815 potest
2917 744 3084 799 dicere
3100 745 3383 802 Dominum
3398 748 3596 818 Iesum,

2000 828 2099 883 nisi
2119 829 2174 882 in
2195 828 2397 898 Spiritu
2420 841 2593 886 sancto
2620 832 2664 897 (Ι
2690 831 2811 888 Cor.
2846 849 2942 900 xu,
2969 835 3045 905 5).
3072 836 3141 891 Et
3160 853 3373 893 rursum
3398 857 3412 893 :
3453 840 3605 895 Diui-

1998 921 2166 977 siones
2190 932 2360 978 autem
2377 925 2454 997 (6)
2481 925 2733 981 donorum
2761 937 2899 993 sunt,
2924 929 3060 983 idem
3078 939 3247 986 autent
3271 933 3535 1004 Spiritus;
3558 945 3604 988 et

2000 1013 2274 1069 divisiones
2301 1016 2699 1072 ministeriorum
2723 1029 2863 1085 sunt,
2890 1020 2955 1093 (i)
2977 1022 3112 1077 idem
3129 1033 3300 1078 autem
3325 1025 3602 1095 Dominus;

2000 1116 2048 1161 et
2086 1108 2361 1165 divisiones
2401 1096 2755 1180 operationum
2798 1124 2935 1178 sunt,
2990 1117 3080 1169 sed
3136 1116 3270 1171 idem
3309 1117 3468 1183 Deus,
3517 1120 3606 1190 qui

2000 1211 2241 1270 operatur
2270 1203 2443 1256 omnia
2481 1204 2535 1257 in
2580 1204 2835 1263 omnibus.
2867 1205 3155 1276 Unicuique
3182 1220 3353 1264 autem
3384 1212 3609 1267 donatur

1998 1291 2310 1347 illuminatio
2355 1292 2468 1367 48
2496 1295 2724 1368 Spiritus
2751 1298 2822 1352 ad
2859 1300 3150 1354 utilitatem.
3184 1302 3287 1356 Alii
3311 1314 3476 1358 autem
3512 1306 3611 1359 da-

2002 1393 2086 1437 tur
2103 1384 2179 1456 (7)
2200 1402 2288 1454 per
2301 1385 2558 1458 Spiritum
2583 1405 2751 1444 sermo
2779 1392 3060 1463 sapientiae,
3083 1394 3175 1447 alii
3194 1411 3359 1450 sermo
3383 1398 3609 1452 scientia:

1999 1478 2281 1530 secundum
2298 1479 2528 1533 eumdem
2546 1479 2820 1549 Spiritum,
2844 1484 2936 1537 alii
2950 1485 3078 1553 ﬁdes
3104 1486 3160 1539 in
3180 1488 3357 1541 eodem
3380 1487 3606 1557 Spiritu,

2000 1568 2092 1622 alii
2122 1569 2260 1623 dona
2298 1571 2579 1625 sanitatum
2616 1573 2671 1627 in
2698 1590 2799 1627 uno
2828 1573 3051 1646 Spiritu,
3074 1578 3165 1631 alii
3187 1581 3416 1649 operatio
3444 1582 3608 1636 uirtu-

2001 1669 2128 1728 tum,
2154 1662 2246 1715 alii
2291 1664 2557 1732 prophetia
2584 1706 2598 1730 ,
2650 1666 2741 1720 alii
2770 1666 2843 1740 (j)
2874 1671 3127 1740 separatio
3153 1672 3470 1741 spirituum:
3519 1674 3611 1729 alii

294 1766 474 1813 autem
501 1758 575 1813 sit
597 1758 833 1813 ofﬁcium
865 1758 983 1828 ejus
1001 1760 1051 1812 in
1086 1759 1262 1826 nobis,
1286 1759 1467 1814 verbis
1495 1762 1663 1830 ipsius
1686 1762 1896 1816 Domini
1928 1757 1977 1818 B
2003 1772 2189 1827 genera
2219 1756 2296 1828 (8)
2320 1757 2636 1829 linguarum.
2659 1760 2753 1813 alii
2780 1760 2857 1829 (lt)
2904 1762 3258 1831 interpretatio
3288 1765 3607 1837 linguarum.

297 1851 604 1905 audiamus.
648 1851 742 1905 Ait
767 1850 941 1905 enim:
977 1850 1158 1906 Adhuc
1185 1852 1352 1907 multa
1377 1852 1536 1908 habeo
1579 1870 1694 1925 qua:
1736 1855 1907 1909 dicam

292 1943 566 2010 vobis,sed
592 1959 695 1997 non
713 1945 923 2015 potestis
943 1944 1036 1998 illa
1057 1944 1209 1998 modo
1235 1956 1442 2014 portare
1474 1946 1654 2017 (Joan.
1672 1947 1901 2019 μκή).

303 2036 537 2108 Expedit
567 2037 712 2092 enim
744 2036 899 2091 vobis
925 2046 983 2092 ut
1009 2052 1109 2108 ego
1129 2052 1284 2103 eam;
1314 2040 1358 2093 si
1407 2039 1543 2107 iero,
1574 2040 1781 2095 mittam
1811 2056 1908 2095 vo-

296 2129 386 2184 bis
416 2127 495 2199 l5)
525 2128 860 2185 Advocatum
890 2127 1057 2201 (Ibid.
1091 2129 1168 2189 7).
1204 2130 1268 2185 Et
1295 2146 1508 2186 rursum
1532 2148 1550 2185 :
1576 2131 1690 2204 Ego
1713 2135 1905 2205 rogabo

290 2223 531 2290 Patrem,
567 2234 614 2278 et
638 2224 797 2278 alium
824 2224 1141 2279 Advocatum
1179 2225 1340 2279 mittet
1362 2226 1502 2280 vobis
1528 2223 1609 2296 (d)
1640 2236 1698 2281 ut
1741 2228 1905 2282 uobis~

290 2333 411 2371 cum
438 2317 505 2370 sit
528 2317 585 2370 in
605 2324 871 2379 wternum,
891 2315 1149 2386 Spiritum
1168 2312 1395 2372 veritatis
1418 2318 1599 2385 (Joan.
1623 2334 1740 2385 xiv,
1765 2320 1833 2377 16
1859 2327 1906 2375 et

290 2408 406 2481 l7).
431 2410 535 2465 Ille
576 2427 666 2466 vos
716 2411 899 2483 diriget
946 2411 1002 2465 in
1055 2426 1255 2465 omnem
1298 2412 1598 2469 ueritatem:
1628 2429 1732 2467 non
1764 2414 1905 2468 enim

292 2503 528 2573 loquetur
575 2521 608 2558 a
645 2520 718 2569 se,
769 2504 860 2559 sed
908 2520 1239 2573 quascumque
1291 2505 1533 2569 audierit,
1568 2506 1824 2575 loquetur,
1857 2518 1907 2564 et

292 2606 507 2650 ventura
524 2596 848 2651 annuntiabit
873 2596 1029 2651 vobis.
1055 2594 1158 2650 Ille
1172 2612 1251 2650 me
1271 2597 1651 2668 honori/icabit,
1687 2600 1808 2671 quia
1842 2601 1907 2654 de

305 2691 385 2763 (Δ)
410 2708 522 2747 meo
551 2702 713 2746 sumet
738 2690 916 2763 (Joan.
948 2708 1065 2759 xvi,
1092 2694 1160 2748 l5
1188 2700 1236 2748 et
1261 2692 1373 2765 14).
1404 2693 1531 2750 Haec
1557 2694 1626 2751 de
1656 2696 1907 2765 pluribus

295 2783 365 2839 ad
390 2783 764 2854 intelligentia:
792 2785 935 2839 viam
965 2783 1109 2840 dicta
1136 2794 1283 2850 sunt,
1317 2785 1512 2856 quibus
1558 2794 1615 2843 et
1645 2788 1901 2845 voluntas

296 2875 370 2947 (e)
418 2877 776 2940 munerantis,
805 2884 861 2932 et
886 2877 1025 2931 ratio
1040 2885 1095 2932 et
1114 2877 1353 2932 conditio
1384 2879 1628 2935 muneris
1655 2882 1903 2937 contine-

299 2975 415 3022 tnr:
468 2976 528 3022 ut
576 2967 697 3039 quia
748 2966 1033 3023 inﬁrmitas
1070 2976 1252 3023 nostra
1300 2984 1473 3040 neque
1526 2970 1702 3025 Patris
1728 2987 1905 3042 neque

290 3060 412 3114 Filii
443 3074 613 3130 capax
637 3068 799 3128 esset,
832 3058 995 3116 ﬁdem
1025 3070 1262 3115 nostram
1294 3060 1363 3117 de
1395 3060 1492 3116 Dei
1523 3063 1899 3120 incarnatione

2012 1845 2202 1901 Omnia
2225 1856 2392 1902 autem
2421 1850 2531 1903 haec
2560 1859 2805 1921 aperatur
2833 1868 2968 1906 unus
2993 1862 3147 1924 atque
3195 1856 3329 1909 idem
3381 1856 3613 1929 Spiritus

2010 1937 2174 2010 (Ibid.
2200 1939 2235 1994 4
2262 1949 2310 1995 et
2329 1940 2516 2014 seqq.)
2544 1941 2818 1998 Habemus
2842 1942 3006 2015 igitur
3028 1945 3157 2002 doni
3185 1949 3339 2004 istius
3365 1966 3606 2020 causam,

2008 2031 2271 2089 habemus
2302 2033 2546 2103 eﬂ‘ectus,
2602 2045 2657 2091 et
2686 2038 2870 2093 nescio
2899 2039 3027 2108 quid
3056 2039 3125 2095 de
3149 2056 3217 2096 eo
3244 2043 3612 2115 ambiguitatis

2006 2127 2097 2193 sit,
2128 2127 2282 2199 cujus
2305 2128 2359 2183 in
2385 2128 2635 2185 absoluto
2665 2130 2806 2185 sitet
2830 2134 3332 2199 causa,etratio,et
3353 2144 3612 2205 potestas.

2079 2220 2170 2275 55.
2215 2219 2445 2290 Spiritus
2495 2223 2664 2275 sancti
2733 2222 2926 2277 donum
2972 2225 3194 2279 maxime
3243 2228 3609 2284 necessarium.

2007 2309 2209 2383 Absque
2227 2328 2284 2366 eo
2310 2312 2524 2367 habetur
2543 2323 2727 2368 natura
2759 2315 2923 2369 Deum
2952 2317 3292 2389 intelligendi,
3338 2336 3440 2375 non
3468 2339 3609 2376 usus.

2005 2434 2077 2447 -ι
2093 2406 2320 2463 Utamur
2335 2422 2465 2478 ergo
2489 2418 2597 2463 tam
2618 2408 2932 2465 liberalibus
2945 2410 3103 2466 donis
3117 2418 3173 2466 et
3194 2429 3348 2469 usum
3373 2417 3611 2472 maxime

2008 2499 2300 2556 necessarii
2328 2498 2567 2557 muneris
2603 2510 2945 2570 espetamus.
2979 2502 3073 2557 Ait
3100 2505 3271 2573 enim,
3304 2514 3362 2560 ut
3381 2507 3493 2577 jam
3520 2522 3613 2562 su-

2008 2592 2190 2661 perius
2220 2592 2576 2658 ostendimus,
2604 2593 2934 2663 Apostolus:
2969 2593 3084 2651 Nos
3117 2607 3289 2651 autem
3310 2615 3413 2653 non
3453 2602 3611 2672 spiri-

2008 2694 2116 2739 tum
2141 2686 2298 2761 hujus
2328 2688 2508 2742 mundi
2529 2689 2841 2757 accepimus,
2885 2689 2975 2743 sed
2998 2690 3240 2761 spiritum
3275 2693 3362 2761 qui
3409 2710 3472 2749 ex
3498 2692 3611 2750 Deo

2004 2789 2101 2845 est,
2131 2788 2186 2834 ut
2206 2781 2429 2835 sciamus
2451 2796 2565 2852 qua:
2589 2798 2621 2835 a
2645 2779 2754 2836 Deo
2781 2782 2973 2836 donata
2993 2794 3112 2838 sunt
3150 2786 3295 2839 nobis
3317 2786 3361 2858 (Ι
3392 2784 3512 2842 Cor.
3547 2805 3608 2856 ll,

2008 2869 2122 2942 12).
2151 2869 2429 2941 Accipitur
2450 2888 2580 2944 ergo
2602 2873 2671 2929 ob
2700 2873 3003 2928 scientiam.
3031 2875 3098 2930 Ut
3119 2876 3262 2931 enim
3292 2886 3483 2934 natura
3512 2880 3612 2935 liu-

2006 2962 2151 3017 mani
2183 2965 2429 3032 corporis
2455 2962 2794 3019 cessantibus
2807 2962 2971 3019 ofﬁcii
2991 2966 3071 3019 sui
3094 2967 3273 3021 causis
3289 2967 3393 3022 erit
3412 2969 3607 3037 otiosa;

2005 3069 2128 3108 nam
2154 3054 2350 3121 oculis,
2382 3053 2461 3127 (9)
2495 3053 2561 3128 (l)
2596 3055 2695 3109 nisi
2729 3055 2909 3111 lumen
2941 3056 3169 3112 autdies
3195 3058 3286 3126 sit,
3309 3061 3489 3115 nullus
3512 3061 3612 3116 mi-

293 3152 599 3217 diIﬁcilem,
644 3152 816 3207 sancti
863 3151 1101 3222 Spiritus
1127 3152 1329 3208 donum
1357 3153 1589 3225 quodam
1632 3155 1895 3212 interces-
1918 3139 1965 3202 C
1998 3147 2206 3202 nisterii
2228 3146 2334 3202 erit
2359 3161 2518 3213 usus;
2544 3156 2603 3202 ut
2622 3162 2807 3215 aures,
2827 3147 3049 3203 nisivox
3066 3163 3301 3206 sonusve
3323 3151 3600 3220 reddatur,

298 3247 471 3302 sionis
499 3261 611 3302 sua:
646 3245 852 3303 laedere
876 3246 1185 3304 luminaret.

360 3342 455 3397 54.
495 3342 595 3397 Est
621 3350 800 3397 autem
833 3356 976 3397 nunc
1001 3357 1364 3414 consequens,
1393 3352 1452 3399 ut
1496 3352 1550 3399 et
1587 3345 1892 3415 apostolum

291 3435 653 3503 explicantem
726 3433 854 3491 doni
908 3435 1066 3505 hujus
1121 3436 1373 3492 virtutem
1432 3446 1592 3507 atque
1656 3436 1895 3492 ofﬁcium

295 3528 608 3594 audiamus;
630 3528 706 3583 ait
730 3528 903 3583 enim:
941 3526 1200 3600 Quotquot
1223 3530 1358 3584 enim
1387 3528 1590 3601 Spiritu
1616 3529 1715 3586 Dei
1730 3547 1898 3603 agun-

368 3682 445 3754 (l)
481 3681 567 3754 Ita
595 3699 711 3737 cum
736 3683 839 3749 ait,
862 3682 1039 3750 Deus,
1069 3692 1173 3739 etc.

370 3751 450 3823 (2)
491 3751 859 3825 Cognitionem.

371 3826 453 3894 (ὅ)
494 3826 670 3881 Codex
702 3825 1030 3881 Veronensis
1076 3826 1369 3889 interserit.
1429 3825 1687 3897 Spiritum
1726 3827 1893 3884 Para-

293 3897 525 3972 διαίταις)
566 3898 673 3969 ipse
715 3914 796 3951 me
840 3898 1162 3972 clariﬁc_abit.
1199 3897 1264 3972 Et
1292 3914 1516 3965 rursum,
1547 3898 1777 3972 Rogabo,
1812 3902 1895 3954 in-

294 3965 422 4038 quit,
456 3965 670 4022 Patrem
694 3986 884 4037 meum,
914 3965 1149 4023 et'alium
1177 3969 1483 4024 advocatum
1504 3965 1668 4027 mittét
1689 3972 1850 4028 vobis.

368 4038 449 4111 (4)
491 4040 572 4095 De
595 4055 707 4095 meo
733 4041 969 4112 accipiet.

365 4200 439 4267 (a)
476 4199 647 4265 Huius
668 4197 1030 4255 distinctionis
1049 4213 1177 4253 usus
1198 4212 1409 4253 rursum
1432 4199 1664 4253 recurrit
1682 4198 1777 4252 lib.
1803 4212 1881 4264 tv,

295 4288 352 4327 n.
377 4272 439 4326 2|
471 4286 487 4325 :
518 4270 730 4340 Duplex
769 4281 936 4325 autem
974 4272 1032 4324 in
1072 4272 1254 4342 angelo
1298 4268 1395 4342 Dei
1423 4269 1733 4342 signiﬁcatio
1763 4278 1835 4342 est
1862 4285 1882 4323 :

292 4344 403 4412 ipse
430 4345 518 4411 qui
546 4353 643 4410 est,
668 4352 717 4397 et
742 4342 832 4396 ille
870 4344 1021 4412 cujus
1062 4340 1157 4395 est;
1191 4340 1447 4410 Ejusdem
1481 4340 1761 4412 vestigium
1787 4340 1883 4395 dc-

291 4410 676 4486 prebendimus
718 4410 1288 4486 apudTertnllianum
1338 4418 1524 4486 contra
1574 4410 1878 4486 Praxeam,

376 4485 469 4551 26,
504 4485 591 4540 ubi
624 4486 735 4538 ait:
766 4483 933 4539 Nulla
962 4501 1054 4556 res
1077 4484 1328 4556 alicujus,
1345 4483 1461 4551 ipsa
1500 4492 1574 4556 est
1611 4485 1759 4554 cujus
1784 4491 1876 4536 est.

291 4554 503 4611 Clarius
525 4571 646 4610 mox
676 4557 983 4610 enuntiatur
1007 4554 1364 4609 distinctionis
1394 4554 1726 4620 membrum,
1756 4568 1879 4609 cum

291 4642 387 4699 pro
411 4631 561 4696 cujus
587 4637 682 4691 est,
708 4628 903 4699 legitur
926 4627 1013 4696 qui
1036 4629 1145 4699 ejus
1173 4634 1269 4679 est.

361 4700 435 4770 (b)
481 4698 618 4752 Editi
636 4739 652 4761 ,
699 4698 769 4751 ibi
797 4697 1004 4752 libertas
1031 4696 1123 4765 ,ἐι
1153 4712 1268 4750 eum
1309 4699 1456 4769 cujus
1483 4705 1559 4751 est
1587 4696 1846 4768 significat
1869 4711 1890 4752 .'

292 4745 683 4841 refralgnnliblls
710 4784 839 4824 mss.

2009 3256 2205 3296 munus
2231 3256 2386 3296 suum
2421 3255 2528 3295 non
2560 3249 2982 3310 recognoscent;
3039 3252 3095 3297 ut
3130 3257 3310 3310 nares,
3338 3243 3439 3299 nisi
3471 3245 3613 3302 odor

1995 3332 2317 3405 fragraverit
2335 3374 2352 3401 ,
2384 3334 2437 3388 in
2474 3349 2581 3405 quo
2607 3332 2789 3389 ofﬁcio
2817 3342 2980 3389 erunt
3024 3337 3303 3406 nescient;
3332 3355 3438 3393 non
3462 3341 3603 3411 quod

2000 3427 2084 3483 his
2108 3426 2327 3483 deﬁciet
2371 3435 2562 3482 natura
2609 3442 2705 3498 per
2731 3443 2975 3496 causam,
3007 3429 3104 3485 sed
3131 3446 3261 3487 usus
3285 3431 3514 3489 habetur
3536 3451 3605 3492 ex

1999 3534 2194 3577 causa:
2225 3523 2295 3576 ita
2326 3530 2379 3576 et
2408 3520 2622 3576 animus
2644 3520 2929 3578 humanus
2957 3523 3059 3578 nisi
3084 3539 3181 3595 per
3211 3524 3368 3581 Iidem
3398 3527 3599 3584 donum

2099 3684 2159 3752 5)
2199 3682 2256 3737 In
2280 3668 2657 3741 aliterioribus,
2682 3679 2880 3752 Jesum.

2094 3750 2150 3823 6)
2192 3754 2264 3808 Ita
2280 3768 2346 3808 ex
2374 3752 2512 3808 libro
2530 3761 2735 3807 nostro.
2760 3751 2818 3807 In
2860 3750 3221 3823 prtecedente,
3246 3753 3595 3815 donationum.

2100 3824 2154 3880 7l
2200 3824 2457 3879 Donatur.

2069 3896 2150 3971 (8)
2189 3896 2387 3971 Genera
2412 3909 2723 3971 sermonum.

2069 3965 2148 4043 (9)
2193 3968 2312 4023 Nisi
2341 3967 2511 4022 lumen
2538 3981 2597 4020 ac
2618 3965 2727 4019 dies
2755 3965 2841 4019 sit.

1988 4194 2045 4248 in
2074 4192 2330 4255 timorem,
2350 4186 2499 4262 quod
2511 4184 2663 4262 infra
2682 4187 2782 4262 lib.
2809 4203 2880 4256 vr,
2906 4205 2959 4243 η.
2985 4189 3077 4255 4t,
3107 4205 3302 4262 magno
3321 4206 3590 4253 consensu

1988 4264 2191 4320 habent
2233 4258 2456 4336 veteres
2488 4258 2832 4336 libri,_juxt_a.
2864 4264 3129 4336 graec._rsi;
3155 4258 3332 4336 Αφῦϐον.
3388 4267 3588 4324 Deinde

2030 4347 2111 4389 ost
2140 4336 2358 4387 verbum
2389 4330 2699 4397 adoptionis,
2732 4330 2938 4387 addunt
2974 4332 3104 4387 editi
3132 4330 3364 4403 ﬁliorum
3393 4355 3405 4391 :
3439 4340 3587 4397 nullo

2030 4350 2111 4389 nSt
2140 4350 2358 4387 vernum
2389 4350 2572 4397 ααοριιι

1986 4350 2102 4462 ξρετε
2120 4404 2447 4473 suffragante
2472 4417 2572 4455 ms.

2062 4474 2137 4550 (g)
2178 4476 2563 4550 Plerorumque
2584 4486 2714 4525 mss.
2746 4474 3066 4550 auctoritate
3089 4477 3417 4550 removimus
3439 4481 3585 4538 hinc:

1987 4546 2056 4601 Et
2069 4541 2316 4613 'rursum,
2346 4541 2460 4618 os
2483 4550 2653 4618 autem
2678 4559 2781 4618 non
2808 4544 3046 4618 spiritum
3092 4546 3250 4618 hujus
3290 4551 3469 4605 mundi
3492 4570 3584 4606 ac-

1909 4616 1964 4676 D
1988 4620 2235 4690 cepimus,
2266 4617 2356 4670 sed
2381 4614 2621 4690 spiritum
2661 4613 2749 4690 qui
2787 4613 2852 4668 ex
2894 4613 3127 4690 Deo,gut
3156 4613 3379 4690 Sciamus
3416 4639 3530 4687 qua:
3555 4642 3587 4678 a

1997 4684 2106 4745 Deo
2131 4693 2319 4743 donata
2344 4695 2460 4740 sunt
2488 4684 2651 4738 nobis.
2689 4684 2813 4756 Haec
2842 4701 3002 4752 porro
3028 4688 3271 4756 Apostoli
3303 4684 3466 4748 verba
3496 4692 3584 4748 in-

1991 4762 2096 4828 fra,
2143 4778 2197 4815 n.
2246 4758 2337 4823 55,
2385 4758 2654 4832 relaturus
2702 4755 2953 4832 Hilarius,
3008 4755 3130 4813 cuin
3164 4765 3478 4832 praemittit,
3529 4775 3586 4819 ut

361 4828 529 4911 (c)vln
560 4854 689 4895 mss.
724 4842 904 4908 probro
933 4849 1074 4895 notae
1115 4836 1302 4911 Colb.,
1346 4838 1581 4911 Remigq
1613 4839 1801 4895 Germ.
1831 4847 1884 4894 et
1980 4834 2097 4911 jam
2149 4834 2383 4911 superius
2449 4829 2779 4895 ostendimus,
2827 4828 3031 4885 indicat
3077 4830 3268 4887 eadem
3313 4828 3472 4890 num.’
3514 4836 3585 4893 29

293 4908 609 4977 alIO’Colb”
663 4912 908 4966 haberet:
936 4911 1078 4981 quod
1112 4910 1237 4965 licet
1263 4908 1523 4981 praeferre
1549 4912 1707 4964 tacita
1753 4925 1884 4965 voce

294 5000 462 5037 causa.
498 4981 555 5037 In
591 4981 752 5046 Vict,
803 4979 999 5037 lateret.
1050 4982 1359 5050 Legendum
1387 4979 1516 5035 olim
1564 4982 1886 5050 conjectavit

292 5052 569 5124 Erasmus,
604 5071 665 5124 ne
684 5055 799 5124 quis
820 5057 874 5107 in
898 5055 977 5109 Itis
1002 5052 1382 5124 difficultatibus
1412 5054 1644 5105 haereret.

359 5122 438 5196 (ά)
478 5122 822 5194 Subjttngunt
874 5126 961 5181 hic
1001 5122 1260 5196 plerique
1286 5137 1414 5196 mss.
1456 5139 1585 5196 cum
1629 5122 1839 5177 excusis
1864 5163 1881 5189 ,

296 5193 545 5267 Spiritum
578 5193 929 5267 paracletum;
960 5193 1067 5266 ipse
1098 5211 1176 5248 me
1212 5193 1514 5267 clariﬁcabit
1539 5210 1557 5248 :
1579 5204 1624 5247 et
1644 5209 1882 5267 rursum,

298 5264 527 5338 Rogabo,
578 5264 767 5339 inquit,
818 5264 1015 5339 patrem
1059 5283 1247 5327 meum,
1294 5276 1339 5320 et
1381 5265 1544 5319 alium
1584 5264 1885 5339 aduocatum

298 5336 446 5392 mittet
474 5336 1005 5407 vobisJQum'verba
1037 5348 1093 5392 ut
1131 5351 1413 5408 perperam
1456 5346 1511 5391 et
1555 5336 1778 5408 confuse
1802 5353 1888 5390 re-

297 5409 454 5477 petita
484 5413 816 5534 removimus
842 5407 1160 5465 auctoritate
1184 5408 1474 5465 cod.Colb.
1496 5422 1597 5463 nec
1626 5424 1731 5463 non
1754 5407 1888 5465 Ger-

298 5492 434 5534 mn.
464 5490 523 5534 ΕΙ,
596 5490 689 5534 101.

298 5492 434 5535 man.
464 5490 523 5536 et
548 5481 689 5536 Vict.

365 5549 435 5624 (ε)
477 5552 670 5607 Munus
699 5560 783 5609 est
810 5553 1041 5624 Spiritus
1071 5563 1322 5619 sanctus;
1359 5565 1652 5624 munerans
1681 5559 1886 5616 autem,

303 5621 386 5694 qui
417 5621 573 5676 illum
610 5621 949 5694 largitur'ac
990 5626 1176 5690 mittit,
1208 5624 1349 5693 quod
1397 5622 1451 5677 in
1485 5621 1617 5677 locis
1649 5623 1891 5691 proxime

305 5692 475 5749 allatis
498 5693 639 5751 Filio
667 5692 774 5751 non
805 5696 983 5750 minus
1012 5692 1319 5750 attribuitur
1343 5710 1502 5764 quam
1534 5693 1701 5749 Patri.

368 5765 437 5836 (f)
476 5764 645 5835 Editi,
697 5768 752 5822 in
791 5768 993 5823 timore.
1024 5766 1287 5822 Malumus
1317 5763 1437 5822 cum
1465 5781 1570 5822 uno
1600 5781 1703 5821 ms.
1735 5763 1890 5822 Colb.

784 5860 1064 5921 ΡΑτιιοι.
1128 5859 1215 5920 Χ.

1983 4904 2095 4976 jam
2124 4904 2316 4976 relata.

2062 4976 2142 5048 (h)
2183 4969 2475 5048 Abest‘Dei
2503 4986 2531 5048 a
2563 4981 2747 5048 vetere
2774 4971 3080 5048 ms._Co]b.;
3105 4988 3261 5048 secus
3288 4986 3468 5033 autem
3489 4979 3581 5036 lib.

1986 5042 2188 5113 vni,'n.
2219 5045 2309 5099 27.
2343 5044 2463 5097 Mox
2504 5042 2557 5096 in
2582 5043 2831 5110 CarnuL,
2879 5043 3055 5111 Colb.,
3104 5044 3270 5113 Vict,
3312 5052 3587 5106 anathema

1986 5117 2021 5172 J
2025 5136 2135 5183 esu,
2167 5132 2271 5170 non
2296 5113 2494 5167 Iesum.

2063 5180 2130 5263 (ἱ)
2170 5186 2317 5243 Unus
2354 5184 2526 5263 codex
2570 5180 2723 5238 Colb.
2756 5199 2839 5263 _ac
2882 5184 3119 5263 Sorlion.
3168 5203 3290 5243 cum
3339 5190 3586 5261 Carnut.,

2154 5267 2325 5383 ;)utem
2352 5254 2583 5326 spiritus,
2633 5253 2773 5325 quod
2800 5265 2855 5310 et
2881 5255 3019 5312 infra
3047 5269 3315 5329 repetunt,
3346 5278 3467 5334 pro,
3499 5253 3591 5322 sed

1989 5348 2007 5383 ι
2048 5347 2127 5383 em
2204 5345 2309 5383 ειιε.

1989 5331 2127 5385 idem
2154 5331 2309 5383 Deus.

2106 5399 2141 5473 ἱ)
2183 5401 2235 5455 ln
2264 5405 2475 5473 vetusto
2506 5394 2818 5473 ms._(_]olb.,
2851 5401 3106 5470 separatio
3133 5402 3363 5470 spiritus.

2106 5401 2141 5473 ')
2183 5401 2235 5455 In
2264 5405 2475 5453 vetusto
2506 5413 2609 5452 ms.
2640 5401 2818 5469 Colb.,
2851 5401 3106 5470 separatio
3133 5402 3363 5470 spiritus.

2067 5401 2143 5545 (is)
2186 5470 2340 5534 Bad.,
2388 5469 2480 5522 Er.
2526 5478 2581 5523 et
2604 5467 2756 5545 _[.ips.
2798 5485 2945 5545 _cum_
2977 5473 3182 5541 aliquot
3227 5490 3381 5541 mss...
3434 5479 3590 5534 inter-

1996 5538 2209 5614 pretatio
2236 5555 2525 5597 sermonum
2547 5556 2567 5605 ;
2589 5538 3031 5596 dissentientibus
3048 5538 3375 5604 melioribus
3390 5560 3444 5605 et
3458 5567 3595 5623 gras-

1996 5632 2062 5671 CO
2095 5622 2259 5670 textu.

2071 5685 2134 5766 (l_)
2178 5686 2323 5766 Lips.
2351 5690 2405 5738 et
2446 5681 2590 5766 Par.,
2620 5681 2721 5766 nisi
2743 5681 2935 5763 lumen
2962 5686 3190 5756 accedat,
3237 5692 3433 5761 nullus,
3466 5703 3599 5766 etc.,

1999 5752 2360 5817 renitentibus
2387 5754 2603 5812 caeteris
2634 5752 2807 5811 libris.

3045 5851 3086 5913 3
