4216 6254
616 292 687 359 73
1823 288 2066 351 SANCTI
2104 286 2362 348 HlLARll
2411 270 2720 346 suscepi
3860 280 3930 342 76

620 415 857 487 Spiritus
880 412 963 487 (α)
988 411 1255 480 hauserit,
1277 408 1497 468 habebit
1523 408 1740 481 quidem
1767 415 2014 464 naturam
2042 406 2212 463 Deum
2241 416 2297 477 Α
2390 404 2633 474 ﬁrmitate
2681 403 3032 469 moderantur,
3078 399 3169 458 sed
3214 398 3498 457 secundum
3553 399 3932 473 omnipotentis

617 508 974 581 intelligendi.
1007 508 1102 563 sed
1129 507 1311 562 lumen
1345 504 1589 561 scientiae
1608 517 1719 558 non
1749 501 1988 557 habebit.
2022 501 2215 556 Munus

617 611 800 659 autem
854 600 996 672 quod
1046 599 1099 655 in
1149 596 1367 654 Christo
1416 605 1518 662 est,
1573 608 1735 651 omne
1778 593 2029 649 omnibus
2071 600 2220 664 patet

618 712 785 754 unum
809 713 823 750 :
845 703 900 751 et
928 693 1071 766 quod
1101 693 1303 765 ubique
1332 705 1442 747 non
1472 689 1646 756 deest,
1673 688 1725 743 in
1747 695 1950 743 tantum
1981 686 2141 742 datur
2160 686 2219 739 in

619 799 877 863 quantum
910 787 1030 860 quis
1059 785 1140 859 (l)
1178 785 1331 855 volet
1375 798 1625 849 sumere;
1658 782 1711 837 in
1744 789 1951 837 tantum
1995 776 2218 845 residet,

616 885 673 940 in
704 893 961 955 quantum
992 880 1115 952 quis
1141 879 1287 935 volet
1314 874 1635 948 promereri.
1667 875 1780 931 Hoc
1804 886 1974 943 usque
2003 871 2057 926 in
2090 885 2222 926 con-

615 974 1032 1034 summationem
1075 970 1264 1027 saeculi
1307 968 1612 1035 nobiscum,
1640 966 1746 1022 hoc
1797 960 2220 1034 exspectationis

614 1081 815 1128 nostra:
828 1067 1101 1132 solatium,
1124 1066 1248 1132 hoc,
1278 1064 1333 1118 in
1357 1062 1622 1118 donorum
1651 1056 2057 1131 operationibus
2074 1054 2222 1109 futu-

612 1179 688 1220 ra:
708 1163 820 1233 spei
847 1161 1037 1232 pignus
1065 1166 1148 1215 est
1174 1158 1278 1215 hoc
1301 1158 1562 1213 mentium
1589 1155 1795 1220 lumen,
1829 1150 1915 1206 hic
1959 1146 2220 1219 splendor

618 1257 924 1313 animorum
955 1262 1057 1310 est.
1090 1252 1188 1309 Hic
1216 1267 1348 1323 ergo
1378 1249 1614 1321 Spiritus
1637 1254 1857 1302 sanctus
1885 1240 2223 1314 expetendus

625 1360 731 1418 est,
764 1346 1158 1421 promerendus
1198 1353 1303 1411 est,
1346 1344 1421 1418 (b)
1467 1350 1523 1399 et
1549 1341 1805 1411 deinceps
1826 1343 2223 1410 praeceptorum

630 1443 738 1501 ﬁde
767 1451 927 1515 atque
956 1438 1338 1500 observatione
1368 1435 1705 1493 retinendus.

1101 1598 1213 1673 ω
1246 1597 1454 1655 LIBElt
1478 1592 1799 1652 TERTIUS.

629 1728 903 1793 Eternam
937 1733 1093 1790 Verbi
1134 1731 1507 1805 generationem
1535 1725 1796 1793 adstruit,
1847 1737 2028 1795 eosque
2052 1728 2232 1776 retun-

2394 501 2597 556 virtutis
2620 500 2927 572 inﬁnitatem
2955 499 3269 571 expendunt.

2397 622 2448 678 1.
2469 619 2668 677 Filium
2693 620 2747 675 in
2767 617 2947 688 Patre,
2980 627 3026 674 et
3054 618 3297 689 vicissim,
3331 634 3508 676 sensus
3535 618 3792 681 humanus
3819 634 3925 674 non

2321 714 2479 786 capit.
2502 744 2573 754 —
2599 711 2775 769 Allert
2799 711 3072 783 plerisque
3100 710 3491 771 obscuritatem
3523 726 3707 771 sermo
3735 710 3926 767 Domi-

2322 809 2400 875 ni,
2428 823 2551 864 cum
2572 806 2735 863 dicit:
2763 805 2879 877 Ego
2891 806 2944 861 in
2973 803 3151 874 Patre,
3177 812 3225 859 et
3245 804 3406 860 Pater
3425 805 3479 860 in
3499 821 3580 882 me
3607 803 3786 877 (Joan.
3817 819 3933 871 xxv,

2326 901 2437 975 11),
2453 910 2507 957 et
2520 916 2625 957 non
2644 900 2950 969 immerito;
2977 911 3167 957 natura
3192 900 3336 956 enim
3352 899 3725 969 intelligentiae
3738 898 3935 957 huma-

2322 1011 2408 1053 ns:
2442 999 2704 1057 rationem
2730 993 2862 1055 dicti
2907 994 3062 1055 istius
3096 1009 3205 1051 non
3250 994 3418 1064 capit.
3447 993 3677 1051 Videtur
3701 1007 3939 1064 namque

2325 1103 2436 1145 non
2470 1102 2631 1161 posse
2665 1086 2829 1154 efﬁci,
2859 1094 2918 1141 ut
2938 1085 3082 1158 quod
3102 1083 3156 1140 in
3185 1086 3356 1145 altero
3380 1085 3470 1153 sit,
3502 1099 3655 1156 teque
3681 1083 3731 1139 id
3761 1084 3940 1155 ipsum

2325 1189 2476 1236 extra
2520 1181 2747 1237 alterum
2787 1180 2888 1248 sit;
2919 1187 2972 1235 et
2999 1194 3121 1234 cum
3161 1192 3388 1234 necesse
3419 1178 3490 1234 sit
3516 1193 3604 1246 ea,
3629 1176 3699 1233 de
3729 1176 3929 1248 quibus

2329 1273 2530 1342 agitur,
2579 1287 2687 1327 non
2715 1270 2955 1326 solitaria
2983 1269 3087 1325 sibi
3112 1284 3258 1337 esse,
3288 1284 3573 1329 numerum
3599 1266 3669 1341 (e)
3700 1282 3764 1325 ac
3808 1276 3921 1325 sta-

2325 1372 2441 1421 tum
2497 1372 2677 1420 tamen
2703 1378 2883 1430 suum,
2939 1362 2993 1418 in
3033 1376 3138 1432 quo
3188 1361 3316 1429 sint,
3372 1364 3772 1426 conservantla,
3824 1374 3934 1419 non

2333 1471 2495 1530 posse
2516 1471 2576 1512 se
2602 1457 2834 1513 invicem
2857 1455 3139 1513 continere
3162 1496 3179 1524 ,
3203 1464 3262 1515 ut
3279 1456 3368 1528 qui
3389 1454 3593 1527 aliquid
3618 1455 3761 1514 aliud
3794 1456 3940 1513 intra

2328 1566 2389 1605 se
2429 1549 2646 1617 habeat,
2676 1557 2840 1621 atque
2871 1548 2952 1621 (ά)
2992 1550 3066 1621 ita
3110 1557 3328 1606 maneat
3356 1564 3696 1621 manensque
3724 1565 3941 1623 semper

2330 1644 2593 1712 exterior,
2616 1643 2664 1701 ei
2695 1644 2959 1713 vicissim,
2986 1659 3146 1716 quem
3183 1643 3323 1703 intra
3361 1658 3420 1700 se
3464 1644 3682 1713 habent,
3714 1650 3934 1703 maneat

2330 1750 2487 1807 aeque
2513 1750 2730 1807 semper
2758 1735 3004 1793 interior.
3035 1733 3163 1791 Haec
3191 1734 3410 1806 quidem
3431 1752 3627 1797 sensus
3657 1736 3939 1794 hominum

696 1829 771 1885 dit
830 1828 917 1898 qui
969 1825 1197 1880 humana
1239 1824 1482 1879 adversus
1538 1820 1685 1874 illam
1730 1816 1930 1871 ratione
1972 1815 2223 1869 nituntur.

2333 1845 2439 1887 non
2471 1838 2854 1902 consequetur,
2880 1843 2983 1886 nec
3007 1828 3313 1900 exemplum
3339 1828 3559 1900 aliquod
3596 1830 3759 1887 rebus
3800 1828 3944 1885 divi-

717 1922 791 1978 Ac
816 1922 984 1995 primo
1025 1921 1229 1993 quidem
1257 1917 1364 1972 haec
1384 1914 1515 1970 Filii
1540 1913 1710 1980 verba,
1741 1911 1857 1984 Ego
1880 1909 1933 1965 in
1960 1907 2146 1977 Patre,
2171 1916 2227 1962 et

692 2016 853 2072 Pater
897 2015 951 2069 in
997 2029 1105 2081 tne,
1134 2012 1221 2066 ubi
1259 2026 1434 2066 sensus
1483 2006 1697 2061 humani
1744 2012 1951 2077 captum
1979 2016 2226 2073 superare

694 2105 1080 2173 demonstravit,
1135 2120 1200 2158 ea:
1248 2104 1361 2176 ipsa
1414 2099 1807 2169 Scripturarum
1861 2096 1924 2149 de
1974 2091 2133 2147 Patre
2175 2102 2224 2145 et

707 2199 844 2256 Filio
873 2199 1106 2255 doctrina
1164 2196 1448 2252 luculenter
1495 2192 1740 2267 explicat.
1772 2188 1971 2244 Deinde
2002 2204 2067 2242 ea:
2093 2186 2225 2240 mira

704 2308 848 2365 aqua:
883 2293 938 2347 in
979 2292 1152 2346 vinum
1190 2289 1537 2354 conversione,
1584 2296 1633 2341 et
1673 2301 1736 2339 ea:
1766 2283 1986 2354 quinque
2030 2296 2225 2357 panum

696 2385 1045 2456 incrementis,
1083 2384 1267 2439 evincit
1307 2381 1471 2435 multa
1522 2378 1689 2434 Deum
1735 2393 1903 2450 posse,
1946 2376 2000 2430 in
2043 2373 2225 2448 quibus

702 2478 906 2549 deﬁciat
932 2479 1173 2534 humana:
1200 2476 1382 2531 mentis
1411 2474 1563 2529 acies.
1588 2471 1723 2526 Tum
1747 2474 1971 2547 affertur
1998 2472 2225 2523 humana

695 2573 847 2637 ratio,
900 2588 1002 2642 qua
1048 2570 1245 2625 nullam
1278 2585 1342 2623 ea:
1388 2566 1496 2622 Deo
1550 2566 1861 2623 nativitatem
1912 2580 2022 2618 esse
2077 2578 2228 2636 posse

691 2663 1029 2732 contendunt,
1062 2663 1334 2736 multisque
1377 2660 1673 2729 exploditur
1711 2676 1724 2713 :
1778 2658 1835 2713 1°
1884 2658 2007 2730 quia
2054 2666 2225 2712 ortum

692 2757 839 2812 habet
886 2773 949 2812 ea:
1004 2756 1232 2810 humana
1278 2752 1553 2828 sapientia,
1601 2767 1753 2823 quam
1803 2766 1857 2805 se
1901 2748 2226 2822 perditurum

695 2846 839 2903 Deus
869 2847 1180 2921 prapheticis
1206 2855 1255 2901 et
1282 2844 1578 2918 apostolicis
1600 2842 1828 2898 oraculis
1866 2842 2221 2899 declaraverit.

697 2943 755 2998 2°
789 2943 922 3010 Quia
961 2951 1169 3015 prtestat
1210 2940 1390 2995 audire
1427 2938 1706 3006 Christum,
1738 2938 1805 2992 ad
1836 2938 1930 2991 hoc
1962 2938 2220 2995 hominem

703 3038 938 3109 factum;
992 3046 1047 3089 ut
1075 3052 1243 3091 rerum
1274 3034 1562 3087 divinarum
1594 3031 1736 3087 nobis
1767 3031 1906 3086 testis
1937 3039 2066 3085 esset
2096 3029 2224 3104 (Hic

701 3130 1064 3204 expenduntur
1112 3128 1282 3195 verba,
1315 3125 1496 3200 quibus
1534 3125 1924 3196 dispensationis
1953 3140 2060 3180 sure
2098 3140 2226 3197 Opus

2332 1924 2418 1981 uis
2436 1924 2770 1995 comparatio
2794 1921 3028 1979 humana
3053 1922 3366 1993 praestabit:
3394 1922 3492 1981 sed
3518 1922 3663 1993 quod
3684 1922 3943 1980 inintelli-

2329 2017 2496 2089 gibile
2524 2026 2608 2074 est
2653 2015 2880 2085 homini,
2920 2015 3031 2072 Deo
3068 2030 3191 2072 esse
3234 2015 3493 2087 possibile
3538 2025 3642 2072 est.
3674 2014 3787 2075 lloe
3832 2032 3943 2071 non

2328 2126 2360 2166 a
2401 2125 2486 2167 me
2523 2111 2594 2165 ita
2623 2108 3007 2174 dictumsit,ut
3048 2108 3115 2167 ad
3144 2108 3410 2169 rationem
3455 2107 3584 2183 dicti
3613 2107 3688 2180 (e)
3717 2122 3780 2164 ea
3827 2118 3945 2164 tau-

2331 2210 2440 2261 tum
2460 2200 3168 2272 sufﬁeiatauctoritas,quod
3185 2219 3216 2259 ει
3238 2203 3347 2258 Deo
3368 2201 3570 2259 dictum
3593 2202 3682 2258 sit.
3708 2201 3946 2272 Cognos-

2329 2292 2558 2349 cendum
2589 2293 2769 2364 itaque
2793 2300 2957 2364 atque
3015 2291 3425 2365 intelligendum
3458 2303 3537 2350 est
3583 2291 3709 2364 quid
3738 2292 3849 2364 50
3874 2296 3948 2350 sit

2329 2386 2460 2444 illud
2488 2403 2501 2441 :
2532 2383 2649 2459 Ego
2665 2386 2716 2442 in
2748 2382 2927 2448 Patre.
2952 2395 2999 2441 et
3021 2383 3179 2445 Pater
3203 2386 3387 2453 inme;
3411 2386 3457 2443 si
3485 2394 3665 2443 tamen
3694 2401 3947 2456 compre-

2330 2478 2569 2543 hendere
2622 2477 2726 2533 hoc
2774 2478 2845 2534 ita
2884 2485 2946 2535 ut
2973 2488 3056 2535 est
3104 2477 3436 2539 valebimus:
3489 2489 3549 2534 ut
3578 2478 3721 2551 quod
3751 2487 3944 2537 natura

2326 2586 2507 2633 rerum
2539 2570 2651 2641 pati
2678 2585 2786 2627 non
2812 2584 2972 2644 posse
3002 2570 3363 2639 existimatur,
3388 2570 3444 2631 id
3464 2570 3664 2635 divinat
3697 2572 3945 2630 veritatis

2336 2668 2476 2729 ratio
2506 2675 2890 2737 consequatur.

2399 2761 2454 2821 2.
2514 2759 2729 2835 Cognita
2762 2759 2918 2816 Patre
2946 2769 2993 2817 et
3022 2757 3164 2816 Filio
3180 2761 3339 2835 juxta
3361 2759 3664 2831 Scripturas
3689 2802 3704 2827 ,
3733 2759 3944 2831 [acilius

2326 2855 2458 2911 illud
2482 2854 2778 2925 percipitur.
2805 2854 2944 2922 Quid
2970 2852 3149 2913 Pater.
3173 2882 3242 2894 ——
3263 2855 3442 2925 Atque
3464 2862 3523 2913 nt
3544 2849 3754 2913 facilius
3783 2852 3947 2911 intel-

2328 2947 2602 3021 ligentiam
2635 2947 2973 3009 difﬁcillima:
2997 2947 3154 3005 istius
3183 2947 3501 3019 quaestionis
3531 2947 3791 3019 consequi
3817 2962 3948 3018 pos-

2327 3042 2519 3109 simus,
2546 3041 2695 3113 prius
2723 3041 2941 3106 Patrem
2983 3050 3040 3098 et
3078 3040 3276 3107 Filium
3303 3040 3603 3107 secundum
3631 3039 3943 3101 divinarum

2337 3134 2739 3205 Scripturarum
2766 3133 3067 3193 doctrinam
3095 3133 3349 3206 cognosci
3379 3150 3410 3195 θ
3436 3134 3594 3197 nobis
3625 3142 3856 3204 oportet,
3883 3139 3945 3189 ut

695 3234 742 3280 ει
779 3224 995 3296 alliciam
1032 3222 1291 3295 επροδυίίι
1324 3236 1385 3274 αθ
1426 3236 1598 3274 "enim
1646 3235 1710 3274 ex
1746 3217 1859 3275 Deo
1905 3220 2219 3276 nativitatem
2248 3213 2296 3279 C
2326 3227 2395 3284 de
2447 3229 2680 3300 cognitis
2726 3243 2791 3284 ac
2844 3227 3199 3285 familiaribus
3260 3228 3561 3289 absolutior
3614 3243 3798 3285 sermo
3849 3228 3940 3283 sit.

697 3333 842 3371 suam
886 3316 1060 3371 multis
1100 3313 1417 3386 argumentis
1446 3320 1682 3367 testatum
1712 3309 1876 3384 fecit).
1911 3310 1968 3366 3"
2000 3310 2137 3379 Quia
2162 3328 2225 3367 ne

699 3408 1122 3481 conspicabilium
1149 3406 1351 3479 quidem
1383 3404 1575 3459 Christi
1604 3411 1884 3476 gestorum,
1916 3403 2059 3459 illius
2087 3420 2137 3460 υ.
2168 3422 2221 3477 g.

698 3502 765 3555 ad
795 3502 1072 3574 discipulos
1110 3498 1289 3573 januis
1316 3498 1505 3552 clausis
1547 3496 1805 3568 ingressu,
1834 3495 2224 3567 intelligentiam

702 3594 1036 3663 assequimur.
1074 3590 1139 3644 4"
1172 3589 1400 3660 Denique
1447 3589 1569 3658 quia
1594 3603 1653 3641 ea
1676 3596 1752 3641 est
1780 3586 1961 3641 mentis
1988 3588 2228 3642 humana:

708 3696 914 3754 natura,
947 3695 998 3739 ut
1041 3701 1159 3739 cum
1198 3692 1369 3738 creata
1412 3691 1456 3737 et
1478 3682 1778 3753 imperfecta
1823 3679 1911 3747 sit,
1956 3680 2226 3749 concipere

697 3794 802 3834 non
828 3778 992 3833 ualeat
1018 3776 1295 3848 perfectum
1316 3784 1363 3830 et
1404 3772 1699 3829 Creatorem
1739 3788 1910 3827 suum.
1951 3772 2224 3829 Postremo

698 3871 948 3927 laudatur
975 3871 1179 3941 sapiens
1204 3868 1426 3924 stultitia
1452 3866 1704 3937 fidelium,
1734 3866 1823 3936 qui
1851 3864 1948 3920 sibi
1988 3865 2226 3937 diﬁidunt

696 3976 752 4023 ut
778 3965 889 4023 Deo
924 3964 1155 4033 credant,
1196 3978 1288 4018 nec
1323 3961 1500 4017 diuina
1528 3976 1591 4016 ea:
1631 3959 1857 4031 propria:
1888 3960 2106 4019 rationis
2135 3962 2222 4016 in-

701 4127 883 4203 (l)q_lo
929 4141 1049 4203 ms._
1084 4126 1237 4192 uolet,
1282 4121 1379 4180 sed
1418 4121 1630 4190 eadem,
1675 4129 1734 4177 ut
1759 4120 1992 4191 videtur,
2035 4136 2227 4181 manus

629 4198 839 4260 addidit
857 4198 1091 4255 voluerit.

708 4362 785 4437 (a)
801 4364 874 4447 .ln
890 4362 1101 4418 duobus
1118 4373 1248 4414 mss.
1268 4355 1445 4425 Colb.,
1464 4354 1677 4423 Geram,
1696 4353 1886 4423 Corb.,
1907 4352 2050 4409 Prat.
2064 4394 2078 4422 ,
2100 4363 2232 4425 etc.,

634 4447 883 4581 “figulo
940 4520 1043 4561 ms.
1093 4499 1512 4572 Silvas-majoris
1563 4498 1780 4554 additur
1831 4497 1949 4566 hic,
2000 4498 2231 4553 adoran-

636 4582 733 4635 dus
762 4588 856 4634 est.

719 4651 792 4722 (c)
826 4649 1090 4722 Additnns
1118 4646 1294 4722 bicﬂac
1330 4641 1865 4722 statum_auetor_itate
1895 4640 2234 4722 mss-Tell},

638 4712 792 4779 Coib'.
822 4736 884 4775 ac
929 4721 1158 4776 Snrbon.
1196 4717 1371 4770 Status
1398 4715 1615 4768 nomine
1660 4712 2015 4766 substantiam
2044 4712 2238 4767 intelli-

640 4798 714 4864 git
739 4791 1105 4864 Tertullianus
1130 4796 1316 4842 contra
1341 4787 1597 4864 Pramum
1621 4798 1675 4834 n.
1776 4782 1864 4837 ubi
1887 4782 1956 4836 de
1976 4781 2240 4864 Trinitate

639 4853 742 4919 itit:
776 4862 900 4916 Tres
941 4869 1110 4914 autem
1156 4874 1257 4911 non
1285 4866 1440 4921 statu,
1465 4855 1553 4909 sed
1583 4853 1747 4923 gradu
1772 4868 1790 4905 :
1820 4865 1874 4927 et
1909 4853 2069 4921 paulo
2094 4863 2237 4927 post,

642 4936 795 4989 unius
822 4942 991 4986 autem
1017 4929 1335 4992 substantias,
1366 4926 1519 4979 unius
1544 4935 1729 4989 status,
1754 4924 1907 4977 unius
1949 4924 2238 4990 potestatis.

645 5010 714 5062 At
743 5006 829 5059 bic
868 5003 1043 5073 potius
1082 4998 1346 5073 existendi
1404 4997 1664 5073 rationem
1712 5009 1777 5049 ac
1803 4995 1991 5073 _situm_
2020 5007 2233 5073 _sonat.

643 5078 766 5133 Mox
791 5066 1012 5131 verbum
1043 5072 1324 5135 continere,
1355 5068 1559 5138 regitur
1583 5081 1614 5120 a
1636 5066 1916 5136 superiore
1945 5066 2165 5121 videtur.

718 5168 797 5242 (d)
815 5168 949 5242 Tres
971 5179 1101 5242 mss.
1118 5160 1472 5242 recentiores,
1494 5168 1794 5230 atqueeastra
1816 5168 2051 5242 maneat:
2078 5160 2240 5242 male.

649 5230 932 5295 Ho‘c'cnint
960 5236 1064 5292 sibi
1111 5236 1223 5288 vult
1248 5250 1261 5286 :
1288 5232 1502 5287 videtur
1526 5245 1634 5283 non
1667 5245 1826 5303 posse
1854 5230 2018 5297 efﬁci,
2060 5233 2239 5303 utqui

652 5312 796 5366 aliud
846 5318 982 5364 intra
1010 5322 1069 5362 se
1101 5306 1278 5373 habet,
1306 5303 1447 5374 quod
1486 5316 1703 5372 semper
1732 5302 1811 5356 sic
1850 5311 2063 5374 maneat
2097 5301 2239 5358 intra

652 5399 732 5449 se,
764 5397 863 5437 nec
907 5389 1104 5435 stutum
1149 5373 1442 5449 mittendis
1478 5375 1559 5449 sit
1596 5374 1832 5449 exterior
1852 5373 1903 5429 ei
1946 5373 2047 5445 rei,
2076 5388 2235 5445 quam

651 5444 789 5509 intra
814 5469 873 5509 se
910 5451 1067 5506 habet
1099 5458 1155 5505 ut
1181 5450 1227 5504 ei
1256 5446 1489 5501 vicissim
1518 5444 1586 5499 sit
1611 5445 1855 5499 interior.

723 5525 795 5599 (e)
826 5524 883 5579 ln
911 5523 1120 5599 duobus
1144 5537 1274 5576 mss.
1303 5535 1364 5599 ea
1385 5530 1569 5573 tamen.
1597 5514 1655 5599 in
1684 5516 1804 5570 aliis
1834 5514 2005 5599 libris,
2031 5533 2091 5570 ea
2121 5525 2236 5571 tan-

654 5586 800 5650 tum}
829 5595 969 5665 quod
1001 5592 1449 5665 subsequentibus
1485 5586 2100 5665 magisconsentaneum
2128 5599 2232 5643 est.

656 5669 777 5722 litec
799 5658 865 5721 ab
897 5665 1098 5720 Hilario
1119 5658 1356 5736 pressius
1372 5662 1536 5736 dicta,
1564 5659 1732 5736 fusius
1755 5659 2003 5736 edisserit
2025 5658 2238 5736 August

648 5730 1213 5806 tinusepist.cxx.ubi
1244 5732 1618 5806 Consentium,
1648 5730 1770 5806 ﬁdei
1802 5740 2006 5806 totum,
2034 5730 2233 5806 rationi

648 5808 784 5863 nihil
811 5800 1198 5864 concedentem
1232 5819 1336 5860 non
1364 5803 1625 5874 probans,
1654 5800 1730 5856 ait
1753 5816 1905 5857 num.
1936 5804 1970 5857 4
2002 5818 2015 5857 :
2049 5801 2231 5857 Monet

2335 3319 2634 3379 [Eternitas
2705 3320 2903 3389 Patris,
2970 3330 3028 3379 ut
3108 3321 3250 3379 libro
3319 3324 3597 3381 anteriore
3678 3322 3943 3381 tractavi-

2330 3426 2472 3475 mus.
2515 3408 2598 3483 (2)
2655 3409 2727 3483 (f)
2775 3412 2964 3483 locos,
2996 3424 3262 3483 tempora,
3308 3414 3565 3484 speciem,
3599 3412 3948 3486 etquidquid

2329 3504 2461 3565 illud
2510 3503 2747 3561 humano
2792 3520 2956 3562 sensu
2999 3505 3218 3578 ‘concipi
3260 3512 3483 3576 poterit,
3526 3503 3759 3572 assedit.
3822 3504 3946 3577 ipse

2330 3608 2484 3653 extra
2514 3597 2695 3652 omnia
2731 3606 2786 3653 et
2815 3597 2870 3652 in
2909 3597 3184 3660 omnibus.
3226 3598 3445 3668 capiens
3490 3598 3741 3653 universa
3770 3604 3826 3652 et
3855 3611 3947 3653 ca-

2332 3689 2561 3759 piendus
2587 3704 2616 3744 a
2643 3688 2881 3759 nemine,
2912 3705 3022 3745 non
3051 3704 3271 3745 accessu
3302 3689 3597 3747 decessore
3618 3689 3897 3747 mutabilis
3922 3704 3939 3757 ;

2332 3781 2427 3837 sed
2462 3781 2749 3837 invisibilis
2785 3791 2891 3851 est,
2931 3782 3520 3854 incomprehensibilis,
3571 3785 3787 3856 plenus,
3818 3798 3944 3855 per-

2333 3873 2530 3943 fectus,
2581 3884 2841 3943 aeternus,
2872 3874 2951 3946 (g)
2994 3890 3103 3931 non
3135 3876 3353 3935 aliunde
3384 3876 3515 3948 quid
3562 3892 3807 3947 sumens,
3847 3876 3945 3935 sed

2335 3965 2403 4023 ad
2425 3966 2477 4023 id
2507 3966 2651 4038 quod
2679 3966 2754 4024 ita
2781 3976 2966 4025 manet
2989 3968 3094 4025 sibi
3123 3967 3245 4040 ipse
3270 3970 3568 4028 sufﬁciens.

2407 4127 2488 4203 (‘2)
2516 4128 2732 4186 Locum.

2343 4355 2612 4433 apostolus
2664 4354 2854 4433 Petrus
2902 4366 3107 4433 paratos
3134 4373 3228 4433 nos
3264 4373 3391 4433 esse
3425 4358 3606 4433 debere
3631 4360 3702 4416 ad
3728 4377 3946 4433 respon-

2341 4429 2535 4503 s_ionem
2555 4430 2692 4503 omni
2710 4430 2941 4503 poscenti
2968 4444 3061 4481 nos
3089 4430 3336 4503 rationem
3357 4430 3422 4486 de
3436 4431 3540 4502 ﬁde
3559 4442 3609 4487 et
3632 4448 3720 4503 spe
3743 4429 3942 4488 nostra.

2343 4497 2412 4575 Et
2432 4515 2580 4554 ntnu.
2610 4500 2679 4552 ὃς
2708 4497 3123 4575 Absit_namque.
3148 4510 3205 4575 ut
3232 4501 3396 4555 hocin
3421 4497 3566 4575 nobis
3583 4497 3725 4559 Deus
3751 4504 3943 4575 oderit,

2262 4568 2318 4632 D
2341 4571 2394 4623 in
2423 4587 2524 4639 quo
2564 4584 2655 4622 nos
2692 4569 2903 4639 reliquis
2934 4572 3277 4626 animantibus
3316 4572 3701 4630 excellentiores
3727 4568 3941 4632 creavit;

2340 4640 2547 4716 Quibus
2592 4640 2820 4716 aliisque
2848 4639 3123 4716 Consentii
3150 4658 3389 4700 errorem
3431 4646 3673 4716 depellit,
3709 4646 3945 4716 fideique

2340 4712 2774 4781 intelligentiam,
2799 4711 2868 4764 ad
2897 4730 3049 4783 quam
3075 4716 3209 4790 ratio
3232 4731 3353 4790 vera
3382 4711 3637 4790 perducit,
3669 4718 3799 4790 ﬁdes
3823 4711 3947 4773 ani-

2343 4799 2485 4858 ntum
2505 4791 2791 4858 prwparat,
2814 4788 3227 4858 prafponendam
3249 4788 3427 4853 docet,
3457 4805 3514 4843 n.
3538 4788 3572 4843 6
3594 4800 3648 4844 et
3668 4788 3724 4855 8,
3752 4804 3946 4858 quam-

2343 4854 2430 4908 vis
2484 4853 2659 4932 tamen
2692 4853 3012 4932 rationabile
3040 4868 3380 4932 praeceptum
3414 4858 3504 4932 sit,
3535 4870 3593 4913 ut
3640 4853 3718 4913 ad
3753 4853 3945 4932 magna

2344 4927 2603 5003 quantum1
2632 4940 2748 4995 qua:
2767 4927 2885 5003 capi
2898 4928 3136 5003 nondum
3162 4927 3395 5003 possunt,
3423 4931 3552 4999 ﬁdes
3572 4927 3946 5002 pra'cedut'ra-

2343 4998 2553 5074 tionem.
2585 4996 2731 5064 Imo,
2766 4999 2958 5074 inquit,
2979 5014 3043 5074 _n.
3079 5001 3113 5054 5
3136 4996 3261 5074 {Si
3287 5000 3391 5056 hoc
3419 4996 3742 5074 praeceptum
3784 5005 3945 5057 ratio—

2347 5070 2517 5123 nabile
2543 5077 2637 5145 est,
2672 5070 2849 5145 procul
2861 5069 3022 5145 dubio
3046 5069 3688 5145 quantulacumquera‘tio,
3711 5091 3825 5145 quae
3843 5076 3945 5131 hoc

2347 5140 2640 5211 persuadet,
2665 5140 2818 5194 etiam
2852 5142 2968 5212 ipsa
2997 5140 3246 5196 antecedit
3282 5140 3457 5212 ﬁdem.
3490 5144 3676 5200 Fidem
3706 5140 3849 5200 enim
3874 5161 3941 5203 ea

2347 5213 2787 5291 praeceditrati‘o,
2821 5212 2931 5268 Deo
2960 5214 3080 5291 scil:
3111 5216 3200 5284 qui
3234 5229 3333 5268 nec
3355 5215 3471 5291 falli
3490 5231 3603 5291 nec
3632 5216 3816 5291 fallere
3837 5232 3941 5291 po.

2348 5293 2471 5347 test,
2504 5282 2833 5337 credendum
2861 5298 3002 5339 esse.
3041 5282 3189 5339 Hanc
3218 5285 3457 5353 regulam
3488 5288 3539 5341 in
3570 5282 3941 5343 omnibns'se-

2344 5363 2499 5426 cutus
2536 5365 2620 5409 est
2647 5353 2902 5426 Hilarius,
2947 5356 3123 5426 primo
3155 5357 3243 5410 Dei
3283 5357 3442 5412 dictis
3469 5358 3774 5415 ﬁrmiSsime
3813 5373 3941 5415 cre—

2346 5423 2501 5487 dens,
2530 5440 2592 5479 ac
2620 5434 2728 5477 tum
2750 5423 2871 5479 ﬁdei
2898 5423 3010 5482 suae
3027 5427 3289 5484 rationem
3315 5429 3543 5486 reddere
3563 5446 3671 5495 non
3693 5438 3943 5487 contem.

2346 5510 2501 5551 nens.
2540 5495 2746 5551 Videsis
2766 5496 2858 5550 lib.
2886 5513 3001 5562 vnt,
3030 5514 3177 5553 num.
3203 5514 3243 5564 ι,
3271 5508 3377 5556 etc.

2421 5587 2488 5666 (ι’)
2524 5589 2700 5654 Editi,
2743 5591 2951 5666 locum;
2990 5594 3413 5666 repugnantibus
3460 5612 3590 5655 mss.
3652 5597 3743 5654 Sic
3780 5605 3835 5653 et
3881 5597 3939 5659 in

2344 5665 2480 5733 psal.
2512 5676 2777 5730 cxxxvnt,
2804 5680 2860 5719 η.
2892 5662 2984 5733 18,
3017 5662 3191 5731 Patris
3219 5673 3410 5723 natura
3441 5667 3640 5729 dicitur
3668 5671 3807 5729 ultra
3826 5684 3940 5725 etn-

2346 5746 2434 5786 nes
2460 5732 2598 5787 locos
2627 5747 2770 5790 esse.

2414 5798 2490 5875 (g)
2520 5803 2598 5858 Ita
2626 5819 2757 5862 mss.
2789 5806 2857 5862 At
2882 5808 3032 5877 editi,
3065 5825 3166 5873 non
3192 5807 3408 5865 aliunde
3444 5812 3582 5881 quod
3601 5820 3676 5869 est
3705 5827 3933 5869 sumens.
