4216 6254
308 273 382 329 μη
1511 261 1599 336 os
1639 262 2006 339 animum;
2043 267 2248 338 LIBER
2289 267 2377 338 ut.
3555 275 3622 334 78

385 390 440 454 '5,
477 386 647 444 Filius
673 385 801 455 quid
816 383 1072 442 nascendo
1091 382 1296 440 aPalre
1324 383 1698 456 accepit._Quid
1712 398 1926 438 nascen-
1953 388 2008 448 Α
2034 382 2102 454 (c)
2133 391 2194 440 ιιι
2213 383 2316 439 scit
2360 383 2451 455 qui
2485 383 2692 454 genuit.
2723 382 2875 452 Quod
2924 383 2977 438 in
3031 382 3188 440 Patre
3214 396 3320 453 est,
3344 386 3445 443 hoc
3483 398 3534 444 et
3567 391 3618 444 in

317 484 388 538 do
415 482 469 536 in
486 496 643 536 carne
666 496 760 552 pro
790 479 933 534 nobis
958 476 1487 546 assumpserit.——llic
1507 490 1636 546 ergo
1651 475 1920 546 ingenitus

307 586 443 631 ante
460 589 622 629 omne
653 581 869 642 tempus
895 585 962 625 ex
988 585 1047 624 se
1075 568 1249 624 ﬁlium
1277 568 1482 639 genuit,
1508 583 1615 623 non
1647 583 1714 623 ex
1740 567 1918 638 aliqua

311 667 628 738 subjaconle
653 666 758 739 51
791 663 1036 726 materia,
1057 661 1192 732 quia
1214 675 1307 731 per
1328 659 1524 716 Filium
1554 659 1735 718 omnia
1770 675 1784 724 ;
1811 674 1919 714 non

318 776 391 816 ex
425 758 618 825 nihilo,
643 758 770 829 quia
789 771 854 812 ex
875 770 936 811 se
970 754 1136 810 ﬁlium
1159 752 1238 823 (a)
1260 769 1275 808 :
1294 768 1400 808 non
1431 761 1490 807 ut
1513 761 1723 824 partum
1751 793 1766 818 ,
1795 751 1920 822 quia

314 852 450 910 nihil
480 853 532 914 in
566 851 678 908 Deo
702 847 1038 908 demutabile
1061 852 1157 900 aut
1186 859 1410 902 vacuum
1435 854 1551 913 est;
1575 859 1682 901 non
1712 851 1918 915 partem

313 945 400 1000 sui
446 944 531 999 vel
579 942 808 1002 divisam
840 939 925 994 vel
971 938 1260 994 discissam
1309 937 1392 996 vel
1432 945 1755 1004 extensum;
1798 936 1921 1010 quia

321 1035 675 1108 impassibilis
699 1045 751 1102 et
779 1033 1136 1102 incorporeus
1159 1031 1300 1085 Deus
1321 1039 1426 1095 est,
1453 1030 1567 1084 haec
1586 1037 1766 1084 autem
1792 1044 1919 1100 pas-

317 1129 492 1182 sionis
520 1135 575 1181 et
603 1123 786 1191 carnis
831 1132 979 1189 sunt,
1030 1131 1109 1187 et,
1147 1120 1447 1177 secundum
1496 1121 1840 1192 Apostolum,
1868 1121 1923 1176 in

320 1219 528 1276 Christo
571 1217 822 1278 inhabitat
861 1215 1028 1270 omnis
1067 1213 1331 1288 plenitudo
1377 1214 1658 1274 divinitatis
1679 1229 1924 1283 corpora-

321 1311 447 1368 liter
492 1309 798 1383 (Colman,
833 1305 914 1376 9).
967 1305 1078 1362 Sed
1126 1305 1767 1377 incomprehensibiliter,
1812 1309 1925 1360 ine-

314 1405 690 1472 narrabiliter,
734 1410 863 1464 ante
898 1416 1060 1464 omne
1098 1409 1313 1472 teinpus
1338 1409 1393 1456 et
1417 1400 1637 1466 smcula,
1667 1398 1924 1470 Unigeni-

319 1508 431 1553 tum
461 1513 526 1552 ex
553 1496 636 1551 his
661 1510 783 1567 qua:
805 1495 1042 1566 ingenita
1069 1495 1119 1556 in
1147 1508 1207 1550 se
1233 1501 1391 1549 erant
1409 1492 1737 1564 procreavit,
1765 1507 1926 1548 omne

320 1589 466 1662 quod
501 1590 644 1646 Deus
676 1599 760 1652 est
781 1603 876 1658 per
905 1586 1236 1642 charitatem.
1257 1597 1419 1656 atque
1449 1583 1706 1640 virtutem
1737 1584 1931 1640 nativi-

327 1685 422 1740 tati
458 1683 577 1753 ejus
611 1682 964 1752 impertiens:
1011 1694 1076 1735 ac
1111 1680 1189 1736 sic
1229 1680 1298 1736 ab
1345 1677 1604 1750 ingenito,
1662 1676 1926 1749 perfecto,

2025 473 2166 528 Filio
2186 485 2295 540 est;
2329 475 2470 548 quod
2511 475 2563 529 in
2594 475 2853 546 ingenito,
2886 474 2988 530 hoc
3017 486 3072 531 et
3110 477 3162 532 in
3187 477 3498 549 unigenito;
3536 483 3622 535 al-

2025 572 2106 618 ter
2136 564 2202 619 ab
2229 566 2424 634 altero,
2453 574 2509 622 et
2536 574 2762 636 uterque
2808 582 3006 633 unum;
3039 583 3145 623 non
3191 568 3298 624 duo
3329 586 3488 638 unus,
3524 572 3618 628 sed

2023 656 2160 712 alius
2185 657 2236 712 in
2265 658 2393 723 alio,
2417 659 2542 729 quia
2577 675 2682 713 non
2713 659 2854 714 aliud
2888 659 2939 714 in
2958 659 3065 733 52
3084 669 3345 732 utroque;
3376 662 3534 718 Pater
3564 665 3617 718 in

2024 747 2183 817 Filio,
2231 751 2353 821 quia
2399 767 2466 808 ex
2493 767 2558 808 eo
2587 752 2990 820 Filius;Filius
3027 756 3081 810 in
3111 754 3294 822 Patre,
3340 759 3463 828 quia
3513 775 3619 824 non

2023 842 2245 898 aliunde
2266 845 2410 913 quod
2456 842 2653 911 Filius;
2683 846 2996 917 unigenitus
3018 847 3069 900 in
3105 847 3364 920 ingenito,
3389 848 3511 919 quia
3554 851 3622 906 ab

2026 936 2265 1008 ingenito
2296 937 2623 1012 unigenitus.
2656 937 2730 992 Ita
2763 938 2816 993 in
2847 954 2908 994 se
2945 940 3214 1006 invicem;
3247 941 3369 1006 quia
3397 951 3457 996 ut
3499 957 3623 996 om-

2026 1029 2112 1086 nia
2141 1029 2194 1084 in
2228 1029 2469 1102 ingenito
2502 1042 2651 1101 patre
2682 1029 2918 1106 perfecta
2951 1040 3096 1098 sunt,
3122 1033 3194 1088 ita
3222 1034 3476 1090 omniain
3510 1035 3623 1090 ﬁlio

2026 1121 2304 1193 unigenito
2330 1122 2562 1192 perfecta
2586 1132 2732 1178 sunt.
2761 1122 2882 1178 llzec
2912 1123 2964 1178 in
2997 1123 3135 1179 Filio
3159 1134 3215 1180 et
3240 1126 3398 1180 Patre
3426 1127 3622 1191 unitas,

2029 1213 2144 1272 haec
2173 1217 2360 1283 virtus,
2383 1215 2501 1271 bzec
2523 1217 2780 1284 Charitas,
2798 1219 2878 1287 (ά)
2898 1218 3016 1274 haec
3036 1234 3180 1290 spes,
3201 1219 3316 1275 ha:c
3336 1219 3492 1288 ﬁdes,
3512 1221 3626 1277 hanc

2029 1309 2249 1376 veritas,
2281 1312 2388 1378 via,
2424 1311 2552 1380 vita,
2585 1326 2688 1366 non
2730 1312 3047 1368 calumniari
3091 1313 3158 1368 de
3186 1315 3473 1372 virtutibus
3512 1318 3626 1373 suis

2031 1403 2164 1468 Deo,
2197 1418 2297 1458 nec
2325 1403 2395 1477 (e)
2439 1421 2534 1474 per
2563 1413 2835 1470 secretum
2868 1422 2930 1461 ac
2976 1415 3298 1478 potestatem
3330 1410 3627 1466 nativitatis

2030 1495 2342 1552 obtrectare
2406 1496 2575 1563 Filio;
2627 1498 2769 1560 Patri
2819 1499 3058 1570 ingenito
3103 1500 3234 1556 nihil
3286 1517 3624 1572 comparare,

2035 1587 2380 1658 Unigenilum
2396 1588 2462 1642 ab
2481 1603 2546 1644 eo
2568 1605 2668 1645 nec
2691 1598 2936 1661 tempore
2954 1607 3055 1658 nec
3075 1594 3274 1650 virtute
3295 1595 3626 1665 discernere,

2035 1678 2205 1734 Deum
2237 1679 2406 1734 ﬁlium
2437 1681 2562 1754 quia
2593 1696 2659 1748 ex
2691 1681 2802 1738 Deo
2823 1691 2908 1738 est
2937 1681 3210 1740 confiteri.

319 1788 637 1846 aeternoque
669 1775 852 1840 Patre,
887 1773 1196 1844 unigenitus
1217 1779 1274 1826 et
1300 1770 1570 1842 perfectus
1609 1778 1663 1825 et
1691 1778 1926 1824 reternus
1956 1786 2004 1848 Β
2105 1770 2159 1824 5.
2191 1768 2289 1826 Dei
2313 1772 2541 1842 potentia
2583 1788 2638 1826 se
2665 1775 2820 1844 gestis
2849 1776 3102 1830 ostendit:
3134 1793 3353 1850 quorum
3381 1783 3515 1836 ratio
3547 1780 3629 1836 la-

319 1879 405 1926 est
431 1868 623 1924 Filius.
668 1868 737 1922 Ea
778 1871 977 1933 autem,
1009 1863 1089 1936 (1)
1119 1863 1195 1937 (b)
1231 1879 1348 1934 quae
1379 1863 1425 1918 ei
1468 1871 1593 1918 sunt
1625 1861 1924 1920 secundum

319 1977 523 2032 corpus
578 1960 720 2032 quod
769 1959 1079 2028 assumpsit,
1129 1955 1384 2014 bonitatis
1412 1956 1531 2026 ejus
1573 1955 1641 2010 ad
1694 1954 1924 2010 salutem

325 2062 570 2110 nostram
626 2052 878 2106 voluntas
904 2061 1010 2106 cst.
1053 2049 1343 2115 invisibilis
1385 2049 1530 2103 enim
1580 2055 1636 2102 et
1676 2047 1929 2117 incorpo-

320 2163 447 2204 reus
469 2157 524 2202 et
543 2141 1129 2215 incomprehensibilis,
1155 2151 1341 2210 utp0te
1368 2141 1525 2196 aDeo
1546 2139 1780 2212 genitus,
1811 2149 1924 2198 tan~

319 2251 434 2296 tum
477 2241 527 2294 in
558 2254 619 2296 se
643 2249 698 2295 et
729 2238 971 2293 materiae
993 2247 1045 2292 et
1065 2235 1388 2292 humilitatis
1419 2235 1644 2306 recepit,
1667 2243 1926 2308 quantum

322 2335 376 2388 in
415 2333 573 2389 nobis
595 2341 712 2387 erat
738 2330 950 2388 virtutis
983 2330 1051 2386 ad
1092 2328 1497 2400 intelligendum
1523 2344 1582 2384 se
1607 2338 1662 2385 et
1687 2329 1929 2384 sentien-

320 2425 452 2482 dum
472 2423 924 2488 etcontuendum;
951 2420 1299 2480 imbecillitati
1315 2430 1512 2478 nostrae
1533 2421 1708 2492 potius
1725 2420 1932 2476 obtem-

325 2532 545 2588 parans,
570 2530 732 2586 quam
773 2515 842 2571 de
873 2514 958 2570 his
999 2514 1052 2568 in
1087 2513 1283 2584 quibus
1337 2524 1454 2569 erat
1491 2514 1606 2584 ipse
1652 2511 1928 2574 deﬁciens.

395 2609 451 2668 4.
509 2608 623 2674 Qua
646 2607 843 2673 ratione
868 2607 934 2668 sit
950 2607 1004 2662 in
1034 2604 1298 2660 Patre.—
1318 2605 1484 2676 Igitur
1510 2604 1734 2676 perfecti
1764 2605 1934 2675 patris

327 2702 603 2769 perfectus
631 2702 796 2767 ﬁlius,
826 2708 881 2756 et
917 2697 1142 2769 ingeniti
1185 2698 1276 2753 Dei
1309 2697 1580 2765 unigenita
1619 2699 1929 2770 progenies,

323 2798 415 2868 qui
463 2796 625 2852 abeo
673 2793 764 2865 qui
818 2792 982 2850 habet
1030 2792 1210 2848 omnia
1250 2789 1458 2864 accepit
1501 2791 1703 2857 omnia,
1737 2790 1878 2846 Deus
1904 2805 1934 2843 a

326 2889 466 2954 Deo,
500 2887 728 2959 spiritus
765 2899 795 2940 a
825 2883 1043 2954 Spiritu,
1078 2883 1256 2937 lumen
1284 2897 1312 2935 a
1345 2881 1569 2950 lumine,
1599 2881 1936 2936 conﬁdenter

325 2984 400 3039 ait
427 2999 440 3029 τ
471 2977 632 3033 Pater
664 2977 717 3032 in
745 2992 846 3044 me,
876 2985 924 3031 et
953 2990 1046 3046 ego
1071 2974 1125 3028 in
1163 2972 1324 3027 Patre
1352 2971 1534 3044 (Ioan.
1560 2989 1615 3039 Σ,
1645 2973 1737 3043 58)
1764 2991 1776 3025 :
1811 2973 1934 3041 quia

327 3083 384 3126 ut
409 3070 630 3141 spiritus
655 3067 834 3135 Pater,
853 3067 994 3124 itaet
1025 3063 1196 3122 Filius
1221 3063 1487 3135 Spiritus;
1517 3074 1572 3118 ut
1595 3063 1736 3118 Deus
1756 3062 1935 3128 Pater,

2032 1869 2155 1920 teat.
2189 1860 2359 1916 Homo
2411 1879 2514 1918 non
2569 1865 2706 1936 capit
2756 1864 2843 1936 qui
2887 1882 3021 1935 aqua
3063 1867 3117 1922 in
3157 1869 3332 1925 vinum
3401 1873 3465 1926 sit
3509 1889 3632 1926 con-

2030 1969 2271 2010 uersa.—
2294 1954 2433 2010 Sunt
2472 1955 2772 2014 istiusmodi
2807 1956 2863 2013 in
2915 1958 3024 2014 Deo
3063 1969 3383 2032 potestates,
3404 1980 3632 2036 quarum

2031 2062 2154 2102 cum
2211 2047 2350 2103 ratio
2392 2048 2761 2120 intelligentiae
2811 2059 3011 2118 nostra:
3055 2052 3632 2126 incomprehensibilis

2033 2148 2136 2205 est,
2171 2139 2305 2194 ﬁdes
2335 2148 2513 2196 tamen
2539 2156 2633 2212 per
2663 2142 2941 2198 veritatem
2970 2143 3277 2204 efﬁcientia:
3308 2147 3372 2218 (f)
3397 2149 3448 2203 in
3472 2149 3634 2206 abso-

2035 2232 2150 2289 luto
2187 2244 2291 2290 est.
2322 2234 2432 2290 Nec
2470 2235 2572 2291 hoc
2609 2236 2660 2290 in
2703 2237 3037 2308 spiritalibus
3077 2247 3308 2310 tantum,
3339 2240 3433 2297 sed
3471 2244 3636 2298 etiam

2036 2327 2088 2380 in
2120 2326 2496 2396 corporalibus
2538 2327 3048 2400 deprehendemus;
3081 2347 3187 2387 non
3231 2332 3298 2388 ad
3343 2335 3639 2392 nativitatis

2036 2420 2368 2490 exemplum,
2385 2421 2480 2477 sed
2496 2421 2563 2476 ad
2586 2421 2996 2480 admirationem
3023 2424 3143 2482 facti
3176 2426 3527 2499 intelligibilis
3549 2445 3638 2484 os-

2038 2521 2250 2569 tensum
2274 2513 2371 2586 {9).
2397 2513 2712 2585 Nuptiarum
2735 2515 2824 2572 die
2859 2517 3040 2572 vinum
3073 2519 3127 2572 in
3150 2518 3372 2575 Galilzea
3403 2536 3466 2576 ex
3494 2536 3634 2591 aqua

2038 2607 2235 2664 factum
2261 2616 2344 2664 est
2363 2607 2542 2680 (Joan.
2559 2625 2619 2678 ιι,
2643 2608 2700 2682 9)
2721 2628 2734 2664 :
2755 2611 3012 2681 numquid
3033 2622 3394 2684 consequetur
3413 2623 3507 2670 aut
3525 2631 3642 2671 ser-

2041 2715 2130 2754 mo
2166 2709 2352 2755 noster
2381 2709 2478 2755 aut
2507 2716 2722 2770 sensus,
2772 2702 2965 2772 quibus
3006 2702 3180 2760 modis
3213 2715 3404 2762 natura
3446 2707 3636 2762 demu-

2043 2801 2149 2846 tata
2175 2792 2264 2858 sit,
2295 2798 2356 2846 ut
2378 2807 2530 2863 aquze
2561 2793 2879 2863 simplicitas
2906 2793 3188 2863 defecerit,
3221 2797 3330 2851 vini
3354 2812 3516 2870 sapor
3548 2814 3644 2854 na-

2045 2895 2129 2939 tus
2157 2884 2262 2939 sit?
2293 2883 2409 2939 Non
2449 2886 2736 2958 permixtio
2773 2885 2895 2953 fuit,
2947 2886 3043 2942 sed
3074 2887 3313 2954 creatio;
3342 2899 3393 2944 et
3437 2891 3644 2945 creatio

2045 2993 2150 3034 non
2194 2994 2224 3034 a
2253 2993 2313 3034 se
2340 2990 2539 3048 empta,
2572 2978 2666 3034 sed
2699 2995 2764 3034 ex
2803 2979 2908 3034 alio
2949 2979 3001 3038 in
3039 2979 3186 3035 aliud
3219 2981 3462 3038 existens
3489 3000 3502 3036 :
3532 2998 3640 3037 non

2048 3086 2141 3140 per
2171 3069 2587 3126 translusionein
2636 3071 2866 3142 potioris
2898 3071 3171 3127 obtinetur
3201 3073 3342 3146 quod
3377 3074 3642 3131 infirmius

323 3163 397 3220 ita
448 3172 504 3218 el
561 3160 731 3217 Filius
779 3159 958 3224 Deus;
993 3167 1050 3214 ut
1092 3156 1274 3212 lumen
1323 3155 1502 3222 Pater,
1537 3156 1606 3212 ita
1649 3164 1702 3210 et
1770 3154 1938 3214 Filius
1966 3188 2011 3252 Ο
2045 3172 2149 3229 est,
2181 3162 2277 3219 sed
2300 3163 2549 3219 aboletur
2576 3162 2720 3234 quod
2751 3172 2888 3231 erat,
2909 3174 2964 3219 et
2993 3165 3138 3235 quod
3166 3180 3271 3220 non
3301 3175 3419 3220 erat
3445 3167 3631 3236 coepit.

335 3258 542 3314 lumen.
599 3251 676 3316 Ea
737 3252 799 3307 iis
849 3265 1019 3322 ergo,
1081 3266 1200 3322 qua:
1269 3249 1321 3304 in
1380 3248 1559 3314 Patre,
1612 3257 1737 3304 sunt
1775 3264 1836 3303 ea
1882 3248 1934 3302 in

325 3348 523 3420 quibus
577 3356 661 3402 est
727 3343 918 3416 Filius,
976 3341 1027 3404 id
1090 3351 1203 3408 est,
1278 3357 1344 3396 ex
1395 3347 1507 3396 toto
1568 3341 1726 3398 Patre
1791 3349 1935 3396 totus

331 3442 502 3497 Filius
547 3450 704 3496 natus
731 3447 846 3503 est;
882 3452 987 3493 non
1017 3435 1253 3502 aliunde,
1287 3433 1410 3506 quia
1456 3433 1586 3489 nihil
1617 3443 1742 3489 ante
1771 3449 1928 3506 quam

329 3533 532 3602 Filius;
576 3547 686 3589 non
741 3546 806 3586 ex
867 3528 1052 3595 nihilo,
1100 3530 1222 3598 quia
1277 3542 1342 3581 ex
1417 3527 1523 3582 Deo
1573 3526 1769 3593 Filius;
1823 3541 1928 3582 non

328 3627 384 3684 in
427 3637 602 3698 parte,
625 3626 746 3699 quia
789 3621 1070 3696 plenitudo
1111 3621 1327 3678 deitatis
1370 3622 1422 3675 in
1458 3620 1607 3688 ﬁlio;
1656 3637 1832 3693 neque
1877 3622 1930 3676 in

335 3723 630 3795 aliquibus,
658 3721 780 3794 quia
809 3719 864 3776 in
892 3717 1175 3774 omnibus:
1202 3717 1297 3773 sed
1329 3726 1385 3772 ut
1413 3716 1583 3772 voluit
1613 3717 1700 3788 qui
1733 3716 1928 3790 potuit,

2041 3256 2284 3328 Sponsus
2318 3255 2487 3312 tristis
2513 3265 2615 3320 est,
2644 3254 2844 3312 familia
2869 3257 3136 3323 turbatur,
3169 3259 3484 3314 solemnitas
3511 3275 3644 3331 nup-

2030 3349 2184 3404 ‘tialis
2213 3349 2443 3404 convivii
2469 3349 2819 3418 periclitatur.
2844 3347 3001 3404 Jesus
3031 3360 3252 3421 rogatur
3278 3369 3291 3405 :
3327 3368 3431 3405 non
3453 3366 3642 3407 exsur-

2039 3441 2135 3508 git,
2155 3447 2247 3494 aut
2267 3439 2453 3504 instat,
2471 3437 2564 3493 sed
2591 3438 2922 3510 quiescentis
2938 3439 3056 3509 ejus
3082 3427 3184 3496 hec
3201 3457 3337 3512 opus
3361 3453 3463 3497 est.
3485 3444 3640 3515 Aqua

2039 3532 2248 3605 hydriis
2297 3529 2617 3599 infunditur,
2651 3532 2833 3586 vinum
2863 3531 3123 3589 calicibus
3150 3534 3428 3600 hauritur;
3460 3534 3646 3594 infun-

2038 3625 2216 3682 dentis
2246 3625 2487 3682 scientiae
2518 3640 2709 3680 sensus
2735 3641 2841 3682 non
2875 3627 3128 3682 convenit
3168 3626 3486 3684 haurientis.
3538 3629 3640 3698 Qui

2039 3717 2372 3786 infuderunt,
2399 3717 2606 3773 hauriri
2635 3732 2827 3790 aquam
2857 3718 3210 3788 existimant;
3236 3721 3328 3791 qui
3359 3719 3638 3790 hauriunt,

405 3901 488 3977 (1)
518 3903 646 3970 Quae
677 3902 784 3974 ejus
811 3910 966 3969 ltum;
993 3909 1046 3956 et
1073 3914 1220 3967 mox,
1245 3907 1298 3952 ut
1328 3906 1447 3969 pote
1485 3896 1547 3952 ab
1591 3913 1652 3952 eo
1681 3899 1903 3970 genitus,
1939 3914 2045 3957 non
2070 3919 2100 3956 a
2130 3898 2242 3956 Deo
2267 3902 2486 3974 genitus.

405 4068 480 4138 (a)
512 4064 732 4138 Addunt
761 4064 850 4120 hic
879 4063 985 4118 duo
1005 4077 1134 4118 mss.
1159 4062 1333 4134 genuit
1357 4076 1375 4115 :
1399 4058 1540 4132 quod
1563 4059 1614 4115 in
1644 4059 1763 4115 aliis
1783 4060 1933 4116 libris

334 4137 804 4212 probereticetur.

405 4213 483 4279 (ὁ)
514 4209 572 4264 1η
591 4209 841 4275 vulgatis,
868 4222 982 4274 qua:
1005 4207 1114 4274 eius
1149 4213 1300 4279 sunt;
1332 4214 1385 4259 et
1416 4211 1763 4279 tnox,_t_ttpote
1783 4203 1844 4258 ab
1871 4221 1929 4258 eo

331 4275 744 4356 genitumbiagis
769 4281 938 4349 placet
963 4278 1028 4346 ei,
1059 4287 1112 4333 et
1141 4275 1267 4344 Deo,
1295 4291 1414 4338 cum
1445 4290 1545 4332 ms.
1577 4275 1694 4330 Vat.
1727 4275 1840 4330 bas.
1876 4286 1930 4330 et

332 4352 504 4410 altero
531 4352 684 4407 Colh.

405 4423 479 4499 (ε)
510 4423 686 4478 Editio
709 4420 829 4499 _Par.
862 4418 1620 4499 adNivell_ia.nam_expressa,
1651 4427 1708 4471 ut
1733 4416 1798 4498 sit
1838 4417 1930 4499 qui

405 4433 487 4508 (c)_
510 4433 686 4478 Editto
709 4433 829 4476 l’ar.
862 4433 933 4502 ad.
954 4433 1316 4502 utvett_ta.ttam_
1343 4433 1620 4484 expressa,
1651 4433 1708 4471 ut
1733 4433 1798 4498 stt
1835 4433 1929 4540 zu:

332 4507 530 4567 genuit,
561 4493 840 4567 mendose.
872 4491 969 4546 Hic
991 4501 1276 4567 resptcuur
1302 4489 1454 4567 illud,
1487 4488 1660 4567 {Venio
1679 4500 1814 4567 nouit
1888 4504 1932 4542 t-

332 4561 484 4629 litm.
518 4561 620 4626 nisi
652 4564 831 4628 Pater,
864 4573 968 4619 etc.
1000 4563 1134 4616 Cum
1187 4563 1429 4630 proxime
1457 4561 1536 4616 ait
1579 4561 1832 4626 Hilarius,
1872 4567 1930 4612 ut

335 4637 830 4713 roluitrqnipotuit,
853 4647 912 4713 _et
950 4633 1059 4713 alia
1086 4630 1517 4713 hujusrnodilib.
1552 4648 1716 4713 vanu“.
1762 4630 1826 4684 21
1877 4638 1932 4713 et

335 4726 457 4782 cap.
493 4701 668 4782 16,7in
719 4705 903 4760 Matth.
947 4722 1001 4760 ιι.
1035 4706 1088 4771 4,
1121 4701 1297 4782 Patris
1325 4703 1586 4757 voluntati
1605 4701 1808 4782 filium
1848 4701 1928 4782 vi-

2036 4072 2133 4128 tas,
2168 4071 2271 4118 etc.
2306 4062 2445 4117 Tum
2477 4060 2678 4117 indicat
2699 4075 2759 4119 se
2790 4062 2984 4119 Filium
3017 4062 3235 4121 volente
3263 4064 3422 4122 Patre
3450 4076 3634 4126 natum

2034 4135 2100 4188 ad
2149 4135 2250 4190 hoc
2297 4143 2501 4188 tantum
2533 4134 2851 4204 praedicare,
2901 4152 2970 4191 ne
3003 4137 3199 4192 invitus
3233 4137 3390 4194 Pater
3423 4148 3474 4194 et
3520 4155 3629 4196 non

2032 4206 2428 4278 sinefpassione
2452 4221 2581 4278 eum
2607 4211 2857 4275 genuisse
2885 4209 3244 4278 existimetur.
3270 4209 3387 4278 Qua
3419 4211 3630 4276 ratione

2031 4276 2285 4351 Cyrillus,
2322 4278 2412 4332 lib.
2445 4293 2516 4333 vn
2543 4277 2840 4334 Thesauri:
2868 4277 3009 4333 Licet
3029 4297 3136 4351 non
3166 4297 3231 4335 ex
3260 4276 3517 4336 voluntate
3548 4301 3635 4351 ge-

2031 4353 2196 4403 nuerit
2225 4347 2274 4399 F
2276 4351 2442 4412 ilium,
2471 4366 2571 4402 non
2608 4359 2773 4404 tamen
2800 4351 2990 4405 invitus
3015 4350 3164 4406 habet
3192 4369 3305 4406 eum
3325 4367 3346 4417 ;
3369 4354 3472 4407 vult
3496 4347 3634 4408 enim

2039 4417 2235 4472 Filium
2259 4431 2305 4472 et
2335 4429 2506 4472 amat:
2539 4421 2820 4490 sicutquod
2840 4423 3002 4476 bonus
3028 4433 3073 4478 et
3095 4424 3382 4478 misericors
3405 4425 3489 4485 sit,
3516 4426 3634 4479 licet

2037 4506 2139 4544 non
2155 4491 2333 4544 habeat
2355 4491 2670 4559 prendente
2694 4493 2950 4546 voluntate
2971 4505 3015 4548 et
3043 4494 3305 4560 electione,
3341 4511 3442 4549 non
3467 4504 3633 4552 tamen.

2036 4561 2224 4634 invitus
2255 4561 2363 4634 licet:
2402 4560 2552 4616 habet
2572 4603 2591 4634 ,
2623 4561 2752 4634 uult_
2750 4563 2884 4634 enim
2903 4564 2958 4616 id
2984 4580 3092 4622 esse
3131 4565 3270 4634 quod
3295 4575 3394 4621 est.
3422 4566 3625 4623 Eadem

2039 4631 2150 4687 fere
2175 4633 2369 4704 repetit
2407 4635 2534 4688 dial.
2562 4632 2598 4686 2
2619 4631 2905 4704 dchrinit.

2113 4703 2190 4775 (ἀ)
2238 4702 2389 4774 Apud
2429 4704 2552 4760 Par.
2600 4702 2868 4776 omittitur
2915 4705 3024 4759 liceo
3065 4720 3198 4776 spes.
3235 4703 3356 4762 Mox
3401 4707 3630 4765 verbum

335 4773 497 4838 deiur
526 4780 815 4847 subjicere,
857 4788 972 4847 tum,
999 4786 1056 4830 ut
1093 4773 1182 4840 sit,
1213 4783 1322 4828 tum
1353 4783 1410 4847 ut
1442 4775 1668 4844 aequalis
1706 4774 1803 4841 ipsi
1836 4774 1923 4847 sit.
1953 4780 2010 4841 D
2033 4773 2338 4847 calumniari
2366 4776 2596 4844 positum
2630 4775 2840 4830 videtur
2881 4790 2978 4845 pro
3009 4773 3330 4833 imminuere
3358 4788 3414 4834 et
3437 4779 3624 4836 detra-

336 4851 539 4910 Contra
565 4843 890 4906 Athanasius
944 4846 1134 4919 Or.ﬂt|,
1163 4854 1310 4919 cont.
1339 4843 1435 4919 Ar.
1471 4861 1524 4916 p.
1557 4847 1688 4919 555,
1722 4849 1820 4898 hoc
1850 4845 1931 4919 in:
2032 4846 2163 4902 here
2197 4847 2306 4902 Deo
2345 4843 2547 4917 aliquid
2585 4847 2654 4902 de
2693 4843 2933 4919 potent—ia
2989 4863 3104 4902 sua.
3142 4849 3260 4904 Jam
3297 4850 3520 4919 legimus
3572 4853 3625 4906 in

339 4936 421 4980 ter
443 4934 681 4980 creatam
727 4935 841 4974 rem
884 4927 940 4974 et
967 4918 1162 4973 Filium
1191 4915 1486 4971 discrimen
1534 4917 1738 4980 statuit,
1785 4915 1927 4985 quod

341 4995 430 5052 hic
467 4997 536 5050 sit
581 4991 854 5062 preprium
910 4998 1160 5062 paterna;
1195 4988 1510 5062 substantia:
1551 5002 1792 5062 germen,
1841 4987 1928 5062 illa

337 5082 471 5126 vero
498 5056 628 5136 quid
655 5056 991 5120 extraneum.
1019 5059 1163 5136 quod
1203 5074 1268 5136 ett
1300 5056 1482 5136 Patris
1506 5058 1929 5136 voluntate._cui

338 5139 430 5200 ille
457 5130 566 5198 non
600 5136 866 5203 subjacel,
896 5131 1168 5203 pendeat;
1196 5131 1262 5185 Τὸ
1287 5131 1377 5203 μὲν
1398 5131 1593 5201 ποίημα
1622 5130 1713 5182 οὐκ
1741 5131 1931 5203 avem

339 5198 422 5289 ἀεὶ
449 5205 597 5268 εἶναι·
744 5208 848 5289 ’γᾴρ
875 5198 1113 5289 ﬁoribus“
1140 5198 1442 5289 dopiou‘oyo;
1483 5198 1770 5289 ἐργάζετριυ
1793 5198 1854 5287 eo
1878 5198 1934 5289 de

342 5286 564 5374 γέννημα
599 5281 657 5335 οὐ
693 5275 946 5374 βίιιδξιάιιίειΙ
977 5275 1260 5374 timeantur,
1278 5275 1420 5374 illo}
1460 5275 1552 5334 τῆς
1591 5275 1768 5374 citata;
1799 5275 1937 5326 ἐστὶν

374 5355 396 5374 ᾳ
427 5357 437 5373 1
590 5353 681 5374 ιιι-
713 5358 759 5374 ..ι
810 5349 924 5374 ‘....:I
957 5362 1013 5374 ..ιι
1065 5345 1116 5374 ι.
1164 5360 1237 5374 un
1264 5349 1272 5361 '
1348 5347 1520 5374 ,ψη-...ι
1549 5360 1562 5372 ο
1654 5362 1682 5374 η
1728 5355 1937 5374 nullst-n4

345 5343 558 5418 ἷδσόςὴς.
590 5343 766 5407 διάει
784 5349 1017 5426 Cyrillns
1039 5345 1135 5426 lib.
1164 5360 1238 5400 vit
1264 5348 1291 5398 Ἰ
1310 5345 1522 5426 hesauri
1549 5360 1563 5397 :
1609 5343 1943 5426 lito-natura-

345 5428 482 5488 libus
516 5415 675 5479 nulla
705 5415 944 5490 patec—edit
969 5419 1222 5490 uoluntas,
1254 5433 1369 5490 qua:
1403 5416 1656 5490 locumin
1682 5415 1752 5490 iis
1777 5415 1944 5468 solum

349 5487 522 5561 liabet,
545 5511 660 5564 quia
685 5487 803 5547 sunt
824 5501 968 5564 extra
996 5487 1328 5564 deliberantis
1337 5487 1695 5564 substantiam.
1727 5487 1797 5564 ét
1822 5501 1946 5564 sett-

353 5555 574 5625 tentia'n'i
626 5580 780 5632 suam
833 5562 950 5634 ipse
1003 5560 1240 5634 explicat
1269 5561 1518 5634 llilarius‘
1539 5558 1692 5634 l,__de
1733 5555 1939 5628 Synod.

349 5657 407 5698 ιι.
441 5640 534 5704 58,
567 5637 654 5696 ubi
677 5629 1055 5708 primumcum
1077 5629 1380 5708 'Athanasio
1402 5641 1455 5708 _et
1480 5629 1684 5708 Cyrillo
1713 5642 1947 5708 consen-

351 5713 496 5770 tiens
523 5700 720 5779 ‘ponit.
756 5703 1003 5780 Omnibus
1049 5704 1292 5780 creaturis
1332 5700 1669 5780 substantiam
1708 5700 1946 5780 uoluntas

353 5781 455 5842 Dei
482 5771 652 5836 attulit
675 5796 686 5830 :
710 5771 802 5834 sed
827 5785 1067 5831 naturam
1098 5771 1238 5830 Filio
1259 5773 1465 5829 dedit...
1495 5773 1721 5844 perfecta
1763 5771 1947 5826 nativi-

2034 4919 2167 4993 psal.
2198 4933 2431 4993 cxxxvu,
2467 4937 2517 4973 n.
2551 4919 2651 4974 i6:
2684 4917 2739 4972 in
2769 4919 3026 4993 calumnia
3060 4917 3382 4993 uestis,_pr6,
3413 4923 3628 4993 quando

2030 4989 2151 5057 quis
2193 4991 2304 5045 vult
2330 4988 2544 5045 auferre
2585 4999 2828 5044 vestem:
2860 5001 2915 5045 et
2949 4991 3043 5045 lib.
3074 5006 3106 5045 ι
3142 4993 3208 5046 de
3237 4991 3386 5047 Trin.
3424 4988 3474 5046 n.
3533 4993 3627 5059 28.

2033 5060 2212 5141 legere
2231 5072 2309 5115 est
2336 5063 2389 5116 in
2419 5062 2534 5144 ipsa
2561 5063 2726 5116 trunci
2747 5062 2978 5133 corporis
2999 5063 3268 5132 calumnia,
3299 5064 3486 5134 pro,in
3513 5063 3628 5135 ipsa

2034 5146 2180 5186 auris
2210 5142 2598 5203 amputauone.

2108 5221 2178 5291 (ej
2207 5222 2261 5276 Id
2291 5230 2395 5287 est,
2422 5232 2641 5292 propter
2678 5234 2949 5281 secretum
2997 5239 3060 5280 ac
3087 5234 3408 5294 potestatem
3437 5227 3633 5291 nativi-

2050 5294 2193 5356 tatis,
2215 5308 2327 5364 quo
2355 5310 2460 5348 non
2484 5306 2735 5364 penetrat
2763 5312 2918 5352 mens
2945 5297 3198 5353 humana.

2123 5388 2192 5459 (f)
2219 5387 2330 5463 Hoc
2366 5397 2470 5452 est.
2515 5389 2654 5445 ratio
2702 5403 2885 5446 nosua
2925 5401 3076 5448 certo
3117 5393 3345 5463 percipit
3387 5394 3637 5450 effectum

2051 5475 2172 5515 esse
2196 5476 2233 5534 e_
2247 5461 2378 5528 Deo,
2402 5462 2646 5534 quamvis
2663 5477 2768 5517 non
2795 5461 3219 5532 comprehendat
3236 5461 3508 5534 quomodo
3532 5468 3642 5524 fac-

2053 5540 2163 5585 tum
2192 5532 2281 5594 sit,
2307 5543 2396 5588 aut
2424 5533 2585 5587 etiam
2617 5549 2718 5604 qua
2750 5535 2963 5589 ratione
2992 5537 3106 5590 fieri
3138 5532 3394 5606 potuerit.

2230 5622 2327 5678 Ms.
2356 5621 2510 5690 Colb.
2557 5639 2679 5707 cum
2707 5623 2918 5708 Gloria”
2949 5635 3024 5694 est
3049 5636 3343 5708 ostensum.
3377 5627 3517 5696 Mox,
3563 5645 3648 5708 re-

2052 5693 2420 5770 stituitnus__ex
2466 5710 2598 5762 0.1.58.
2657 5695 2709 5750 in
2739 5693 2985 5770 Galiltea,
3014 5697 3099 5756 ubi
3142 5697 3414 5770 vulgatum
3449 5693 3566 5756 erat
3596 5703 3652 5756 in

2055 5765 2197 5824 Cana
2229 5763 2478 5828 Galilwar.
