4216 6254
635 300 705 357 79
1839 293 2086 351 SANCTI
2139 292 2396 350 MILARII
2452 292 2757 351 EPISCOPI

3872 298 3945 355 80

635 422 818 476 vinum
849 420 1083 475 infusum
1113 419 1482 480 arbitrantur;
1515 422 1748 486 tempus,
1782 413 1926 484 quod
1970 414 2021 468 in
2050 412 2230 467 medio
2256 416 2309 476 Α
2336 411 2584 467 humana:
2613 427 2877 480 errorem,
2913 423 2964 469 et
3009 417 3190 472 sciens
3232 429 3299 471 eo
3351 429 3523 487 usque
3567 415 3942 471 inﬁdelitatem

632 526 737 582 est,
775 514 854 587 (l)
888 512 964 587 (α)
1014 528 1120 568 non
1151 509 1365 582 proﬁcit
1396 521 1453 564 ut
1492 508 1717 580 liquoris
1747 519 1935 562 natura
1964 515 2018 562 et
2045 522 2234 563 nasca-

634 620 721 663 tttr
743 618 796 662 et
826 615 1030 678 pereat.
1066 604 1225 659 Ratio
1262 601 1384 657 facti
1410 610 1464 656 ct
1493 601 1666 656 visum
1711 602 1998 655 frustratur
2027 610 2081 655 ct
2110 617 2234 655 sett-

630 716 791 757 snm:
829 702 998 755 virtus
1045 705 1225 765 tamen
1272 694 1367 750 Dei
1396 693 1450 749 in
1490 692 1574 748 bis
1614 707 1734 764 qua:
1767 701 1891 747 sunt
1934 702 2085 762 gesta
2109 706 2233 746 sen-

633 796 783 850 titur.

703 884 809 959 53
836 883 889 939 6.
920 883 1023 937 Aut
1051 881 1303 950 quomodo
1344 879 1566 951 quinque
1608 896 1766 950 panes
1799 878 2129 934 excreverint.
2158 906 2231 918 —

628 977 734 1033 Sed
758 988 813 1032 et
841 975 908 1030 de
935 976 1171 1046 quinque
1200 972 1425 1044 panibus
1463 988 1569 1027 non
1600 971 1878 1027 dissimilis
1902 970 2023 1026 facti
2052 969 2227 1026 atlmio

624 1070 764 1126 ratio
783 1078 866 1125 est
897 1067 1115 1140 (Matth.
1150 1083 1264 1133 xw,
1290 1066 1405 1140 17).
1438 1066 1794 1122 Incrementis
1826 1080 2033 1129 eorum,
2067 1064 2227 1132 quin-

624 1177 730 1231 que
753 1160 980 1216 millium
1008 1161 1245 1214 virorum
1274 1167 1330 1214 et
1358 1157 1831 1214 innumerabilium
1856 1158 2141 1213 mulierum
2165 1171 2229 1212 ac

620 1270 912 1326 puerorum
943 1246 1112 1310 fames
1137 1255 1370 1309 vincitur
1395 1272 1407 1307 :
1438 1254 1569 1323 fugit
1592 1252 1782 1309 oculos
1812 1266 2004 1308 sensus
2032 1252 2221 1319 nostri,

623 1351 807 1422 operis
856 1349 1233 1421 intelligentia.
1290 1349 1540 1418 Quinque
1589 1362 1755 1417 panes
1818 1344 2119 1400 oﬁ‘eruntur
2173 1351 2229 1399 et

619 1444 960 1516 franguntur,
990 1443 1291 1514 subrepunt
1319 1441 1782 1514 prmfringentinm
1810 1440 2060 1495 manibus
2080 1452 2225 1511 quae-

618 1536 743 1592 dam
789 1535 1213 1607 fragmentorutn
1257 1533 1688 1604 procreationes.
1730 1530 1847 1586 Non
1892 1530 2225 1586 imminuitur

615 1630 763 1687 unde
800 1627 1195 1700 priefringitur;
1244 1635 1298 1681 et
1340 1635 1517 1680 tamen
1568 1639 1784 1692 semper
1829 1622 2225 1693 prtefringentis

618 1735 835 1776 manum
878 1718 1180 1790 fragmenta
1227 1726 1513 1788 occupant.
1564 1716 1782 1772 Fallunt
1826 1723 2096 1782 momenta
2141 1714 2222 1770 vi-

2341 512 2714 574 proruptnram
2765 521 2907 571 esse,
2963 516 3021 561 ut
3064 508 3167 563 sibi
3213 507 3283 563 de
3320 507 3415 563 Dei
3465 508 3627 563 rebus
3679 510 3943 577 judicium

2339 604 2711 666 prmsumeret,
2768 597 3045 653 audaciam
3093 607 3334 654 no:tram
3385 613 3599 665 earum,
3636 599 3705 656 de
3749 601 3945 671 quibus

2335 689 2717 761 ambigeretur,
2753 706 2933 746 rerum
2959 693 3086 747 vicit
3109 692 3394 763 exemplis.

2405 783 2460 839 8.
2495 782 2743 838 Humana
2781 786 2915 839 ratio
2940 796 3118 839 contra
3147 787 3525 857 generationem
3557 784 3652 841 Dei
3695 786 3943 858 reprobac

2336 886 2436 931 tur.
2460 905 2532 917 -—
2557 876 2693 933 Sunt
2729 879 2872 933 enim
2914 877 3099 948 plures
3135 878 3318 935 saeculi
3358 879 3673 951 prudentes,
3707 895 3939 951 quorum

2333 968 2621 1041 prudentia
2652 970 2765 1025 Deo
2810 970 3042 1026 stultitia
3084 979 3188 1036 est,
3229 972 3317 1042 qui
3350 987 3473 1027 cum
3514 972 3738 1028 audiunt
3771 972 3938 1028 Deum

2333 1076 2399 1118 ex
2433 1063 2565 1128 Deo,
2615 1078 2804 1118 verum
2846 1078 2877 1117 a
2922 1078 3072 1125 vero.
3124 1062 3421 1134 perfectum
3454 1062 3565 1137 55
3603 1079 3632 1117 a
3674 1064 3937 1133 perfecto,

2332 1169 2499 1209 unum
2526 1156 2595 1210 ab
2622 1171 2729 1209 uno
2761 1167 2942 1210 natum
2971 1169 3115 1222 esse,
3147 1163 3419 1227 tamquam
3451 1156 3802 1226 impossibilia
3834 1173 3936 1213 no-

2332 1249 2417 1305 bis
2471 1249 2886 1318 praedicantibus
2954 1250 3361 1319 contradicant,
3425 1250 3746 1322 quibusdam
3807 1266 3935 1308 sen-

2332 1342 2619 1397 tentiarum
2672 1340 3082 1397 collectionibus
3127 1342 3476 1407 inhaerentes,
3520 1356 3645 1397 cum
3699 1342 3936 1401 dicunt:

2338 1454 2356 1488 ‹
2390 1434 2546 1491 Nasci
2580 1435 2713 1490 nihil
2752 1435 2924 1506 potuit
2963 1436 3031 1490 ab
3081 1449 3209 1500 uno,
3240 1437 3364 1506 quia
3400 1437 3580 1491 omnis
3607 1451 3674 1491 ex
3724 1436 3937 1493 duobus

2332 1528 2582 1583 nativitas
2605 1537 2707 1583 est.
2738 1528 2855 1583 .lam
2883 1529 2927 1581 si
2950 1528 3021 1583 ab
3052 1542 3159 1583 uno
3187 1539 3344 1585 natus
3375 1529 3462 1585 hic
3498 1529 3642 1585 ﬁlius
3674 1541 3779 1595 est,
3805 1546 3935 1601 par-

2331 1629 2438 1675 tem
2461 1620 2577 1689 ejus
2607 1620 2696 1690 qui
2726 1624 2913 1691 genuit
2952 1622 3197 1691 accepit:
3230 1630 3286 1676 et
3309 1621 3354 1675 si
3395 1635 3542 1692 pars,
3583 1631 3773 1677 neuter
3800 1639 3933 1695 ergo

2330 1712 2597 1782 perfectus
2622 1722 2737 1779 est;
2780 1712 2930 1768 deest
2954 1713 3096 1768 enim
3130 1715 3178 1768 ei
3221 1712 3364 1768 unde
3388 1713 3653 1770 decessit:
3684 1731 3785 1770 nec
3812 1716 3931 1785 plc-

613 1829 732 1870 sutn
760 1831 774 1879 ;
808 1811 936 1868 dum
967 1811 1179 1881 plenam
1204 1810 1522 1881 fragmentis
1549 1823 1764 1864 manum
1793 1807 2056 1878 sequeris,
2086 1807 2223 1863 alte-
2249 1811 2297 1871 Β
2328 1801 2514 1857 nitudo
2546 1803 2600 1856 in
2629 1817 2693 1857 eo
2717 1804 2840 1869 erit,
2870 1803 2960 1874 qui
2987 1818 3051 1859 ex
3081 1804 3331 1875 portione
3358 1806 3663 1861 constiterit
3695 1824 3708 1860 :
3738 1814 3934 1863 neuter

610 1923 726 1962 ram
759 1907 877 1961 sine
906 1905 1104 1959 damno
1140 1904 1406 1974 portionis
1437 1917 1549 1957 suae
1584 1903 1895 1969 conlueris;
1930 1902 2070 1957 inter
2101 1901 2218 1957 haec

611 2002 1036 2075 fragmentornm
1095 1998 1344 2056 cumulus
1391 2006 1636 2067 augetur.
1686 1995 2106 2067 Prmfringentcs
2159 1995 2214 2049 in

610 2095 912 2151 ministerio
933 2102 1077 2161 sunt,
1092 2092 1316 2148 edentes
1335 2092 1385 2144 in
1406 2090 1618 2160 negotio
1638 2096 1784 2155 sunt,
1806 2089 2108 2143 esurientes
2129 2101 2216 2141 sa-

608 2188 711 2243 turi
740 2196 885 2251 sunl,
909 2183 1197 2241 duodecim
1236 2182 1501 2253 cophinus
1548 2180 1761 2251 replent
1800 2180 2062 2251 reliquiae.
2090 2178 2209 2234 Non

605 2295 821 2346 sensus,
873 2296 979 2334 non
1034 2277 1181 2333 visus
1229 2275 1524 2347 profectum
1549 2272 1623 2347 (b)
1675 2281 1783 2328 tam
1830 2270 2211 2342 conspicabilis

605 2374 933 2447 operationis
974 2368 1300 2441 assequitur.
1334 2369 1433 2424 Est
1472 2368 1613 2439 quod
1662 2384 1768 2422 non
1816 2375 1953 2432 erat,
1997 2366 2210 2421 videtur

603 2469 748 2541 quod
777 2484 883 2523 non
914 2466 1229 2537 intelligitur
1261 2482 1274 2518 :
1300 2465 1472 2520 solum
1501 2470 1746 2534 superest
1777 2470 1834 2517 ut
1865 2462 2006 2517 Deus
2025 2462 2205 2516 omnia

600 2576 761 2633 posse
789 2559 1063 2616 credatur.

673 2653 729 2707 7.
763 2650 887 2706 licet:
919 2667 1020 2705 non
1064 2649 1143 2705 sui
1181 2665 1341 2704 causa
1379 2647 1480 2720 egit
1522 2644 1906 2711 Christus,sed
1936 2654 1992 2699 ut
2020 2645 2206 2700 huma-

598 2761 725 2800 num
761 2744 825 2798 de
865 2742 963 2797 Dei
1004 2740 1153 2795 rebus
1183 2739 1461 2814 judicaudi
1490 2740 1747 2806 pruritum
1797 2738 2106 2792 retunderet.
2133 2767 2204 2777 —-

598 2833 717 2890 Non
762 2833 961 2887 habent
1009 2832 1189 2901 itaque
1224 2830 1400 2885 divina
1441 2829 1825 2894 adulationem,
1874 2843 1974 2884 nec
2017 2828 2202 2883 subest

600 2927 715 2982 Deo
741 2924 805 2978 ad
840 2921 1159 2994 placendum
1193 2921 1597 2990 fallendumque
1623 2920 1918 2976 simulatio.
1955 2920 2081 2975 Ilu-c
2106 2920 2199 2974 ﬁlii

597 3017 691 3073 Dei
721 3030 884 3085 opera
913 3029 1018 3069 non
1042 3013 1108 3069 de
1135 3012 1410 3084 iactantia:
1439 3012 1618 3069 studio
1642 3021 1768 3068 sunt
1788 3011 2027 3083 profecta
2056 3027 2069 3065 :
2100 3028 2196 3068 ne-

595 3125 701 3181 que
727 3108 870 3163 enim
900 3106 1012 3171 ille,
1043 3106 1127 3161 cui
1157 3105 1564 3161 innumerabilia
1592 3106 1756 3161 tnillia
1787 3105 2009 3160 millium
2034 3120 2197 3177 ange-

2324 1909 2453 1965 crgo
2494 1894 2765 1964 perfectus
2811 1905 2917 1961 est,
2958 1912 3079 1951 cum
3133 1895 3519 1965 plenitudinem
3561 1912 3711 1953 suam
3754 1910 3808 1953 et
3834 1900 3929 1970 qui

2320 1988 2568 2056 genuerit
2614 1988 2845 2052 amittat,
2890 2002 2989 2043 nec
3034 1987 3125 2055 qui
3170 1996 3326 2042 natus
3361 1998 3444 2044 est
3487 2002 3868 2061 consequatur.
3900 2009 3920 2043 ι

2320 2080 2471 2137 lianc
2499 2081 2683 2136 mundi
2727 2082 3048 2151 sapientiam
3080 2082 3241 2136 etiam
3276 2097 3369 2150 per
3401 2084 3716 2153 PI‘OIllIClalil
3749 2084 3927 2154 provi-

2318 2173 2455 2229 dens
2486 2175 2647 2239 Deus,
2682 2175 2754 2229 ita
2785 2174 3025 2239 damnat,
3071 2174 3261 2230 dicens
3293 2191 3305 2227 :
3340 2174 3566 2229 Perdam
3613 2176 3924 2245 sapientiam

2316 2270 2625 2340 sapientium
2653 2308 2666 2334 ,
2711 2275 2758 2322 et
2784 2267 2854 2339 (c)
2901 2267 3216 2323 intellectum
3266 2268 3594 2338 prudentium
3637 2269 3921 2340 reprobabo

2316 2357 2465 2430 (Esa.
2496 2374 2645 2421 xxix,
2673 2356 2785 2428 M).
2813 2358 2941 2414 Item
2966 2358 3019 2413 in
3045 2358 3303 2428 Aposmlo
3326 2375 3340 2413 :
3373 2358 3473 2414 Ubi
3490 2368 3564 2413 est
3585 2362 3809 2431 sapiens,
3834 2362 3922 2415 ubi

2311 2453 2501 2519 scriba,
2518 2453 2604 2506 ubi
2620 2453 2934 2523 couquisitor
2953 2452 3109 2525 hujus
3134 2454 3310 2507 saeculi
3325 2453 3349 2505 ἶ)
3367 2451 3550 2507 Nonne
3569 2455 3781 2508 stultam
3797 2456 3919 2525 fecit

2313 2542 2453 2599 Deus
2467 2545 2791 2614 prudentiam
2809 2545 2961 2616 hujus
2976 2546 3153 2598 mundi
3168 2545 3193 2598 Ρ
3212 2543 3347 2599 Nam
3361 2548 3477 2616 quia
3489 2547 3543 2600 in
3555 2547 3809 2619 sapientia
3819 2546 3919 2604 Dei

2312 2657 2416 2695 non
2461 2643 2696 2714 cognovit
2737 2642 2961 2695 mundus
3001 2657 3090 2711 per
3128 2641 3455 2712 prudentiam
3497 2640 3689 2710 Deum,
3720 2645 3915 2715 placuit

2313 2729 2423 2787 Deo
2453 2749 2542 2802 per
2570 2733 2841 2788 stultitiam
2870 2734 3254 2805 prtedicationis
3282 2734 3452 2789 salvos
3481 2737 3653 2806 facere
3696 2738 3911 2792 creden-

2310 2836 2382 2881 tes
2412 2843 2429 2881 :
2457 2827 2699 2898 quoniam
2727 2825 2901 2881 Judwi
2932 2829 3080 2897 signa
3109 2835 3300 2895 petunt,
3329 2836 3375 2882 et
3406 2826 3574 2882 Graeci
3604 2829 3908 2899 sapientiam

2306 2931 2543 2991 quierunt
2566 2937 2584 2975 :
2613 2938 2707 2975 nos
2728 2930 2898 2974 autem
2924 2920 3265 2992 praedicamus
3283 2918 3545 2974 Christum
3573 2922 3904 2992 cruciﬁxum,

2304 3014 2507 3068 Judteis
2536 3014 2742 3085 quidem
2764 3014 3091 3079 scandalunt,
3135 3012 3382 3068 Gentibus
3417 3023 3587 3067 autent
3612 3016 3904 3085 stultitiam,

2303 3107 2367 3160 iis
2393 3116 2560 3161 autem
2585 3108 2673 3176 qui
2702 3116 2819 3161 sunt
2857 3107 3040 3170 vocati,
3085 3103 3284 3162 Iudaeis
3329 3117 3483 3177 atque
3511 3105 3705 3163 Gra'cis
3731 3108 3910 3165 Chris-

594 3202 769 3257 lorttm
812 3200 1075 3267 serviunt,
1106 3199 1352 3254 adulatus
1387 3209 1471 3255 est
1501 3199 1725 3253 homini.
1757 3198 1898 3267 Quid
1928 3199 2069 3254 enim
2098 3214 2191 3254 eo-
2225 3204 2269 3266 ρ
2304 3209 2410 3252 tum
2446 3198 2543 3253 Dei
2583 3200 2819 3253 virtutem
2848 3209 2893 3254 et
2930 3197 3032 3253 Dei
3072 3199 3377 3267 sapientiam
3407 3215 3421 3252 :
3453 3199 3573 3269 quia
3601 3202 3738 3268 quod
3774 3200 3908 3257 stul—

594 3309 713 3349 rum
739 3308 858 3363 qua:
888 3302 1070 3347 nostra
1108 3300 1234 3346 sunt
1280 3291 1572 3363 indigebat,
1610 3307 1704 3361 per
1731 3306 1890 3362 quem
1926 3300 2052 3347 sunt
2079 3292 2198 3347 uni-

594 3401 749 3443 versa
776 3402 895 3455 quae
918 3393 1102 3440 nostra
1122 3384 1285 3439 sunt?
1314 3385 1393 3439 An
1416 3383 1675 3441 honorem
1702 3399 1731 3438 a
1764 3384 1919 3440 nobis
1940 3393 2198 3455 expostu-

594 3481 764 3543 labat,
793 3493 936 3535 nunc
967 3494 996 3534 a
1024 3494 1215 3534 somno
1239 3478 1489 3550 stttpidis,
1530 3495 1670 3534 nunc
1696 3479 1764 3534 de
1791 3480 1921 3534 luxu
1960 3477 2032 3551 (c)
2066 3493 2196 3534 noc-

594 3572 724 3627 tium
740 3570 917 3637 fessis,
936 3586 1076 3627 nunc
1097 3581 1217 3642 post
1236 3571 1378 3625 rixas
1395 3575 1450 3624 et
1464 3570 1639 3625 caedes
1653 3571 1861 3625 dierum
1886 3572 2023 3625 male
2036 3586 2194 3627 Cons-

590 3666 710 3732 ciis,
746 3680 886 3721 nunc
913 3676 1033 3736 post
1072 3665 1315 3720 convivia
1343 3664 1528 3730 ebriis,
1571 3680 1731 3735 quem
1761 3665 2109 3736 Arcbangeli,
2138 3674 2193 3721 et

590 3760 930 3827 Dominatus,
960 3765 1015 3815 et
1036 3758 1396 3829 Principatus,
1427 3767 1485 3813 et
1503 3758 1801 3814 Potestates
1826 3760 1945 3815 sine
1973 3776 2187 3827 somno,

587 3853 707 3910 sine
734 3854 1106 3924 occupatione.
1151 3853 1267 3909 sine
1305 3852 1534 3908 crimine
1569 3852 1787 3908 aeternis
1817 3863 1872 3908 et
1902 3853 2190 3912 indefessis

587 3944 641 4000 in
670 3946 806 4001 coelo
839 3945 1059 4001 vocibus
1088 3944 1342 4000 laudant:
1373 3954 1427 4000 et
1449 3944 1687 4011 laudant,
1712 3947 1837 4016 quia
1863 3947 1976 4016 ipse
2003 3947 2189 4002 invisi-

586 4035 711 4091 bilis
740 4036 832 4091 Dei
870 4036 1044 4107 imago
1065 4050 1256 4091 omnes
1274 4035 1357 4106 (ά)
1381 4037 1433 4091 in
1473 4050 1533 4091 se
1569 4037 1854 4102 creaverit,
1887 4037 2080 4093 saecula
2110 4037 2185 4094 f'c-

586 4128 742 4193 cerit,
784 4126 982 4182 coelum
1024 4127 1353 4192 ﬁrmaverit,
1399 4136 1542 4181 astra
1592 4126 1938 4193 distinxerit,
1982 4138 2183 4184 terram

586 4217 910 4282 fundaverit,
943 4218 1168 4289 abyssos
1194 4216 1549 4283 demerserit;
1594 4218 1709 4287 ipse
1740 4218 1999 4290 deinceps
2021 4218 2185 4275 homo

584 4321 745 4367 natus
773 4311 864 4377 sit,
908 4317 1140 4366 mortem
1164 4309 1374 4376 vicerit,
1409 4317 1590 4379 portas
1627 4310 1784 4366 inferi
1816 4311 2062 4384 fregerit,
2092 4329 2185 4369 co-

585 4401 857 4459 haeredem
888 4401 989 4456 sibi
1014 4401 1222 4471 plebem
1256 4402 1856 4471 acquisiverit,carnem
1888 4405 1938 4459 in
1966 4406 2186 4462 :eterni-

586 4494 713 4549 tatis
746 4494 970 4563 gloriam
1008 4508 1075 4549 ex
1113 4492 1461 4561 corruptione
1491 4495 1843 4552 transtulerit.
1883 4496 2023 4552 Nihil
2054 4515 2184 4569 ergo

2301 3301 2407 3347 tum
2444 3303 2514 3348 est
2544 3292 2663 3356 Dei,
2714 3293 2997 3365 sapientius
3042 3300 3116 3347 est
3146 3293 3470 3357 hominibus;
3509 3302 3556 3348 et
3579 3294 3717 3362 quod
3754 3294 3907 3362 inﬁr-

2300 3402 2437 3440 mum
2474 3395 2547 3440 est
2583 3384 2700 3453 Dei,
2736 3386 2920 3457 fortius
2967 3396 3039 3440 est
3092 3385 3380 3440 hominibus
3432 3384 3479 3460 (ί
3515 3383 3636 3440 Cor.
3668 3401 3708 3451 ι,
3743 3386 3817 3441 20
3852 3396 3905 3441 et

2300 3496 2439 3552 seqq.
2452 3481 2490 3550 ).

2369 3576 2425 3630 9.
2449 3572 2643 3629 Christi
2670 3574 2891 3646 ofﬁcium
2914 3574 3057 3645 apud
3078 3574 3189 3634 nos.
3212 3603 3285 3615 —
3313 3573 3505 3629 Curam
3525 3588 3654 3644 ergo
3675 3573 3901 3630 btttnani

2296 3668 2510 3738 generis
2541 3668 2749 3723 habens
2781 3668 2873 3723 Dei
2915 3666 3077 3732 ﬁlius,
3113 3667 3365 3737 primum,
3417 3675 3475 3720 ιιι
3508 3666 3610 3721 sibi
3650 3665 3903 3721 credere—

2296 3770 2404 3826 tur,
2434 3762 2598 3817 homo
2639 3762 2812 3818 factus
2836 3773 2918 3817 est
2951 3772 3044 3817 :ut
3076 3762 3228 3817 testis
3256 3761 3561 3817 divinarum
3593 3776 3774 3818 rerum
3804 3775 3901 3817 no-

2295 3857 2377 3913 bis
2425 3858 2590 3913 esset'
2622 3873 2689 3913 ex
2758 3856 2990 3922 nostris,
3041 3871 3243 3927 perque
3291 3856 3661 3911 inﬁrmitatem
3716 3854 3897 3910 carnis

2296 3949 2466 4006 Deum
2507 3961 2719 4022 patrem
2750 3949 2909 4005 nobis
2950 3949 3254 4005 infirmibus
3284 3958 3341 4004 et
3376 3949 3681 4004 carnalibus
3705 3948 3898 4017 praedi-

2290 4051 2459 4109 caret,
2486 4041 2820 4096 voluntatem
2855 4042 2906 4096 in
2932 4057 2998 4097 eo
3032 4042 3122 4095 Dei
3143 4040 3312 4110 patris
3339 4040 3605 4108 efficiens,
3635 4050 3692 4093 ttt
3721 4039 3892 4094 dicit:

2294 4134 2417 4189 Non
2449 4135 2559 4189 veni
2590 4135 2901 4189 voluntatem
2925 4152 3089 4189 meatu
3116 4138 3304 4206 facere,
3336 4133 3425 4189 sed
3452 4136 3761 4189 voluntatem
3782 4134 3894 4203 ejus

2289 4228 2379 4297 qui
2404 4244 2484 4282 me
2512 4228 2651 4283 misit
2671 4227 2855 4301 (Joan.
2889 4245 2964 4295 v1,
2989 4227 3107 4300 38),
3134 4226 3210 4301 (ι’)
3246 4242 3351 4282 non
3378 4227 3521 4299 quod
3548 4226 3684 4282 nolit
3711 4238 3765 4282 et
3795 4227 3889 4284 illc

2288 4321 2431 4392 quod
2475 4322 2666 4388 faciat;
2710 4323 2805 4380 sed
2841 4322 3206 4379 obedientiam
3244 4336 3395 4376 suam
3427 4320 3528 4375 sub
3557 4318 3749 4376 effectu
3785 4333 3887 4390 pa-

2290 4424 2457 4470 ternae
2503 4415 2795 4471 voluntatis
2837 4414 3109 4479 ostendit,
3154 4414 3344 4470 volens
3396 4413 3510 4484 ipse
3554 4412 3888 4468 voluntatem

2287 4505 2463 4562 Patris
2486 4507 2727 4575 explere.
2760 4506 2890 4560 Erat
2914 4513 3096 4561 autem
3132 4507 3249 4560 bzec
3266 4504 3570 4572 efﬁcienda:
3599 4505 3890 4560 voluntatis

585 4590 686 4644 istc
714 4591 858 4658 eguit
885 4602 916 4642 a
952 4588 1127 4653 nobis,
1163 4597 1218 4642 ut
1250 4585 1366 4643 haec
1392 4602 1514 4644 eum
1542 4587 1684 4659 apud
1715 4603 1813 4645 ttos
1838 4584 2177 4646 incrtart‘alti-
2206 4598 2261 4658 D
2287 4600 2557 4662 voluntas,
2606 4597 2761 4667 cujus
2803 4597 2920 4666 ipse
2972 4600 3124 4653 testis
3166 4607 3245 4655 est
3271 4598 3458 4655 dicens
3484 4615 3499 4655 :
3524 4597 3703 4664 Pater,
3749 4599 3887 4653 venit

578 4681 649 4737 lia
680 4690 736 4737 ct
771 4680 1184 4750 inintelligibilia
1214 4694 1377 4748 opera
1416 4690 1685 4749 tamquam
1713 4688 1958 4750 egentem
2006 4681 2177 4739 laudis

579 4783 859 4830 ornarent.
903 4773 1008 4828 Sed
1040 4771 1330 4841 providens
1366 4772 1509 4827 Deus
1555 4772 1809 4843 nequitia:
1837 4783 1891 4829 et
1934 4773 2177 4833 stultitiae

655 4909 738 5051 (ιζ
769 4907 893 4962 Non
914 4908 1130 4977 sufﬁcit,
1156 4907 1390 4963 secunda
1416 4924 1599 4962 manu.

655 4981 712 5051 (ἓ
768 4979 1041 5051 Legimus,
1087 4991 1144 5033 ut
1173 4980 1313 5045 ﬁlius
1342 4988 1479 5044 tuus,
1520 4987 1577 5033 ut

653 4978 735 5054 (Ξ)
768 4979 1041 5051 Legimus,
1087 4991 1144 5033 ut
1173 4980 1313 5045 ﬁlius
1342 4988 1479 5044 tuus,
1520 4987 1577 5033 ut
1618 4980 1670 5034 in
1699 4978 1924 5050 Vulgata
1963 4996 2026 5037 ac
2055 4984 2173 5055 ple-

657 5082 730 5156 (a)
764 5083 904 5140 Editi
932 5093 1158 5152 excepto
1187 5082 1308 5156 Par.
1342 5092 1397 5136 et
1445 5080 1625 5151 plures
1676 5096 1805 5136 mss.
1838 5099 1939 5156 non
1968 5085 2183 5154 sufﬁcit.

584 5154 900 5210 Retinemus
931 5155 1217 5210 lectionem
1250 5154 1372 5208 Par.
1402 5168 1523 5223 qua.-
1549 5162 1634 5207 est
1657 5154 2012 5209 vetustiorum
2043 5172 2178 5213 mss.

582 5225 720 5280 Tum
741 5228 881 5297 apud
912 5226 1029 5292 Er.,
1062 5226 1204 5293 Lips.
1232 5234 1287 5280 et
1314 5225 1517 5297 Par._ut
1539 5226 1591 5277 in
1612 5225 1823 5297 liquoris
1847 5234 2052 5280 natura.
2073 5230 2181 5286 Meo

579 5297 684 5368 lius
710 5294 864 5354 abest
886 5299 941 5352 in
966 5300 1034 5353 ab
1061 5298 1180 5352 aliis
1225 5297 1403 5350 libris:
1439 5294 1528 5350 hic
1567 5294 1710 5350 enim
1752 5297 1967 5368 liquoris
2011 5315 2172 5355 voca-

578 5367 764 5423 bulum
792 5380 848 5425 et
866 5370 1046 5424 vinum
1075 5383 1302 5424 nascens
1322 5408 1338 5433 ,
1366 5376 1422 5423 et
1449 5383 1642 5437 aquam
1673 5378 1990 5439 pereuntem
2027 5375 2174 5440 pari-

580 5448 663 5495 ter
689 5442 951 5496 enuntiat.

652 5511 727 5584 (b)
755 5512 906 5576 Bad.,
933 5511 1025 5566 Er.
1057 5520 1110 5565 et
1134 5511 1281 5581 Lips.
1311 5519 1413 5564 tam
1442 5510 1875 5584 inconspicabilis.
1900 5511 2165 5569 Malumus

577 5583 699 5636 cum
740 5583 864 5637 Par.
897 5590 953 5636 et
976 5584 1176 5638 neStris
1204 5598 1333 5638 mss.
1365 5592 1471 5636 tam
1504 5583 1880 5653 conspicabilis,
1929 5587 2009 5638 vel
2039 5601 2160 5641 cum

574 5654 759 5709 codice
785 5654 907 5708 Vat.
939 5653 1078 5717 bas.,
1104 5664 1270 5709 tamen
1294 5654 1667 5725 conspicabilis.
1699 5656 1888 5710 Sermo
1907 5657 2049 5711 enim
2074 5657 2161 5713 hic

573 5735 688 5797 est,
710 5734 763 5779 ut
792 5725 1309 5797 suprapromissum
1334 5726 1570 5797 eratde
1594 5726 1845 5797 exemplo
1866 5729 2152 5797 corporali.

576 5794 726 5852 Unde
755 5802 807 5851 et
840 5795 895 5850 in
925 5793 1110 5851 Matth.
1141 5810 1193 5851 c.
1227 5794 1319 5864 14,
1351 5812 1409 5853 n.
1441 5795 1530 5865 t2,
1575 5795 1645 5855 de
1673 5793 1866 5857 eodem
1894 5793 2157 5857 miraculo

2286 4691 2437 4755 hora,
2483 4691 2716 4762 clariﬁca
2744 4691 2914 4760 ﬁlium
2952 4702 3116 4757 tuum,
3157 4692 3235 4764 (2)
3266 4701 3320 4747 ut
3346 4693 3487 4762 ﬁlius
3518 4693 3763 4761 clariﬁcet
3797 4701 3882 4748 te:

2283 4782 2414 4837 sicut
2444 4783 2629 4836 dedisti
2660 4783 2707 4837 ei
2731 4794 3031 4855 potestatem
3056 4785 3223 4839 onmis
3261 4786 3454 4852 carnis,
3498 4792 3555 4839 ut
3579 4800 3728 4841 omne
3746 4785 3886 4856 quod

2277 4916 2460 5044 gisqge
2483 4917 2688 4974 Graecis
2719 4919 3019 4978 codicibus.
3061 4922 3155 4979 Sic
3193 4930 3249 4978 et
3290 4921 3431 4978 idem
3466 4920 3700 4980 Hilarius
3741 4921 3883 4980 intra

2295 5087 2463 5165 babes
2490 5109 2501 5145 :
2536 5091 2722 5165 Agttur
2745 5095 2874 5149 enim
2902 5096 2953 5150 in
2975 5113 3127 5165 opere
3150 5098 3337 5153 visibili
3364 5096 3633 5153 invisibilis
3656 5099 3876 5156 molitio.
3964 5118 3970 5123 ·

2364 5164 2434 5234 (c)
2455 5164 2568 5239 lita,
2593 5164 2819 5239 Lips._et
2841 5166 2960 5221 Par.
2984 5164 3206 5223 noctium
3229 5170 3575 5239 vigilatarum.
3600 5170 3878 5239 Expunxi-

2289 5249 2409 5289 nius
2451 5236 2676 5290 verbum
2714 5237 3038 5302 vigilatarum
3090 5236 3411 5297 auctoritate
3456 5239 3588 5295 Bad.
3633 5236 3698 5296 et
3738 5257 3873 5300 mss.

2282 5304 2424 5374 quod
2456 5307 2709 5362 Erasmus
2730 5296 2940 5363 videtur
2968 5310 3239 5369 addidisse
3256 5296 3333 5367 de
3362 5296 3479 5368 suo.

2351 5374 2429 5447 (d)
2460 5376 2739 5455 [fanumst
2781 5378 3021 5455 Lipsium
3056 5399 3121 5437 ex
3159 5384 3368 5455 Erasmi
3408 5382 3672 5452 margine,
3706 5401 3797 5455 per
3820 5402 3876 5441 se

2274 5447 2539 5524 creaverit.
2563 5447 2701 5524 ilics
2743 5464 2873 5524 mss.
2905 5451 3060 5507 Colb.
3093 5465 3149 5510 ct
3187 5454 3376 5524 Carn.,
3417 5447 3558 5511 astra
3595 5447 3874 5512 distrinxe-

2272 5519 2338 5570 rit
2363 5559 2377 5581 ,
2412 5534 2512 5572 non
2539 5517 2848 5575 distinxerit.

2344 5591 2415 5667 (ᾳ)
2440 5587 2679 5667 garriat.
2702 5607 2803 5647 ms.
2837 5594 3163 5667 prudentiam
3194 5598 3543 5667 prudentium.

2343 5662 2412 5740 (Γ)
2454 5659 2766 5740 lnnduobus
2814 5659 2945 5721 mss.
2990 5659 3204 5740 Remig:
3250 5678 3305 5724 et
3335 5685 3444 5724 uno
3472 5674 3707 5740 Timon”
3761 5689 3864 5727 non

2262 5732 2590 5858 :Iuoldgnollet
2616 5749 2635 5788 :
2662 5734 2842 5793 minus
2863 5752 3008 5794 vere.
3033 5732 3230 5795 Confer
3277 5748 3434 5796 tract.
3462 5747 3598 5816 psal.
3632 5732 3734 5803 cx'x
3752 5759 3863 5811 xix,

2283 5821 2318 5858 1ο
2427 5842 2440 5857 ο

2283 5821 2318 5858 1ο
2356 5821 2440 5857 12.
