4216 6254
267 383 337 440 81

1490 377 1578 435 DE
1615 375 1989 435 ΤΒΙΝΙΤΑΤΕ
2015 376 2220 434 LIBER
2257 376 2347 437 Ill.

3510 377 3582 433 82

269 500 460 557 dedisti
482 498 588 566 illi,
621 500 703 555 det
733 502 778 553 ei
805 499 961 554 idtum
987 508 1253 555 retentam.
1303 498 1428 555 Haec
1463 509 1538 554 est
1574 509 1743 555 autem
1771 500 1875 555 vita
1901 501 1958 562 Α
1981 513 2105 556 eum
2137 500 2226 570 qui
2255 499 2550 556 moriturus
2578 509 2695 554 crat
2740 498 2879 554 intra
2921 512 2980 553 se
3010 503 3310 553 contestata
3348 511 3456 551 non
3487 510 3578 552 ca-

268 604 488 656 wterua,
520 602 573 645 ut
600 601 910 662 cognoscant
949 601 995 646 te
1023 592 1188 647 solum
1218 591 1385 646 Deum
1428 608 1620 657 verum,
1649 601 1700 646 et
1730 607 1876 662 quem

268 687 460 740 misisti
482 683 662 740 Iesum
700 683 985 738 Christum.
1028 683 1145 755 Ego
1175 694 1224 739 te
1266 684 1549 756 clari/iacui
1576 701 1731 755 super
1768 695 1870 739 ter-

266 797 405 843 ram.
431 796 585 848 apere
603 787 957 832 consummato
980 780 1119 848 quod
1140 778 1325 833 dediin
1345 779 1470 832 mihi
1494 789 1548 833 ut
1568 778 1778 851 faciam.
1807 778 1873 834 Et

267 889 411 928 nunc
460 870 690 941 clari/ica
736 887 815 924 me
864 868 1026 925 Pater
1077 870 1219 936 apud
1268 871 1589 943 temetipsum
1637 872 1875 927 claritate

267 985 427 1040 quam
455 966 633 1031 Itabui,
667 966 812 1036 prius
840 981 996 1036 quam
1036 967 1260 1019 mundus
1288 976 1441 1030 esset,
1472 968 1609 1037 apud
1638 975 1702 1019 te.
1745 963 1868 1019 Ma-

268 1061 515 1132 nifestavi
563 1075 744 1113 nomen
784 1068 927 1114 luunt
976 1058 1285 1123 hominibus,
1338 1073 1465 1128 quos
1507 1057 1697 1113 dedisti
1742 1059 1872 1112 mihi

268 1150 459 1221 (Joan.
499 1166 633 1217 xvu,
668 1152 693 1205 1
728 1160 775 1204 et
818 1151 1011 1223 seqq.).
1050 1150 1243 1206 Verbis
1284 1150 1539 1206 brevibus
1581 1161 1634 1204 et
1686 1151 1870 1219 paucis

268 1258 439 1300 omne
465 1258 600 1314 opus
627 1241 786 1298 ofﬁcii
826 1243 910 1298 sui
939 1252 996 1298 et
1023 1243 1442 1312 disnensationis
1471 1242 1741 1313 exposuit,
1787 1244 1870 1298 ni-

269 1337 391 1392 hilo
422 1338 601 1393 minus
623 1337 746 1392 ﬁdei
777 1337 854 1407 (a)
886 1338 1169 1393 veritatem
1203 1337 1309 1410 55
1338 1336 1623 1393 adversum
1652 1353 1867 1393 omnem

267 1430 682 1499 inSpirationem
731 1430 1014 1485 diabolicae
1055 1430 1432 1486 fraudulentus
1470 1432 1864 1487 communiens.

264 1522 565 1578 Curramus
590 1538 723 1595 ergo
750 1538 851 1596 per
870 1523 1110 1594 singulas
1135 1527 1402 1578 sermonis
1430 1525 1513 1579 sui
1543 1525 1793 1580 virtutes.

344 1614 431 1670 10.
464 1615 606 1682 Quid
623 1616 846 1686 postulet
868 1615 1073 1682 dicens,
1099 1616 1392 1672 CLABIFICL
1419 1615 1820 1672 Furem—Ait
1850 1634 1864 1671 :

268 1705 453 1774 Pater,
488 1709 622 1762 venit
643 1706 794 1775 liora,
828 1707 1060 1775 clariﬁca
1084 1708 1251 1776 ﬁlium
1279 1717 1444 1775 tuum,
1492 1717 1547 1761 ut
1573 1708 1713 1778 [ilius
1749 1719 1867 1763 tuus

264 1800 515 1870 clari/iret
542 1810 609 1854 te.
642 1799 760 1854 Non
800 1800 969 1865 diem,
1012 1814 1121 1855 non
1155 1808 1387 1870 tempus,
1432 1801 1526 1856 sed
1557 1801 1744 1857 horam
1775 1817 1868 1857 ve-

1979 607 2129 663 pcre.
2161 591 2428 663 Numquid
2450 600 2506 648 et
2531 593 2832 662 portionem
2856 605 3007 647 suam
3029 605 3191 660 rupes
3214 598 3271 645 et
3294 603 3421 646 saxa
3446 605 3577 645 conc

1976 684 2219 740 cedunt?
2248 683 2355 741 Sed
2386 694 2538 755 rupta
2564 684 2857 750 dissiliunt,
2905 689 2962 737 et
2994 691 3239 738 naturam
3267 696 3423 737 suam
3453 695 3577 752 per-

1976 777 2131 844 dunt,
2155 792 2459 849 causamque
2480 793 2546 833 ex
2570 794 2630 833 se
2651 792 2831 833 arcam
2857 775 3281 832 incontinentem
3308 774 3577 831 condendi

1975 873 2221 940 corporis
2246 870 2592 926 conﬁtentur.

2049 964 2136 1018 11.
2166 960 2399 1019 Christus
2421 964 2659 1033 praprius
2690 972 2763 1017 est
2785 961 2882 1017 Dei
2902 962 3140 1032 ﬁlius.-—
3162 961 3301 1030 Quid
3330 961 3395 1015 ad
3428 961 3577 1016 hate?

1976 1056 2283 1112 Proclamat
2307 1072 2523 1127 quoque
2561 1058 2805 1111 centurio
2847 1056 3110 1118 cohortis,
3143 1066 3200 1111 et
3237 1056 3415 1110 crucis
3445 1071 3574 1110 cus-

1975 1158 2081 1215 tos,
2129 1164 2243 1202 vere
2270 1147 2370 1202 Dei
2415 1147 2523 1219 56
2554 1146 2720 1202 Filius
2747 1157 2854 1201 erat
2883 1147 2978 1201 iste
3018 1146 3232 1218 (Matth.
3265 1161 3432 1210 xxvn,
3457 1143 3572 1216 54).

1972 1241 2231 1297 Creatura
2270 1241 2659 1296 intercessione
2705 1240 2862 1309 hujus
2903 1239 3097 1309 piaculi
3136 1240 3433 1301 liberatur;
3477 1237 3573 1293 ﬁr-

1973 1334 2214 1388 mitatem
2244 1344 2295 1388 et
2318 1339 2572 1389 virtutem
2600 1348 2728 1389 saxa
2767 1348 2872 1388 non
2909 1333 3164 1389 retinent.
3192 1332 3293 1400 Qui
3324 1333 3468 1387 cruci
3496 1331 3577 1387 af-

1971 1427 2221 1493 ﬂixerant,
2253 1440 2380 1480 vere
2427 1426 2517 1481 Dei
2553 1425 2745 1481 Filium
2793 1426 3121 1481 conlitentur
3153 1443 3167 1480 :
3205 1424 3571 1494 praedicationi

1971 1516 2241 1573 consentit
2260 1516 2503 1572 eli‘ectus.
2540 1518 2796 1572 Dominus
2827 1517 3037 1574 dixerat
3065 1534 3077 1570 :
3102 1515 3349 1587 Clariﬁca
3370 1513 3573 1570 Filium

1971 1621 2138 1665 tuum.
2172 1610 2287 1665 Non
2318 1610 2493 1665 solum
2522 1611 2741 1664 nomine
2769 1618 3103 1665 contestatus
3140 1616 3226 1664 est
3265 1623 3386 1664 esse
3414 1623 3475 1664 se
3509 1608 3569 1661 ﬁ-

1970 1703 2125 1770 limn,
2146 1704 2239 1759 sed
2265 1713 2321 1759 et
2340 1705 2690 1775 proprietate,
2717 1720 2821 1774 qua
2847 1703 3048 1759 dicitur
3070 1715 3239 1759 tuum.
3262 1703 3411 1757 Multi
3430 1703 3572 1758 enim

1970 1812 2071 1853 nos
2097 1796 2192 1852 ﬁlii
2220 1798 2334 1859 Dei.
2361 1798 2455 1853 sed
2484 1812 2591 1852 non
2616 1797 2735 1853 talis
2767 1798 2851 1852 hic
2871 1796 3036 1852 ﬁlius.
3060 1798 3154 1873 llic
3178 1800 3322 1853 enim
3345 1808 3577 1854 ctverus

266 1892 417 1946 uisse
444 1890 593 1945 dicit.
634 1889 697 1945 lu
717 1890 848 1947 hora
878 1890 986 1947 dici
1026 1891 1206 1960 portio
1240 1899 1341 1946 est.
1369 1890 1437 1946 Et
1474 1906 1595 1962 qute
1619 1891 1736 1948 haec
1764 1893 1867 1947 crit
1898 1896 1947 1955 Β
1973 1898 2028 1944 et
2046 1890 2293 1959 proprius
2309 1899 2392 1943 cst
2410 1890 2573 1955 ﬁlius,
2598 1889 2830 1960 origine,
2851 1905 2956 1944 non
2980 1889 3304 1959 adoptione;
3326 1891 3571 1956 veritate,

265 1982 437 2037 hora?
461 1981 663 2052 Nempe
698 1984 809 2043 illa.
831 1985 898 2039 de
927 1998 1030 2054 qua
1063 1984 1116 2038 in
1140 1991 1386 2052 tempore
1419 1984 1688 2054 passionis
1709 1985 1871 2041 disci-

263 2073 427 2146 pulos
466 2072 798 2129 conﬁrmans
834 2075 1045 2130 locutus
1084 2084 1169 2130 est
1213 2074 1395 2130 :Ecce
1432 2076 1566 2130 venit
1605 2077 1765 2145 liora,
1815 2087 1870 2133 ut

263 2167 406 2237 ﬁlius
451 2167 676 2222 hominis
721 2169 1037 2239 clariﬁcetur
1080 2166 1262 2242 (Joan.
1289 2169 1499 2243 111.23)
1532 2170 1698 2227 :llatc
1738 2185 1869 2240 ergo

265 2260 403 2314 hora
433 2268 537 2326 est,
570 2259 622 2313 in
650 2275 755 2330 qua
793 2274 853 2315 se
900 2277 930 2315 a
968 2260 1129 2318 Patre
1176 2262 1458 2317 clarillcari
1499 2270 1640 2327 orat,
1683 2273 1740 2317 ut
1768 2261 1871 2317 Pa-

265 2362 401 2409 trem
434 2353 552 2423 ipse
575 2352 851 2409 clariﬁcet.
868 2352 976 2410 Sed
1001 2354 1130 2426 quid
1158 2365 1240 2409 est
1275 2355 1417 2410 istud
1439 2355 1462 2409 ?
1483 2353 1783 2411 Clariﬁcari
1808 2370 1869 2412 se

266 2444 662 2500 clariﬁcaturus
694 2455 996 2516 exspectat,
1037 2456 1090 2501 ct
1118 2446 1381 2503 honorem
1410 2446 1721 2503 redditurus
1767 2464 1864 2503 ex-

267 2539 529 2610 postulat,
559 2546 617 2594 et
641 2549 765 2610 eget
795 2538 897 2595 hoc
925 2539 1065 2610 quod
1092 2555 1307 2594 rursum
1337 2539 1645 2609 impertiat?
1675 2539 1745 2595 Et
1781 2541 1868 2596 hic

267 2643 555 2690 occurrant
592 2634 851 2704 sophista:
901 2633 1085 2688 mundi
1121 2642 1175 2688 et
1216 2633 1489 2703 sapientes
1525 2632 1769 2699 Graeciaa,
1811 2643 1867 2690 et

266 2727 600 2799 syllogismis
656 2727 770 2781 suis
826 2727 1108 2781 veritatem
1161 2724 1428 2780 irretiant.
1476 2725 1761 2792 Quomodo
1812 2735 1868 2782 et

268 2819 415 2874 unde
453 2831 509 2873 et
548 2817 674 2888 quid
710 2832 890 2872 causa:
929 2818 999 2872 sit
1033 2825 1279 2887 qumrant
1307 2835 1320 2869 :
1351 2826 1555 2872 etcum
1589 2817 1864 2886 haeserint,

266 2913 512 2979 audiant,
540 2912 675 2981 Quia
702 2912 865 2966 stulta
906 2910 1091 2966 mundi
1122 2910 1288 2981 elegit
1318 2911 1456 2965 Deus
1478 2909 1557 2982 (ὁ)
1589 2910 1634 2982 (l
1665 2908 1788 2965 Cor.
1823 2926 1861 2974 ι,

264 3002 383 3074 27).
414 3004 559 3074 Ergo
586 3018 685 3073 per
702 3003 988 3058 stultitiam
1013 3013 1251 3056 nostram
1273 3001 1630 3071 intelligamus
1651 3001 1866 3056 inintcl-

268 3097 491 3167 ligibilia
528 3095 863 3165 sapientibus
888 3093 1095 3150 mundi.
1124 3094 1341 3150 Dixerat
1370 3094 1650 3160 Dominus,
1683 3092 1864 3161 Pater,

268 3192 402 3245 vertit
449 3190 580 3243 liora
604 3203 622 3244 :
649 3189 837 3243 horam
892 3187 1159 3257 passionis
1199 3187 1510 3242 ostenderat
1546 3202 1711 3252 ;nam
1752 3187 1868 3241 haec

1972 1995 2079 2053 non
2119 1981 2549 2050 nuncupatione;
2594 1982 2895 2045 nativitate,
2938 1997 3048 2035 non
3087 1982 3381 2036 creatione.
3428 1981 3575 2051 Ergo

1972 2082 2097 2143 post
2121 2072 2562 2128 clariﬁcationem
2591 2074 2734 2145 ejus,
2764 2073 3046 2129 veritatem
3081 2073 3353 2130 confessio
3385 2068 3578 2129 cottae?

1970 2174 2091 2220 cuta
2119 2172 2221 2220 est.
2249 2163 2383 2219 Nam
2415 2180 2600 2221 verum
2630 2166 2727 2220 Dei
2754 2165 2921 2220 ﬁlium
2965 2170 3212 2221 centurio
3242 2168 3566 2230 conﬁtetur;

1972 2258 2177 2328 nequis
2206 2258 2544 2314 credentium
2575 2258 2895 2329 ambigeret,
2926 2258 3004 2333 (tl)
3029 2259 3171 2331 quod
3194 2258 3359 2316 homo
3390 2273 3574 2331 perseo

1969 2352 2251 2424 quentium
2282 2368 2387 2406 non
2418 2360 2685 2423 negasset.

2045 2444 2132 2500 12.
2168 2441 2393 2500 Claritas
2437 2443 2581 2499 Filio
2617 2444 2792 2500 danda
2833 2455 2880 2501 et
2928 2444 3073 2501 Patri
3118 2448 3181 2503 ab
3208 2464 3268 2503 eo
3309 2450 3571 2505 reddenda

1968 2536 2167 2591 uirtutis
2192 2536 2246 2591 in
2286 2545 2501 2608 utroque
2527 2537 2775 2592 unitatem
2802 2539 3081 2609 significat.
3107 2568 3179 2579 -—
3207 2539 3314 2596 Sed
3338 2540 3477 2597 forte
3504 2559 3565 2598 ea

1968 2634 2356 2691 clariﬁcatione
2402 2633 2482 2704 (l)
2512 2634 2755 2689 creditur
2794 2634 3007 2704 eguisse
3054 2632 3222 2689 Filius
3249 2650 3408 2705 quam
3447 2651 3569 2691 ora-

1968 2727 2061 2784 bat
2089 2744 2104 2781 :
2128 2734 2186 2783 et
2215 2726 2462 2782 infirmus
2484 2728 2808 2797 reperietur,
2836 2726 2963 2782 dum
2991 2726 3434 2784 clariﬁcationem
3472 2745 3567 2801 po-

1972 2821 2125 2876 tioris
2170 2830 2468 2891 exspectat.
2514 2820 2583 2875 Et
2623 2820 2747 2890 quis
2783 2833 2889 2875 non
2932 2820 3144 2876 Patrem
3177 2820 3250 2893 (e)
3294 2822 3563 2891 potiorem

1967 2912 2332 2977 conﬁtebitur,
2365 2919 2424 2966 ut
2444 2913 2737 2982 ingenitum
2765 2927 2795 2968 a
2820 2913 3027 2983 genito,
3055 2924 3112 2968 ut
3141 2923 3351 2984 patrem
3375 2931 3403 2968 a
3433 2914 3565 2983 ﬁlio,

1969 3019 2027 3060 ut
2055 3022 2177 3062 eum
2209 3007 2299 3075 qui
2321 3004 2529 3060 miserit
2555 3005 2625 3060 ab
2647 3021 2713 3060 eo
2736 3006 2827 3075 qui
2853 3005 3053 3061 missus
3082 3007 3171 3069 sit,
3202 3017 3259 3060 ut
3292 3008 3564 3062 volentem

1967 3100 2037 3154 ab
2072 3114 2139 3154 eo
2175 3099 2264 3167 qui
2295 3098 2557 3154 obediat?
2597 3098 2663 3153 Et
2701 3098 2816 3167 ipse
2855 3098 3013 3154 nobis
3053 3100 3158 3154 erit
3189 3101 3378 3155 testis:
3406 3099 3568 3155 Pater

1967 3194 2136 3265 major
2165 3206 2245 3244 me
2271 3200 2343 3246 est
2366 3188 2549 3260 (Joan.
2579 3205 2692 3256 xlv,
2714 3190 2830 3261 28).
2852 3190 2977 3245 Haec
3005 3190 3075 3245 ita
3099 3200 3157 3245 ut
3186 3201 3333 3257 sunt,
3368 3192 3567 3247 intelli-

267 3286 370 3340 sub
418 3292 697 3337 momento
733 3295 800 3337 eo
830 3280 1150 3351 loquebatur
1184 3297 1196 3333 :
1226 3278 1419 3334 deinde
1447 3279 1666 3348 adjecit,
1695 3278 1865 3334 Clari-
1889 3284 1935 3347 C
1967 3284 2142 3356 genda
2179 3292 2305 3338 sunt
2327 3301 2340 3336 :
2365 3283 2459 3338 sed
2501 3283 2800 3339 cavendum
2838 3294 2944 3350 est,
2987 3299 3056 3340 ne
3099 3284 3240 3355 apud
3286 3286 3567 3356 imperitos

268 3378 367 3446 ﬁcu
394 3377 566 3447 ﬁlium
595 3386 758 3430 tuum.
786 3373 895 3430 Sed
920 3375 1191 3443 quomodo
1219 3372 1595 3428 clurilicandus
1631 3382 1745 3429 erat
1773 3373 1859 3428 Fi-

270 3469 412 3526 iitts?
437 3467 687 3537 Namque
744 3477 902 3521 natus
933 3481 997 3519 ex
1029 3465 1260 3535 virgine,
1299 3480 1329 3518 a
1360 3464 1514 3519 cunis
1550 3472 1606 3517 et
1641 3462 1867 3519 infantia

270 3577 442 3632 usque
481 3561 548 3615 ad
593 3567 1022 3615 consummatum
1070 3558 1242 3612 virum
1284 3567 1506 3612 venerat
1536 3575 1550 3612 :
1575 3571 1671 3625 per
1721 3570 1865 3611 som-

267 3670 423 3720 num,
440 3654 661 3719 lamem,
690 3652 856 3717 sitim,
881 3649 1276 3718 lassitudinem,
1303 3650 1568 3720 lacrymas
1591 3648 1866 3703 hominem

266 3756 481 3816 egerat,
511 3744 675 3799 etiam
706 3758 852 3799 nunc
880 3741 1285 3811 conspuendus,
1330 3740 1704 3810 ﬂagellundus,
1745 3753 1868 3795 cru-

266 3836 591 3909 ciﬁgcndus.
646 3836 784 3904 Quid
823 3835 997 3907 ergo?
1044 3834 1208 3889 Nobis
1271 3833 1443 3889 solum
1488 3832 1759 3888 hominem
1814 3833 1866 3886 in

266 3931 494 3986 Christo
526 3929 642 3983 hzcc
686 3940 840 3985 erant
868 3936 1259 3983 contestatura.
1294 3926 1401 3982 Sed
1437 3940 1544 3981 non
1578 3924 1867 3979 confundi-

267 4040 391 4079 mur
419 4037 607 4085 cruce,
626 4037 732 4077 non
774 4020 999 4092 ﬂagellis
1043 4019 1496 4090 prmdamnamur,
1541 4034 1647 4073 non
1697 4018 1868 4088 sputis

265 4115 636 4171 sordidamur.
684 4112 956 4168 Clariﬁcat
1012 4112 1171 4166 Patcr
1226 4111 1443 4166 Filium.
1497 4111 1615 4178 Quo
1669 4110 1868 4166 modo?

266 4209 513 4265 Tandem
556 4207 829 4278 sufﬁgitur
853 4208 1022 4262 cruci.
1063 4207 1265 4262 Deinde
1306 4205 1433 4276 quid
1464 4207 1749 4277 sequitur?
1777 4207 1869 4262 Sol

265 4318 380 4357 non
411 4301 633 4368 occidit,
663 4301 758 4355 sed
801 4300 1014 4370 refugit.
1069 4299 1206 4366 Quid
1250 4298 1508 4368 refugisse
1546 4299 1704 4354 dico?
1751 4299 1867 4355 Non

267 4405 530 4463 receptus
556 4394 610 4447 in
639 4392 836 4447 nubem
865 4401 971 4455 est,
994 4390 1089 4446 sed
1120 4393 1188 4446 de
1212 4406 1373 4446 cursu
1411 4391 1595 4461 operis
1633 4390 1829 4447 defecit
1853 4409 1868 4447 :

265 4501 319 4544 et
358 4490 635 4543 interitum
673 4502 828 4541 suum
870 4501 992 4540 cum
1028 4499 1093 4541 eo
1121 4485 1328 4555 reliqua
1376 4483 1561 4540 mundi
1603 4485 1870 4541 elementa

265 4588 560 4636 senserunt
593 4597 607 4634 :
640 4587 697 4634 et
722 4594 789 4634 ne
816 4577 937 4633 huic
958 4576 1180 4631 facinori
1211 4574 1284 4648 (ε)
1311 4576 1433 4631 ulla:
1460 4576 1710 4633 «:mlestes
1735 4593 1869 4649 ope-

1969 3376 2197 3447 gloriam
2222 3374 2341 3431 Filii
2373 3375 2546 3431 honor
2575 3375 2754 3431 Patris
2780 3375 3035 3432 inﬁrmet.
3066 3377 3175 3433 Nec
3209 3378 3276 3452 (f)
3305 3378 3567 3436 inﬁrmari

1972 3468 2281 3540 (2).patitur
2310 3467 2426 3522 haec
2449 3467 2563 3535 ipsa
2586 3468 2903 3523 clariﬁcatio
2934 3468 3201 3539 postulata
3222 3468 3316 3523 :ad
3343 3469 3394 3523 id
3422 3470 3564 3525 enim

1970 3562 2113 3634 quod
2134 3562 2339 3618 dictum
2370 3571 2473 3627 est,
2508 3559 2692 3626 Pater,
2714 3562 2947 3629 clariﬁca
2961 3559 3158 3618 Filium
3180 3572 3363 3626 tuum;
3391 3565 3573 3633 sequi-

1972 3665 2059 3711 tur
2082 3664 2138 3711 et
2164 3655 2316 3722 illud,
2351 3664 2408 3709 ut
2435 3653 2486 3708 F
2489 3654 2610 3710 ilius
2628 3654 2879 3726 clariﬁcet
2920 3667 2988 3712 te.
3018 3656 3134 3712 Non
3164 3672 3294 3729 ergo
3323 3658 3570 3713 inﬁrmus

1971 3758 2056 3805 est
2079 3748 2269 3815 Filius,
2302 3749 2479 3804 vicem
2507 3747 2909 3804 clariﬁcationis
2936 3749 3075 3821 ipse,
3119 3764 3240 3804 cum
3266 3748 3573 3804 clariﬁcan-

1970 3845 2074 3901 dus
2094 3845 2186 3909 sit,
2213 3843 2546 3900 redditurus.
2576 3842 2683 3899 Sed
2715 3842 2761 3898 si
2783 3857 2891 3899 non
2926 3843 3192 3909 inﬁrmus,
3224 3841 3353 3911 quid
3380 3849 3568 3910 postu-

1971 3937 2152 3994 labat?
2175 3951 2335 3993 ncmo
2356 3938 2500 3992 enim
2527 3937 2627 3991 nisi
2656 3935 2760 3990 hoc
2783 3935 2925 4006 quod
2954 3935 3049 4008 (al.
3083 3933 3215 4006 quo)
3242 3944 3364 4004 eget
3387 3942 3568 4004 postu-

1970 4031 2066 4087 lat.
2096 4032 2201 4086 Aut
2232 4028 2494 4100 numquid
2533 4028 2784 4083 inﬁrmus
2821 4038 2906 4083 est
2931 4037 2986 4083 et
3010 4027 3205 4083 Pater?
3243 4027 3353 4083 Aut
3380 4041 3570 4082 eorum

1970 4138 2092 4192 qua:
2113 4120 2275 4176 habet
2305 4120 2376 4175 ita
2408 4118 2659 4190 profusus
2682 4129 2784 4185 est,
2831 4127 2889 4173 ut
2929 4119 2981 4175 ei
3010 4118 3327 4175 clariﬁcatio
3352 4118 3423 4173 sit
3449 4118 3574 4174 red-

1972 4214 2147 4271 denda
2175 4229 2269 4285 per
2298 4212 2539 4268 Filium?
2581 4213 2690 4270 Sed
2723 4228 2897 4285 neque
2925 4212 3012 4268 hic
3049 4214 3220 4285 eguit,
3267 4228 3441 4283 neque
3480 4212 3574 4268 ille

1968 4306 2278 4363 desiderat:
2306 4315 2363 4363 et
2389 4314 2567 4362 tamen
2617 4307 2774 4362 alteri
2803 4308 2939 4362 alter
2977 4305 3055 4379 (g)
3100 4308 3395 4375 impertiet.
3431 4305 3575 4376 Ergo

1974 4398 2338 4469 eXpostulatio
2370 4398 2777 4455 clariﬁcationis
2817 4399 3032 4467 dandae,
3061 4400 3413 4471 vicissimque
3460 4400 3578 4454 red-

1975 4491 2187 4556 denda).
2218 4506 2318 4548 nec
2350 4492 2492 4546 Patri
2514 4492 2804 4562 quidquam
2850 4493 3056 4558 adimit,
3082 4509 3185 4549 nec
3219 4494 3457 4549 inﬁrmat
3486 4493 3578 4548 Fi-

1976 4583 2106 4639 lium
2126 4600 2142 4649 ;
2165 4584 2259 4639 sed
2280 4584 2530 4640 eamdem
2556 4583 2854 4639 divinitatis
2872 4584 3115 4640 ostendit
3140 4586 3194 4640 in
3220 4594 3450 4656 utroque
3469 4586 3581 4640 vir-

264 4674 519 4729 rationes
550 4673 897 4735 interessent,
927 4670 1333 4725 intercessionis
1360 4669 1518 4740 hujus
1553 4672 1876 4731 necessitate
1901 4676 1954 4738 D
1981 4685 2148 4734 tutem
2197 4692 2321 4733 cum
2371 4687 2423 4743 ct
2462 4676 2744 4731 clariﬁcnri
2788 4690 2848 4731 se
2880 4675 3048 4731 Filius
3086 4690 3116 4731 a
3150 4675 3311 4731 Patre
3352 4686 3493 4741 oret,
3523 4685 3580 4731 et

264 4763 506 4835 quadam
537 4765 619 4817 sui
648 4763 945 4843 abolitione
973 4770 1285 4817 caruerunt.
1334 4761 1439 4818 Sed
1469 4771 1609 4817 terra
1638 4765 1763 4834 quid
1793 4765 1869 4821 fe-

264 4857 386 4912 cit?
423 4857 508 4911 Ad
554 4871 692 4910 onus
722 4856 931 4910 Domini
958 4854 1030 4911 in
1062 4855 1207 4925 ligno
1244 4854 1531 4926 pendentis
1570 4854 1873 4929 intremuit,

342 4998 428 5073 (Ι)
457 4997 780 5055 Crederrtur.

371 5114 427 5185 α)
456 5113 589 5169 Sola
612 5112 781 5167 editio
810 5111 934 5168 Par.
959 5111 1081 5181 ﬁdei
1105 5111 1435 5166 voluntatem.

343 5116 427 5260 ξύ)
458 5185 814 5240 Carnutensis
857 5183 1031 5240 codex
1059 5183 1148 5238 hic
1175 5182 1343 5245 addit,
1376 5191 1432 5235 ut
1477 5181 1761 5252 confundat
1795 5199 1880 5238 sa-

304 5267 472 5314 τειιιθε
479 5299 494 5311 .

266 5278 688 5398 γτῗξῖθῗιιιμιί,
723 5326 831 5380 illte
867 5325 1089 5380 ctelestes
1119 5340 1137 5379 :
1170 5323 1501 5398 castigantur
1535 5338 1607 5379 ex
1638 5339 1770 5398 mss.

342 5396 434 5473 (ά)
466 5396 613 5468 Lips.
638 5406 693 5473 et
718 5398 982 5473 Par._post
1006 5396 1271 5473 Er_.,quod
1291 5411 1424 5450 unus
1446 5396 1883 5468 persequentium:

269 5468 479 5527 nullius
508 5471 708 5523 veteris
737 5468 854 5522 libri
884 5469 1220 5522 auctoritate.

350 5544 427 5612 (e)
469 5541 623 5598 Sicut
648 5539 815 5593 illaasa
866 5539 968 5612 ﬁde
997 5538 1232 5593 Hilarius
1273 5538 1357 5591 hic
1395 5534 1613 5593 Patrem
1639 5536 1889 5612 afﬁrmat

272 5609 422 5671 Filio
452 5613 743 5682 pauorem.
770 5611 967 5682 quade
992 5626 1051 5665 re
1080 5619 1314 5682 mentem
1347 5622 1499 5682 sugm
1528 5609 1884 5682 explicansjn

275 5685 423 5755 psal.
454 5678 715 5745 cxxxvttt,
749 5678 804 5737 ll:
840 5681 930 5755 i7,
963 5683 1038 5735 ait
1072 5700 1082 5733 :
1116 5678 1210 5755 Est
1235 5680 1369 5734 enim
1405 5678 1560 5734 Pater
1590 5682 1760 5751 major
1784 5679 1887 5755 Fi-

277 5753 387 5823 lio,
415 5756 509 5810 sed
535 5765 591 5808 ut
623 5763 768 5821 pater
800 5753 932 5818 lilio,
964 5753 1287 5823 generatione
1314 5766 1417 5805 non
1443 5766 1642 5823 genere,
1670 5762 1727 5806 et
1752 5754 1892 5823 sicut

302 5830 337 5897 gi
369 5821 731 5897 consentiens
771 5821 1114 5897 Athanasius
1130 5821 1224 5878 0r.
1258 5836 1294 5876 ιι
1337 5830 1484 5876 cont.
1505 5821 1646 5897 Am,
1674 5838 1728 5891 p.
1761 5822 1890 5897 ᾔϐδ,

366 5891 499 5952 bet:
532 5891 689 5951 Pater
710 5896 881 5963 major
904 5904 977 5949 est
1006 5885 1170 5960 Filio,
1209 5901 1313 5948 non
1341 5885 1695 5961 magnitudine
1722 5885 1895 5959 aliqua

1979 4770 2418 4826 clariﬁcationem
2461 4770 2622 4825 Pater
2666 4783 2772 4824 non
2813 4768 3137 4840 dedignetur
3178 4784 3207 4822 a
3248 4767 3388 4824 Filio
3426 4787 3439 4822 :
3478 4767 3577 4824 sed

1980 4862 2098 4918 huic
2125 4864 2176 4918 in
2204 4861 2362 4918 Patre
2382 4871 2437 4918 et
2465 4861 2604 4918 Filio
2624 4861 2839 4917 virtutis
2867 4862 3148 4927 unitatem,
3181 4874 3278 4932 per
3306 4859 3576 4916 vicissitu-

2055 5003 2135 5076 (2)
2167 5004 2240 5061 Se
2269 5004 2485 5076 patitur.

1985 5116 2065 5192 uel
2094 5127 2336 5187 tempore,
2368 5117 2459 5192 sed
2488 5117 3108 5192 propter"generationent
3147 5133 3211 5174 ea:
3235 5119 3348 5192 ipso
3373 5117 3533 5192 Patre
3562 5135 3582 5174 :

1984 5187 2059 5259 ita
2089 5197 2145 5242 et
2182 5190 2429 5259 excusari
2451 5187 2632 5259 potest
2670 5187 2799 5244 illud
2837 5188 3109 5259 Origenis,
3141 5201 3178 5244 ι.
3214 5187 3296 5256 ni,
3330 5190 3383 5244 in
3417 5190 3579 5245 Joan.

1985 5258 2116 5314 edit.
2139 5258 2338 5323 lluetii,
2380 5274 2434 5328 p.
2462 5261 2565 5314 70:
2600 5258 2770 5315 Tertio
2809 5258 2997 5315 dicitur
3025 5260 3134 5315 lucc
3158 5261 3251 5315 lua:
3291 5260 3385 5316 tua:
3410 5276 3531 5315 uera
3564 5277 3585 5316 :

1986 5346 2086 5398 qua
2112 5331 2311 5405 ratione
2342 5328 2500 5384 Pater
2530 5332 2755 5384 veritatis
2783 5330 2928 5405 Deus
2956 5333 3178 5405 amplior
3217 5332 3265 5387 'et
3291 5336 3463 5405 major
3488 5342 3581 5399 est,

1987 5416 2142 5471 quam
2164 5402 2348 5455 veritas
2366 5418 2386 5467 ;
2406 5411 2454 5455 et
2476 5412 2622 5473 pater
2638 5417 2754 5455 eum
2779 5402 2846 5456 sit
2864 5404 3136 5473 sapientia,
3162 5402 3495 5471 prteslantior
3513 5414 3588 5458 est

1990 5474 2111 5542 ipsa
2144 5473 2402 5541 sapientia
2425 5488 2444 5526 :
2475 5474 2571 5526 hac
2599 5473 2753 5526 etiam
2788 5474 2987 5527 ratione
3013 5474 3214 5528 excellit
3250 5490 3366 5529 eum
3392 5477 3480 5543 qui
3512 5483 3588 5528 est

1982 5544 2085 5615 tua;
2108 5558 2245 5607 cera,
2271 5543 2480 5615 scilicet
2496 5544 2801 5615 tlhristum.
2828 5545 2971 5598 Idem
2995 5555 3116 5600 esto
3136 5546 3395 5615 judicium
3418 5547 3486 5601 de
3512 5546 3588 5601 si-

1992 5614 2210 5670 milibus
2240 5614 2465 5669 aliorum
2493 5614 2714 5669 Patrum
2745 5615 3046 5669 sententiis.

2166 5684 2218 5763 [η
2241 5685 2493 5763 vulgatis,
2515 5684 2771 5752 inﬁrmari
2786 5701 2848 5763 se
2864 5685 3289 5763 _patit_t_tr_.__Abest
3309 5702 3363 5742 se
3389 5701 3419 5741 tt
3451 5700 3584 5742 mss.

1992 5754 2148 5829 Cujus
2172 5756 2292 5829 loco
2319 5754 2720 5829 intelligereest
2736 5754 2962 5829 gloriam
2991 5754 3141 5814 Filii.

2072 5825 2152 5899 (9)
2179 5825 2255 5883 lta
2288 5840 2423 5886 mss.
2448 5825 2519 5884 Αἰ
2551 5826 2702 5893 editi,
2725 5825 2971 5898 impertita
