4216 6254
612 379 681 433 ss
1820 369 2058 437 saucii
2103 367 2354 437 uitauit
2403 365 2704 437 EPISCOPI
3848 379 3919 438 at

611 497 791 552 dinem
832 495 1021 552 danda:
1060 504 1112 552 et
1152 497 1232 570 (l)
1276 495 1352 568 (α)
1400 493 1760 566 rependetth
1805 493 2208 549 clariﬁcationis
2237 494 2290 555 Α
2315 501 2489 565 pugna
2519 494 2807 549 verborum
2839 495 2956 548 est?
2999 493 3120 549 Vita
3152 503 3235 549 est
3260 507 3446 549 verum
3489 491 3658 548 Deum
3707 503 3870 549 nosse
3904 515 3916 548 :

611 589 926 645 ostendunt.

680 683 768 738 i3.
787 680 1009 736 Claritas
1038 687 1192 752 quam
1219 681 1317 736 sibi
1350 679 1512 736 Pater
1541 689 1589 735 et
1618 680 1790 736 Filius
1813 679 2070 744 exhibent,
2095 693 2211 750 quis

613 775 699 830 sit.
723 773 916 830 —Sed
958 773 1272 828 clariﬁcatio
1303 773 1419 830 haec
1446 789 1566 845 quae
1600 775 1691 841 sit,
1721 782 1772 830 et
1795 787 1862 829 ex
1901 772 2096 844 quibus
2119 773 2208 836 sit,

615 867 948 923 noscendum
976 877 1057 923 est
1083 865 1231 938 (Tres
1264 883 1386 921 mss.
1430 865 1782 932 docendum).
1817 864 1956 929 Non,
1993 865 2208 934 opinor,

619 958 966 1016 demutabilis
1016 959 1159 1014 Dens
1197 967 1301 1026 est,
1341 971 1514 1029 neque
1563 959 1619 1014 in
1662 959 2021 1013 aeternitatem
2069 955 2214 1011 cadit

612 1062 704 1107 aut
725 1053 914 1106 vitium
943 1051 1381 1117 autemendatio,
1399 1059 1493 1106 aut
1513 1050 1783 1120 proiectus
1809 1059 1902 1105 aut
1917 1049 2171 1104 damnum
2194 1064 2210 1116 ;

619 1144 714 1200 sed
738 1143 882 1214 quod
912 1151 1010 1208 est,
1040 1159 1255 1213 semper
1292 1153 1396 1211 est,
1438 1144 1542 1216 57
1569 1143 1672 1198 hoc
1700 1143 1847 1199 enim
1876 1143 1984 1197 Deo
2005 1151 2091 1198 est
2120 1156 2216 1211 pe-

612 1237 834 1294 culiare.
860 1237 1014 1304 Quod
1053 1251 1269 1306 semper
1304 1245 1409 1302 est,
1454 1237 1657 1292 habere
1697 1236 1988 1308 aliquando
2014 1237 2069 1291 in
2116 1250 2217 1290 na-

614 1337 732 1383 tura
763 1343 870 1384 non
896 1331 1094 1399 poterit
1117 1340 1172 1383 ut
1197 1341 1302 1383 non
1329 1329 1399 1383 sit
1431 1344 1446 1385 :
1470 1341 1578 1400 quo
1603 1329 1764 1384 modo
1793 1343 1922 1400 ergo
1951 1326 2216 1384 clariﬁca-

614 1420 779 1482 bitur,
812 1421 956 1491 quod
983 1435 1200 1476 suonon
1231 1434 1374 1494 eget,
1405 1435 1580 1492 neque
1600 1436 1629 1475 a
1651 1436 1712 1477 se
1749 1419 1961 1486 deﬁcit;
1987 1421 2212 1493 (supple,

616 1515 686 1568 ita
721 1512 802 1586 ut)
840 1529 1018 1585 neque
1047 1515 1336 1585 quidquam
1379 1514 1450 1570 sit
1488 1512 1632 1585 quod
1671 1513 1724 1568 in
1769 1527 1828 1569 se
1857 1514 2106 1584 recipiat,
2132 1527 2220 1568 ue-

614 1624 721 1678 quc
751 1609 992 1664 amiserit
1018 1618 1076 1662 ut
1122 1606 1400 1663 resumat?
1438 1605 1742 1670 Haeremus,
1779 1619 2072 1661 moramur.
2109 1603 2218 1668 Sed

616 1698 986 1770 intelligentim
1049 1707 1252 1754 nostra:
1301 1698 1669 1752 inﬁrmitatem
1718 1697 2055 1768 Evangelista
2111 1709 2219 1750 non

619 1790 844 1856 deserit,
891 1791 1172 1862 quiquam
1210 1789 1654 1846 clarificationem
1698 1788 1843 1844 Patri
1883 1787 2051 1844 Filius
2075 1795 2223 1843 esset

2310 585 2406 641 sed
2438 584 2638 639 nudum
2681 583 2783 638 hoc
2811 599 2917 638 non
2946 584 3068 638 iacit
3101 583 3289 638 vitam.
3313 583 3448 652 Quid
3479 599 3610 656 ergo
3638 586 3923 641 connecti-

2315 677 2434 733 tur?
2467 676 2531 732 Et
2557 689 2707 745 quem
2737 678 2920 732 misisti
2945 677 3128 731 Iesum
3169 677 3451 733 Christum.
3499 676 3727 734 Debitus
3767 676 3920 733 l’atri

2314 787 2342 825 a
2376 763 2514 826 Filio
2567 771 2743 826 honor
2789 770 3050 832 redditur,
3094 785 3218 826 cum
3273 770 3404 825 dicit
3451 779 3498 825 te
3539 772 3706 826 solum
3745 785 3921 825 rerum

2314 861 2500 918 Deum.
2541 861 2658 918 Non
2700 874 2876 918 tatnen
2924 876 2984 917 se
3014 862 3182 917 Filius
3208 878 3236 916 a
3269 861 3362 918 Dei
3395 862 3624 917 veritate
3660 865 3920 927 secernit,

2315 969 2437 1012 cum
2467 955 2706 1026 adiungit
2736 973 2750 1010 :
2776 965 2822 1010 et
2859 971 3006 1025 quem
3038 955 3226 1010 misisti
3261 952 3440 1008 Iesum
3485 953 3764 1010 Christum.
3802 955 3923 1012 Non

2316 1049 2478 1105 habet
2504 1049 2844 1104 intervallum
2872 1048 3144 1104 confessio
3172 1047 3637 1119 credentium,qui
3677 1051 3732 1104 in
3770 1057 3926 1104 utro-

2317 1158 2421 1216 que
2447 1158 2575 1214 spes
2602 1144 2724 1198 vita:
2753 1152 2871 1199 est:
2909 1155 3008 1206 nec
3035 1141 3178 1198 Deus
3205 1152 3364 1197 verus
3389 1142 3457 1196 ab
3483 1157 3548 1196 eo
3576 1140 3762 1197 delicit
3782 1182 3797 1205 ,
3827 1141 3925 1212 qui

2319 1239 2373 1293 in
2410 1235 2792 1306 conjunctione
2837 1234 3100 1290 succedit.
3138 1231 3272 1289 Cum
3320 1241 3450 1303 ergo
3485 1231 3715 1289 dicitur:
3751 1233 3819 1289 Ut
3841 1251 3930 1288 co-

2318 1338 2566 1404 gnasrant
2587 1339 2634 1384 te
2655 1330 2822 1384 solum
2845 1343 3020 1382 verum
3057 1327 3245 1390 Deum,
3290 1336 3336 1382 et
3365 1343 3514 1398 quem
3541 1328 3727 1382 misisti
3745 1326 3929 1382 Iesum

2321 1419 2604 1485 Christum;
2633 1419 2734 1474 sub
2759 1419 2870 1490 58
2897 1418 2997 1472 hac
3015 1417 3435 1488 signiﬁcatione,
3460 1416 3512 1472 id
3535 1427 3640 1484 est,
3663 1418 3930 1475 mittentis

2320 1522 2376 1569 et
2393 1511 2567 1578 missi,
2583 1525 2689 1566 non
2713 1510 2886 1565 Patris
2905 1520 2959 1565 et
2982 1509 3107 1565 Filii
3129 1510 3327 1565 veritas
3354 1519 3409 1565 et
3427 1509 3686 1565 divinitas
3709 1511 3808 1566 sub
3835 1512 3935 1566 ali-

2321 1619 2424 1674 qua
2464 1614 2556 1658 aut
2583 1603 2990 1674 signiﬁcationis
3018 1609 3110 1657 aut
3149 1603 3431 1658 dilationis
3460 1603 3782 1659 dirersitate
3812 1604 3930 1660 dis-

2323 1697 2580 1762 cernitur,
2596 1695 2691 1751 sed
2707 1695 2773 1750 ad
2792 1695 3061 1766 gignentia
3085 1705 3142 1752 et
3167 1695 3335 1766 geniti
3361 1694 3757 1752 confessionem
3788 1697 3924 1755 iides

2324 1789 2604 1861 religionis
2635 1788 2938 1844 instruitur.

617 1883 926 1940 redditurus
957 1884 1214 1952 ostendit,
1255 1884 1444 1939 dicens
1476 1897 1489 1936 :
1518 1881 1664 1938 Sicut
1693 1879 1882 1937 dedisti
1910 1882 1957 1936 ei
1997 1891 2217 1949 potestao
2249 1877 2299 1938 B
2398 1881 2486 1938 15.
2529 1880 2672 1935 Laus
2703 1879 2830 1936 Filii
2865 1882 2978 1935 laus
3000 1890 3074 1936 est
3099 1880 3372 1936 Patris.—
3393 1880 3537 1952 Ergo
3556 1881 3803 1938 absolute
3822 1882 3926 1938 Pa—

619 1986 718 2030 tem
745 1977 916 2030 onmis
945 1977 1139 2041 carnis,
1197 1987 1253 2029 ut
1275 1991 1424 2029 omne
1448 1974 1586 2046 quod
1625 1974 1811 2029 dedisti
1839 1973 1940 2041 illi,
1971 1974 2054 2028 det
2082 1976 2127 2029 ei
2150 1975 2227 2029 vi-

622 2079 726 2122 tam
753 2079 1018 2124 (sternam.
1055 2067 1179 2124 (hec
1207 2077 1280 2122 est
1317 2077 1487 2122 autem
1530 2067 1633 2120 vita
1671 2077 1884 2132 aeterna,
1924 2076 1982 2121 ut
2010 2082 2228 2138 cognos-

623 2171 744 2214 cant
790 2172 836 2215 te
879 2162 1048 2215 solum
1088 2177 1265 2216 verum
1319 2157 1508 2227 Deum,
1546 2169 1593 2214 et
1631 2173 1778 2230 quem
1828 2160 2011 2214 misisti
2045 2159 2226 2214 Iesum

622 2251 882 2306 Christum
931 2249 1109 2324 (Joan.
1142 2267 1275 2319 xvtt,
1315 2251 1350 2305 9
1387 2261 1433 2306 et
1474 2251 1553 2323 ὃ).
1593 2247 1938 2307 Clariiicatur
1974 2266 2105 2322 ergo
2133 2267 2230 2321 per

625 2343 821 2399 Filium
845 2343 1028 2411 Pater,
1063 2346 1116 2399 iu
1139 2360 1205 2401 eo
1231 2343 1374 2415 quod
1399 2343 1518 2398 sita
1543 2342 1700 2398 nobis
1720 2342 1797 2415 (ὁ)
1823 2343 2224 2414 intelligendus.

626 2438 856 2495 Claritas
894 2448 1073 2495 autem
1107 2439 1224 2495 iniec
1254 2447 1392 2507 erat,
1421 2439 1565 2512 quod
1600 2437 1668 2494 ab
1696 2453 1763 2495 eo
1796 2438 1966 2494 Filius
1994 2445 2230 2509 potesta-

627 2543 737 2588 tem
785 2534 964 2589 omms
1021 2533 1204 2590 carnis
1248 2541 1534 2606 acceperat
1568 2535 1644 2606 (c)
1689 2545 1818 2590 caro
1863 2533 2035 2589 iactus
2088 2534 2226 2603 ipse,

624 2625 767 2694 quod
797 2625 921 2680 vitat
955 2627 1312 2681 wternltalem
1356 2634 1474 2682 erat
1508 2625 1730 2681 caducis
1773 2634 1828 2680 et
1867 2626 2146 2697 corporeis
2175 2633 2230 2681 et

628 2718 950 2774 mortalibus
977 2715 1308 2774 redditurus.
1342 2715 1481 2774 Vitae
1504 2727 1685 2774 autem
1723 2726 1924 2774 nostrae
1953 2720 2231 2774 aeternitas

630 2825 740 2865 non
765 2811 1094 2882 operationis
1116 2821 1254 2878 erat,
1282 2811 1377 2866 sed
1399 2812 1616 2868 virtutis
1642 2810 1869 2869 eﬂ‘ecuts
1894 2829 1907 2864 :
1928 2825 2049 2868 cum
2073 2821 2235 2867 aeter-

633 2901 817 2956 nitatis
843 2901 1071 2972 gloriam
1101 2917 1208 2956 non
1235 2902 1347 2974 jam
1390 2903 1599 2958 molitio
1628 2915 1788 2968 nova,
1840 2903 1936 2957 sed
1988 2903 2100 2958 sola
2137 2903 2233 2959 Dei

633 3003 779 3049 esset
805 2995 1042 3066 cognitio
1069 3004 1366 3065 sumptura.
1407 2996 1550 3066 Ergo
1590 3011 1698 3051 non
1738 2997 1959 3051 claritas
1989 2997 2100 3051 Deo
2139 2999 2235 3051 ad-

633 3087 808 3151 ditur;
833 3101 1008 3157 ueque
1049 3087 1192 3141 enim
1223 3085 1536 3143 decesserat
1566 3097 1623 3141 ut
1652 3087 1949 3142 adderetur
1975 3106 1988 3141 :
2025 3088 2119 3144 sed
2142 3103 2237 3158 per

636 3179 832 3235 Filium
864 3180 1192 3234 claritlcatur
1225 3179 1366 3250 apud
1398 3195 1496 3236 nos
1529 3180 1833 3249 imperitos,
1859 3180 2090 3251 refugas,
2119 3195 2238 3236 sor-

2331 1983 2467 2030 trem
2497 1973 2665 2028 Filius
2687 1973 2949 2028 clarillcat
2976 1975 3027 2029 in
3048 1987 3116 2029 eo
3139 1973 3282 2044 quod
3312 1973 3587 2042 sequitur:
3613 1971 3723 2046 Ego
3753 1984 3799 2029 te
3823 1976 3937 2030 cta—

2338 2068 2538 2139 riﬁcavi
2572 2083 2727 2140 super
2769 2076 2957 2121 terram
2987 2084 3138 2141 apere
3172 2075 3544 2134 consummato,
3574 2069 3710 2140 quod
3745 2070 3937 2124 dedisti

2330 2159 2458 2212 mihi
2489 2167 2541 2212 ut
2571 2159 2781 2227 faciam.
2815 2158 2956 2214 Laus
2985 2159 3161 2214 Patris
3187 2159 3365 2215 omnis
3389 2175 3419 2215 a
3469 2159 3604 2214 Filio
3642 2169 3762 2216 est:
3809 2162 3938 2232 quia

2332 2255 2384 2309 in
2415 2253 2612 2324 quibus
2660 2253 2967 2308 laudabitur
2995 2253 3189 2321 Filius,
3230 2253 3348 2309 laus
3403 2254 3508 2309 erit
3560 2254 3754 2310 Patris.
3791 2255 3942 2310 Con-

2331 2353 2564 2404 summat
2593 2346 2737 2402 enim
2765 2349 2966 2414 omnia,
2985 2363 3108 2418 qua:
3131 2347 3290 2404 Pater
3309 2346 3501 2403 ‘voluit.
3520 2346 3612 2404 Dei
3641 2345 3808 2403 Filius
3833 2347 3930 2403 ho-

2332 2456 2423 2496 mo
2454 2441 2733 2506 nascitur;
2774 2440 2870 2496 sed
2927 2440 3023 2496 Dei
3059 2441 3113 2495 in
3155 2450 3312 2511 partu
3357 2440 3580 2510 virginis
3622 2439 3797 2495 virtus
3828 2447 3936 2497 est.

2338 2532 2433 2590 Dei
2462 2531 2631 2588 Filius
2662 2531 2827 2587 homo
2865 2534 3139 2599 cernitur;
3171 2532 3266 2588 sed
3304 2532 3445 2589 Deus
3475 2533 3530 2588 in
3555 2531 3811 2604 operibus
3840 2531 3943 2586 ho-

2341 2626 2505 2682 minis
2533 2625 2736 2682 existit.
2771 2625 2868 2681 Dei
2897 2625 3066 2682 Filius
3108 2626 3252 2682 cruci
3293 2626 3503 2698 ﬁgitur;
3545 2625 3639 2682 sed
3679 2627 3730 2680 in
3778 2639 3943 2682 cruce

2335 2719 2570 2775 hominis
2598 2723 2826 2776 mortem
2861 2719 3003 2775 Deus
3025 2719 3208 2776 vincit.
3237 2717 3486 2776 Christus
3510 2719 3601 2776 Dei
3623 2718 3793 2774 Filius
3820 2733 3942 2773 mn-

2336 2813 2507 2879 ritur;
2539 2811 2634 2868 sed
2657 2812 2834 2867 omnis
2863 2827 2992 2868 caro
3043 2811 3344 2868 viviﬁcatur
3381 2813 3433 2867 in
3457 2812 3697 2869 Christo.
3727 2811 3821 2867 Dei
3854 2811 3932 2867 Fi'

2335 2904 2438 2960 lius
2463 2905 2518 2960 in
2549 2903 2738 2961 inieris
2758 2911 2875 2970 est;
2919 2904 3016 2961 sed
3041 2903 3204 2960 homo
3247 2905 3482 2961 refertur
3529 2904 3598 2960 ad
3623 2904 3842 2961 coelum.
3885 2904 3946 2960 ln‘

2335 3005 2593 3068 quantum
2617 2997 2733 3053 hac
2759 2997 3119 3053 laudabuntur
3147 2997 3199 3053 in
3226 2995 3468 3063 Christo,
3502 3003 3651 3053 tanto
3675 2998 3796 3068 plus
3828 2998 3947 3052 lau-

2338 3089 2422 3144 dis
2458 3103 2485 3142 a
2516 3104 2625 3160 quo
2653 3088 2900 3144 Chrisuts
2941 3089 3084 3145 Deus
3113 3097 3194 3144 est
3221 3101 3604 3160 consequetur.
3641 3088 3735 3144 His
3781 3089 3946 3160 igitur

2341 3179 2515 3237 modis
2537 3182 2698 3237 Pater
2725 3181 2919 3236 Filium
2943 3182 3206 3236 claritlcat
3232 3195 3395 3252 super
3421 3192 3657 3238 terram:
3700 3197 3946 3237 rursum-

636 3273 814 3339 didos,
845 3273 924 3343 (ἀ)
949 3271 1066 3328 sine
1093 3287 1190 3344 spe
1217 3282 1477 3336 mortuos,
1509 3274 1629 3329 sine
1655 3274 1775 3346 lege
1800 3275 2118 3331 tenebrosus
2143 3293 2156 3342 ;
2183 3287 2238 3334 et
2263 3264 2310 3329 C
2344 3289 2446 3344 que
2467 3271 2636 3329 Filius
2658 3274 2976 3344 ignorationi
2997 3277 3236 3345 gentium
3265 3283 3320 3330 et
3344 3275 3586 3330 stultitiae
3607 3275 3810 3339 stcculi,
3843 3289 3942 3342 per

639 3363 968 3420 claritlcatur
999 3379 1094 3434 per
1120 3363 1193 3430 id,
1220 3361 1361 3435 quod
1389 3363 1458 3419 ah
1487 3379 1554 3421 eo
1580 3364 1748 3421 Filius
1779 3374 2098 3434 potestatem
2131 3383 2243 3423 om-

641 3458 725 3510 nis
754 3456 940 3510 carnls
968 3455 1262 3525 acceperit,
1289 3457 1451 3510 vitam
1483 3457 1535 3511 ei
1571 3466 1828 3513 aeternam
1858 3459 2101 3514 daturus.
2139 3461 2243 3516 Per

643 3549 758 3604 haec
789 3549 951 3619 igitur
977 3549 1093 3604 Filii
1120 3563 1286 3620 opera
1322 3549 1653 3604 claritlcatur
1694 3552 1870 3606 Pater.
1904 3553 2088 3624 Itaque
2117 3565 2239 3608 cum

641 3640 822 3694 omnia
846 3639 1012 3694 Filius
1041 3641 1270 3709 accepit,
1300 3640 1624 3696 clariilcatus
1649 3655 1678 3695 ε
1710 3639 1870 3697 Patre
1897 3652 2011 3706 est;
2035 3653 2088 3699 et
2113 3659 2242 3700 cott-

642 3741 724 3787 tra
751 3731 1080 3788 claritlcatur
1109 3733 1286 3800 Pater,
1309 3749 1432 3788 cum
1462 3732 1598 3788 liuut
1617 3736 1868 3791 universa
1901 3748 1998 3806 per
2020 3736 2239 3793 Filium.

641 3825 714 3881 Et
750 3825 970 3881 claritas
996 3834 1217 3895 accepta
1249 3824 1430 3898 sica)
1465 3825 1726 3892 redditur,
1762 3835 1822 3883 ut
1843 3828 1987 3900 quod
2021 3829 2242 3886 clarita-

644 3917 712 3972 tis
739 3917 789 3972 iu
829 3917 969 3972 Filio
995 3925 1098 3979 est,
1146 3915 1200 3972 id
1249 3925 1422 3973 tutum
1452 3917 1672 3974 claritas
1699 3917 1874 3974 Patris
1921 3919 1992 3974 sit
2020 3937 2033 3974 :
2059 3921 2183 3990 quia
2213 3935 2245 3976 a

649 4007 813 4064 Patre
854 4009 1066 4078 accepit
1095 4009 1310 4074 omnia;
1351 4009 1477 4080 quia
1527 4008 1702 4064 honor
1732 4008 2042 4066 l‘atuulantis
2069 4010 2142 4083 (e)
2187 4013 2241 4066 iu

646 4100 913 4156 honorem
957 4099 1224 4156 mittentis
1261 4108 1368 4168 est,
1392 4109 1452 4156 ut
1479 4100 1655 4156 honor
1679 4100 1952 4173 gignentis
1979 4103 2031 4158 itt
2075 4102 2249 4159 hono-

644 4201 760 4250 rem
789 4194 1064 4250 nascentis
1090 4203 1196 4250 est.

718 4285 949 4357 “Spes
977 4286 1094 4342 sitat
1112 4302 1216 4341 non
1234 4287 1290 4341 in
1308 4287 1417 4341 solo
1435 4286 1610 4356 Patre,
1631 4288 1724 4344 sed
1743 4299 1788 4343 st
1810 4289 1863 4344 in
1886 4288 2041 4345 Filio.
2066 4289 2249 4347 Missio

649 4395 754 4435 non
782 4389 1042 4446 naturam,
1073 4379 1164 4434 sed
1191 4394 1436 4451 personas
1459 4379 1802 4436 discriminat.
1834 4410 1906 4424 -—
1925 4382 2031 4439 Sed
2061 4383 2112 4438 in
2138 4399 2248 4455 quo

650 4471 867 4527 tandem
897 4471 1174 4526 aeternitas
1205 4470 1330 4525 vitae
1359 4471 1480 4527 est?
1505 4471 1594 4528 Ait
1623 4472 1740 4544 ipse
1767 4491 1780 4527 :
1832 4473 1902 4530 Ut
1939 4487 2247 4548 cognoscant

644 4575 694 4620 te
742 4566 911 4621 solum
959 4574 1136 4620 verum
1166 4564 1444 4632 Deum;et
1469 4581 1614 4634 quem
1638 4569 1827 4623 misisti
1864 4569 2044 4624 Iesum
2065 4567 2245 4627 Chris-

2346 3367 2414 3438 (ι’)
2444 3366 2699 3422 virtutum
2747 3379 2966 3421 suarum
3012 3381 3207 3436 opera,
3238 3381 3362 3422 eum
3412 3381 3480 3421 ex
3539 3377 3646 3438 quo
3701 3376 3784 3422 est
3828 3368 3946 3437 ipse

2345 3459 2624 3517 ciat-illcat.
2658 3460 2726 3516 Et
2755 3463 2870 3516 lucc
2901 3461 3121 3532 quidem
3173 3461 3577 3518 clariilcatioiiis
3629 3463 3944 3517 vicissitudo

2347 3567 2455 3608 non
2485 3554 2721 3623 pertinet
2742 3553 2806 3607 ad
2825 3553 3119 3609 divinitatis
3141 3553 3463 3624 profectum,
3491 3552 3584 3610 sed
3602 3555 3668 3608 ad
3684 3555 3945 3610 honorent

2348 3651 2468 3700 eum
2501 3646 2592 3716 Qui
2632 3661 2698 3701 ex
2753 3645 3062 3717 cognitione
3117 3647 3477 3715 ignorantium
3527 3647 3943 3716 suscipiebatur.

2347 3738 2464 3808 Quo
2489 3740 2632 3794 enim
2663 3739 2824 3794 Pater
2849 3749 2958 3794 non
3006 3739 3336 3805 abundabat,
3364 3756 3430 3796 es
3484 3755 3594 3811 quo
3652 3747 3779 3796 sunt
3826 3756 3946 3796 οιιιε

2348 3832 2471 3886 hia?
2505 3831 2597 3887 Vel
2627 3832 2754 3902 quid
2779 3831 2922 3887 Filio
2943 3833 3170 3897 deerat:
3191 3835 3243 3888 in
3272 3849 3378 3905 quo
3407 3835 3810 3904 complacuerat
3834 3849 3950 3889 om-

2350 3935 2472 3980 nem
2519 3923 2913 3994 plenitudinem
2941 3925 3238 3981 divinitatis
3290 3925 3569 3982 habitare?
3600 3927 3741 3998 Ergo
3772 3928 3950 3984 clari-

2351 4015 2542 4072 tlcatur
2575 4015 2733 4072 Pater
2761 4017 2814 4073 in
2847 4025 3013 4087 terra,
3045 4017 3170 4090 quia
3203 4034 3340 4089 opus
3369 4018 3486 4090 ejus
3511 4019 3653 4090 quod
3677 4018 3952 4077 mandavit

2349 4107 2603 4165 efﬁcitur.

2424 4201 2511 4258 16.
2547 4201 2712 4270 Quam
2735 4201 3023 4258 claritatem
3051 4219 3083 4257 a
3113 4202 3270 4258 Patre
3288 4212 3540 4274 exspectet
3562 4199 3833 4258 Filius.—
3860 4203 3952 4260 Vi-

2349 4294 2576 4351 deamus
2597 4295 2722 4366 quid
2747 4295 2915 4351 Filius
2940 4309 2970 4350 a
2995 4295 3156 4352 Patre
3182 4295 3589 4351 clariiicationis
3631 4304 3910 4368 exspectet
3935 4313 3950 4352 :

2350 4393 2408 4446 ει
2431 4388 2736 4445 absolutum
2765 4398 2867 4444 cst.
2890 4387 3026 4443 Nam
3056 4386 3137 4457 (5)
3169 4388 3223 4442 in
3260 4387 3666 4444 continentibus
3695 4397 3808 4443 est:
3834 4386 3953 4460 Ego

2351 4489 2398 4536 te
2426 4481 2708 4550 clariﬁcaui
2734 4495 2884 4551 super
2911 4489 3121 4543 terram,
3153 4494 3282 4550 apus
3311 4478 3663 4534 consummaui
3690 4482 3829 4551 quod
3858 4482 3950 4535 de-

2349 4575 2472 4628 disti
2499 4572 2624 4628 mihi
2651 4581 2707 4627 ut
2746 4576 2966 4646 [acuerit
2987 4587 3008 4630 .°
3046 4583 3094 4629 et
3115 4589 3252 4628 nunc
3281 4573 3512 4643 ciariﬁca
3533 4591 3633 4644 me,
3659 4575 3737 4648 (4)
3765 4573 3950 4644 Pater,

645 4671 771 4716 tum.
799 4660 931 4730 Quas
959 4660 1047 4716 hic
1089 4658 1465 4717 difﬁcultatum
1505 4662 1833 4731 quaestiones
1874 4671 2018 4729 sunt,
2049 4673 2103 4718 et
2129 4679 2249 4736 quia
2274 4659 2328 4722 D
2353 4664 2496 4736 apud
2535 4667 2855 4736 temetipsum
2883 4679 2944 4720 ea
2985 4664 3220 4722 claritate
3248 4681 3402 4736 quam
3429 4664 3607 4736 habui,
3651 4667 3954 4737 priusquam

719 4819 798 4891 (l)
840 4816 898 4872 In
919 4830 1075 4891 mss._
1093 4815 1243 4886 prius
1285 4813 1596 4885 repetendas,
1647 4813 1844 4872 deinde
1881 4831 1950 4874 ex
1986 4821 2244 4879 emenda.

645 4887 814 4955 tione,
841 4887 1142 4957 referendis.

719 4954 806 5032 (2)
839 4954 908 5014 In'
927 4966 1114 5013 nostro
1131 4954 1320 5013 codice
1341 4969 1408 5011 ex
1435 4956 1670 5028 antiquae
1695 4972 1886 5016 manus
1903 4960 2243 5020 emendatio-

713 5096 796 5167 (ιι)
835 5094 892 5149 In
938 5091 1188 5167 vulgatis,
1229 5091 1502 5167 danda‘et
1542 5093 1849 5167 referenda.
1884 5095 1942 5154 In
1985 5112 2094 5153 uno
2141 5107 2240 5158 ms.

641 5162 878 5230 Sorbon.
909 5162 1096 5219 danda
1115 5172 1162 5217 et
1187 5162 1514 5235 recipienda.
1542 5162 1612 5219 lu-
1631 5167 1910 5222 nonnullis
1935 5169 2079 5235 aliis,
2113 5172 2248 5226 dan-

641 5248 724 5299 αιο
748 5248 796 5292 et
816 5235 1120 5307 rspstenda.
1146 5235 1421 5291 Sincerior
1443 5237 1598 5291 nobis
1620 5238 1734 5292 visa
1755 5250 1839 5295 est
1861 5239 2022 5295 lectio
2048 5244 2245 5300 vetusti

643 5311 846 5370 codicis
875 5307 1194 5364 Colbertini.

714 5383 788 5456 (ὁ)
823 5371 1124 5456 Iu_escusis
1156 5375 1246 5456 hic
1282 5377 1500 5433 additur
1530 5395 1630 5456 per
1667 5380 1857 5452 ﬁlium,
1901 5383 2048 5456 quod
2091 5386 2248 5443 abest

639 5472 672 5513 η
699 5449 828 5511 ,ειη
857 5451 1042 5520 Neque
1066 5464 1196 5506 vero
1218 5449 1281 5531 in
1317 5451 1645 5531 evangelicis
1686 5449 1890 5524 verbis,
1919 5449 1977 5510 ili
2027 5471 2247 5531 ερξιηοο·

641 5534 858 5597 cantu,
887 5533 1032 5588 ete.;
1074 5536 1196 5597 quin
1218 5521 1305 5576 hic
1329 5521 1686 5597 extilicsntur,
1717 5521 1894 5584 exstat
1926 5543 2018 5597 per
2043 5521 2244 5597 ﬁliam:

641 5543 761 5582 cam
789 5543 858 5587 ut,
887 5543 1032 5588 tum;
1074 5543 1196 5590 quas
1218 5543 1305 5576 me
1329 5543 1686 5590 explicantur,
1717 5543 1894 5584 ειειαι
1963 5543 2018 5580 er
2043 5543 2238 5597 prtam:

641 5596 786 5668 quod
827 5593 1112 5674 usquead
1162 5593 1602 5674 soopuililarii
1629 5601 1884 5674 pertinet.
1918 5543 2238 5674 $ultgenim,

646 5665 854 5722 tantum
882 5665 1178 5742 claritatem
1213 5665 1306 5742 Dei
1322 5665 1549 5742 Auihilei
1577 5667 1779 5725 addere
1802 5671 1943 5742 quod
1975 5671 2124 5741 prius
2148 5665 2242 5727 ea?

645 5745 819 5793 reret:
853 5735 977 5806 quia
1008 5744 1135 5789 tunc
1178 5733 1560 5806 elariiieaadus
1597 5733 1857 5806 caucam
1894 5757 1925 5798 a
1951 5733 2129 5798 tiobis‘
2155 5753 2242 5800 est

645 5803 1044 5874 intelligendus,
1086 5817 1188 5859 nec
1234 5805 1524 5878 quidquam
1563 5809 1614 5863 ei
1637 5803 1829 5881 adjicit
1858 5814 1974 5869 huc
2002 5815 2240 5886 cognitio

650 5890 852 5934 llOSll‘il.

2349 4838 2437 4886 ne,
2463 4825 2538 4880 sic
2551 4823 2796 4880 creditur.

2447 4897 2479 4950 '5
2547 4895 2611 4950 In
2633 4895 3073 4966 consequentibus.

2422 4896 2505 5042 ξιξ
2546 4967 2628 5024 Tu
2653 4965 2837 5034 Pater,
2869 4979 2928 5023 ut
2958 4969 3010 5024 in
3033 4966 3073 5024 G

2448 4965 2505 5041 4)
2546 4967 2628 5024 Tu
2653 4965 2837 5034 Pater,
2869 4979 2928 5023 ut
2958 4969 3010 5024 in
3033 4966 3224 5024 Graeco
3250 4977 3398 5025 textu
3427 4977 3590 5041 atque
3628 4968 3875 5041 Vulgata.

2428 5105 2500 5178 (ο)
2526 5106 2606 5161 lta
2635 5116 2790 5163 vetus
2811 5105 2981 5163 codex
3009 5106 3166 5191 Golb.
3199 5107 3483 5164 cuil'avent
3512 5111 3715 5178 cd'teri,
3749 5111 3801 5167 in
3828 5114 3956 5181 qni-

2351 5175 2472 5263 bus,
2496 5193 2617 5263 caro
2643 5183 3170 5263 autemfactusntpse
3210 5183 3348 5250 quod
3385 5181 3464 5263 (lu
3505 5181 3647 5263 ‘Vict.
3688 5184 3799 5263 qui)
3837 5185 3958 5240 uita:

2351 5251 2710 5326 a'ternitatem.
2777 5251 2847 5307 At
2878 5252 2931 5308 in
2961 5251 3142 5318 editis,
3191 5269 3311 5307 cara
3336 5254 3469 5308 enim
3494 5253 3662 5324 [actus
3701 5251 3813 5326 ipse
3839 5267 3958 5310 vita:

2350 5321 2708 5376 wternitatem.

2424 5408 2504 5486 (d)
2549 5404 2678 5486 Dad.
2703 5422 2757 5468 ct
2793 5411 2884 5469 Er.
2917 5415 3026 5469 sine
3060 5415 3248 5486 spiritu
3277 5425 3552 5473 entortuos.
3599 5415 3657 5473 In
3707 5429 3814 5474 uno
3845 5436 3952 5477 ms.

2351 5478 2504 5539 Colb'.
2534 5484 2645 5537 sine
2668 5501 2758 5554 spe
2788 5488 3087 5542 morituros.

2353 5645 2364 5657 ο
2419 5574 2494 5657 (ρ)
2521 5573 2596 5630 ita
2629 5593 2768 5634 unus
2797 5579 2971 5635 codex
2994 5580 3151 5638 Colb.
3184 5580 3292 5638 Alii
3314 5597 3446 5639 vero
3466 5583 3590 5640 libri
3615 5583 3704 5639 hic
3723 5591 3777 5639 et
3801 5597 3954 5649 mox,

2345 5647 2398 5699 in
2433 5647 2649 5702 tranare.

2417 5735 2490 5812 (ι’)
2530 5737 2810 5814 Vaticana:
2852 5743 3087 5799 basilicae
3110 5741 3279 5798 codex
3299 5783 3315 5810 ,
3360 5759 3451 5814 per
3477 5743 3714 5801 uirtutem
3740 5757 3956 5802 suarum

2341 5811 2963 5939 opimionumﬁarnut.
3010 5819 3098 5886 per
3140 5811 3383 5887 virtutum
3428 5825 3646 5873 suarum
3698 5817 3956 5892 operatio-

2341 5897 2376 5939 tt
2463 5922 2475 5938 .
