4216 6254
320 356 401 412 85
1537 344 1627 404 ΠΕ
1663 343 2043 403 TRINITA'I'E
2076 342 2287 402 LIBER
2324 343 2421 402 Ill.
3572 350 3643 409 86

323 470 555 528 mundus
584 476 737 537 esset.
764 464 910 539 apud
940 475 1009 522 te.
1025 462 1358 537 Honifestavi
1385 479 1571 520 nomen
1599 473 1746 520 tuam
1767 463 1932 521 homi-
1959 462 2016 527 Λ
2037 461 2295 520 rabatur?
2324 462 2441 519 Hoc
2477 461 2693 536 Moyses
2722 462 2791 519 de
2834 461 2975 521 rubo
2999 461 3230 534 audivit,
3262 465 3373 523 hoe
3416 464 3645 526 Genesis

328 566 480 621 nibus
512 562 657 636 (Job.
695 577 831 627 aut,
861 558 945 631 4).
990 556 1259 629 Operibus
1286 570 1417 628 ergo
1445 556 1573 613 Filii
1606 555 1934 614 clariﬁcatus

327 666 420 715 est
451 657 645 713 Pater:
669 652 798 710 dum
838 652 985 709 Deus
1008 665 1131 707 esse
1168 649 1508 722 intelligitur,
1535 647 1664 704 dum
1690 648 1788 704 Dei
1809 649 1932 704 uni-

330 749 502 822 geniti
534 756 687 819 pater
711 743 1112 809 manifestatur,
1161 741 1288 798 dum
1318 741 1385 798 ad
1428 741 1658 799 salutem
1690 749 1933 797 nostram

326 846 503 902 ﬁlium
532 858 689 899 suum
713 841 875 896 etiam
922 853 990 894 ex
1014 838 1222 908 virgine
1261 846 1446 893 natum
1490 850 1614 893 esse
1656 834 1932 892 hominem

325 938 526 1000 voluit,
550 937 605 993 in
631 949 740 1007 quo
762 933 1050 1004 explentur
1077 946 1141 987 ea
1170 930 1353 987 omnia
1404 930 1461 985 in
1488 928 1760 1000 passione,
1807 942 1929 998 quae

331 1032 405 1089 de
439 1040 595 1103 partu
624 1026 845 1098 virginis
871 1032 1049 1095 etepta
1077 1032 1223 1079 sunt.
1269 1021 1457 1093 Itaque
1492 1021 1617 1092 quia
1659 1020 1754 1077 Dei
1789 1020 1934 1076 ﬁlius

329 1140 402 1183 ex
443 1124 589 1180 omni
638 1119 717 1193 (a)
742 1134 847 1190 qua
893 1126 979 1173 est
1008 1125 1164 1187 parte
1210 1112 1503 1186 perfectus,
1535 1120 1591 1170 et
1626 1123 1751 1168 ante
1772 1127 1935 1169 omne

329 1226 548 1287 tempus
574 1215 631 1270 in
653 1209 951 1269 divinitatis
982 1206 1317 1279 plenitudine
1368 1215 1551 1273 natus,
1577 1219 1721 1260 nunc
1748 1219 1780 1260 a
1805 1219 1931 1260 car-

326 1309 421 1365 nis
463 1322 576 1363 sua
600 1304 803 1375 origine
824 1302 1012 1367 homo,
1052 1298 1531 1357 consummabatur
1559 1295 1629 1353 ad
1658 1308 1913 1363 mortem;

325 1398 619 1456 clariﬁcari
643 1411 706 1452 se
725 1393 870 1466 apud
903 1395 1071 1451 Deum
1093 1392 1352 1465 postulat,
1381 1391 1525 1447 sicut
1555 1390 1776 1446 Patrem
1805 1390 1925 1460 ipse

324 1489 669 1548 clariﬁcabat
684 1488 739 1542 in
773 1488 965 1542 terris:
988 1485 1116 1557 quia
1137 1494 1250 1540 tum
1276 1483 1371 1540 Dei
1414 1484 1644 1539 virtutes
1672 1483 1930 1554 ignoran-

322 1586 366 1642 ti
379 1584 576 1642 saeuit)
587 1582 1029 1638 elarilicabantur
1044 1581 1097 1635 in
1111 1594 1294 1635 carne.
1311 1577 1585 1652 59Nunc
1607 1585 1788 1633 autem
1803 1576 1930 1647 quid

325 1688 415 1736 est
440 1676 583 1750 quod
608 1675 754 1747 apud
796 1676 1013 1731 Patrem
1071 1672 1145 1745 (b)
1183 1670 1588 1728 clariﬁeationis
1612 1670 1931 1740 exspectet?

323 1776 537 1845 Nempe
565 1773 668 1828 hoc
693 1770 838 1843 quod
862 1768 1051 1824 habuit
1074 1766 1216 1838 apud
1240 1781 1384 1835 eum,
1421 1765 1571 1834 prius
1589 1780 1751 1836 quam
1777 1780 1928 1819 mun-

2036 557 2093 613 in
2121 556 2346 614 exordio
2396 556 2566 614 creati
2593 556 2741 614 orbis
2769 557 3059 627 nuntiavit,
3103 558 3207 615 hoc
3234 556 3324 617 lex
3370 563 3643 634 inposuit,

2036 648 2315 720 prophetae
2342 651 2714 721 praetulerunt,
2756 650 3007 708 homines
3028 649 3082 707 in
3114 651 3199 708 bis
3240 654 3427 710 mundi
3459 655 3642 727 operia

2035 741 2138 797 bus
2167 752 2485 808 senserunt,
2531 753 2721 813 gentes
2777 745 2939 799 etiam
3004 746 3319 803 mentiendo
3370 757 3645 805 venerata:

2041 841 2197 902 sunt;
2226 850 2333 890 non
2355 851 2486 908 ergo
2506 836 2855 907 ignorabatur
2877 837 2972 893 Dei
2997 851 3216 894 nomen.
3245 838 3318 912 (ε)
3342 840 3449 898 Sed
3479 842 3638 913 plane

2037 930 2404 1002 ignorabatur.
2452 931 2588 986 Nam
2635 931 2801 987 Deum
2830 946 2993 987 nemo
3019 932 3210 999 noscit,
3246 933 3351 989 nisi
3372 935 3633 991 confitem-

2036 1032 2124 1080 tur
2145 1034 2200 1081 et
2221 1025 2436 1081 Patrem
2465 1035 2672 1095 patrem
2705 1025 2963 1097 unigeniti
2989 1025 3107 1092 ﬁlii,
3142 1037 3197 1082 et
3216 1027 3413 1083 Filium
3439 1042 3545 1084 non
3569 1029 3638 1086 de

2033 1116 2305 1187 portione,
2338 1116 2409 1188 (Ι)
2438 1124 2530 1171 aut
2567 1116 2901 1182 dilatatione,
2930 1127 3023 1173 aut
3064 1118 3397 1186 emissione;
3448 1118 3543 1176 sed
3570 1135 3638 1177 ex

2035 1222 2103 1264 eo
2142 1217 2331 1263 natum
2376 1208 2835 1275 inenarrabiliter,
2882 1208 3520 1279 incomprehensibiliter,
3579 1219 3638 1266 ιιι

2035 1299 2204 1355 ﬁlium
2234 1317 2264 1354 a
2305 1306 2473 1369 patre,
2516 1300 2909 1372 plenitudinem
2944 1301 3245 1359 divinitatis
3275 1319 3340 1358 ex
3367 1316 3475 1374 qua
3508 1305 3637 1360 etin

2034 1408 2141 1465 qua
2165 1403 2322 1449 natus
2347 1394 2459 1465 σο
2478 1403 2561 1449 est
2582 1393 2938 1460 obtinentem,
2969 1408 3155 1450 verum
3197 1404 3253 1451 et
3288 1395 3555 1452 inﬁnitum
3582 1405 3641 1453 et

2038 1488 2338 1559 perfectum
2368 1490 2575 1555 Deum;
2607 1487 2727 1544 haec
2754 1488 2901 1543 enim
2945 1489 3040 1545 Dei
3067 1499 3149 1545 est
3173 1491 3468 1559 plenitudo.
3503 1490 3636 1546 Nam

2040 1579 2087 1634 si
2120 1578 2312 1635 borum
2334 1578 2535 1649 aliquid
2557 1579 2750 1645 deerit,
2764 1578 2879 1649 jam
2899 1593 3005 1634 non
3025 1580 3127 1634 erit
3151 1580 3448 1650 plenitudo,
3478 1597 3638 1653 quam

2038 1672 2093 1727 in
2117 1686 2184 1729 eo
2230 1670 2477 1727 habitare
2499 1670 3059 1743 complacuit(Coloss.
3086 1689 3128 1741 ι,
3152 1674 3267 1745 19).
3287 1673 3400 1730 Hoc
3422 1690 3455 1731 a
3503 1674 3643 1731 Filio

2035 1766 2377 1837 praedicatur,
2392 1766 2496 1821 hoc
2533 1767 2904 1838 ignorantibus
2930 1766 3323 1836 manifestatur;
3357 1771 3437 1825 sic
3478 1769 3643 1826 clari-

327 1869 435 1926 dus
462 1875 629 1925 esset.
666 1864 956 1937 Habuit(c)
986 1859 1375 1934 plenitudinem
1404 1858 1731 1925 divinitatis;
1760 1866 1921 1929 atque
1951 1865 2003 1927 B
2030 1858 2218 1916 ﬁcatur
2232 1857 2537 1930 perFilium
2549 1857 2728 1924 Pater,
2745 1873 2868 1914 cum
2894 1866 3045 1928 pater
3057 1860 3148 1915 lilii
3166 1859 3287 1917 talis
3302 1862 3632 1932 agnoscitur.

318 1962 512 2027 habet,
557 1975 791 2032 namque
819 1959 911 2015 Dei
952 1956 1116 2013 ﬁlius.
1147 1954 1255 2013 Sed
1285 1954 1377 2025 qui
1406 1960 1524 2010 erat
1553 1953 1647 2009 Dei
1676 1952 1840 2018 filius,
1872 1960 1930 2009 et

319 2057 440 2131 (cett
467 2053 656 2125 etiam)
704 2051 941 2108 hominis
969 2057 1212 2119 coeperat
1235 2060 1359 2103 esse
1398 2046 1574 2113 ﬁlius;
1620 2054 1738 2102 erat
1781 2046 1927 2102 enim

326 2148 567 2205 Verbum
594 2161 727 2204 caro
754 2145 977 2201 factum.
1027 2142 1148 2199 Non
1196 2141 1452 2197 amiserat
1482 2139 1626 2210 quod
1667 2148 1802 2205 erat,
1832 2139 1929 2195 sed

315 2251 563 2316 mperat
584 2253 714 2297 esse
749 2238 894 2312 quod
920 2252 1028 2294 non
1056 2247 1209 2305 erat;
1236 2251 1344 2292 non
1373 2234 1443 2291 de
1482 2249 1585 2290 suo
1622 2233 1923 2305 destiterat,

316 2335 419 2393 sed
443 2333 591 2407 quod
645 2338 890 2389 nostrum
935 2338 1022 2387 est
1057 2336 1377 2400 acceperat:
1424 2326 1725 2399 profectum
1755 2328 1924 2397 (pata,

325 2429 583 2485 humanae
612 2425 845 2494 natum)
870 2423 922 2480 ei
947 2422 1088 2494 quod
1128 2422 1358 2494 accepit,
1389 2421 1511 2491 ejus
1536 2420 1796 2477 claritatis
1834 2434 1929 2477 exe

317 2521 561 2594 postulat
586 2519 733 2576 unde
758 2533 868 2575 non
894 2517 1121 2575 destitit.
1152 2516 1296 2586 Ergo
1314 2514 1438 2586 quia
1470 2513 1637 2569 Filius
1668 2513 1926 2582 Verbum,

316 2627 377 2672 et
406 2615 645 2673 Verbum
674 2627 805 2669 caro
847 2611 1072 2677 factum,
1100 2619 1154 2665 et
1179 2609 1321 2665 Deus
1351 2607 1614 2677 Verbum,
1643 2614 1699 2663 et
1724 2606 1829 2663 hoc
1872 2607 1929 2662 in

318 2706 595 2781 principio
638 2704 783 2776 apud
810 2705 1004 2772 Deum,
1049 2711 1106 2759 et
1150 2701 1390 2759 Verbum
1430 2709 1558 2757 ante
1586 2701 1930 2758 constitutio-

315 2816 448 2859 nem
477 2799 666 2856 mundi
712 2798 916 2854 Filius:
942 2796 1116 2853 Filius
1141 2809 1287 2851 nunc
1339 2808 1469 2850 caro
1512 2795 1687 2850 factus
1714 2793 1927 2863 orabat,

318 2904 381 2950 ut
419 2894 525 2951 hoc
567 2893 713 2949 Patri
736 2907 863 2949 caro
890 2890 975 2965 (ά)
1022 2889 1289 2961 inciperet
1313 2902 1440 2945 esse
1462 2888 1608 2959 quod
1651 2887 1927 2954 Verbum;

322 2996 387 3041 ut
411 2985 496 3054 id,
517 2984 662 3056 quod
692 2984 761 3041 de
797 2992 1039 3054 tempore
1079 2991 1218 3050 erat,
1247 2980 1476 3052 gloriam
1503 2981 1621 3052 ejus
1650 2995 1771 3051 quae
1813 2981 1933 3036 sine

321 3086 578 3147 tempore
618 3084 702 3133 est
747 3074 1008 3132 claritatis
1034 3073 1343 3145 acciperet;
1374 3082 1433 3128 ut
1461 3072 1515 3127 in
1545 3071 1641 3129 Dei
1674 3072 1926 3129 virtutem

320 3182 379 3229 et
414 3170 640 3242 spiritus
668 3167 1126 3238 incorruptionem
1174 3164 1560 3221 transformata
1600 3165 1779 3220 carnis
1804 3179 1927 3221 cor-

2114 1952 2201 2009 i8.
2245 1950 2549 2005 Natioitatia
2574 1962 2686 2005 ante
2715 1950 2874 2021 ﬁdem
2903 1948 3140 2005 Christus
3165 1952 3288 2022 fecit
3315 1954 3487 2024 gestis.
3536 1951 3640 2008 οῖ-

2030 2044 2148 2100 vina
2173 2045 2296 2116 quia
2316 2060 2419 2099 non
2444 2045 2657 2115 capiunt
2685 2052 2927 2117 negantes
2956 2044 3404 2116 obiurgantur.—-
3432 2046 3634 2103 Volens

2031 2138 2213 2210 itaque
2237 2136 2406 2193 Filius
2436 2136 2597 2209 hujus
2629 2136 2926 2192 nativitatis
2950 2150 3063 2192 sua:
3092 2137 3251 2194 ﬁdem
3292 2138 3493 2206 facere,
3527 2138 3639 2196 fac-

2031 2239 2210 2287 torum
2249 2246 2472 2287 suorum
2492 2230 2651 2287 nobis
2676 2230 2758 2304 (g)
2779 2230 2966 2303 posuit
2989 2231 3298 2304 exemplum
3322 2240 3382 2287 ut
3410 2247 3506 2304 per
3527 2232 3643 2288 ine-

2033 2323 2381 2380 narrabilium
2401 2332 2680 2394 gestorum
2706 2334 2929 2379 suorum
2952 2324 3370 2381 ineuarrabilem
3398 2325 3641 2382 efﬁcien-

2032 2419 2162 2475 tiam
2192 2420 2260 2475 de
2289 2421 2488 2475 virtute
2531 2418 2832 2475 nativitatis
2859 2418 3237 2476 inenarrabilis
3276 2419 3632 2477 doceremur:

2032 2530 2155 2573 cum
2178 2530 2316 2587 aqua
2355 2515 2427 2596 ﬁt‘
2462 2516 2681 2583 vinum,
2715 2529 2835 2569 cum
2884 2515 3120 2585 quinque
3160 2526 3327 2585 panes
3384 2512 3639 2571 saturatis

2032 2610 2275 2684 quinque
2322 2610 2557 2667 millibus
2603 2610 2861 2676 virorum,
2934 2616 3163 2678 excepto
3219 2622 3355 2663 sexu
3404 2616 3459 2663 et
3494 2618 3625 2663 :eta-

2032 2716 2087 2764 te
2138 2707 2342 2779 reliqua
2373 2748 2388 2773 ,
2443 2705 2653 2777 replent
2722 2703 3038 2775 fragmentis
3101 2703 3364 2776 cophinos
3435 2700 3638 2760 duode-

2031 2801 2159 2859 cim.
2202 2799 2313 2858 Res
2355 2800 2615 2869 cernitur,
2664 2808 2719 2856 et
2773 2799 3047 2866 nescitur;
3099 2798 3157 2854 ﬁt
3204 2808 3260 2855 et
3310 2810 3417 2854 nou
3472 2799 3635 2854 intel-

2032 2895 2246 2966 ligitur;
2298 2892 2435 2949 ratio
2464 2908 2571 2948 non
2599 2890 3042 2962 apprehenditur,
3100 2899 3154 2946 et
3205 2888 3433 2946 effectus
3482 2891 3635 2962 inge-

2030 2986 2185 3042 ritur.
2230 2984 2465 3042 Stultum
2491 2990 2575 3041 est
2612 2992 2817 3051 autem,
2867 2981 3193 3037 calumniam
3244 2981 3301 3037 in
3344 2996 3410 3037 eo
3458 2978 3634 3052 inqui-

2033 3080 2245 3136 sitionis
2288 3076 2594 3144 intendere,
2628 3076 2772 3148 quod
2812 3074 3203 3146 comprehendi
3234 3072 3290 3129 id
3316 3073 3463 3130 unde
3486 3074 3639 3146 qua:-

2033 3172 2191 3236 ritur,
2223 3186 2320 3242 per
2348 3179 2595 3226 naturam
2622 3184 2772 3225 suam
2804 3184 2914 3223 non
2941 3175 3141 3240 potest.
3168 3166 3401 3223 Utenim
3424 3168 3642 3225 inenar-

322 3264 511 3335 ruptio
529 3262 934 3319 absorberetur.
974 3259 1102 3316 llaec
1136 3259 1319 3332 itaque
1345 3258 1518 3314 oratio
1542 3258 1607 3314 ad
1632 3257 1801 3315 Deum
1822 3268 1927 3328 est,
1959 3267 2005 3332 ο
2037 3265 2223 3321 rabilis
2259 3271 2346 3321 est
2366 3263 2527 3319 Pater
2549 3263 2601 3318 in
2632 3277 2700 3319 eo
2736 3262 2881 3333 quod
2910 3262 3182 3334 ingenitus
3203 3271 3324 3329 est;
3372 3262 3445 3318 ita
3475 3270 3641 3319 enare

320 3359 396 3415 ad
416 3359 633 3415 Patrem
655 3358 774 3411 haec
802 3354 1072 3411 confessio
1103 3353 1223 3409 Filii
1247 3361 1350 3421 est,
1383 3353 1500 3409 haec
1526 3353 1709 3408 carnis
1735 3352 1933 3423 depre—

321 3452 470 3509 catio
490 3460 609 3506 est:
658 3450 711 3505 in
740 3462 844 3520 qua
872 3463 995 3504 eum
1015 3446 1203 3519 iudicii
1231 3446 1318 3502 die
1368 3455 1750 3515 compunctum
1782 3454 1836 3501 et
1863 3445 1931 3503 de

323 3558 490 3599 cruce
505 3541 839 3612 recognitum
873 3540 1112 3597 universi
1144 3538 1423 3607 videbunt,
1458 3538 1511 3595 in
1545 3554 1647 3610 qua
1677 3538 1928 3611 praeﬁgu-

325 3646 483 3693 ratus
504 3636 558 3690 lu
582 3645 768 3690 monte
802 3643 905 3701 est,
931 3632 988 3688 in
1030 3648 1134 3704 qua
1164 3632 1406 3688 elevatus
1431 3632 1500 3687 ad
1543 3632 1714 3688 caelos
1738 3643 1845 3699 est,
1877 3634 1930 3688 in

322 3744 438 3802 qua
487 3726 603 3784 Deo
640 3727 844 3783 assedit
870 3740 901 3781 a
931 3725 1155 3792 dextris,
1189 3723 1270 3798 (l)
1293 3724 1346 3778 in
1375 3736 1479 3795 qua
1510 3724 1663 3780 visus
1695 3739 1725 3781 a
1763 3724 1933 3781 Paulo

324 3833 441 3892 est,
476 3822 532 3878 in
561 3838 664 3894 qua
695 3821 1083 3877 honoriﬁcatus
1111 3820 1180 3876 ab
1202 3818 1479 3892 Stephano
1509 3826 1613 3876 est.

404 3916 493 3971 17.
528 3913 631 3970 Dei
658 3931 843 3971 nomen
870 3925 989 3970 ante
1009 3912 1271 3970 Christum
1290 3912 1583 3969 hominibus
1607 3915 1940 3987 ignotum.—

327 4008 684 4065 Manifestato
740 4014 924 4079 itaque
962 4006 1273 4062 hominibus
1321 4008 1538 4063 nomine
1578 4006 1776 4074 Patris,
1822 4007 1940 4065 haec

324 4104 603 4174 postulat:
628 4102 726 4159 sed
746 4117 851 4174 quo
876 4100 1133 4157 nomine?
1152 4099 1421 4172 Numquid
1448 4115 1645 4156 nomen
1674 4100 1769 4157 Dei
1799 4101 1945 4173 igno-

410 4238 488 4316 (l)
519 4238 647 4295 Haec
666 4237 854 4316 verba,
883 4238 938 4316 in
964 4252 1067 4316 qua
1088 4238 1289 4316 nisnaa
1312 4234 1601 4316 Pauioest,
1630 4248 1751 4309 qua:
1772 4238 1938 4316 Eras-

329 4308 515 4368 miana
541 4318 704 4382 atque
729 4310 1052 4382 Parisiensis
1098 4309 1366 4382 habebant
1443 4308 1729 4376 editiones,
1765 4320 1818 4366 et
1880 4311 1933 4368 in

324 4400 397 4441 ea
430 4390 552 4456 qua:
607 4380 733 4439 huic
777 4381 1072 4438 antecessit
1121 4380 1359 4437 editione
1403 4393 1717 4451 suppressa,
1763 4382 1934 4438 nostri

2036 3359 2147 3415 rari
2169 3357 2339 3414 Filius
2361 3356 2413 3412 in
2432 3372 2497 3412 eo
2524 3356 2669 3427 quod
2694 3356 3004 3428 unlgenitus
3033 3362 3118 3411 est
3145 3369 3253 3410 non
3279 3358 3488 3428 potest;
3518 3356 3644 3427 quia

2038 3450 2260 3523 ingeniti
2301 3459 2385 3506 est
2410 3449 2589 3520 imago
2616 3449 2707 3520 qui
2738 3451 2953 3520 genitus
2977 3456 3083 3504 est.
3115 3446 3253 3503 Cum
3289 3447 3436 3503 enim
3477 3462 3643 3505 sensu

2038 3554 2199 3616 atque
2239 3543 2421 3600 verbis
2469 3543 2764 3615 imaginem
2793 3540 3274 3613 apprehendimns,
3306 3554 3532 3597 necesse
3556 3550 3644 3597 est

2039 3639 2201 3694 etiam
2229 3652 2354 3693 eum
2380 3636 2535 3708 cujus
2564 3638 2739 3709 imago
2766 3644 2849 3691 est
2876 3649 3295 3706 consequamur.
3318 3631 3427 3690 Sed
3458 3633 3643 3690 invisi-

2039 3730 2165 3786 bilia
2216 3732 2609 3802 persequimur,
2639 3740 2694 3786 et
2716 3728 3288 3800 incomprehensibilia
3346 3735 3641 3792 tentamus,

2042 3826 2238 3897 quibus
2266 3825 2618 3896 intelligentia
2639 3825 2705 3881 ad
2733 3823 3127 3894 conspicabiles
3148 3836 3237 3877 res
3262 3831 3317 3877 et
3344 3834 3638 3890 corporeus

2042 3924 2365 3975 coarctatur.
2397 3918 2511 3973 Non
2530 3917 2902 3974 erubescimus
2932 3914 3195 3981 stultitiae,
3216 3927 3323 3968 non
3344 3911 3644 3982 nosmetip-

2042 4025 2136 4068 sos
2160 4009 2578 4081 irreligiositatis
2621 4009 2916 4081 arguimus,
2949 4006 3043 4062 Dei
3071 4004 3303 4072 arcanis,
3346 4002 3447 4060 Dei
3474 3996 3642 4060 virtu-

2047 4104 2187 4161 tibus
2216 4103 2630 4160 calumniantes.
2661 4100 2946 4171 Quomodo
2971 4099 3166 4170 Filius,
3202 4106 3260 4155 et
3281 4096 3424 4155 unde
3443 4096 3639 4161 Filius.

2046 4256 2152 4298 ms.
2210 4238 2531 4298 auctoritate
2581 4241 2944 4312 reposuimus.
3008 4241 3087 4296 De
3119 4238 3387 4312 ihac_sua
3420 4236 3643 4312 visione

2047 4313 2306 4368 idemmet
2340 4312 2542 4369 Paulus
2572 4315 2589 4368 l
2615 4309 2742 4371 Cor.
2772 4329 2862 4378 xv,
2888 4313 2943 4376 8,
2973 4312 3054 4368 sic
3081 4311 3192 4366 ait:
3218 4309 3513 4365 Novissime
3541 4324 3641 4364 an-

2044 4395 2144 4439 tem
2173 4386 2403 4439 omnium
2429 4396 2687 4458 tamquam
2724 4386 2953 4441 abortivo
2981 4385 3118 4438 visus
3146 4390 3220 4439 est
3249 4390 3296 4436 et
3314 4382 3462 4435 mihi.

376 4526 622 4603 (a)Unt_Js
648 4542 678 4603 e
704 4540 834 4603 mss.
862 4524 1017 4603 Qolb.
1043 4543 1159 4603 qtae
1176 4538 1247 4582 est
1266 4525 1443 4582 Pater.
1460 4522 1710 4603 Carn_ut.,
1726 4543 1836 4603 gua
1850 4538 1934 4603 est

2044 4529 2221 4586 carnis
2250 4529 2599 4603 abolitionem
2628 4523 2866 4603 sensisse
2886 4516 3435 4603 temeﬁejudicentur.
3464 4520 3645 4603 Aqua

327 4598 524 4657 Pater.
555 4598 857 4655 Retinenda
886 4598 1310 4666 lectio'vulgata,
1339 4614 1444 4652 non
1473 4599 1615 4668 quod
1648 4600 1699 4654 in
1726 4599 1816 4655 Dei
1850 4598 1937 4655 Fi-

327 4674 423 4750 lio.
440 4682 568 4750 ante
593 4672 772 4750 paruis
791 4670 1213 4750 assumptionem
1245 4669 1445 4750 fuerint
1466 4681 1666 4750 partes,
1689 4671 1782 4726 sed
1797 4670 1939 4743 quod

339 4742 482 4800 nihil
513 4743 561 4798 ei
589 4738 749 4797 fuerit
781 4743 920 4797 unde
945 4738 1048 4796 non
1079 4740 1351 4810 perfectus
1374 4738 1481 4795 dici
1509 4742 1695 4811 possit.

439 4813 489 4881 δ)
536 4812 701 4878 Editi,
726 4813 1118 4881 cluriﬁcationis
1148 4813 1449 4881 profectum,
1481 4827 1545 4867 ac
1566 4811 1759 4869 deinde
1789 4812 1937 4883 Lips.

325 4896 391 4944 et
424 4882 546 4942 Par.
578 4893 816 4955 expetat:
838 4882 1234 4955 refragantibus
1256 4896 1385 4938 mss.
1420 4898 1645 4953 quorum
1675 4883 1835 4955 lectio
1858 4882 1943 4941 isic

327 4952 679 5064 ordinatida':
721 4954 845 5028 quid
868 4952 1254 5026 clariﬁcationis
1278 4964 1373 5022 est,
1405 4952 1542 5019 quod
1566 4955 1707 5025 apud
1735 4953 1943 5011 Patrem

326 5037 597 5098 exspectet
614 5037 627 5082 Ξ

415 5095 488 5172 (ξ)
512 5098 642 5156 Scil.
672 5097 820 5172 prius
850 5113 1009 5172 quam
1041 5095 1272 5172 mundus
1298 5104 1470 5162 esset;
1502 5105 1652 5167 atque
1674 5098 1823 5152 etiam
1849 5095 1945 5152 ha-

333 5168 447 5237 bet,
470 5168 779 5240 postquam
807 5168 922 5240 ipse
952 5169 1122 5224 factus
1152 5176 1235 5224 est
1263 5168 1444 5240 homo.

415 5182 447 5237 t,
547 5182 598 5227 st
618 5182 779 5240 quam
807 5182 820 5225 i
863 5186 922 5226 se
952 5182 1122 5224 tacitis
1152 5182 1235 5224 est
1263 5182 1444 5225 homo.

415 5182 632 5318 (dyoSic
676 5242 770 5299 lib.
802 5186 869 5318 (Et,
900 5240 1111 5318 Synod.
1139 5257 1195 5318 ηἶ
1235 5240 1334 5296 48ε
1371 5232 1586 5294 Verbum
1611 5255 1733 5318 caro
1758 5243 1947 5318 factum

330 5309 556 5378 est—{ut
593 5330 715 5368 caro
752 5313 923 5382 potius
940 5309 1053 5368 'hoc
1096 5313 1336 5382 inciperet
1376 5328 1485 5366 esse
1511 5310 1647 5380 quod
1695 5309 1948 5367 Verbum:

328 5383 621 5456 quodnon
658 5389 823 5439 Sentit
855 5385 1085 5439 llilarins
1120 5384 1231 5439 fieri
1281 5382 1576 5456 mutatione
1607 5383 1945 5456 substantiae,

332 5448 442 5514 sed
462 5454 758 5522 qualitatis,
792 5472 897 5511 non
928 5465 979 5510 ut
1013 5471 1138 5511 caro
1174 5469 1292 5509 esse
1320 5454 1528 5510 desinat
1555 5453 1695 5522 quod
1717 5463 1819 5519 est,
1851 5448 1946 5510 sed

334 5534 406 5584 ut
441 5525 698 5597 absorpta
724 5527 1093 5597 corruptione
1140 5527 1192 5580 in
1250 5526 1706 5594 incorruptionem
1747 5525 1949 5581 aliusve

332 5600 524 5664 dates,
551 5596 672 5670 qua!
702 5596 897 5654 divinae
924 5597 1086 5654 Verbi
1116 5607 1320 5652 natura:
1344 5598 1570 5668 propria:
1598 5607 1743 5663 sunt,
1774 5605 1951 5652 trans-

335 5670 634 5732 formelur,
665 5672 740 5725 uti
770 5686 896 5726 mox
918 5670 1225 5741 exponitur.
1256 5676 1308 5741 et
1328 5670 1544 5741 copiose
1565 5674 1838 5722 ostensum
1866 5676 1950 5723 est

338 5746 406 5798 in
456 5741 774 5813 prtei'atione
820 5734 1059 5813 generali
1114 5739 1229 5813 §5.
1260 5734 1415 5813 Quod
1443 5734 1726 5809 diligenter
1773 5749 1951 5795 atten-

336 5808 614 5881 dendum,
663 5829 732 5869 ne
785 5808 872 5869 ubi
919 5808 1351 5879 Patres'antiqui
1395 5808 1609 5866 carnem
1648 5819 1888 5866 nostram
1919 5824 1952 5865 a

335 5883 572 5951 Christo
613 5892 736 5959 post
780 5887 1233 5951 resurrectionem
1265 5881 1554 5956 deiﬁcatam
1613 5881 1949 5955 praedicant,

2044 4585 2233 4658 errore
2250 4616 2371 4656 sese
2399 4599 2631 4654 alienum
2658 4596 2745 4650 hic
2774 4585 3280 4653 ostenditliilarius,
3310 4602 3433 4658 cum
3461 4585 3648 4642 Cliris-

2043 4656 2157 4729 tuni
2203 4656 2392 4743 iudicii
2418 4671 2505 4725 die
2541 4671 2593 4724 in
2620 4682 2682 4743 ea
2717 4668 2827 4736 ipsa
2856 4676 3019 4719 carne
3058 4658 3349 4717 videndum
3377 4656 3558 4727 docet,
3590 4658 3646 4714 iu

2045 4761 2146 4816 qua
2181 4739 2591 4812 transﬁguratus
2622 4739 2675 4793 in
2701 4744 2885 4793 monte
2909 4743 3014 4790 est.

2116 4836 2189 4909 (e)
2230 4837 2284 4891 in
2309 4836 2561 4905 vulgatis,
2608 4830 2697 4887 sed
2724 4830 2862 4909 Dea:
2907 4828 3090 4909 plane.
3114 4826 3393 4909 Eiputtcta
3418 4834 3509 4909 est
3540 4836 3648 4881 vox

2048 4897 2187 4962 θεὶιὲ
2216 4897 2556 4963 auctoritate
2586 4918 2717 4960 mss.
2750 4901 2938 4957 Hilarii
2976 4897 3242 4954 sententia
3267 4897 3522 4965 liquidius
3551 4911 3646 4965 pa-

2049 4988 2125 5034 tet
2153 4996 2217 5035 ex
2248 4980 2329 5034 bis
2356 4980 2448 5034 lih.
2475 4995 2527 5042 v,
2570 4990 2720 5032 ntitn.
2745 4973 2848 5027 ‘27:
2899 4970 2965 5026 Et
2990 4985 3164 5039 quaero
3205 4970 3444 5042 an_Deus
3498 4982 3648 5022 verus

2050 5067 2151 5105 non
2192 5052 2276 5116 sit,
2332 5052 2420 5120 qui
2464 5038 2570 5103 tum
2612 5044 2892 5120 secundum
2929 5038 3221 5120 opinionem
3259 5038 3564 5095 Iudaeorum
3596 5048 3646 5094 et

2050 5114 2437 5176 benedicebamr
2460 5130 2504 5175 et
2521 5118 2817 5191 jnrabntur.
2838 5114 3014 5191 Judaei
3044 5119 3647 5191 nantqtt‘esacrementnnt

2046 5194 2271 5264 mysterii
2300 5190 2397 5246 Dei
2422 5183 2717 5253 nescientes,
2747 5194 2795 5240 et
2814 5201 2906 5264 per
2948 5183 3046 5238 hoc
3072 5183 3166 5237 Dei
3199 5184 3366 5264 litium
3386 5184 3646 5264 ignoran-

2051 5251 2144 5329 te},
2181 5263 2339 5317 Deum
2369 5272 2585 5325 tantum,
2624 5251 2726 5314 non
2758 5251 3045 5313 et'Patrem
3088 5251 3478 5329 venerathntttr.
3512 5251 3653 5307 Nam

2050 5324 2220 5405 utique
2250 5344 2545 5389 venerantes
2576 5324 2809 5398 Patrem,
2837 5335 3199 5383 venerarentnr
3235 5333 3283 5380 et
3310 5324 3530 5379 Filium.

2128 5427 2209 5500 (ί),
2271 5428 2326 5483 1η
2364 5426 2593 5500 vulgatis
2617 5468 2631 5493 ,
2671 5435 2759 5500 aut
2791 5423 3071 5477 dilatione:
3098 5419 3259 5500 male.
3309 5414 3419 5500 Nec
3456 5415 3655 5500 melius

2056 5489 2251 5557 deinde
2294 5500 2433 5570 apud
2458 5489 2554 5553 Er.
2594 5489 2647 5570 et
2689 5490 2833 5570 Lips.
2875 5502 2963 5547 aut
2995 5493 3318 5570 remissione:
3348 5489 3657 5570 verbisant

2056 5557 2355 5625 dilatatione
2398 5580 2486 5623 aut
2536 5557 2804 5622 emissione
2858 5574 3079 5619 cavetur
3126 5563 3349 5620 haeresis
3402 5557 3651 5631 Sabellii,

2055 5657 2215 5714 quam
2238 5642 2331 5697 lib.
2359 5657 2396 5707 l,
2426 5656 2576 5697 num.
2609 5639 2696 5704 16,
2725 5634 3098 5708 explicuimus.

2129 5734 2207 5805 (g)
2242 5728 2371 5805 Vat.
2411 5732 2531 5789 bas.
2572 5748 2675 5788 ms.
2704 5744 2827 5805 cum
2848 5741 2956 5805 uno
2981 5725 3133 5781 Coll).
3168 5734 3225 5782 et
3257 5725 3467 5805 Remig.
3498 5741 3657 5805 expo-

2055 5797 2330 5887 sui‘ti'lllox
2352 5820 2539 5863 vocem
2567 5799 2990 5860 inenarrabilium
3020 5807 3179 5856 antea
3211 5799 3467 5857 omissam
3493 5797 3654 5854 resti-

2053 5886 2255 5935 tuimus
2281 5892 2310 5933 e
2338 5892 2468 5934 mss.
