4216 6254
436 1312 464 1337 κ

502 296 570 353 87

1708 282 1955 343 SANCTI
2006 279 2265 338 HlLARll
2315 280 2623 339 EPISCOPI

3739 276 3813 335 83

501 423 558 471 et
580 428 690 486 quo
738 412 939 470 damno
969 410 1162 475 Patris,
1197 408 1286 464 vel
1306 422 1375 465 ex
1402 421 1508 480 qua
1533 407 1785 480 portiOne
1806 403 1876 460 sit
1913 410 2094 471 natus,
2125 408 2179 468 Α
2205 408 2312 456 tem
2340 400 2739 468 accommodat,
2760 410 2816 457 et
2861 400 3187 457 dubitationi
3241 398 3537 456 inﬁdelium
3568 398 3815 456 satisfac-

504 501 849 572 inquirimus.
875 496 952 571 (a)
1001 496 1280 553 Habueras
1316 496 1372 551 in
1413 494 1667 564 exemplo
1701 491 2097 564 operationum,

505 605 567 652 ut
587 596 837 652 crederes
864 594 1032 648 Deum
1070 590 1285 647 efﬁcere
1321 603 1501 661 posse,
1542 602 1768 659 quorum
1802 585 2105 654 intelligere

509 688 853 745 efficientiam
886 700 990 759 non
1016 684 1209 754 possis.

584 778 1033 835 ‘19.Provocantur
1045 784 1098 830 ut
1125 775 1380 847 explicent
1408 773 1598 830 Christi
1611 774 1794 845 januis
1813 773 2002 827 clausis
2025 771 2109 825 in—

513 889 843 947 gressum.-—
865 870 1075 937 Quaeris
1100 868 1372 940 quomodo
1399 867 1696 923 secundum
1726 865 1988 937 Spiritum
2015 878 2114 919 na-

512 975 599 1020 tus
627 964 697 1019 sit
729 962 937 1018 Filius:
968 976 1071 1031 ego
1101 970 1153 1016 te
1177 959 1246 1016 de
1284 960 1562 1030 corporeis
1591 959 1755 1015 rebus
1812 960 2108 1026 interrogo.

513 1056 630 1113 Non
661 1055 735 1127 (b)
757 1068 943 1126 quaero
971 1052 1244 1123 quomodo
1272 1060 1429 1108 natus
1449 1068 1516 1108 ex
1544 1052 1752 1124 virgine
1779 1052 1879 1117 sit;
1919 1066 1988 1105 an
2019 1049 2116 1105 de-

517 1147 829 1203 trimentum
858 1146 940 1200 sui
959 1160 1086 1200 caro
1110 1144 1403 1214 perfectam
1425 1159 1494 1200 ex
1518 1159 1578 1199 se
1604 1158 1824 1199 carnem
1849 1155 2117 1212 generans

516 1253 773 1312 perpessa
796 1238 886 1294 sit.
930 1238 994 1293 Et
1013 1238 1119 1309 61
1163 1244 1312 1292 certe
1348 1252 1453 1291 non
1494 1230 1823 1306 suscepit(c)
1845 1232 1982 1303 quod
2004 1232 2119 1288 edi-

521 1333 621 1401 dit,
650 1332 748 1388 sed
792 1346 923 1387 caro
965 1344 1186 1385 carnem
1216 1332 1337 1384 sine
1373 1328 1765 1384 elementorum
1810 1333 2118 1381 nostrorum

520 1427 728 1500 pudore
768 1423 1035 1497 provexit,
1078 1433 1133 1480 et
1182 1422 1478 1494 perfectum
1510 1422 1625 1492 ipsa
1659 1420 1730 1476 de
1757 1420 1871 1475 suis
1903 1416 1984 1492 (ά)
2011 1433 2118 1473 non

525 1520 809 1576 imminuta
855 1518 1157 1589 generavit.
1200 1518 1267 1571 Et
1297 1516 1516 1587 quidem
1557 1514 1635 1569 fas
1687 1523 1853 1581 esset,
1896 1528 2003 1567 non
2025 1512 2128 1567 im-

526 1612 789 1684 possibile
816 1610 867 1665 in
894 1611 1003 1666 Deo
1025 1607 1257 1679 opinari,
1282 1607 1427 1678 quod
1450 1621 1546 1676 per
1574 1606 1827 1661 virtutem
1857 1604 1977 1675 ejus
2002 1617 2128 1673 pos-

528 1706 687 1761 sibile
718 1703 885 1760 fuisse
908 1704 959 1758 in
984 1702 1200 1758 homine
1225 1701 1619 1772 cognoscimus.

2205 503 2378 561 turus,
2413 510 2668 551 arcanum
2695 494 2976 550 invisibilis
2999 494 3212 549 virtutis
3241 502 3495 564 operatur
3524 513 3538 547 :
3569 492 3693 548 facti
3715 507 3812 547 ra-

2209 588 2433 655 tionem,
2459 588 2702 660 quisquis
2726 589 2837 645 eris
2867 589 3164 645 caelestium
3190 603 3371 643 rerum
3402 593 3691 654 scrutator,
3719 601 3817 642 ex-

2214 696 2373 751 pone.
2429 682 2594 735 Erant
2644 680 2894 752 discipuli
2934 680 3003 751 (γ’)
3054 682 3106 736 itt
3133 681 3341 744 clauso,
3371 687 3425 734 et
3456 688 3667 735 secreto
3694 688 3817 749 post

2212 774 2521 844 passionem
2555 773 2762 828 Domini
2792 774 3101 843 congregati
3147 772 3524 829 consederant.
3559 772 3817 826 Dominus

2211 868 2542 941 62Thomae
2560 868 2717 923 fidem
2735 868 3023 939 propositis
3046 866 3446 921 conditionibus
3462 866 3815 920 confirmatu—

2214 976 2308 1017 rus
2324 962 2546 1028 assistit,
2563 960 2812 1032 palpandi
2840 961 3083 1031 corporis
3103 970 3158 1015 et
3183 968 3458 1015 contracta
3468 958 3556 1013 ndi
3581 956 3820 1012 vulneris

2216 1053 2411 1109 obtulit
2441 1052 2747 1109 facultatem
2782 1062 2873 1107 :et
2914 1052 3096 1122 utique
3125 1050 3205 1123 (‘2)
3236 1052 3326 1121 qui
3352 1060 3711 1120 compunctus
3733 1064 3822 1105 re-

2221 1145 2632 1216 cognoscendus
2653 1145 2745 1211 sit,
2762 1159 2985 1201 necesse
3008 1154 3091 1200 est
3119 1158 3316 1214 corpus
3347 1143 3399 1197 in
3425 1156 3533 1213 quo
3561 1151 3646 1198 est
3673 1155 3824 1197 com-

2224 1247 2460 1308 punctus
2509 1237 2772 1293 attulerit.
2826 1238 3024 1304 Qumro
3067 1252 3196 1308 ergo
3220 1252 3316 1307 per
3343 1251 3477 1305 quas
3503 1235 3706 1292 clausre
3729 1234 3828 1290 do-

2228 1343 2347 1383 mus
2378 1336 2562 1398 partes
2590 1342 2711 1383 sese
2738 1342 3034 1398 corporeus
3066 1328 3326 1383 intulerit.
3363 1328 3656 1396 Diligenter
3680 1328 3825 1383 enim

2228 1422 2568 1492 Evangelista
2599 1423 2872 1492 expressit
2890 1421 3113 1478 dicens:
3142 1421 3287 1476 Venit
3312 1420 3462 1476 Jesus
3475 1422 3658 1495 januis
3673 1422 3823 1475 clau-

2228 1515 2321 1580 sis,
2339 1523 2386 1569 et
2402 1514 2539 1567 stetit
2554 1514 2607 1568 in
2624 1513 2792 1567 medio
2810 1511 2889 1585 (g)
2923 1512 3055 1585 (1b.,
3071 1513 3189 1586 26).
3206 1513 3289 1568 An
3306 1521 3615 1568 constructa
3639 1513 3819 1581 parie-

2234 1617 2343 1661 tum
2372 1615 2666 1679 penetrans
2696 1604 2776 1677 (It)
2806 1615 2862 1661 et
2912 1606 3083 1661 solida
3134 1606 3421 1677 lignorum,
3466 1614 3712 1660 naturam
3739 1620 3835 1660 eo-

2231 1716 2351 1755 rum
2403 1700 2871 1770 impenetrabilem
2924 1700 3359 1756 transcucurrit?
3390 1699 3553 1756 Stetit
3605 1713 3840 1770 namque

601 1798 695 1854 20.
726 1797 831 1855 Sed
854 1805 927 1863 te,
957 1795 1199 1867 quisquis
1220 1793 1709 1864 es,investigabilia
1734 1799 2050 1855 sectantem,
2078 1799 2133 1846 et
2162 1801 2208 1860 Β
2235 1808 2560 1864 corporeus,
2592 1809 2700 1848 non
2733 1794 3021 1850 simulatus
3054 1803 3144 1848 aut
3175 1792 3358 1848 fallax.
3379 1791 3685 1861 Sequantur
3708 1805 3840 1861 ergo

530 1892 836 1948 divinorum
863 1898 1197 1946 secretorum
1241 1896 1402 1957 atque
1450 1887 1705 1941 virtutum
1744 1899 1959 1955 gravem
1981 1882 2130 1938 arbi-

532 1994 675 2042 trum
696 1984 944 2050 consulo,
975 1992 1034 2038 ut
1073 1982 1203 2037 mihi
1231 1982 1503 2050 imperito,
1533 1988 1591 2035 et
1633 1989 1836 2033 tantum
1864 1977 1933 2034 de
1960 1977 2135 2032 omni-

538 2077 638 2131 bus
670 2076 781 2130 Deo
807 2083 867 2129 ut
913 2083 1037 2129 sunt
1080 2072 1150 2128 ab
1192 2087 1260 2128 eo
1285 2071 1425 2127 dicta
1454 2069 1715 2138 credenti,
1740 2069 2003 2124 rationem
2030 2067 2135 2122 sal-

537 2177 646 2224 tem
674 2167 797 2222 facti
842 2167 996 2221 istius
1024 2164 1239 2220 aﬂ'eras.
1289 2164 1573 2219 Dominum
1605 2161 1786 2226 audio,
1810 2169 1868 2217 et
1895 2161 2020 2232 quia
2053 2159 2137 2214 his

538 2259 705 2316 credo
732 2274 854 2330 quae
898 2258 1095 2328 scripta
1126 2264 1272 2323 sunt,
1317 2256 1431 2311 scio
1469 2255 1581 2326 jam
1633 2263 1753 2324 post
1783 2252 2140 2309 resurrectio-

539 2367 669 2409 nem
720 2350 1030 2422 frequenter
1067 2349 1359 2405 videndum
1401 2363 1463 2404 se
1509 2348 1812 2418 incorpore
1841 2346 2142 2417 praebuisse

544 2444 731 2500 multis
753 2460 859 2498 non
904 2441 1254 2498 credentibus
1284 2458 1299 2507 ;
1327 2450 1474 2497 certe
1490 2440 1736 2508 Tltomae,
1759 2456 1865 2495 non
1887 2440 1989 2494 nisi
2013 2454 2143 2494 con-

546 2538 789 2593 treetatis
808 2535 925 2606 ejus
949 2534 1259 2591 vulneribus
1288 2533 1581 2600 credituro,
1613 2535 1753 2589 sicut
1781 2534 1855 2588 ait
1886 2550 1901 2586 :
1927 2532 2050 2587 Nisi
2075 2534 2148 2586 vi-

550 2630 671 2683 dero
690 2627 761 2701 (e)
784 2628 837 2681 in
862 2627 1097 2681 manibus
1118 2627 1322 2698 ejus(l)
1347 2627 1568 2695 ﬁxuram
1589 2625 1869 2689 clavorum,
1893 2635 1941 2680 et
1964 2626 2149 2680 misero

549 2720 768 2791 digitum
795 2735 966 2773 meum
1012 2719 1066 2772 in
1099 2718 1269 2773 locum
1313 2719 1595 2782 clavorum,
1623 2729 1670 2772 et
1708 2718 1909 2773 mittam
1941 2734 2150 2772 manum

549 2828 717 2866 meam
740 2811 950 2865 inlatus
991 2814 1122 2884 ejus,
1165 2826 1267 2865 non
1306 2810 1509 2865 credam
1536 2808 1741 2883 (Joan.,
1775 2826 1867 2879 xx,
1897 2809 2016 2881 25).
2042 2810 2151 2865 Do-

554 2905 736 2961 minus
755 2903 819 2959 ad
838 2918 1055 2959 omnem
1084 2918 1145 2959 se
1184 2903 1558 2975 intelligentiae
1589 2913 1792 2959 nostrae
1814 2902 2153 2960 imbecillita-

629 3023 709 3093 (l)
730 3020 1043 3078 Anteriores
1064 3020 1349 3086 editiones,
1372 3022 1615 3094 ﬁguram.

615 3135 714 3264 δᾳ)
762 3135 892 3216 Bad.
941 3144 996 3191 et
1034 3135 1155 3200 Er.,
1189 3137 1405 3221 haereus.
1452 3137 1602 3208 Lips.
1633 3144 1688 3191 et
1722 3135 1870 3203 Par._.
1913 3137 2156 3192 hterebas.

561 3210 626 3267 Vt
671 3216 711 3263 tt
742 3207 957 3267 quidem
1006 3208 1263 3263 Erasmus
1312 3224 1366 3263 tn
1409 3224 1539 3265 mss.
1570 3207 1838 3263 habueras.
1888 3208 2044 3264 Unde
2095 3209 2156 3263 ad

2238 1888 2379 1943 oculi
2413 1887 2613 1943 mentis
2659 1880 2765 1941 tuti:
2796 1886 3130 1955 penetrantis
3181 1888 3506 1956 ingressum,
3541 1892 3742 1939 etcum
3768 1898 3835 1938 eo

2238 1981 2479 2036 clausam
2509 1979 2729 2034 domum
2764 1979 3130 2048 intelligentim
3163 1986 3269 2032 tua:
3298 1978 3445 2032 visus
3471 1977 3717 2031 introeat.
3758 1973 3845 2029 ln-

2241 2084 2390 2145 tegra
2433 2082 2559 2128 sunt
2606 2071 2787 2127 omnia
2835 2081 2889 2127 et
2914 2071 3162 2127 obserata
3196 2088 3207 2124 :
3240 2069 3336 2126 sed
3364 2084 3485 2124 esse
3510 2068 3711 2123 assistit
3736 2081 3848 2122 tne-

2241 2167 2385 2232 dius,
2408 2165 2497 2222 cui
2525 2181 2619 2237 per
2642 2166 2900 2221 virtutem
2924 2179 3075 2219 suam
3107 2165 3358 2219 universa
3388 2172 3512 2217 sunt
3533 2161 3739 2233 pervia.
3767 2159 3850 2213 1η-
3877 2206 3890 2222 ,

2244 2259 2549 2316 visibilibns
2577 2258 2925 2315 calumniaris
2952 2275 2966 2311 :
2995 2271 3097 2329 ego
3122 2271 3153 2311 a
3181 2266 3232 2311 te
3263 2255 3556 2310 visibilium
3612 2266 3850 2322 exposco

2249 2354 2540 2409 rationem.
2594 2351 2735 2407 Nihil
2765 2350 2910 2407 cedit
2938 2365 3006 2405 ex
3043 2348 3240 2413 solido,
3283 2362 3458 2418 neque
3484 2360 3581 2417 per
3608 2354 3851 2399 naturam

2255 2463 2409 2505 suam
2457 2445 2659 2517 aliquid
2692 2454 2964 2516 tamquam
2992 2444 3146 2513 lapsu
3178 2440 3484 2497 insensibili
3521 2439 3664 2510 ligna
3693 2448 3745 2491 et
3772 2438 3854 2490 la-

2255 2540 2409 2612 pides
2438 2538 2746 2594 admittunt.
2781 2537 2990 2608 Corpus
3018 2536 3230 2591 Domini
3259 2550 3289 2589 a
3334 2548 3458 2589 sese
3509 2547 3617 2587 non
3647 2529 3853 2595 deficit,

2256 2642 2317 2689 ut
2366 2646 2488 2689 sese
2541 2640 2783 2687 resumat
2826 2645 2894 2686 ex
2947 2628 3228 2684 niltilozet
3255 2627 3397 2682 unde
3426 2626 3517 2697 qui
3563 2624 3772 2679 assistit
3802 2622 3858 2677 in

2259 2726 2441 2783 medio
2463 2734 2547 2780 est
2573 2726 2596 2778 ’ἒ
2624 2722 2781 2780 Cedit
2807 2724 2874 2778 ad
2906 2723 3023 2778 haec
3052 2731 3109 2778 et
3158 2734 3352 2777 sensus
3381 2729 3436 2774 et
3457 2732 3663 2781 sermo,
3692 2723 3749 2770 et
3767 2730 3865 2770 ex-

2260 2826 2342 2873 tra
2364 2816 2630 2873 rationem
2664 2816 2953 2870 humanam
2977 2822 3062 2869 est
3088 2815 3286 2868 veritas
3316 2811 3462 2866 facti.
3497 2808 3706 2864 Idcirco
3729 2821 3863 2877 ergo

2261 2917 2319 2965 ut
2347 2909 2416 2965 de
2469 2908 2749 2964 nativitate
2793 2905 2857 2979 (i)
2906 2905 3163 2972 fallimus,
3192 2904 3262 2959 ita
3284 2911 3339 2960 et
3363 2902 3433 2959 de
3460 2902 3734 2972 ingressus
3758 2899 3864 2954 Do-

2331 3023 2413 3096 (2)
2443 3023 2577 3091 Quia
2605 3031 2960 3095 compunctus.

2270 3154 2462 3195 nemus
2501 3140 2721 3209 ﬁguram
2753 3139 3016 3194 clavorum
3044 3136 3419 3193 consentiente
3444 3134 3869 3209 vetustoicodicc

671 3198 711 3263 it
742 3207 957 3280 quidem
1006 3198 1263 3280 Erasmus
1312 3210 1366 3263 in
1409 3198 1539 3265 mss'.
1570 3198 2044 3280 habueras.‘Unde
2095 3209 2151 3263 ad

2266 3210 2420 3267 Colb.
2445 3198 2511 3266 ac
2535 3198 2721 3268 Germ.
2768 3212 2918 3280 juxta
2967 3225 3129 3278 graec.
3159 3210 3243 3264 τὸν
3289 3211 3605 3280 τύπον-τῶν
3634 3208 3785 3265 ἥλων.
3810 3207 3867 3261 In

563 3296 713 3337 oram
747 3279 866 3334 libri
890 3278 1197 3348 adscripsit,
1215 3278 1325 3351 Ego
1355 3280 1625 3352 legendum
1645 3279 1866 3352 arbitror
1888 3280 2159 3352 habueras,

565 3355 663 3408 hoc
702 3358 776 3405 est
809 3352 1138 3405 ctecutieras:
1187 3360 1347 3419 atque
1394 3351 1635 3419 Opinioni
1682 3351 1824 3405 illius
1858 3351 2163 3407 Ludovicus

563 3424 797 3495 Myraeus
839 3436 1121 3495 perperam
1145 3423 1492 3492 subscripsit;
1525 3437 1647 3495 eum
1681 3437 1788 3495 non
1822 3422 2066 3495 ambigua
2095 3423 2166 3476 sit

564 3493 728 3550 lectio
759 3508 888 3546 mss.
936 3493 1190 3548 habueras
1220 3502 1294 3560 ut,
1336 3508 1433 3548 seu
1473 3493 1638 3557 unde,
1669 3493 1919 3547 crederes.
1949 3494 2039 3549 Sic
2069 3495 2160 3548 lib.

566 3581 664 3627 vn,
693 3580 746 3618 n.
779 3562 878 3618 5i:
914 3562 1182 3618 Habueras
1207 3566 1261 3618 in
1306 3565 1626 3633 confessione
1650 3580 1845 3628 eorum,
1871 3564 2049 3635 quibus
2078 3566 2166 3618 de-

567 3636 804 3706 stcviente
845 3644 1082 3706 verum...
1119 3646 1225 3690 erat
1272 3636 1503 3689 restituta
1542 3636 1910 3706 tranquillitas,
1944 3644 1999 3688 ut
2042 3646 2086 3690 et
2113 3646 2167 3690 tu

566 3723 741 3777 verum
765 3703 862 3759 Dei
891 3704 1056 3775 ﬁlium
1086 3707 1421 3777 canﬁtereris,
1450 3716 1557 3762 etc.

642 3775 719 3850 (b)
762 3777 1086 3850 Particulam
1119 3775 1425 3848 negantem,
1455 3792 1614 3848 quam
1641 3775 1840 3832 frustra
1871 3776 2162 3832 sustulerat

571 3847 924 3921 Lipsiu_s,_hic
955 3847 1311 3921 reStituimus.

644 3916 719 3992 lc)
745 3919 961 3974 Scilicet
990 3936 1061 3973 cx
1090 3920 1206 3974 viro
1235 3940 1249 3974 :
1285 3919 1373 3974 sed
1421 3930 1542 3973 caro
1589 3936 1794 3992 carnem
1846 3916 2165 3988 perfectam,

570 3990 667 4046 seu
683 3990 953 4062 hominem
972 4006 1157 4044 verum
1178 4000 1226 4044 et
1245 3992 1537 4062 perfecutm
1556 3992 1665 4045 sine
1681 3991 2038 4044 elementorum
2052 4007 2172 4044 nas-

572 4071 769 4114 trorum
793 4060 989 4128 pudore
1014 4060 1290 4130 provexit:
1315 4062 1438 4130 quia
1471 4063 1721 4117 nimirum
1747 4078 1936 4116 omnes
1966 4076 2030 4115 ex
2057 4063 2173 4117 viro

576 4143 628 4187 et
652 4130 848 4186 femina
878 4133 1057 4186 carnis
1090 4132 1237 4185 initia
1273 4133 1560 4186 trahimus.
1593 4132 1711 4186 Vid.
1741 4132 1835 4187 lib.
1860 4132 2094 4199 x,n.55,
2119 4144 2174 4187 et

572 4202 671 4258 lib.
723 4217 816 4264 xu,
866 4217 920 4254 n.
951 4201 1040 4256 49.
1077 4203 1227 4256 llunc
1255 4212 1429 4257 autem
1456 4204 1633 4257 locum
1662 4217 1782 4257 cum
1814 4204 1984 4256 altero
2014 4212 2170 4257 tract.

576 4275 716 4346 pSal.
745 4287 909 4340 vau,
939 4273 1350 4329 conciliavimus
1396 4274 1451 4328 in
1479 4274 1621 4328 notis
1661 4274 1729 4328 ad
1755 4273 2006 4329 eumdem
2035 4284 2177 4330 trac-

574 4354 742 4401 tatum
754 4384 766 4394 .

648 4414 728 4488 (tl)
762 4415 897 4471 Illud
926 4416 991 4472 de
1008 4417 1115 4470 suis
1141 4417 1211 4472 ita
1244 4414 1519 4472 Hilariano
1544 4429 1696 4471 more
1725 4416 1957 4486 positum
1984 4427 2089 4479 est,
2119 4427 2178 4473 ut

576 4487 644 4543 ad
676 4488 978 4557 proximum
1030 4489 1254 4544 verbum
1305 4504 1407 4542 non
1449 4489 1741 4554 imminuta,
1786 4498 1839 4543 et
1867 4489 1934 4543 ad
1983 4489 2173 4545 subse-

581 4574 751 4630 quens
791 4562 1049 4630 generavit
1075 4576 1230 4630 seque
1260 4558 1600 4614 referendum
1631 4560 1721 4624 sit,
1748 4561 1901 4630 quasi
1949 4560 2176 4614 haltere-A

576 4629 682 4693 tur,
714 4629 826 4703 ipsa
848 4632 912 4686 de
940 4634 1049 4687 suis
1076 4629 1385 4703 generavit,
1394 4630 1627 4703 quamvis
1659 4645 1771 4703 ‘non
1810 4629 2079 4703 imtninnta
2108 4630 2171 4682 de

575 4704 705 4757 suis.
737 4700 827 4756 Sic
848 4713 1025 4757 autem
1056 4698 1232 4770 potest
1258 4700 1482 4770 intelligi
1505 4699 1573 4770 de
1591 4698 1703 4770 suis
1732 4713 1837 4751 non
1864 4699 2165 4762 imminuta,

573 4775 697 4845 quia
735 4772 853 4827 scil.
885 4773 1090 4895 ἱππεὶς-³
1119 4782 1174 4823 et
1204 4769 1407 4823 illibata
1430 4769 1733 4837 virginitate
1779 4770 2075 4836 generavit.
2100 4773 2170 4825 At

575 4844 717 4895 attod
777 4858 841 4895 ex
874 4841 976 4895 bac
1055 4881 1067 4894 .
1119 4838 1353 4895 Viruinis
1400 4837 1750 4895 generatione
1779 4839 2082 4895 deducitur.
2112 4852 2170 4895 ιιι

575 4837 739 4916 quod
770 4858 841 4916 rex
874 4841 976 4916 b‘ac
1119 4838 1353 4916 Virginis
1400 4837 1750 4916 generatione
1779 4839 2082 4916 deducitur,
2101 4852 2170 4916 ut

574 4909 850 4971 credibilis
895 4910 985 4965 fiat
1031 4911 1206 4966 Patris
1256 4911 1443 4963 aeterni
1498 4909 1774 4978 generatio
1820 4911 2021 4979 absque
2061 4914 2169 4967 ullo

576 4988 744 5054 ipsius
771 4985 993 5048 damno,
1025 4996 1308 5054 perperam
1335 4980 1550 5054 quidam
1575 4980 1788 5046 rapiunt
1814 4982 1878 5035 ad
1914 4982 2170 5038 infaman-

577 5051 701 5115 dam
734 5054 920 5110 Hilarii
971 5055 1040 5108 de
1067 5052 1263 5107 Christi
1303 5051 1658 5121 conceptione
1686 5054 2028 5115 sententiam,
2055 5055 2168 5121 jac-

579 5137 803 5197 tantque
829 5140 952 5197 eum
980 5124 1216 5180 sensisse
1244 5122 1518 5197 Christum
1549 5138 1613 5177 ex
1647 5122 1806 5197 Maria
1836 5124 1962 5178 nihil
1992 5140 2173 5181 susce-

579 5193 746 5268 pisse.
783 5194 946 5263 Quasi
992 5209 1121 5268 vero
1175 5210 1280 5249 nun
1309 5194 1384 5268 _in
1411 5193 1530 5268 hoc
1568 5195 1800 5268 maxime
1842 5197 2080 5252 instituta
2104 5199 2174 5253 sit

582 5262 754 5337 ipsius
798 5267 1150 5335 comparatio,
1181 5264 1322 5337 quod
1379 5265 1519 5320 sicut
1572 5262 1817 5321 Christus
1876 5283 1940 5322 ex
1994 5268 2171 5324 Maria:

584 5336 879 5396 substantia
902 5336 1070 5393 illaesa
1117 5336 1285 5407 ipsius
1307 5337 1609 5406 integritate
1638 5348 1795 5391 natus
1818 5347 1919 5403 est,
1950 5340 2018 5393 ita
2045 5340 2168 5395 abs-

582 5426 687 5480 que
717 5409 890 5482 Patris
916 5410 1115 5465 damno
1144 5425 1217 5482 ex
1255 5408 1432 5482 ipsius
1460 5407 1760 5482 substantia
1806 5412 2051 5479 generari
2073 5425 2172 5482 po-

579 5478 682 5536 tuit
705 5497 719 5542 ;
744 5478 1014 5536 Christum
1047 5498 1111 5536 ex
1138 5478 1316 5535 Maria:
1338 5479 1633 5535 substantia
1663 5478 1974 5549 generatum
2004 5482 2048 5536 si
2073 5478 2170 5538 ite-

580 5558 752 5623 garet.
782 5553 924 5605 nulla
980 5567 1197 5620 prorsus
1226 5563 1368 5606 esset
1421 5551 1591 5622 ipsius
1641 5551 1796 5605 ratio.
1848 5552 1961 5608 Hoc
2005 5569 2168 5623 porro

552 5622 705 5679 .enm
731 5624 1033 5677 nullatenus
1066 5637 1261 5693 negare
1286 5622 1703 5678 evidentissimis
1724 5626 2057 5693 argumentis
2082 5640 2168 5680 os-

578 5703 791 5750 tensum
814 5701 899 5748 est
925 5695 976 5747 in
1002 5694 1311 5763 praefatione
1329 5694 1563 5761 generali
1590 5694 1618 5763 §
1648 5693 1700 5746 l.

655 5765 725 5833 (ε)
748 5765 937 5821 Plures
961 5778 1094 5820 mss.
1122 5765 1175 5817 in
1207 5778 1390 5817 manus
1412 5767 1545 5837 ejus.
1573 5763 1713 5820 Tum
1735 5778 1856 5818 euut
1887 5763 2010 5820 Par.
2037 5767 2165 5822 reti-

2266 3283 2391 3338 aliis
2416 3294 2596 3338 autem
2629 3277 2801 3343 libris,
2837 3282 3079 3351 ﬁxuram.
3104 3281 3223 3336 Mox
3247 3281 3299 3333 in
3326 3293 3428 3333 ms.
3450 3277 3633 3334 Carm.
3647 3294 3738 3347 per
3753 3279 3871 3331 loca

2266 3356 2553 3419 clavorum,
2583 3368 2681 3422 pro
2704 3354 2757 3407 in
2777 3354 2965 3406 locum.

2343 3426 2413 3498 (f)
2434 3417 2622 3498 iEditi,
2640 3424 2845 3498 inclusi.
2878 3425 2949 3479 At
2983 3437 3119 3498 mss.
3143 3422 3248 3498 ltic,
3279 3422 3331 3475 in
3361 3420 3556 3498 clauso,
3582 3429 3633 3474 et
3660 3417 3726 3472 ad
3754 3419 3872 3498 cal-

2267 3489 2552 3551 cem'libri
2596 3489 2665 3576 in
2709 3495 3216 3576 ροιιξιδῃιίυεη,.ἰη
3261 3507 3417 3576 quem
3448 3492 3561 3576 lure
3601 3489 3868 3576 translata

2268 3578 2416 3629 sunt,
2451 3582 2589 3622 unus
2626 3566 2784 3620 Colb.
2830 3567 3070 3620 inclausi.
3117 3564 3234 3619 Jam
3281 3561 3337 3618 in
3368 3579 3490 3633 cap.
3519 3562 3574 3622 4.
3602 3562 3654 3617 in
3679 3561 3871 3618 Matth.

2270 3656 2326 3694 n.
2361 3640 2453 3704 l5,
2508 3655 2572 3694 ex
2607 3652 2740 3692 mss.
2776 3638 3080 3693 restitutum
3113 3644 3213 3699 est,
3251 3636 3348 3701 Qui
3372 3638 3573 3704 [ructus
3594 3645 3668 3687 est
3691 3633 3871 3688 clauso

2271 3711 2554 3777 impensam
2577 3710 2786 3764 luminis
2820 3707 3123 3763 continere?

2345 3776 2419 3854 (g)
2451 3782 2659 3854 Excusi
2711 3780 2797 3835 hic
2846 3779 3136 3845 subjiciunt
3189 3776 3560 3854 discipulorum
3624 3790 3870 3829 suorum:

2272 3847 2414 3923 quod
2449 3868 2621 3922 neque
2649 3852 2701 3905 in
2731 3866 2887 3923 sacro
2908 3860 3055 3905 textu
3078 3858 3481 3923 exstat,nequ_e
3511 3847 3565 3901 in
3590 3860 3721 3901 mss.

2345 3923 2425 3995 (It)
2452 3918 2549 3978 lta'
2579 3936 2714 3995 mss.
2736 3922 2886 3995 lflditi
2940 3936 3087 3980 vero.
3115 3930 3166 3995 et
3192 3919 3414 3973 solidam
3442 3918 3696 3988 lignorum
3717 3926 3870 3971 natu-

2273 3992 2387 4049 ram
2413 3992 2847 4059 impenetrabilem
2877 3993 3205 4046 transcurrit.
3316 4026 3323 4033 ι

2349 4065 2413 4134 (i)
2451 4058 2614 4130 E’diti,
2648 4064 2897 4134 fallimur.
2928 4064 3150 4118 Rectius
3174 4061 3409 4129 potiores
3437 4074 3567 4113 mss.
3594 4058 3825 4134 fallimus
3852 4076 3871 4112 :

2276 4132 2437 4192 Caru.
2461 4132 2762 4209 fefellimus.
2793 4136 2921 4191 Haec
2948 4136 3091 4189 enim
3144 4133 3524 4209 ltmreticorunt
3554 4132 3768 4209 nomine
3791 4132 3867 4209 in-

2276 4202 2581 4270 sinuantur,
2617 4208 2898 4262 veritatem
2948 4222 3107 4275 quam
3153 4220 3257 4260 non
3289 4202 3754 4271 comprehendunt
3781 4202 3873 4256 tle-

2281 4280 2642 4334 trectantium.
2701 4280 3024 4332 Arianorum
3066 4276 3293 4331 infirnue
3348 4275 3539 4329 rationi
3567 4288 3681 4327 sum
3715 4275 3873 4326 nimis

2278 4350 2612 4405 credentium
2642 4350 2877 4403 imitator
2904 4347 3179 4413 Calvinus,
3216 4348 3280 4400 iis
3313 4348 3410 4400 hac
3441 4353 3594 4415 parte
3620 4342 3875 4398 audacior

2278 4421 2399 4485 fuit,
2450 4421 2591 4489 quod
2639 4420 2692 4473 in
2742 4418 3044 4482 Joan.,xx.
3093 4420 3181 4483 ill,
3216 4432 3409 4489 negare
3459 4433 3566 4489 non
3608 4415 3866 4489 dubitarit

2280 4487 2569 4545 Christum'
2586 4506 2679 4557 per
2692 4490 2886 4557 jannas
2916 4491 3127 4543 clausas
3157 4489 3221 4542 ad
3251 4487 3542 4556 discipulos
3572 4487 3869 4557 transisse:

2202 4603 2257 4663 Β
2280 4560 2529 4616 concedit
2577 4555 2762 4663 tamen.
2780 4560 2960 4630 januis
2990 4576 3119 4663 |eum
3148 4575 3214 4615 eo
3249 4574 3409 4663 senisu
3438 4555 3871 4663 c'l'ausisningres-

2282 4647 2398 4663 οη...
2426 4646 2544 4663 ηερ..
2577 4647 2591 4659 .
2621 4648 2723 4663 ,.....
2958 4648 2985 4663 η
3175 4645 3329 4663 ορατ...
3482 4646 3490 4663 .
3523 4646 3579 4663 ..ρ
3613 4645 3625 4663 .
3675 4645 3686 4663 .
3719 4645 3751 4663 ,ι
3811 4644 3867 4663 ο,

2281 4647 2398 4685 sum
2426 4646 2545 4686 esse
2577 4647 2591 4695 ;
2621 4628 2916 4699 qund‘cum
2957 4631 3152 4686 clausae
3175 4642 3375 4693 essent,
3407 4629 3581 4682 aditus
3613 4628 3686 4682 illi
3719 4637 3867 4699 pate-

2279 4703 2447 4756 factas
2482 4718 2585 4756 non
2620 4697 2779 4756 fuerit
2822 4719 2976 4755 manu
3017 4703 3255 4765 hominis,
3289 4700 3737 4771 quemadmodum
3766 4697 3871 4754 Pe-

2281 4784 2395 4827 trus
2416 4790 2446 4827 e
2467 4788 2685 4829 carcere
2713 4774 2985 4839 ohserato,
3014 4774 3107 4828 sed
3130 4773 3306 4843 angeli
3334 4770 3630 4843 ministerio
3658 4781 3869 4843 aperto,

2278 4858 2528 4915 egressus
2573 4857 2671 4899 est.
2705 4844 2841 4898 Tum
2875 4841 3463 4915 papistarum'uotuine
3509 4841 3875 4895 calumniatur

2277 4914 2576 4982 catholicis,
2607 4916 2749 4982 ideo,
2774 4917 2964 4984 inquit,
2995 4918 3150 4970 aliter
3189 4914 3562 4973 sentientibus,
3594 4922 3651 4966 ut
3685 4929 3873 4980 corpus

2276 4988 2557 5059 gloriosum
2607 5005 2710 5042 non
2751 4989 2898 5040 modo
2927 4986 3144 5059 reddant
3181 4988 3345 5040 simile
3394 4985 3617 5059 spiritui,
3650 4984 3740 5037 sed
3769 4987 3866 5036 int-

2275 5056 2509 5129 rnensum
2555 5075 2682 5117 esse.
2713 5058 2951 5129 nulloque
3003 5058 3115 5111 loco
3145 5058 3391 5111 contineri
3422 5056 3678 5110 obtineant
3702 5069 3870 5129 .‘ACIIIII

2276 5128 2399 5183 ideo
2428 5140 2633 5184 tantum
2661 5131 2816 5185 aliter
2843 5124 3094 5195 sentiant,
3119 5132 3242 5199 quia
3275 5129 3542 5183 luculenta
3573 5136 3697 5180 sunt
3726 5124 3856 5181 Scri-

2274 5209 2446 5269 ptura:
2468 5204 2650 5262 verba,
2686 5211 2740 5256 et
2771 5216 2876 5254 uno
2927 5200 3141 5254 Patrum
3183 5214 3453 5254 etinseusu
3492 5207 3646 5265 prout
3674 5207 3873 5252 sonant

2275 5271 2569 5327 intellecta.
2610 5270 2752 5327 Sane
2792 5274 2986 5326 frustra
3020 5281 3102 5326 est
3140 5271 3435 5334 Scultetus,
3465 5284 3586 5323 cum
3627 5271 3869 5324 animum

2276 5340 2534 5396 inducere
2560 5352 2804 5405 conatur,
2839 5343 3097 5396 llilarium
3133 5358 3160 5396 a
3190 5344 3413 5395 Calvino
3454 5356 3553 5395 suo
3584 5352 3687 5392 non
3711 5339 3872 5393 dissi-

2278 5412 2424 5468 tlere.
2453 5413 2583 5481 Quis
2614 5413 2755 5467 enim
2800 5429 2907 5467 non
2932 5413 3130 5478 videat,
3157 5414 3227 5467 ita
3271 5412 3416 5467 illunt
3452 5410 3610 5466 verba
3640 5425 3871 5480 evange-

2277 5484 2378 5538 lica
2431 5484 2780 5548 intellexisse,
2815 5497 2869 5537 ut
2898 5484 3169 5538 Christum
3223 5484 3405 5551 januis
3434 5482 3652 5545 clausis,
3698 5482 3871 5551 iisque

2278 5571 2384 5609 non
2415 5572 2572 5610 manu
2602 5556 2773 5624 angeli
2797 5564 2888 5608 aut
2915 5555 3092 5624 aliqua
3120 5555 3736 5625 amttipotcntimdivime
3763 5556 3871 5625 vir-

2276 5635 2388 5680 tutc
2420 5628 2697 5689 reseratis,
2729 5625 2823 5681 sed
2853 5641 2974 5680 cum
3007 5628 3203 5679 clausae
3232 5637 3634 5690 permanerent,
3663 5625 3729 5678 ad
3757 5624 3871 5679 dis-

2274 5697 2482 5767 clpnlos
2513 5696 2770 5751 transisse
2796 5696 3108 5751 crediderit.
3137 5695 3254 5767 Non
3303 5695 3459 5767 aliter
3481 5709 3560 5767 ea,
3596 5695 3872 5752 intellexit

2274 5762 2754 5840 Augustinus,ser.
2786 5775 3016 5833 texuit,
3065 5782 3119 5822 n.
3167 5766 3224 5829 Ξ.
3274 5764 3365 5821 ubi
3414 5762 3696 5822 Calvinum
3745 5776 3863 5824 cun.
