4216 6254
317 346 394 402 89
1550 340 1638 396 DE
1677 337 1908 395 'l'RlNlT

2018 336 2051 394 Ε
2091 336 2299 394 LIBER
2336 338 2423 394 Ill.
3557 345 3628 399 90

315 461 572 534 mini63
596 460 941 516 mentiamur.
968 459 1219 515 Dicamus
1241 458 1437 515 factum
1462 468 1568 513 non
1591 457 1776 526 fuisse,
1803 456 1927 527 quia
1957 466 2011 524 Α
2035 456 2169 512 tium
2203 456 2593 524 inhiberemtts,
2633 465 2689 513 et
2718 455 2794 529 (e)
2834 467 3054 513 naturas
3083 455 3363 514 ﬂuminum
3392 457 3627 515 referre-

315 553 732 626 intelligentiam
778 553 903 609 tacti
931 566 1040 608 non
1067 550 1525 621 apprehendimus
1550 566 1562 604 :
1593 558 1650 605 et
1672 559 1921 605 cessante

315 662 481 703 sensu
523 660 736 711 nostro,
766 644 890 700 facti
924 644 1092 711 ipsius
1121 652 1299 700 cesset
1345 641 1589 698 eti‘ectus.
1622 641 1729 697 Sed
1770 656 1922 696 men-

318 738 537 795 dacium
584 748 829 794 nostrum
860 737 983 792 lacti
1029 735 1164 791 ﬁdes
1193 736 1374 792 vincit.
1410 734 1630 790 Adstitit
1660 734 1919 789 Dominus

316 832 503 887 clausa
559 822 722 886 domo
775 832 829 885 in
878 829 1056 886 medio
1107 828 1617 897 discipulorumzet
1651 827 1818 882 Filius
1839 836 1923 882 est

320 934 485 980 natus
506 942 573 980 ex
603 925 781 980 Patre.
817 924 937 979 Noli
993 938 1192 995 negare
1213 923 1354 993 quod
1408 923 1641 986 steterit,
1670 922 1792 993 quia
1826 937 1922 991 per

320 1017 692 1087 intelligentia:
716 1016 1108 1081 inﬁrmitatem,
1129 1015 1479 1073 consistentis
1496 1030 1601 1069 non
1625 1028 1921 1083 consequa-

321 1113 405 1169 ris
435 1111 711 1168 introitum
735 1130 749 1165 :
771 1110 884 1166 noli
931 1110 1140 1165 nescire
1164 1108 1308 1180 quod
1348 1110 1416 1164 ab
1444 1109 1681 1179 ingenito
1709 1116 1765 1163 et
1795 1122 1919 1175 per-

324 1203 474 1262 fecto
500 1205 606 1260 Deo
629 1213 778 1272 patre
801 1203 1109 1274 unigenitus
1130 1211 1183 1257 ct
1213 1198 1483 1271 perfectus
1507 1199 1582 1272 (a)
1605 1199 1747 1255 tilius
1781 1200 1921 1256 Deus

324 1309 494 1354 natus
519 1298 746 1368 sit,quia
774 1311 994 1351 sensum
1027 1306 1083 1351 et
1110 1309 1417 1351 sermonem
1447 1292 1695 1349 humanm
1714 1301 1919 1348 naturae

320 1392 498 1445 virtus
517 1389 885 1460 generationis
914 1388 1166 1443 excedat.

391 1482 481 1538 21.
508 1483 571 1538 Si
584 1492 810 1553 possent,
836 1482 928 1537 Dei
944 1498 1100 1549 apem
1113 1478 1723 1537 omniaturbarent.-—Et
1740 1480 1921 1535 omnia

316 1575 536 1645 quidem
568 1575 793 1644 insuper
815 1574 997 1629 tnundi
1015 1589 1180 1643 opera
1208 1573 1400 1630 adesse
1426 1573 1579 1628 nobis
1605 1572 1656 1627 in
1681 1572 1922 1626 testimo-

315 1667 470 1723 nium
499 1673 743 1737 possent,
778 1682 845 1722 ne
873 1666 1147 1736 ambigere
1167 1665 1236 1722 de
1271 1666 1360 1722 Dei
1383 1665 1546 1721 rebus
1568 1679 1728 1733 atque
1754 1663 1920 1719 virtu-

317 1762 464 1818 tibus
491 1760 567 1816 fas
593 1760 963 1817 crederemus.
997 1758 1103 1816 Sed
1129 1760 1180 1815 in
1211 1760 1383 1828 ipsam
1413 1759 1692 1813 veritatem
1724 1758 1922 1813 inlidc~

2022 565 2143 606 mus
2176 592 2190 617 ,
2243 558 2657 607 concuteremus
2700 550 3046 608 fundamenta
3102 561 3281 619 terrae,
3330 563 3384 607 et
3431 559 3544 607 toto
3571 552 3625 607 in

2022 642 2139 697 hinc
2189 658 2355 713 opera
2408 643 2500 697 Dei
2540 643 2831 713 parricidio
2865 644 3272 700 desaeviremus.
3303 644 3412 701 Sed
3464 644 3624 713 bene,

2022 736 2165 807 quod
2212 751 2310 791 nos
2348 736 2486 792 intra
2539 736 2680 794 hanc
2710 738 2987 793 modestiae
3027 740 3405 794 necessitatem
3439 746 3625 795 natura

2022 848 2309 904 corporum
2343 834 2567 889 detinet.
2604 833 2764 889 Certe
2791 850 2896 889 non
2926 833 3187 900 fallimus,
3218 835 3368 906 quid.
3401 836 3445 890 si
3488 835 3625 891 lice-

2020 936 2128 992 ret,
2149 942 2394 982 essemus
2424 926 2503 999 (l)
2537 926 2747 982 facturi.
2783 927 3025 998 Namque
3054 927 3132 1001 (ά)
3154 928 3276 998 quia
3308 943 3622 998 possumus.

2023 1020 2261 1090 profanae
2290 1019 2582 1073 voluntatis
2609 1019 2829 1074 audacia
2858 1029 3102 1075 naturam
3131 1021 3376 1075 veritatis
3404 1019 3625 1075 convel-

2022 1113 2204 1178 limus,
2230 1120 2285 1166 et
2302 1110 2503 1166 bellum
2523 1111 2683 1167 dictis
2710 1112 2801 1167 Dei
2831 1126 3227 1181 comparamus.

2094 1205 2187 1260 22.
2218 1204 2456 1259 Christus
2472 1202 2680 1258 Patrem
2693 1205 2838 1258 nobis
2862 1206 3206 1276 manifestaril
3223 1215 3276 1258 ut
3294 1214 3510 1273 patrem,
3523 1220 3624 1259 non

2021 1308 2077 1352 ut
2104 1297 2653 1353 creatorem—Filius
2674 1298 2843 1352 dixit:
2879 1296 3059 1365 Pater,
3091 1298 3419 1369 manifestavi
3440 1313 3624 1351 nomen

2024 1401 2168 1446 tuum
2196 1391 2675 1465 Itominibuonan.
2720 1408 2851 1453 xvtt,
2886 1394 2964 1459 6).
2998 1390 3138 1460 Quid
3168 1393 3236 1447 ad
3278 1392 3394 1446 haec
3423 1392 3625 1445 calum-

2025 1484 2242 1538 niamur
2266 1485 2291 1536 ‘i
2311 1484 2441 1553 quid
2473 1494 2766 1538 aestuamus
2795 1484 2819 1537 ’ἓ
2848 1484 3062 1538 Patrem
3096 1491 3152 1537 tu
3181 1497 3350 1552 negas
3369 1482 3395 1536 ‘i
3424 1482 3496 1553 (e)
3524 1481 3623 1537 At-

2024 1577 2152 1646 quin
2181 1576 2281 1631 hoe
2310 1576 2602 1631 tnaximum
2630 1591 2772 1646 opus
2794 1576 2918 1631 Filii
2947 1576 3067 1644 fuit,
3095 1585 3153 1629 ut
3184 1575 3399 1631 Patrem
3425 1589 3627 1646 cogno-

2024 1682 2318 1723 sceremus.
2349 1668 2524 1738 Negas
2572 1668 2749 1737 plane,
2780 1667 2994 1737 quando
3022 1665 3318 1722 secundum
3366 1677 3419 1722 te
3459 1666 3627 1721 Filius

2026 1776 2132 1816 non
2155 1775 2221 1815 ex
2251 1774 2317 1815 eo
2347 1770 2507 1814 natus
2536 1770 2637 1814 est.
2668 1758 2739 1831 (f)
2777 1759 2843 1814 Et
2881 1775 2978 1815 cur
3012 1759 3153 1815 [ilius
3182 1759 3415 1825 dicetur,
3451 1759 3626 1815 factus

312 1854 444 1912 litas
475 1865 656 1910 nostra
714 1854 1004 1924 procurrit.
1060 1865 1115 1910 et
1142 1853 1362 1908 violenti
1429 1852 1482 1907 in
1521 1851 1788 1906 excidium
1826 1852 1917 1908 Dei
1952 1868 1997 1927 Β
2025 1869 2123 1925 pro
2153 1854 2434 1908 voluntate
2463 1852 2614 1923 quasi
2645 1853 2885 1908 caetera?
2907 1852 3178 1908 Admirari
3214 1854 3380 1909 Deum
3408 1867 3624 1923 possum

311 1948 598 2019 potestatis
627 1947 997 2015 irrmnpimus.
1027 1945 1081 2001 Si
1112 1946 1320 2011 liceret,
1348 1958 1576 2013 corpora
1621 1953 1676 1997 et
1722 1959 1912 1999 manus

308 2040 380 2095 ad
432 2041 634 2097 caelum
681 2041 1040 2104 clevaremus,
1087 2039 1259 2094 solem
1307 2046 1563 2107 astraque
1592 2044 1785 2090 cretera
1812 2052 1912 2090 an-

308 2135 435 2189 nuis
453 2133 527 2206 (b)
542 2148 735 2189 cursus
756 2133 839 2189 sui
860 2132 1122 2188 limitibus
1139 2131 1600 2203 proturbaremus,
1625 2131 1917 2198 permisce-

307 2240 496 2282 remns
511 2224 978 2283 decessusOceani
1002 2234 1055 2279 et
1082 2236 1352 2285 accessus,
1381 2219 1582 2277 ﬂuenta
1606 2220 1769 2276 etiam
1794 2218 1917 2275 fon-

389 2361 473 2431 (1)
496 2359 678 2414 Actori
698 2376 717 2414 :
745 2373 869 2414 mox
904 2358 1122 2430 profane
1162 2371 1262 2427 pro
1303 2360 1555 2428 profante.

314 2498 432 2554 suis
482 2497 630 2553 velut
687 2498 739 2551 in
791 2506 1133 2553 antecessum
1203 2495 1571 2558 refutaturus,
1624 2494 1921 2551 nativitatis

315 2569 572 2635 exemplo
617 2567 814 2622 factum
871 2568 1010 2622 idem
1078 2567 1381 2622 conﬁrmat.
1448 2565 1659 2637 i'irng,
1720 2566 1916 2635 inquit,

318 2644 539 2709 peperit,
562 2650 608 2693 et
651 2642 792 2707 virgo
843 2641 1119 2709 permansit
1170 2656 1187 2692 :
1210 2641 1323 2710 jam
1379 2648 1498 2691 tunc
1548 2634 1808 2710 Dominus
1831 2655 1921 2707 per

315 2706 452 2765 ostia
504 2711 683 2764 clausa
728 2706 883 2765 natus
930 2719 1025 2765 est.
1082 2711 1149 2765 At
1196 2706 1465 2778 quomodo
1495 2723 1678 2762 verum
1718 2706 1919 2764 Christi

315 2797 514 2851 corpus
547 2782 1007 2849 impenetrabilem
1060 2781 1323 2851 parietum
1363 2796 1425 2834 ac
1471 2779 1734 2849 lignorum
1767 2791 1923 2834 natu-

314 2870 433 2907 ram
460 2853 831 2907 transcurrit?
867 2855 1175 2914 ltespoudet
1204 2852 1297 2907 tibi
1335 2851 1586 2914 Hilarius,
1624 2851 1747 2905 facti
1778 2853 1921 2905 veri-

316 2935 401 2978 tas
430 2939 498 2978 ex
530 2925 710 2980 verbis
735 2923 1062 2995 erat-geticis
1086 2932 1319 2995 constat,
1344 2923 1793 2995 quamvismodus
1826 2938 1914 2977 ra-

314 2997 521 3050 tionem
581 2993 893 3050 humanam'
927 2996 1148 3050 omnino
1190 2993 1394 3065 fugiat:
1444 2994 1535 3047 sed
1581 3009 1684 3047 non
1737 2996 1914 3049 minus

312 3077 531 3122 coiistat
565 3070 682 3136 plus
716 3068 880 3123 Deum
919 3082 1095 3135 posse,
1127 3082 1287 3136 quam
1318 3066 1491 3120 valeat
1521 3064 1750 3119 humana
1777 3065 1914 3120 ratio

311 3153 533 3207 capere.
566 3138 748 3207 Neque
791 3138 893 3193 alia
949 3147 1030 3192 est
1079 3138 1360 3206 Γθενοιιείι)
1409 3136 1715 3207 Augustini,
1747 3153 1914 3191 serui.

312 3206 554 3276 cchvn,
589 3229 640 3263 ιι.
664 3206 728 3274 9,
753 3221 806 3263 et
833 3211 992 3274 epist.
1023 3224 1267 3270 cxxxvtt.
1305 3225 1355 3262 n.
1389 3210 1441 3267 8.
1463 3219 1513 3260 et
1536 3206 1721 3276 Cyrilli
1759 3211 1912 3264 Alex.

314 3280 409 3336 lib.
436 3297 535 3345 xit,
571 3282 623 3336 itt
648 3281 803 3336 Joan.
840 3280 913 3335 lta
945 3291 1161 3349 possent
1192 3281 1394 3335 absolvi
1422 3280 1602 3332 multa:
1630 3277 1916 3333 ilil‘lirulta-

314 3362 396 3407 tes
425 3395 440 3417 ,
489 3369 625 3423 quas
670 3356 809 3409 circa
865 3362 1270 3406 sacrosanctum
1333 3350 1682 3423 Eucharisﬁie
1728 3367 1910 3406 sacra-

314 3422 558 3478 mentum
585 3426 785 3477 Calvini
818 3425 1032 3478 sectarii
1080 3423 1407 3493 excogitant.
1436 3422 1716 3489 Quomodo
1747 3438 1913 3476 unum

312 3502 370 3547 et
398 3495 542 3549 idem
575 3494 777 3550 Christi
829 3510 1029 3562 eorpus
1078 3496 1127 3548 in
1169 3497 1309 3549 eteio
1354 3504 1409 3548 et
1457 3496 1508 3546 in
1539 3503 1701 3558 terra,
1734 3504 1785 3545 et
1811 3494 1915 3549 alia

316 3566 666 3635 hujusmodi?
689 3566 807 3621 Noli
857 3566 1122 3620 sollicitus
1167 3581 1287 3619 esse
1309 3565 1375 3619 de
1406 3564 1605 3635 modo;
1634 3580 1756 3617 cum
1791 3574 1912 3618 tan-

316 3634 430 3690 tum
482 3650 532 3693 te
589 3649 793 3692 certum
838 3638 1073 3691 voluerit
1110 3636 1359 3692 Christus
1416 3637 1484 3690 de
1526 3634 1689 3689 facto.
1741 3635 1915 3690 Erunt

313 3707 476 3774 forte,
504 3710 594 3777 qui
644 3710 805 3763 etiam
853 3709 1041 3764 modos
1088 3709 1434 3773 exoticabuut
1464 3716 1552 3760 :ut
1599 3707 1759 3761 modo
1806 3723 1910 3761 non

312 3779 503 3833 desunt
539 3781 862 3849 philosophi,
898 3782 985 3848 qui
1022 3779 1163 3833 hunc
1193 3778 1399 3831 Domini
1427 3779 1490 3831 ad
1514 3778 1808 3847 discipulos
1831 3781 1914 3844 ja-

312 3866 437 3904 nu.s
463 3852 666 3906 clausis
695 3863 748 3904 et
798 3851 949 3905 nullo
980 3862 1137 3918 pacto
1179 3852 1383 3921 apertis
1412 3851 1709 3919 ingressum
1739 3850 1911 3918 expli-

308 3937 436 3977 care
465 3939 524 3977 se
551 3934 755 3989 putant.
789 3921 922 3977 Cum
953 3924 1119 3987 enim,
1159 3923 1426 3984 inquiunt,
1458 3926 1797 3975 conservatio
1844 3922 1913 3974 sit

308 3993 621 4048 continuata
651 3996 875 4059 (:reatio,
908 4005 1012 4048 tam
1045 3994 1200 4047 facile
1228 3994 1322 4046 fuit
1348 3993 1454 4045 Deo
1481 3992 1725 4059 corporis
1750 3991 1909 4046 Chri~

310 4066 731 4119 stici-rationem
765 4066 1001 4118 immotis
1049 4065 1367 4133 corporibus
1416 4063 1755 4116 iutermediis
1781 4078 1911 4117 eon-

311 4138 523 4189 tinuate
549 4139 600 4191 in
625 4139 842 4192 di~tauti
900 4137 1039 4198 loco,
1068 4152 1228 4206 quam
1261 4135 1312 4189 in
1357 4133 1795 4206 proximoalicet
1820 4149 1907 4188 se-

307 4210 543 4261 cundum
591 4224 909 4263 communes
941 4205 1144 4262 naturzu
1195 4208 1359 4276 leges.
1386 4220 1489 4276 non
1522 4205 1801 4259 continuet
1832 4206 1911 4258 ul-

308 4278 414 4333 létt-a
445 4281 691 4348 corporis
734 4280 1083 4336 creationem.
1122 4279 1219 4331 nisi
1255 4275 1369 4330 iant
1416 4275 1468 4329 in
1514 4276 1703 4348 eodem
1734 4284 1821 4329 aut
1856 4276 1908 4348 in

309 4346 563 4419 trtxitno
595 4353 732 4416 loco,
781 4362 832 4405 et
888 4365 953 4405 eo
984 4350 1197 4422 quidem
1246 4363 1495 4422 corpore,
1537 4346 1679 4417 quod
1721 4347 1910 4422 in_il|o

307 4417 712 4481 continebatur.
749 4421 895 4491 prius
942 4437 973 4475 e
1000 4417 1098 4476 Suo
1143 4422 1246 4474 situ
1295 4418 1544 4485 delt'll‘o-
1574 4417 1907 4491 υοηίίιιιίιιρθ

307 4491 627 4547 facillimum
664 4489 778 4560 fuit,
811 4505 867 4547 tit
913 4508 1130 4560 corpus,
1161 4491 1301 4562 quod
1349 4507 1454 4544 tttto
1481 4490 1741 4562 temporis
1779 4489 1909 4542 arti-

307 4563 434 4617 culo
462 4565 679 4618 volebat
727 4580 849 4618 esse
906 4573 1053 4618 extra
1101 4561 1437 4624 Cubiculum,
1486 4577 1588 4630 qua
1637 4561 1909 4615 voluntate

307 4647 467 4690 extra
496 4637 804 4690 cubiculum
832 4636 1140 4699 creabatur,
1168 4635 1513 4699 subsequenti
1544 4633 1907 4686 volueritesse

308 4705 447 4760 intra
482 4707 811 4771 cubiculum,
838 4721 944 4772 quo
987 4717 1109 4758 acto
1141 4719 1364 4759 necesse
1394 4713 1498 4769 est,
1531 4703 1714 4756 ilhesis
1744 4704 1904 4755 etiam

2021 1946 2360 2001 conditorem
2388 1943 2503 2017 ϐἀ.
2531 1944 2713 1999 mundi
2739 1944 3015 2000 Christum
3043 1954 3349 2000 creantem:
3378 1954 3435 2000 et
3457 1945 3624 2015 digna

2024 2039 2136 2095 Deo
2152 2041 2323 2092 virtus
2354 2049 2457 2102 est,
2483 2050 2539 2091 ut
2561 2037 2875 2092 eﬂectorem
2907 2038 3354 2107 archangelorum
3381 2047 3436 2093 et
3464 2051 3628 2107 ange-

2022 2133 2218 2200 lorum,
2251 2132 2547 2188 visibilium
2567 2131 3008 2197 etinvisibilium,
3035 2131 3156 2186 caeli
3181 2140 3340 2201 atque
3361 2138 3542 2194 terrae,
3571 2137 3626 2184 et

2024 2227 2295 2284 universa:
2338 2225 2496 2296 hujus
2525 2225 2817 2281 creationis
2841 2223 3103 2281 eﬂ'ecerit.
3133 2223 3242 2280 Sed
3285 2237 3393 2280 non
3434 2222 3525 2279 hic
3550 2222 3629 2277 la-

2025 2495 2135 2549 alio
2190 2494 2350 2550 modo
2402 2495 2578 2550 factus
2620 2494 2780 2550 fuerit
2839 2495 2926 2551 hic
2955 2496 3153 2552 Christi
3199 2497 3377 2566 januis
3428 2500 3628 2556 clausis

2026 2568 2300 2640 ingressus
2334 2584 2346 2620 :
2383 2567 2529 2640 quod
2554 2566 2781 2621 infirma:
2809 2568 3024 2640 rationi
3053 2584 3165 2623 sua:
3193 2570 3312 2637 plus
3339 2586 3493 2640 requa
3514 2588 3629 2627 cre-

2024 2638 2278 2710 dentibus
2306 2648 2460 2710 antra
2486 2637 2909 2710 vi«leh»tur.}am
2937 2656 3039 2691 non
3065 2641 3275 2693 videtur
3298 2637 3621 2710 repugnare.

2025 2708 2098 2762 [ta
2132 2710 2294 2763 etiam
2342 2709 2449 2763 erit
2507 2708 2880 2782 fortasscpqni
2934 2712 3284 2782 ratiunculas,
3330 2708 3626 2782 θιιιῙιυιίιιε

2025 2782 2302 2852 tenebras,
2331 2782 2528 2852 quibus
2560 2780 2718 2852 iidem
2751 2780 2957 2852 Calvini
3005 2781 3257 2850 discipuli
3297 2780 3541 2852 corporis
3570 2796 3628 2839 et

2024 2850 2303 2921 sanguinis
2333 2850 2529 2905 Christi
2559 2850 2611 2903 in
2668 2849 3022 2905 Eucharistize
3064 2849 3410 2907 sacramento
3430 2856 3629 2910 verita-

2026 2931 2134 2977 tem
2163 2922 2457 2977 obscurare
2506 2936 2565 2976 se
2618 2932 2829 2992 putant.
2879 2922 3129 2992 depcllet.
3167 2923 3354 2978 'l‘utius
3408 2926 3621 2981 interim

2023 2994 2128 3067 erit
2164 3008 2286 3067 cum
2319 3002 2428 3067 tota
2452 2993 2692 3067 Ecclesia
2726 2993 2846 3047 facti
2890 2996 3172 3049 veritatem
3205 3005 3410 3060 tenere,
3436 3013 3619 3067 quam-

2025 3066 2106 3120 vis
2132 3065 2267 3135 ratio
2283 3081 2386 3133 qua
2417 3064 2465 3119 id
2493 3066 2587 3118 liat
2608 3065 2901 3135 ignoretur.

2095 3134 2176 3206 (a)
2199 3136 2454 3210 Italiam,
2487 3137 2576 3191 Er.
2601 3134 2656 3190 et
2690 3153 2819 3190 tuss.
2848 3153 2943 3190 nec
2973 3147 3085 3191 etat
3107 3152 3203 3191 cur
3226 3138 3437 3209 Lipsius
3463 3154 3622 3210 repo-

2023 3204 2197 3272 nert-t,
2229 3208 2366 3274 ﬁlius
2393 3204 2534 3261 Deus
2562 3216 2710 3260 nutus
2752 3210 2836 3261 sit.

2098 3278 2174 3351 (b)
2197 3278 2358 3337 Edili.
2393 3279 2554 3332 annui
2595 3294 2778 3351 cursus
2819 3279 2902 3332 sui
2933 3277 3205 3351 rlimilibus.
3238 3278 3398 3334 Vetus
3453 3281 3622 3337 codex

2024 3348 2179 3403 Colb.
2245 3367 2410 3404 annos
2464 3365 2645 3403 cursus
2695 3350 2802 3402 suis
2832 3348 3096 3403 limitibus.
3127 3350 3280 3403 Alius
3308 3351 3462 3406 Coll).
3497 3368 3620 3407 cum

1944 3385 1987 3445 C
2025 3385 2179 3403 νυιυ-
2245 3385 2410 3404 φησιν.
2464 3385 2545 3403 νυν
2560 3385 2644 3402 CM
2695 3385 2801 3402 σιιισ
2832 3385 3096 3403 οηηιισνιυιο
3127 3385 3280 3403 [111113
3309 3385 3462 3406 υῑΙΙΙΙ·
3497 3385 3618 3407 ιιιιΙΙ

2021 3418 2277 3484 Sorbon.,
2300 3431 2344 3474 et
2376 3437 2574 3474 annuos
2595 3436 2767 3472 eorum
2787 3437 2963 3474 rursus
2991 3423 3094 3474 suis
3122 3424 3388 3477 limitibus.
3414 3423 3618 3489 Lectio,

2021 3507 2182 3559 qttam
2236 3491 2570 3553 exhibmum,
2626 3501 2707 3544 cst
2772 3492 3154 3561 plerot'uiuque
3211 3509 3339 3546 mss.
3398 3492 3616 3549 Confer.

2018 3571 2175 3616 tract.
2213 3564 2347 3630 psal.
2379 3577 2596 3625 cxxuv,
2629 3577 2683 3615 n.
2740 3564 2827 3634 ll,
2858 3565 2947 3615 ubi
2982 3562 3216 3617 Hilarius
3267 3576 3621 3634 repra‘seutat

2016 3634 2430 3688 indemutabilem
2474 3635 2586 3687 caeli
2615 3633 2928 3700 ﬁrmitatem,
2960 3635 3117 3686 solent
3166 3633 3353 3689 annuis
3384 3638 3619 3690 cursibus

2017 3703 2388 3776 indefessisque
2435 3705 2772 3771 moderatum,
2804 3706 3031 3775 vicesque
3050 3709 3174 3760 anni
3195 3707 3421 3772 definitis
3442 3708 3619 3761 limiti-

2017 3774 2108 3828 bus
2140 3774 2531 3848 tentpcruntim,
2555 3788 2664 3848 etc.

2093 3849 2166 3917 (e)
2199 3844 2312 3901 D'tto
2335 3862 2462 3900 mss.
2494 3847 2650 3900 Culb.
2686 3861 2804 3899 rum
2846 3846 3057 3909 Germ.,
3083 3856 3294 3899 naturas
3323 3844 3611 3904 hominum.

2015 3916 2150 3971 Tum
2173 3919 2300 3972 editi
2332 3932 2456 3972 cum
2486 3917 2698 3972 duobus
2729 3933 2858 3971 mss.
2895 3918 3305 3977 recentioribus.
3332 3919 3621 3985 refrenare-

2015 4006 2148 4053 mus,
2178 4000 2232 4044 ct
2285 3992 2335 4043 in
2383 4006 2488 4043 uno
2535 3988 2793 4042 mendose
2822 3986 3237 4053 re/frruaremus.
3272 3988 3615 4045 Prtul'crituus

2014 4076 2137 4114 cum
2167 4062 2399 4119 c:t~teris.
2433 4060 2738 4127 referremus
2769 4076 2787 4111 :
2809 4058 2950 4128 quod
3005 4060 3224 4113 verbum
3273 4062 3441 4130 magis
3470 4061 3614 4116 Hila-

2015 4133 2226 4184 rianuiu
2256 4140 2358 4193 est,
2387 4141 2443 4183 ut
2480 4130 2822 4184 observatum
2850 4140 2934 4184 est
2966 4131 3015 4185 iu
3049 4130 3249 4185 Adnot.
3279 4133 3329 4184 in
3356 4146 3437 4201 ps.
3465 4148 3608 4200 cxtx,

2014 4212 2127 4256 Itut.
2155 4203 2209 4256 5.

2089 4276 2165 4343 (ιι)
2189 4272 2352 4331 Editi,
2405 4273 2525 4342 quia
2555 4289 2654 4326 non
2684 4289 2977 4344 possumus,
3012 4273 3189 4328 addita
3228 4274 3484 4342 particula
3516 4290 3613 4329 ne-

2012 4357 2171 4414 gante
2199 4353 2384 4398 contra
2441 4346 2597 4397 litletn
2654 4361 2783 4399 mss.
2817 4355 2868 4398 et
2919 4356 3150 4399 mentem
3214 4345 3415 4410 llilarii,
3453 4362 3520 4400 ex
3552 4346 3615 4400 iis

2012 4432 2131 4484 qum
2161 4428 2346 4469 eontra
2369 4417 2649 4469 veritatem
2674 4414 2874 4469 faciunt
2897 4415 3155 4477 luetetici,
3189 4419 3310 4485 quia
3333 4417 3383 4470 id
3417 4433 3511 4485 pro
3533 4417 3616 4471 in-

2012 4488 2155 4555 genii
2180 4489 2260 4539 sui
2283 4487 2531 4539 libertate
2552 4487 2937 4554 possunt,quitl
2964 4486 3197 4540 facerent
3221 4496 3409 4540 contra
3434 4504 3614 4542 rerum

2013 4568 2256 4620 naturas,
2293 4559 2336 4609 si
2367 4558 2569 4624 pariter
2590 4571 2747 4626 posse
2770 4556 2950 4608 datum
2983 4560 3063 4627 eis
3090 4570 3250 4627 esset,
3285 4558 3610 4627 colligentis.

2089 4628 2160 4700 (e)
2195 4628 2266 4682 Ita
2300 4625 2754 4700 scrnhimusihattc
2786 4625 3066 4700 vocemth
3122 4625 3479 4682 imitationem
3522 4644 3615 4700 ve-

2015 4696 2186 4753 terum
2222 4700 2478 4752 librorum
2514 4697 2691 4768 :quod
2719 4705 2773 4750 et
2810 4697 2947 4766 apud
2980 4696 3373 4753 Tertttllianum
3406 4699 3616 4769 praesti-

307 4791 361 4849 εἰ
387 4779 626 4832 immotis
655 4778 948 4849 parietibus
970 4794 1031 4831 ac
1061 4774 1540 4849 foribus,sit_intra
1572 4775 1898 4849 cubiculum.
1932 4775 1986 4836 D
2014 4781 2249 4849 ttttnest.

310 4848 382 4903 Ea
415 4851 633 4915 quidem
655 4844 870 4903 ratione
896 4848 1033 4903 vidit
1065 4847 1295 4901 Hilarius
1338 4846 1533 4900 Chri~ti
1584 4844 1780 4898 factum
1808 4860 1905 4898 ex-

313 4923 498 4988 plicari
558 4936 735 4990 posse.
769 4921 872 4975 Sed
911 4921 997 4973 hic
1043 4918 1488 4990 il‘udereisolcnt
1516 4915 1905 4983 phantasmata,

310 4992 506 5060 quibus
536 4988 779 5060 corporis
810 4996 943 5046 intra
974 4992 1206 5060 parietes
1242 4989 1438 5060 illarsos
1469 4988 1768 5060 ingressum
1812 5001 1908 5039 cx-

308 5057 554 5131 eogisat‘e
607 5057 711 5115 uou
766 5057 985 5124 sinitur,
1014 5064 1115 5115 nisi
1150 5075 1345 5129 corpus
1378 5058 1507 5111 illud
1565 5057 1709 5126 prius
1754 5058 1906 5131 :extra

311 5127 535 5201 prin-su.
565 5135 790 5196 aboleri,
818 5150 879 5189 ac
906 5134 1102 5188 deinde
1134 5127 1273 5187 intra
1314 5131 1381 5184 de
1415 5143 1552 5201 novo
1598 5127 1766 5201 creari
1790 5200 1793 5201 ν
1818 5142 1911 5195 po-

310 5195 491 5259 natur.
547 5204 700 5261 [Inde
749 5195 931 5260 noster
983 5205 1214 5259 Hilarius
1259 5203 1366 5261 hic,
1400 5198 1598 5262 Corpus
1640 5195 1850 5251 Domini
1880 5215 1911 5251 a

309 5295 414 5331 sese
449 5294 552 5329 non
602 5277 793 5344 deficit,
822 5288 877 5330 ut
901 5292 1007 5329 sese
1052 5286 1280 5329 resumat
1329 5288 1394 5328 ea?
1443 5270 1629 5326 nihilo.
1657 5268 1908 5324 Attamen

310 5364 507 5416 corpus
538 5364 678 5401 nunc
700 5360 876 5413 extra,
929 5363 992 5402 ac
1046 5348 1288 5414 ruoxime
1333 5355 1451 5411 [WSl
1480 5358 1576 5410 per
1595 5351 1903 5416 creantem,

309 5413 610 5488 ant-potius
634 5413 1066 5481 Conscrvantem,
1102 5418 1193 5471 Dei
1233 5416 1558 5488 voluntatmn
1593 5414 1731 5488 intra
1760 5413 1908 5467 cubi-

310 5486 489 5544 culum
540 5507 569 5544 a
606 5505 725 5544 Sese
781 5506 885 5544 non
922 5491 1123 5551 ilelicit,
1156 5503 1275 5542 cum
1320 5487 1465 5541 nullo
1499 5486 1758 5552 temporis
1788 5500 1905 5537 nio-

311 5574 496 5618 mcuto
550 5563 818 5617 exsiStcre
865 5562 1119 5617 desinat:
1163 5569 1249 5613 aut
1292 5569 1516 5612 eatenus
1545 5555 1777 5611 deiicere
1804 5555 1907 5610 dici

310 5645 494 5704 queat,
528 5645 799 5699 quatenus
826 5649 888 5686 ex
949 5644 1135 5685 natura
1185 5644 1278 5704 sua
1337 5628 1623 5701 indigatut
1670 5627 1908 5704 quolibet

310 5698 575 5772 {cumeris
625 5714 899 5760 momento
943 5714 1156 5757 creetur
1187 5720 1198 5753 :
1234 5701 1375 5754 sicut
1421 5698 1514 5768 per
1557 5705 1756 5772 motum
1803 5698 1904 5751 dici

306 5770 473 5845 pus—it
508 5775 746 5830 tlellcere
777 5777 830 5830 in
865 5777 982 5829 loco
1040 5776 1091 5828 in
1131 5790 1235 5843 quo
1287 5788 1390 5826 non
1423 5770 1651 5845 amplius
1671 5779 1904 5845 creatur,

303 5837 361 5899 ξι
409 5850 588 5901 errari
616 5851 670 5901 in
704 5856 768 5901 eo
798 5848 852 5901 in
884 5855 990 5917 quo
1038 5837 1407 5899 conservatur.
1443 5837 1567 5893 Sive
1610 5837 1732 5895 hor,
1791 5840 1904 5891 sive

2084 4847 2151 4914 ll)
2186 4843 2239 4896 lu
2271 4840 2521 4914 vulgatis,
2547 4847 2592 4893 et
2624 4856 2736 4892 cum
2767 4839 2907 4907 ﬁlius
2930 4838 3158 4914 Adicitur.
3193 4838 3433 4914 Subinde
3472 4840 3612 4910 apud

2010 4910 2157 4981 Lips.
2209 4913 2431 4982 quiat'sic
2460 4922 2642 4965 autem
2668 4927 2684 4976 ;
2712 4921 2759 4965 et
2802 4912 2941 4980 apud
2972 4910 3117 4969 Par..
3144 4913 3262 4979 quia
3291 4913 3355 4964 sit
3384 4923 3564 4966 cetera
3595 4931 3607 4965 :

2017 4988 2179 5039 lectio
2210 4986 2522 5054 depravata,
2551 4997 2708 5051 quam
2739 4983 3040 5047 excipiebat
3072 4983 3261 5054 vitiosa
3294 4983 3612 5052 interpunc-

2015 5056 2112 5117 tio,
2143 5053 2290 5108 adeo
2313 5068 2374 5108 ur
2420 5056 2719 5123 argumenti
2752 5056 2827 5104 vis
2856 5054 2965 5125 jam
3012 5053 3152 5104 nulla
3196 5068 3416 5125 prorsus
3442 5070 3610 5125 appa-

2018 5137 2178 5182 reret.
2222 5126 2579 5178 Restauratur
2631 5140 2731 5193 ope
2763 5139 2892 5177 mss.
2926 5124 3036 5178 Hoc
3080 5124 3222 5177 enim
3256 5124 3355 5177 sibi
3381 5124 3512 5189 vnit,
3554 5133 3614 5179 ut

2019 5200 2105 5266 qui
2141 5196 2331 5251 Filium
2368 5208 2686 5248 ('{Blt‘l‘m'tlttt
2743 5198 2912 5247 instar
2966 5210 3061 5263 pro
3106 5194 3381 5266 voluntate
3414 5196 3610 5251 factum

2021 5264 2232 5324 asserit.
2265 5279 2415 5336 neget
2446 5283 2502 5316 re
2534 5268 2644 5334 ipsa
2684 5266 2847 5319 lilium
2868 5268 3002 5338 ;_qui
3032 5276 3188 5334 negat
3220 5264 3434 5338 Filium,
3455 5278 3612 5338 neget

2022 5349 2074 5393 et
2102 5339 2312 5392 Patrem
2341 5355 2354 5400 ;
2384 5339 2472 5409 qui
2520 5352 2650 5391 vero
2684 5345 2842 5409 negat
2882 5336 3116 5400 Patrem,
3162 5349 3317 5409 neget
3365 5337 3414 5390 id
3468 5336 3610 5409 quod

2022 5408 2263 5465 Christus
2293 5408 2377 5462 hic
2418 5408 2615 5461 dor-ere
2661 5408 2892 5461 maxime
2934 5410 3155 5462 studttit.
3188 5408 3299 5461 Non
3332 5408 3600 5463 enint’atl-

2021 5482 2237 5535 modum
2265 5480 2313 5539 ei
2350 5493 2492 5532 cura!
2543 5479 2659 5540 fuit,
2694 5486 2751 5531 ut
2774 5494 2896 5532 eum
2931 5481 3084 5531 nobis
3119 5481 3284 5533 ticum
3332 5492 3382 5534 et
3411 5480 3612 5535 Christi

2018 5553 2255 5607 omnium
2285 5548 2586 5603 conditoris
2611 5560 2911 5603 creatorem
2939 5549 3252 5614 inculcaret,
3283 5566 3402 5605 cum
3432 5564 3611 5607 tamen

2022 5623 2143 5676 hinc
2175 5622 2402 5676 multum
2432 5621 2570 5689 apud
2606 5635 2701 5673 uos
2743 5636 2865 5673 eutn
2893 5621 3271 5674 eommt-ndarc
3299 5633 3354 5676 et
3378 5625 3611 5676 admira-

2019 5693 2217 5748 tionem
2246 5691 2295 5746 ei
2335 5701 2572 5745 nostram
2607 5690 2845 5745 excitare
2877 5690 3171 5745 valuisset:
3217 5693 3311 5746 sed
3346 5703 3402 5747 ut
3442 5696 3613 5747 mani-

2016 5762 2242 5818 festaret
2285 5778 2414 5832 euut
2443 5777 2625 5832 verum
2651 5777 2769 5815 esse
2794 5771 3024 5832 patrem,
3048 5761 3137 5832 qui
3169 5777 3354 5818 verum
3382 5761 3611 5821 haberet

2018 5833 2203 5890 illium.
2237 5832 2350 5889 Hoc
2378 5828 2576 5891 Christi
2601 5846 2755 5903 opus,
2787 5828 2873 5887 hic
2896 5831 3043 5887 labor
3065 5828 3202 5887 eruti
