  <div class='ocr_page' id='page_1' title='image "/cluster/home/n/w/nwhite01/storage/ocr_20150623/10/hvd.32044096580386/051.png"; bbox 0 0 4216 6254; ppageno 0'>
   <div class='ocr_carea' id='block_1_1' title="bbox 523 296 3847 366">
    <p class='ocr_par' dir='ltr' id='par_1_1' title="bbox 523 296 3847 366">
     <span class='ocr_line' id='line_1_1' title="bbox 523 296 3847 366; baseline -0.001 -11"><span class='ocrx_word' id='word_1_1' title='bbox 523 299 581 355; x_wconf 88' lang='lat'><strong>9|</strong></span> <span class='ocrx_word' id='word_1_2' title='bbox 1696 297 1939 356; x_wconf 80' lang='lat' dir='ltr'><strong>SANCTI</strong></span> <span class='ocrx_word' id='word_1_3' title='bbox 1985 296 2245 356; x_wconf 74' lang='lat' dir='ltr'><strong>HILMIII</strong></span> <span class='ocrx_word' id='word_1_4' title='bbox 2299 296 2605 357; x_wconf 75' lang='lat' dir='ltr'><strong>EPISCOPI</strong></span> <span class='ocrx_word' id='word_1_5' title='bbox 3756 309 3847 366; x_wconf 62' lang='grc' dir='ltr'><strong>σε.</strong></span> 
     </span>
    </p>
   </div>
   <div class='ocr_carea' id='block_1_2' title="bbox 524 411 3832 486">
    <p class='ocr_par' dir='ltr' id='par_1_2' title="bbox 524 411 3832 486">
     <span class='ocr_line' id='line_1_2' title="bbox 524 411 3832 486; baseline 0.002 -15"><span class='ocrx_word' id='word_1_6' title='bbox 524 415 625 471; x_wconf 89' lang='lat' dir='ltr'><strong>hor</strong></span> <span class='ocrx_word' id='word_1_7' title='bbox 647 412 862 471; x_wconf 86' lang='lat' dir='ltr'><strong>Domini</strong></span> <span class='ocrx_word' id='word_1_8' title='bbox 881 420 987 480; x_wconf 91' lang='lat' dir='ltr'><strong>est,</strong></span> <span class='ocrx_word' id='word_1_9' title='bbox 1017 420 1075 468; x_wconf 93' lang='lat' dir='ltr'><strong>ut</strong></span> <span class='ocrx_word' id='word_1_10' title='bbox 1102 411 1279 468; x_wconf 99' lang='lat' dir='ltr'><strong>omnia</strong></span> <span class='ocrx_word' id='word_1_11' title='bbox 1328 413 1381 468; x_wconf 91' lang='lat' dir='ltr'><strong>in</strong></span> <span class='ocrx_word' id='word_1_12' title='bbox 1440 413 1690 469; x_wconf 79' lang='lat' dir='ltr'><strong>creandis</strong></span> <span class='ocrx_word' id='word_1_13' title='bbox 1732 414 1894 470; x_wconf 81' lang='lat' dir='ltr'><strong>rebus</strong></span> <span class='ocrx_word' id='word_1_14' title='bbox 1952 414 2117 471; x_wconf 89' lang='lat' dir='ltr'><strong>Deum</strong></span> <span class='ocrx_word' id='word_1_15' title='bbox 2145 416 2197 479; x_wconf 74' lang='grc' dir='ltr'><strong>Α</strong></span> <span class='ocrx_word' id='word_1_16' title='bbox 2222 422 2349 470; x_wconf 87' lang='lat' dir='ltr'><strong>sunt</strong></span> <span class='ocrx_word' id='word_1_17' title='bbox 2374 414 2466 485; x_wconf 93' lang='lat' dir='ltr'><strong>qui</strong></span> <span class='ocrx_word' id='word_1_18' title='bbox 2488 411 2676 485; x_wconf 79' lang='lat' dir='ltr'><strong>genuit</strong></span> <span class='ocrx_word' id='word_1_19' title='bbox 2701 422 2755 469; x_wconf 91' lang='lat' dir='ltr'><strong>et</strong></span> <span class='ocrx_word' id='word_1_20' title='bbox 2777 415 2873 486; x_wconf 92' lang='lat' dir='ltr'><strong>qui</strong></span> <span class='ocrx_word' id='word_1_21' title='bbox 2923 415 3141 485; x_wconf 76' lang='lat' dir='ltr'><strong>genitus</strong></span> <span class='ocrx_word' id='word_1_22' title='bbox 3177 423 3283 473; x_wconf 85' lang='lat' dir='ltr'><strong>est.</strong></span> <span class='ocrx_word' id='word_1_23' title='bbox 3313 416 3426 474; x_wconf 88' lang='lat' dir='ltr'><strong>Cur</strong></span> <span class='ocrx_word' id='word_1_24' title='bbox 3455 422 3705 476; x_wconf 70' lang='lat' dir='ltr'><strong>naturam</strong></span> <span class='ocrx_word' id='word_1_25' title='bbox 3733 434 3832 478; x_wconf 74' lang='lat' dir='ltr'><strong>ex-</strong></span> 
     </span>
    </p>
   </div>
   <div class='ocr_carea' id='block_1_3' title="bbox 524 504 3831 588">
    <p class='ocr_par' dir='ltr' id='par_1_3' title="bbox 524 504 3831 588">
     <span class='ocr_line' id='line_1_3' title="bbox 524 504 3831 588; baseline 0.003 -25"><span class='ocrx_word' id='word_1_26' title='bbox 524 521 687 581; x_wconf 86' lang='lat' dir='ltr'><strong>posse</strong></span> <span class='ocrx_word' id='word_1_27' title='bbox 732 516 787 562; x_wconf 97' lang='grc' dir='ltr'><strong>ιιι</strong></span> <span class='ocrx_word' id='word_1_28' title='bbox 812 505 1054 572; x_wconf 84' lang='lat' dir='ltr'><strong>sentias;</strong></span> <span class='ocrx_word' id='word_1_29' title='bbox 1084 504 1182 561; x_wconf 87' lang='lat' dir='ltr'><strong>sed</strong></span> <span class='ocrx_word' id='word_1_30' title='bbox 1225 515 1283 561; x_wconf 85' lang='grc' dir='ltr'><strong>ιιι</strong></span> <span class='ocrx_word' id='word_1_31' title='bbox 1334 504 1474 561; x_wconf 85' lang='lat' dir='ltr'><strong>scias</strong></span> <span class='ocrx_word' id='word_1_32' title='bbox 1527 505 1695 560; x_wconf 90' lang='lat' dir='ltr'><strong>Deum</strong></span> <span class='ocrx_word' id='word_1_33' title='bbox 1742 514 1947 578; x_wconf 90' lang='lat' dir='ltr'><strong>patrem</strong></span> <span class='ocrx_word' id='word_1_34' title='bbox 2004 507 2121 576; x_wconf 85' lang='lat' dir='ltr'><strong>ejus</strong></span> <span class='ocrx_word' id='word_1_35' title='bbox 2221 507 2556 564; x_wconf 79' lang='lat' dir='ltr'><strong>cludis‘icur</strong></span> <span class='ocrx_word' id='word_1_36' title='bbox 2575 510 2857 565; x_wconf 88' lang='lat' dir='ltr'><strong>veritatem</strong></span> <span class='ocrx_word' id='word_1_37' title='bbox 2885 509 3194 567; x_wconf 80' lang='lat' dir='ltr'><strong>interimis?</strong></span> <span class='ocrx_word' id='word_1_38' title='bbox 3221 512 3418 569; x_wconf 79' lang='lat' dir='ltr'><strong>Audis:</strong></span> <span class='ocrx_word' id='word_1_39' title='bbox 3458 513 3619 570; x_wconf 83' lang='lat' dir='ltr'><strong>Pater</strong></span> <span class='ocrx_word' id='word_1_40' title='bbox 3645 517 3699 572; x_wconf 79' lang='lat' dir='ltr'><strong>in</strong></span> <span class='ocrx_word' id='word_1_41' title='bbox 3727 533 3831 588; x_wconf 71' lang='lat' dir='ltr'><strong>me,</strong></span> 
     </span>
    </p>
   </div>
   <div class='ocr_carea' id='block_1_4' title="bbox 523 598 3838 678">
    <p class='ocr_par' dir='ltr' id='par_1_4' title="bbox 523 598 3838 678">
     <span class='ocr_line' id='line_1_4' title="bbox 523 598 3838 678; baseline 0.004 -20"><span class='ocrx_word' id='word_1_42' title='bbox 523 616 650 659; x_wconf 86' lang='lat' dir='ltr'><strong>esse</strong></span> <span class='ocrx_word' id='word_1_43' title='bbox 689 600 788 659; x_wconf 91' lang='lat' dir='ltr'><strong>ﬁlii</strong></span> <span class='ocrx_word' id='word_1_44' title='bbox 815 601 904 672; x_wconf 88' lang='lat' dir='ltr'><strong>qui</strong></span> <span class='ocrx_word' id='word_1_45' title='bbox 947 599 1204 672; x_wconf 85' lang='lat' dir='ltr'><strong>loquitur.</strong></span> <span class='ocrx_word' id='word_1_46' title='bbox 1238 598 1479 656; x_wconf 81' lang='lat' dir='ltr'><strong>Virtutes</strong></span> <span class='ocrx_word' id='word_1_47' title='bbox 1516 599 1571 656; x_wconf 88' lang='lat' dir='ltr'><strong>in</strong></span> <span class='ocrx_word' id='word_1_48' title='bbox 1601 600 1741 658; x_wconf 74' lang='lat' dir='ltr'><strong>omlo</strong></span> <span class='ocrx_word' id='word_1_49' title='bbox 1772 602 1950 672; x_wconf 79' lang='lat' dir='ltr'><strong>plures</strong></span> <span class='ocrx_word' id='word_1_50' title='bbox 1974 608 2120 670; x_wconf 90' lang='lat' dir='ltr'><strong>sunt,</strong></span> <span class='ocrx_word' id='word_1_51' title='bbox 2223 612 2272 658; x_wconf 87' lang='lat' dir='ltr'><strong>et</strong></span> <span class='ocrx_word' id='word_1_52' title='bbox 2292 618 2386 675; x_wconf 86' lang='lat' dir='ltr'><strong>ego</strong></span> <span class='ocrx_word' id='word_1_53' title='bbox 2404 602 2460 658; x_wconf 87' lang='lat' dir='ltr'><strong>in</strong></span> <span class='ocrx_word' id='word_1_54' title='bbox 2488 601 2648 660; x_wconf 84' lang='lat' dir='ltr'><strong>Patre</strong></span> <span class='ocrx_word' id='word_1_55' title='bbox 2672 602 2864 677; x_wconf 83' lang='lat' dir='ltr'><strong>(Ibid.,</strong></span> <span class='ocrx_word' id='word_1_56' title='bbox 2903 604 2996 678; x_wconf 74' lang='lat'><strong>58)</strong></span> <span class='ocrx_word' id='word_1_57' title='bbox 3029 621 3044 661; x_wconf 90' lang='lat'><strong>:</strong></span> <span class='ocrx_word' id='word_1_58' title='bbox 3075 614 3134 663; x_wconf 88' lang='lat' dir='ltr'><strong>et</strong></span> <span class='ocrx_word' id='word_1_59' title='bbox 3181 610 3283 664; x_wconf 90' lang='lat' dir='ltr'><strong>hoc</strong></span> <span class='ocrx_word' id='word_1_60' title='bbox 3317 609 3389 666; x_wconf 88' lang='lat' dir='ltr'><strong>de</strong></span> <span class='ocrx_word' id='word_1_61' title='bbox 3416 610 3578 668; x_wconf 84' lang='lat' dir='ltr'><strong>Patre</strong></span> <span class='ocrx_word' id='word_1_62' title='bbox 3606 621 3660 668; x_wconf 88' lang='lat' dir='ltr'><strong>et</strong></span> <span class='ocrx_word' id='word_1_63' title='bbox 3689 613 3838 672; x_wconf 83' lang='lat' dir='ltr'><strong>Filio</strong></span> 
     </span>
    </p>
   </div>
   <div class='ocr_carea' id='block_1_5' title="bbox 528 692 3829 779">
    <p class='ocr_par' dir='ltr' id='par_1_5' title="bbox 528 692 3829 779">
     <span class='ocr_line' id='line_1_5' title="bbox 528 692 3829 779; baseline 0.003 -26"><span class='ocrx_word' id='word_1_64' title='bbox 528 705 584 753; x_wconf 91' lang='lat' dir='ltr'><strong>et</strong></span> <span class='ocrx_word' id='word_1_65' title='bbox 612 694 930 761; x_wconf 87' lang='lat' dir='ltr'><strong>efﬁcientes,</strong></span> <span class='ocrx_word' id='word_1_66' title='bbox 954 702 1011 751; x_wconf 90' lang='lat' dir='ltr'><strong>et</strong></span> <span class='ocrx_word' id='word_1_67' title='bbox 1036 692 1112 767; x_wconf 85' lang='lat' dir='ltr'><strong>(a)</strong></span> <span class='ocrx_word' id='word_1_68' title='bbox 1143 703 1363 750; x_wconf 63' lang='lat' dir='ltr'><strong>aeternae</strong></span> <span class='ocrx_word' id='word_1_69' title='bbox 1388 711 1401 750; x_wconf 90' lang='lat'><strong>:</strong></span> <span class='ocrx_word' id='word_1_70' title='bbox 1430 694 1525 751; x_wconf 88' lang='lat' dir='ltr'><strong>sed</strong></span> <span class='ocrx_word' id='word_1_71' title='bbox 1550 708 1689 751; x_wconf 90' lang='lat' dir='ltr'><strong>unus</strong></span> <span class='ocrx_word' id='word_1_72' title='bbox 1710 695 2017 766; x_wconf 86' lang='lat' dir='ltr'><strong>unigenitus</strong></span> <span class='ocrx_word' id='word_1_73' title='bbox 2041 703 2126 751; x_wconf 91' lang='lat' dir='ltr'><strong>est</strong></span> <span class='ocrx_word' id='word_1_74' title='bbox 2223 695 2348 754; x_wconf 90' lang='lat' dir='ltr'><strong>Filii</strong></span> <span class='ocrx_word' id='word_1_75' title='bbox 2378 712 2544 768; x_wconf 86' lang='lat' dir='ltr'><strong>opera</strong></span> <span class='ocrx_word' id='word_1_76' title='bbox 2573 704 2858 754; x_wconf 87' lang='lat' dir='ltr'><strong>testantur.</strong></span> <span class='ocrx_word' id='word_1_77' title='bbox 2890 697 3006 755; x_wconf 88' lang='lat' dir='ltr'><strong>Non</strong></span> <span class='ocrx_word' id='word_1_78' title='bbox 3036 714 3234 771; x_wconf 90' lang='lat' dir='ltr'><strong>corpus</strong></span> <span class='ocrx_word' id='word_1_79' title='bbox 3262 700 3356 774; x_wconf 87' lang='lat' dir='ltr'><strong>(al.</strong></span> <span class='ocrx_word' id='word_1_80' title='bbox 3387 711 3443 758; x_wconf 86' lang='grc' dir='ltr'><strong>ιιι</strong></span> <span class='ocrx_word' id='word_1_81' title='bbox 3473 704 3696 779; x_wconf 86' lang='lat' dir='ltr'><strong>corpus)</strong></span> <span class='ocrx_word' id='word_1_82' title='bbox 3731 720 3829 776; x_wconf 84' lang='lat' dir='ltr'><strong>per</strong></span> 
     </span>
    </p>
   </div>
   <div class='ocr_carea' id='block_1_6' title="bbox 528 788 3834 872">
    <p class='ocr_par' dir='ltr' id='par_1_6' title="bbox 528 788 3834 872">
     <span class='ocr_line' id='line_1_6' title="bbox 528 788 3834 872; baseline 0.004 -26"><span class='ocrx_word' id='word_1_83' title='bbox 528 790 693 857; x_wconf 83' lang='lat' dir='ltr'><strong>ﬁlius,</strong></span> <span class='ocrx_word' id='word_1_84' title='bbox 719 806 824 846; x_wconf 89' lang='lat' dir='ltr'><strong>non</strong></span> <span class='ocrx_word' id='word_1_85' title='bbox 855 804 885 845; x_wconf 89' lang='lat' dir='ltr'><strong>a</strong></span> <span class='ocrx_word' id='word_1_86' title='bbox 908 788 1123 846; x_wconf 87' lang='lat' dir='ltr'><strong>caeteris</strong></span> <span class='ocrx_word' id='word_1_87' title='bbox 1143 789 1258 844; x_wconf 79' lang='lat' dir='ltr'><strong>sols</strong></span> <span class='ocrx_word' id='word_1_88' title='bbox 1286 788 1545 845; x_wconf 80' lang='lat' dir='ltr'><strong>diﬁ&#39;erens</strong></span> <span class='ocrx_word' id='word_1_89' title='bbox 1564 799 1850 860; x_wconf 82' lang='lat' dir='ltr'><strong>potestate,</strong></span> <span class='ocrx_word' id='word_1_90' title='bbox 1884 791 2005 862; x_wconf 86' lang='lat' dir='ltr'><strong>quia</strong></span> <span class='ocrx_word' id='word_1_91' title='bbox 2031 805 2126 862; x_wconf 89' lang='lat' dir='ltr'><strong>per</strong></span> <span class='ocrx_word' id='word_1_92' title='bbox 2226 790 2638 862; x_wconf 71' lang='lat' dir='ltr'><strong>intelligentiam</strong></span> <span class='ocrx_word' id='word_1_93' title='bbox 2669 800 2907 848; x_wconf 84' lang='lat' dir='ltr'><strong>nostram</strong></span> <span class='ocrx_word' id='word_1_94' title='bbox 2937 794 3153 864; x_wconf 87' lang='lat' dir='ltr'><strong>corpori</strong></span> <span class='ocrx_word' id='word_1_95' title='bbox 3182 795 3542 867; x_wconf 77' lang='lat' dir='ltr'><strong>inmittimus,</strong></span> <span class='ocrx_word' id='word_1_96' title='bbox 3567 814 3747 872; x_wconf 90' lang='lat' dir='ltr'><strong>neque</strong></span> <span class='ocrx_word' id='word_1_97' title='bbox 3773 810 3834 858; x_wconf 89' lang='lat' dir='ltr'><strong>ut</strong></span> 
     </span>
    </p>
   </div>
   <div class='ocr_carea' id='block_1_7' title="bbox 529 877 2122 958">
    <p class='ocr_par' dir='ltr' id='par_1_7' title="bbox 529 877 2122 958">
     <span class='ocr_line' id='line_1_7' title="bbox 529 877 2122 958; baseline -0.001 -14"><span class='ocrx_word' id='word_1_98' title='bbox 529 903 650 944; x_wconf 91' lang='lat' dir='ltr'><strong>eum</strong></span> <span class='ocrx_word' id='word_1_99' title='bbox 699 877 899 942; x_wconf 82' lang='lat' dir='ltr'><strong>cuncta</strong></span> <span class='ocrx_word' id='word_1_100' title='bbox 938 895 1085 943; x_wconf 88' lang='lat' dir='ltr'><strong>sunt.</strong></span> <span class='ocrx_word' id='word_1_101' title='bbox 1133 885 1238 944; x_wconf 85' lang='lat' dir='ltr'><strong>Sed</strong></span> <span class='ocrx_word' id='word_1_102' title='bbox 1287 887 1410 958; x_wconf 89' lang='lat' dir='ltr'><strong>quia</strong></span> <span class='ocrx_word' id='word_1_103' title='bbox 1460 900 1622 942; x_wconf 88' lang='lat' dir='ltr'><strong>verus</strong></span> <span class='ocrx_word' id='word_1_104' title='bbox 1663 896 1804 942; x_wconf 90' lang='lat' dir='ltr'><strong>unus</strong></span> <span class='ocrx_word' id='word_1_105' title='bbox 1836 894 1922 943; x_wconf 87' lang='lat' dir='ltr'><strong>est</strong></span> <span class='ocrx_word' id='word_1_106' title='bbox 1959 886 2122 953; x_wconf 88' lang='lat' dir='ltr'><strong>ﬁlius,</strong></span> 
     </span>
    </p>
   </div>
   <div class='ocr_carea' id='block_1_8' title="bbox 529 978 2128 1052">
    <p class='ocr_par' dir='ltr' id='par_1_8' title="bbox 529 978 2128 1052">
     <span class='ocr_line' id='line_1_8' title="bbox 529 978 2128 1052; baseline -0.001 -17"><span class='ocrx_word' id='word_1_107' title='bbox 529 995 637 1036; x_wconf 90' lang='lat' dir='ltr'><strong>non</strong></span> <span class='ocrx_word' id='word_1_108' title='bbox 665 980 738 1052; x_wconf 72' lang='grc' dir='ltr'><strong>(ὁ)</strong></span> <span class='ocrx_word' id='word_1_109' title='bbox 771 980 863 1035; x_wconf 84' lang='lat' dir='ltr'><strong>ﬁat</strong></span> <span class='ocrx_word' id='word_1_110' title='bbox 908 978 1146 1051; x_wconf 78' lang='lat' dir='ltr'><strong>degener</strong></span> <span class='ocrx_word' id='word_1_111' title='bbox 1175 1020 1190 1047; x_wconf 93' lang='lat'><strong>,</strong></span> <span class='ocrx_word' id='word_1_112' title='bbox 1240 988 1298 1036; x_wconf 85' lang='lat' dir='ltr'><strong>ut</strong></span> <span class='ocrx_word' id='word_1_113' title='bbox 1345 987 1502 1035; x_wconf 87' lang='lat' dir='ltr'><strong>natus</strong></span> <span class='ocrx_word' id='word_1_114' title='bbox 1549 992 1617 1037; x_wconf 78' lang='lat' dir='ltr'><strong>ex</strong></span> <span class='ocrx_word' id='word_1_115' title='bbox 1670 979 1841 1036; x_wconf 90' lang='lat' dir='ltr'><strong>nihilo</strong></span> <span class='ocrx_word' id='word_1_116' title='bbox 1879 981 1968 1035; x_wconf 90' lang='lat' dir='ltr'><strong>sit.</strong></span> <span class='ocrx_word' id='word_1_117' title='bbox 2013 980 2128 1035; x_wconf 80' lang='lat' dir='ltr'><strong>Au-</strong></span> 
     </span>
    </p>
   </div>
   <div class='ocr_carea' id='block_1_9' title="bbox 530 1071 2126 1144">
    <p class='ocr_par' dir='ltr' id='par_1_9' title="bbox 530 1071 2126 1144">
     <span class='ocr_line' id='line_1_9' title="bbox 530 1071 2126 1144; baseline 0 -15"><span class='ocrx_word' id='word_1_118' title='bbox 530 1072 616 1129; x_wconf 88' lang='lat' dir='ltr'><strong>dis</strong></span> <span class='ocrx_word' id='word_1_119' title='bbox 638 1072 883 1129; x_wconf 89' lang='lat' dir='ltr'><strong>Filium:</strong></span> <span class='ocrx_word' id='word_1_120' title='bbox 929 1072 1093 1129; x_wconf 85' lang='lat' dir='ltr'><strong>crede</strong></span> <span class='ocrx_word' id='word_1_121' title='bbox 1141 1074 1268 1144; x_wconf 87' lang='lat' dir='ltr'><strong>quia</strong></span> <span class='ocrx_word' id='word_1_122' title='bbox 1315 1072 1459 1129; x_wconf 89' lang='lat' dir='ltr'><strong>ﬁlius</strong></span> <span class='ocrx_word' id='word_1_123' title='bbox 1502 1080 1604 1128; x_wconf 86' lang='lat' dir='ltr'><strong>est.</strong></span> <span class='ocrx_word' id='word_1_124' title='bbox 1653 1071 1823 1128; x_wconf 84' lang='lat' dir='ltr'><strong>Audis</strong></span> <span class='ocrx_word' id='word_1_125' title='bbox 1872 1073 2126 1129; x_wconf 83' lang='lat' dir='ltr'><strong>Patrem:</strong></span> 
     </span>
    </p>
   </div>
   <div class='ocr_carea' id='block_1_10' title="bbox 534 1164 2131 1237">
    <p class='ocr_par' dir='ltr' id='par_1_10' title="bbox 534 1164 2131 1237">
     <span class='ocr_line' id='line_1_10' title="bbox 534 1164 2131 1237; baseline -0.001 -15"><span class='ocrx_word' id='word_1_126' title='bbox 534 1176 807 1223; x_wconf 83' lang='lat' dir='ltr'><strong>memento</strong></span> <span class='ocrx_word' id='word_1_127' title='bbox 868 1166 994 1237; x_wconf 87' lang='lat' dir='ltr'><strong>quia</strong></span> <span class='ocrx_word' id='word_1_128' title='bbox 1064 1174 1215 1236; x_wconf 87' lang='lat' dir='ltr'><strong>pater</strong></span> <span class='ocrx_word' id='word_1_129' title='bbox 1287 1175 1392 1222; x_wconf 90' lang='lat' dir='ltr'><strong>est.</strong></span> <span class='ocrx_word' id='word_1_130' title='bbox 1438 1164 1577 1235; x_wconf 82' lang='lat' dir='ltr'><strong>Quid</strong></span> <span class='ocrx_word' id='word_1_131' title='bbox 1628 1164 1745 1221; x_wconf 81' lang='lat' dir='ltr'><strong>istis</strong></span> <span class='ocrx_word' id='word_1_132' title='bbox 1824 1164 2131 1220; x_wconf 88' lang='lat' dir='ltr'><strong>nominibus</strong></span> 
     </span>
    </p>
   </div>
   <div class='ocr_carea' id='block_1_11' title="bbox 532 1258 2133 1332">
    <p class='ocr_par' dir='ltr' id='par_1_11' title="bbox 532 1258 2133 1332">
     <span class='ocr_line' id='line_1_11' title="bbox 532 1258 2133 1332; baseline -0.003 -14"><span class='ocrx_word' id='word_1_133' title='bbox 532 1259 920 1332; x_wconf 87' lang='lat' dir='ltr'><strong>suspicionem,</strong></span> <span class='ocrx_word' id='word_1_134' title='bbox 952 1260 1236 1328; x_wconf 83' lang='lat' dir='ltr'><strong>malitiam,</strong></span> <span class='ocrx_word' id='word_1_135' title='bbox 1267 1259 1549 1315; x_wconf 81' lang='lat' dir='ltr'><strong>audaciam</strong></span> <span class='ocrx_word' id='word_1_136' title='bbox 1571 1258 1893 1315; x_wconf 82' lang='lat' dir='ltr'><strong>interseris?</strong></span> <span class='ocrx_word' id='word_1_137' title='bbox 1927 1259 2133 1314; x_wconf 84' lang='lat' dir='ltr'><strong>Secun-</strong></span> 
     </span>
    </p>
   </div>
   <div class='ocr_carea' id='block_1_12' title="bbox 534 1351 2133 1426">
    <p class='ocr_par' dir='ltr' id='par_1_12' title="bbox 534 1351 2133 1426">
     <span class='ocr_line' id='line_1_12' title="bbox 534 1351 2133 1426; baseline -0.002 -15"><span class='ocrx_word' id='word_1_138' title='bbox 534 1355 665 1411; x_wconf 91' lang='lat' dir='ltr'><strong>dum</strong></span> <span class='ocrx_word' id='word_1_139' title='bbox 712 1365 921 1410; x_wconf 69' lang='lat' dir='ltr'><strong>natura:</strong></span> <span class='ocrx_word' id='word_1_140' title='bbox 978 1354 1389 1426; x_wconf 71' lang='lat' dir='ltr'><strong>intelligentiam</strong></span> <span class='ocrx_word' id='word_1_141' title='bbox 1436 1355 1655 1409; x_wconf 83' lang='lat' dir='ltr'><strong>nomina</strong></span> <span class='ocrx_word' id='word_1_142' title='bbox 1704 1351 1903 1408; x_wconf 80' lang='lat' dir='ltr'><strong>divinis</strong></span> <span class='ocrx_word' id='word_1_143' title='bbox 1970 1352 2133 1409; x_wconf 81' lang='lat' dir='ltr'><strong>rebus</strong></span> 
     </span>
    </p>
   </div>
   <div class='ocr_carea' id='block_1_13' title="bbox 535 1444 2132 1520">
    <p class='ocr_par' dir='ltr' id='par_1_13' title="bbox 535 1444 2132 1520">
     <span class='ocr_line' id='line_1_13' title="bbox 535 1444 2132 1520; baseline -0.001 -17"><span class='ocrx_word' id='word_1_144' title='bbox 535 1458 714 1520; x_wconf 83' lang='lat' dir='ltr'><strong>aptata</strong></span> <span class='ocrx_word' id='word_1_145' title='bbox 762 1454 888 1503; x_wconf 82' lang='lat' dir='ltr'><strong>sunt</strong></span> <span class='ocrx_word' id='word_1_146' title='bbox 921 1444 1017 1520; x_wconf 87' lang='lat' dir='ltr'><strong>(c).</strong></span> <span class='ocrx_word' id='word_1_147' title='bbox 1068 1447 1206 1515; x_wconf 84' lang='lat' dir='ltr'><strong>Quid</strong></span> <span class='ocrx_word' id='word_1_148' title='bbox 1235 1446 1395 1502; x_wconf 76' lang='lat' dir='ltr'><strong>affers</strong></span> <span class='ocrx_word' id='word_1_149' title='bbox 1425 1447 1532 1500; x_wconf 89' lang='lat' dir='ltr'><strong>vim</strong></span> <span class='ocrx_word' id='word_1_150' title='bbox 1561 1445 1848 1501; x_wconf 88' lang='lat' dir='ltr'><strong>verborum</strong></span> <span class='ocrx_word' id='word_1_151' title='bbox 1883 1445 2132 1502; x_wconf 78' lang='lat' dir='ltr'><strong>veritati?</strong></span> 
     </span>
    </p>
   </div>
   <div class='ocr_carea' id='block_1_14' title="bbox 535 1539 2131 1610">
    <p class='ocr_par' dir='ltr' id='par_1_14' title="bbox 535 1539 2131 1610">
     <span class='ocr_line' id='line_1_14' title="bbox 535 1539 2131 1610; baseline -0.002 -12"><span class='ocrx_word' id='word_1_152' title='bbox 535 1543 703 1598; x_wconf 79' lang='lat' dir='ltr'><strong>Audis</strong></span> <span class='ocrx_word' id='word_1_153' title='bbox 728 1551 933 1609; x_wconf 86' lang='lat' dir='ltr'><strong>patrem</strong></span> <span class='ocrx_word' id='word_1_154' title='bbox 959 1551 1014 1597; x_wconf 90' lang='lat' dir='ltr'><strong>et</strong></span> <span class='ocrx_word' id='word_1_155' title='bbox 1042 1541 1211 1596; x_wconf 87' lang='lat' dir='ltr'><strong>ﬁlium</strong></span> <span class='ocrx_word' id='word_1_156' title='bbox 1240 1560 1253 1596; x_wconf 91' lang='lat'><strong>:</strong></span> <span class='ocrx_word' id='word_1_157' title='bbox 1286 1558 1351 1596; x_wconf 88' lang='lat' dir='ltr'><strong>ne</strong></span> <span class='ocrx_word' id='word_1_158' title='bbox 1388 1539 1629 1610; x_wconf 75' lang='lat' dir='ltr'><strong>ambigas</strong></span> <span class='ocrx_word' id='word_1_159' title='bbox 1653 1554 1775 1596; x_wconf 83' lang='lat' dir='ltr'><strong>esse</strong></span> <span class='ocrx_word' id='word_1_160' title='bbox 1810 1539 1955 1610; x_wconf 91' lang='lat' dir='ltr'><strong>quod</strong></span> <span class='ocrx_word' id='word_1_161' title='bbox 1992 1544 2131 1595; x_wconf 85' lang='lat' dir='ltr'><strong>nun-</strong></span> 
     </span>
    </p>
   </div>
   <div class='ocr_carea' id='block_1_15' title="bbox 534 1629 2134 1708">
    <p class='ocr_par' dir='ltr' id='par_1_15' title="bbox 534 1629 2134 1708">
     <span class='ocr_line' id='line_1_15' title="bbox 534 1629 2134 1708; baseline -0.004 -16"><span class='ocrx_word' id='word_1_162' title='bbox 534 1645 824 1708; x_wconf 88' lang='lat' dir='ltr'><strong>cupantur.</strong></span> <span class='ocrx_word' id='word_1_163' title='bbox 854 1634 1074 1692; x_wconf 85' lang='lat' dir='ltr'><strong>Summa</strong></span> <span class='ocrx_word' id='word_1_164' title='bbox 1104 1633 1522 1704; x_wconf 75' lang='lat' dir='ltr'><strong>disnensationis</strong></span> <span class='ocrx_word' id='word_1_165' title='bbox 1542 1641 1627 1689; x_wconf 88' lang='lat' dir='ltr'><strong>est</strong></span> <span class='ocrx_word' id='word_1_166' title='bbox 1651 1629 1813 1696; x_wconf 80' lang='lat' dir='ltr'><strong>Filio,</strong></span> <span class='ocrx_word' id='word_1_167' title='bbox 1839 1641 1895 1687; x_wconf 93' lang='lat' dir='ltr'><strong>ut</strong></span> <span class='ocrx_word' id='word_1_168' title='bbox 1917 1631 2134 1688; x_wconf 83' lang='lat' dir='ltr'><strong>noveris</strong></span> 
     </span>
    </p>
   </div>
   <div class='ocr_carea' id='block_1_16' title="bbox 537 1725 2133 1802">
    <p class='ocr_par' dir='ltr' id='par_1_16' title="bbox 537 1725 2133 1802">
     <span class='ocr_line' id='line_1_16' title="bbox 537 1725 2133 1802; baseline -0.006 -14"><span class='ocrx_word' id='word_1_169' title='bbox 537 1732 751 1788; x_wconf 88' lang='lat' dir='ltr'><strong>Patretn</strong></span> <span class='ocrx_word' id='word_1_170' title='bbox 775 1748 791 1786; x_wconf 95' lang='lat'><strong>:</strong></span> <span class='ocrx_word' id='word_1_171' title='bbox 817 1730 944 1802; x_wconf 89' lang='lat' dir='ltr'><strong>quid</strong></span> <span class='ocrx_word' id='word_1_172' title='bbox 973 1731 1185 1786; x_wconf 85' lang='lat' dir='ltr'><strong>irritum</strong></span> <span class='ocrx_word' id='word_1_173' title='bbox 1210 1728 1340 1785; x_wconf 85' lang='lat' dir='ltr'><strong>facis</strong></span> <span class='ocrx_word' id='word_1_174' title='bbox 1366 1742 1502 1798; x_wconf 89' lang='lat' dir='ltr'><strong>opus</strong></span> <span class='ocrx_word' id='word_1_175' title='bbox 1529 1726 1936 1798; x_wconf 77' lang='lat' dir='ltr'><strong>prophetarum,</strong></span> <span class='ocrx_word' id='word_1_176' title='bbox 1971 1725 2133 1782; x_wconf 82' lang='lat' dir='ltr'><strong>Verbi</strong></span> 
     </span>
    </p>
   </div>
   <div class='ocr_carea' id='block_1_17' title="bbox 2230 883 3834 965">
    <p class='ocr_par' dir='ltr' id='par_1_17' title="bbox 2230 883 3834 965">
     <span class='ocr_line' id='line_1_17' title="bbox 2230 883 3834 965; baseline 0.009 -29"><span class='ocrx_word' id='word_1_177' title='bbox 2230 895 2425 952; x_wconf 89' lang='lat' dir='ltr'><strong>aquam</strong></span> <span class='ocrx_word' id='word_1_178' title='bbox 2455 883 2583 939; x_wconf 88' lang='lat' dir='ltr'><strong>vino</strong></span> <span class='ocrx_word' id='word_1_179' title='bbox 2612 884 2944 941; x_wconf 86' lang='lat' dir='ltr'><strong>infundimus</strong></span> <span class='ocrx_word' id='word_1_180' title='bbox 2974 904 2987 941; x_wconf 88' lang='lat'><strong>:</strong></span> <span class='ocrx_word' id='word_1_181' title='bbox 3018 886 3115 943; x_wconf 84' lang='lat' dir='ltr'><strong>sed</strong></span> <span class='ocrx_word' id='word_1_182' title='bbox 3145 887 3391 945; x_wconf 85' lang='lat' dir='ltr'><strong>eamdem</strong></span> <span class='ocrx_word' id='word_1_183' title='bbox 3436 891 3491 945; x_wconf 87' lang='lat' dir='ltr'><strong>in</strong></span> <span class='ocrx_word' id='word_1_184' title='bbox 3527 901 3758 965; x_wconf 89' lang='lat' dir='ltr'><strong>utroque</strong></span> <span class='ocrx_word' id='word_1_185' title='bbox 3778 902 3834 951; x_wconf 86' lang='lat' dir='ltr'><strong>et</strong></span> 
     </span>
    </p>
   </div>
   <div class='ocr_carea' id='block_1_18' title="bbox 2229 977 3833 1052">
    <p class='ocr_par' dir='ltr' id='par_1_18' title="bbox 2229 977 3833 1052">
     <span class='ocr_line' id='line_1_18' title="bbox 2229 977 3833 1052; baseline 0.007 -21"><span class='ocrx_word' id='word_1_186' title='bbox 2229 977 2444 1032; x_wconf 88' lang='lat' dir='ltr'><strong>virtutis</strong></span> <span class='ocrx_word' id='word_1_187' title='bbox 2468 977 2878 1035; x_wconf 73' lang='lat' dir='ltr'><strong>similitudinem</strong></span> <span class='ocrx_word' id='word_1_188' title='bbox 2906 988 2964 1036; x_wconf 86' lang='lat' dir='ltr'><strong>et</strong></span> <span class='ocrx_word' id='word_1_189' title='bbox 2993 979 3210 1037; x_wconf 82' lang='lat' dir='ltr'><strong>deitatis</strong></span> <span class='ocrx_word' id='word_1_190' title='bbox 3232 982 3625 1052; x_wconf 78' lang='lat' dir='ltr'><strong>plenitudinem</strong></span> <span class='ocrx_word' id='word_1_191' title='bbox 3656 987 3833 1042; x_wconf 56' lang='lat' dir='ltr'><strong>eonfl-i</strong></span> 
     </span>
    </p>
   </div>
   <div class='ocr_carea' id='block_1_19' title="bbox 2230 1068 3832 1146">
    <p class='ocr_par' dir='ltr' id='par_1_19' title="bbox 2230 1068 3832 1146">
     <span class='ocr_line' id='line_1_19' title="bbox 2230 1068 3832 1146; baseline 0.006 -20"><span class='ocrx_word' id='word_1_192' title='bbox 2230 1080 2427 1126; x_wconf 89' lang='lat' dir='ltr'><strong>temur.</strong></span> <span class='ocrx_word' id='word_1_193' title='bbox 2455 1069 2647 1127; x_wconf 89' lang='lat' dir='ltr'><strong>Omnia</strong></span> <span class='ocrx_word' id='word_1_194' title='bbox 2671 1071 2816 1129; x_wconf 90' lang='lat' dir='ltr'><strong>enim</strong></span> <span class='ocrx_word' id='word_1_195' title='bbox 2867 1068 3033 1129; x_wconf 82' lang='lat' dir='ltr'><strong>Filius</strong></span> <span class='ocrx_word' id='word_1_196' title='bbox 3055 1074 3266 1146; x_wconf 80' lang='lat' dir='ltr'><strong>accepit</strong></span> <span class='ocrx_word' id='word_1_197' title='bbox 3292 1090 3320 1129; x_wconf 85' lang='grc' dir='ltr'><strong>ιι</strong></span> <span class='ocrx_word' id='word_1_198' title='bbox 3347 1075 3523 1144; x_wconf 78' lang='lat' dir='ltr'><strong>Patre,</strong></span> <span class='ocrx_word' id='word_1_199' title='bbox 3544 1085 3598 1133; x_wconf 88' lang='lat' dir='ltr'><strong>et</strong></span> <span class='ocrx_word' id='word_1_200' title='bbox 3624 1088 3707 1134; x_wconf 85' lang='lat' dir='ltr'><strong>est</strong></span> <span class='ocrx_word' id='word_1_201' title='bbox 3740 1069 3832 1135; x_wconf 74' lang='lat' dir='ltr'><strong>Dei</strong></span> 
     </span>
    </p>
   </div>
   <div class='ocr_carea' id='block_1_20' title="bbox 2231 1165 3836 1245">
    <p class='ocr_par' dir='ltr' id='par_1_20' title="bbox 2231 1165 3836 1245">
     <span class='ocr_line' id='line_1_20' title="bbox 2231 1165 3836 1245; baseline 0.004 -23"><span class='ocrx_word' id='word_1_202' title='bbox 2231 1165 2424 1230; x_wconf 87' lang='lat' dir='ltr'><strong>forma,</strong></span> <span class='ocrx_word' id='word_1_203' title='bbox 2452 1176 2508 1223; x_wconf 90' lang='lat' dir='ltr'><strong>et</strong></span> <span class='ocrx_word' id='word_1_204' title='bbox 2531 1166 2707 1239; x_wconf 79' lang='lat' dir='ltr'><strong>imago</strong></span> <span class='ocrx_word' id='word_1_205' title='bbox 2750 1168 3064 1224; x_wconf 75' lang='lat' dir='ltr'><strong>substantia:</strong></span> <span class='ocrx_word' id='word_1_206' title='bbox 3093 1170 3228 1239; x_wconf 84' lang='lat' dir='ltr'><strong>ejus.</strong></span> <span class='ocrx_word' id='word_1_207' title='bbox 3281 1169 3364 1243; x_wconf 73' lang='grc' dir='ltr'><strong>(ὃ)</strong></span> <span class='ocrx_word' id='word_1_208' title='bbox 3411 1170 3485 1245; x_wconf 94' lang='lat' dir='ltr'><strong>(g)</strong></span> <span class='ocrx_word' id='word_1_209' title='bbox 3517 1173 3648 1227; x_wconf 89' lang='lat' dir='ltr'><strong>Eum</strong></span> <span class='ocrx_word' id='word_1_210' title='bbox 3684 1175 3836 1229; x_wconf 78' lang='lat' dir='ltr'><strong>enim</strong></span> 
     </span>
    </p>
   </div>
   <div class='ocr_carea' id='block_1_21' title="bbox 2232 1261 3836 1333">
    <p class='ocr_par' dir='ltr' id='par_1_21' title="bbox 2232 1261 3836 1333">
     <span class='ocr_line' id='line_1_21' title="bbox 2232 1261 3836 1333; baseline 0.006 -18"><span class='ocrx_word' id='word_1_211' title='bbox 2232 1261 2300 1317; x_wconf 90' lang='lat' dir='ltr'><strong>ab</strong></span> <span class='ocrx_word' id='word_1_212' title='bbox 2324 1275 2391 1317; x_wconf 88' lang='lat' dir='ltr'><strong>eo</strong></span> <span class='ocrx_word' id='word_1_213' title='bbox 2417 1261 2508 1331; x_wconf 89' lang='lat' dir='ltr'><strong>qui</strong></span> <span class='ocrx_word' id='word_1_214' title='bbox 2533 1271 2613 1317; x_wconf 88' lang='lat' dir='ltr'><strong>est</strong></span> <span class='ocrx_word' id='word_1_215' title='bbox 2640 1276 2653 1316; x_wconf 73' lang='grc' dir='ltr'><strong>ι</strong></span> <span class='ocrx_word' id='word_1_216' title='bbox 2683 1263 2854 1333; x_wconf 88' lang='lat' dir='ltr'><strong>imago</strong></span> <span class='ocrx_word' id='word_1_217' title='bbox 2869 1263 3168 1319; x_wconf 68' lang='lat' dir='ltr'><strong>substantiis</strong></span> <span class='ocrx_word' id='word_1_218' title='bbox 3189 1271 3395 1320; x_wconf 84' lang='lat' dir='ltr'><strong>tantum</strong></span> <span class='ocrx_word' id='word_1_219' title='bbox 3417 1265 3482 1320; x_wconf 89' lang='lat' dir='ltr'><strong>ad</strong></span> <span class='ocrx_word' id='word_1_220' title='bbox 3505 1267 3836 1324; x_wconf 82' lang='lat' dir='ltr'><strong>subsistendi</strong></span> 
     </span>
    </p>
   </div>
   <div class='ocr_carea' id='block_1_22' title="bbox 2234 1356 3832 1428">
    <p class='ocr_par' dir='ltr' id='par_1_22' title="bbox 2234 1356 3832 1428">
     <span class='ocr_line' id='line_1_22' title="bbox 2234 1356 3832 1428; baseline 0.003 -16"><span class='ocrx_word' id='word_1_221' title='bbox 2234 1356 2415 1423; x_wconf 87' lang='lat' dir='ltr'><strong>ﬁdem,</strong></span> <span class='ocrx_word' id='word_1_222' title='bbox 2452 1372 2558 1412; x_wconf 91' lang='lat' dir='ltr'><strong>non</strong></span> <span class='ocrx_word' id='word_1_223' title='bbox 2586 1357 2751 1412; x_wconf 85' lang='lat' dir='ltr'><strong>etiam</strong></span> <span class='ocrx_word' id='word_1_224' title='bbox 2787 1357 2855 1412; x_wconf 92' lang='lat' dir='ltr'><strong>ad</strong></span> <span class='ocrx_word' id='word_1_225' title='bbox 2896 1359 3128 1428; x_wconf 87' lang='lat' dir='ltr'><strong>aliquam</strong></span> <span class='ocrx_word' id='word_1_226' title='bbox 3178 1366 3386 1414; x_wconf 75' lang='lat' dir='ltr'><strong>natura:</strong></span> <span class='ocrx_word' id='word_1_227' title='bbox 3431 1359 3832 1417; x_wconf 84' lang='lat' dir='ltr'><strong>dissimilitudi-</strong></span> 
     </span>
    </p>
   </div>
   <div class='ocr_carea' id='block_1_23' title="bbox 2235 1440 3833 1523">
    <p class='ocr_par' dir='ltr' id='par_1_23' title="bbox 2235 1440 3833 1523">
     <span class='ocr_line' id='line_1_23' title="bbox 2235 1440 3833 1523; baseline 0.003 -16"><span class='ocrx_word' id='word_1_228' title='bbox 2235 1466 2358 1507; x_wconf 86' lang='lat' dir='ltr'><strong>nem</strong></span> <span class='ocrx_word' id='word_1_229' title='bbox 2384 1451 2786 1523; x_wconf 86' lang='lat' dir='ltr'><strong>intelligendam</strong></span> <span class='ocrx_word' id='word_1_230' title='bbox 2816 1451 3091 1509; x_wconf 86' lang='lat' dir='ltr'><strong>discernit.</strong></span> <span class='ocrx_word' id='word_1_231' title='bbox 3122 1452 3341 1508; x_wconf 88' lang='lat' dir='ltr'><strong>Patrem</strong></span> <span class='ocrx_word' id='word_1_232' title='bbox 3377 1462 3558 1509; x_wconf 88' lang='lat' dir='ltr'><strong>autem</strong></span> <span class='ocrx_word' id='word_1_233' title='bbox 3589 1454 3645 1510; x_wconf 85' lang='lat' dir='ltr'><strong>in</strong></span> <span class='ocrx_word' id='word_1_234' title='bbox 3674 1440 3833 1523; x_wconf 77' lang='lat' dir='ltr'><strong>Filio,</strong></span> 
     </span>
    </p>
   </div>
   <div class='ocr_carea' id='block_1_24' title="bbox 2236 1544 3819 1618">
    <p class='ocr_par' dir='ltr' id='par_1_24' title="bbox 2236 1544 3819 1618">
     <span class='ocr_line' id='line_1_24' title="bbox 2236 1544 3819 1618; baseline 0.001 -17"><span class='ocrx_word' id='word_1_235' title='bbox 2236 1555 2292 1601; x_wconf 89' lang='lat' dir='ltr'><strong>et</strong></span> <span class='ocrx_word' id='word_1_236' title='bbox 2326 1545 2520 1601; x_wconf 83' lang='lat' dir='ltr'><strong>Filium</strong></span> <span class='ocrx_word' id='word_1_237' title='bbox 2547 1546 2597 1600; x_wconf 91' lang='lat' dir='ltr'><strong>in</strong></span> <span class='ocrx_word' id='word_1_238' title='bbox 2616 1546 2775 1602; x_wconf 89' lang='lat' dir='ltr'><strong>Patre</strong></span> <span class='ocrx_word' id='word_1_239' title='bbox 2800 1560 2945 1613; x_wconf 86' lang='lat' dir='ltr'><strong>esse,</strong></span> <span class='ocrx_word' id='word_1_240' title='bbox 2978 1544 3254 1616; x_wconf 85' lang='lat' dir='ltr'><strong>plenitudo</strong></span> <span class='ocrx_word' id='word_1_241' title='bbox 3285 1546 3337 1601; x_wconf 91' lang='lat' dir='ltr'><strong>in</strong></span> <span class='ocrx_word' id='word_1_242' title='bbox 3369 1560 3597 1618; x_wconf 88' lang='lat' dir='ltr'><strong>utroque</strong></span> <span class='ocrx_word' id='word_1_243' title='bbox 3625 1547 3819 1603; x_wconf 37' lang='lat' dir='ltr'><strong>divinis</strong></span> 
     </span>
    </p>
   </div>
   <div class='ocr_carea' id='block_1_25' title="bbox 2238 1637 3823 1709">
    <p class='ocr_par' dir='ltr' id='par_1_25' title="bbox 2238 1637 3823 1709">
     <span class='ocr_line' id='line_1_25' title="bbox 2238 1637 3823 1709; baseline 0.001 -14"><span class='ocrx_word' id='word_1_244' title='bbox 2238 1639 2361 1695; x_wconf 88' lang='lat' dir='ltr'><strong>tatis</strong></span> <span class='ocrx_word' id='word_1_245' title='bbox 2378 1637 2613 1709; x_wconf 83' lang='lat' dir='ltr'><strong>perfecta</strong></span> <span class='ocrx_word' id='word_1_246' title='bbox 2627 1644 2727 1694; x_wconf 90' lang='lat' dir='ltr'><strong>est.</strong></span> <span class='ocrx_word' id='word_1_247' title='bbox 2744 1637 2860 1694; x_wconf 80' lang='lat' dir='ltr'><strong>Non</strong></span> <span class='ocrx_word' id='word_1_248' title='bbox 2882 1639 3024 1694; x_wconf 83' lang='lat' dir='ltr'><strong>enim</strong></span> <span class='ocrx_word' id='word_1_249' title='bbox 3039 1638 3330 1694; x_wconf 85' lang='lat' dir='ltr'><strong>diminutio</strong></span> <span class='ocrx_word' id='word_1_250' title='bbox 3349 1639 3521 1696; x_wconf 82' lang='lat' dir='ltr'><strong>Patris</strong></span> <span class='ocrx_word' id='word_1_251' title='bbox 3535 1651 3618 1697; x_wconf 87' lang='lat' dir='ltr'><strong>est</strong></span> <span class='ocrx_word' id='word_1_252' title='bbox 3635 1640 3823 1707; x_wconf 82' lang='lat' dir='ltr'><strong>Filius,</strong></span> 
     </span>
    </p>
   </div>
   <div class='ocr_carea' id='block_1_26' title="bbox 2236 1730 3839 1809">
    <p class='ocr_par' dir='ltr' id='par_1_26' title="bbox 2236 1730 3839 1809">
     <span class='ocr_line' id='line_1_26' title="bbox 2236 1730 3839 1809; baseline 0.003 -22"><span class='ocrx_word' id='word_1_253' title='bbox 2236 1746 2339 1789; x_wconf 90' lang='lat' dir='ltr'><strong>nec</strong></span> <span class='ocrx_word' id='word_1_254' title='bbox 2357 1730 2526 1787; x_wconf 82' lang='lat' dir='ltr'><strong>Filius</strong></span> <span class='ocrx_word' id='word_1_255' title='bbox 2547 1732 2892 1803; x_wconf 89' lang='lat' dir='ltr'><strong>imperfectus</strong></span> <span class='ocrx_word' id='word_1_256' title='bbox 2915 1748 2946 1789; x_wconf 88' lang='lat' dir='ltr'><strong>a</strong></span> <span class='ocrx_word' id='word_1_257' title='bbox 2968 1733 3126 1790; x_wconf 84' lang='lat' dir='ltr'><strong>Patre</strong></span> <span class='ocrx_word' id='word_1_258' title='bbox 3146 1742 3247 1790; x_wconf 90' lang='lat' dir='ltr'><strong>est.</strong></span> <span class='ocrx_word' id='word_1_259' title='bbox 3269 1733 3450 1806; x_wconf 84' lang='lat' dir='ltr'><strong>Imago</strong></span> <span class='ocrx_word' id='word_1_260' title='bbox 3479 1735 3589 1790; x_wconf 84' lang='lat' dir='ltr'><strong>sola</strong></span> <span class='ocrx_word' id='word_1_261' title='bbox 3613 1734 3735 1809; x_wconf 83' lang='lat' dir='ltr'><strong>(hoc</strong></span> <span class='ocrx_word' id='word_1_262' title='bbox 3762 1738 3839 1792; x_wconf 77' lang='lat' dir='ltr'><strong>est</strong></span> 
     </span>
    </p>
   </div>
   <div class='ocr_carea' id='block_1_27' title="bbox 535 1821 3835 1896">
    <p class='ocr_par' dir='ltr' id='par_1_27' title="bbox 535 1821 3835 1896">
     <span class='ocr_line' id='line_1_27' title="bbox 535 1821 3835 1896; baseline 0.001 -14"><span class='ocrx_word' id='word_1_263' title='bbox 535 1827 984 1893; x_wconf 81' lang='lat' dir='ltr'><strong>incarnationem,</strong></span> <span class='ocrx_word' id='word_1_264' title='bbox 1008 1824 1235 1896; x_wconf 78' lang='lat' dir='ltr'><strong>virginis</strong></span> <span class='ocrx_word' id='word_1_265' title='bbox 1284 1834 1518 1893; x_wconf 91' lang='lat' dir='ltr'><strong>partum,</strong></span> <span class='ocrx_word' id='word_1_266' title='bbox 1564 1822 1819 1877; x_wconf 86' lang='lat' dir='ltr'><strong>virtutem</strong></span> <span class='ocrx_word' id='word_1_267' title='bbox 1854 1821 2130 1889; x_wconf 88' lang='lat' dir='ltr'><strong>operatio-</strong></span> <span class='ocrx_word' id='word_1_268' title='bbox 2168 1833 2210 1892; x_wconf 81' lang='grc' dir='ltr'><strong><em>Β</em></strong></span> <span class='ocrx_word' id='word_1_269' title='bbox 2238 1824 2612 1896; x_wconf 87' lang='lat' dir='ltr'><strong>solitaria)non</strong></span> <span class='ocrx_word' id='word_1_270' title='bbox 2630 1833 2735 1893; x_wconf 89' lang='lat' dir='ltr'><strong>est,</strong></span> <span class='ocrx_word' id='word_1_271' title='bbox 2759 1834 2815 1882; x_wconf 92' lang='lat' dir='ltr'><strong>et</strong></span> <span class='ocrx_word' id='word_1_272' title='bbox 2832 1826 3129 1882; x_wconf 89' lang='lat' dir='ltr'><strong>similitudo</strong></span> <span class='ocrx_word' id='word_1_273' title='bbox 3151 1843 3258 1883; x_wconf 90' lang='lat' dir='ltr'><strong>non</strong></span> <span class='ocrx_word' id='word_1_274' title='bbox 3282 1827 3382 1884; x_wconf 82' lang='lat' dir='ltr'><strong>sibi</strong></span> <span class='ocrx_word' id='word_1_275' title='bbox 3398 1838 3501 1885; x_wconf 84' lang='lat' dir='ltr'><strong>est.</strong></span> <span class='ocrx_word' id='word_1_276' title='bbox 3526 1828 3638 1886; x_wconf 86' lang='lat' dir='ltr'><strong>Deo</strong></span> <span class='ocrx_word' id='word_1_277' title='bbox 3658 1839 3835 1886; x_wconf 84' lang='lat' dir='ltr'><strong>autem</strong></span> 
     </span>
    </p>
   </div>
   <div class='ocr_carea' id='block_1_28' title="bbox 537 1914 2136 1989">
    <p class='ocr_par' dir='ltr' id='par_1_28' title="bbox 537 1914 2136 1989">
     <span class='ocr_line' id='line_1_28' title="bbox 537 1914 2136 1989; baseline -0.004 -13"><span class='ocrx_word' id='word_1_278' title='bbox 537 1934 687 1989; x_wconf 83' lang='lat' dir='ltr'><strong>num,</strong></span> <span class='ocrx_word' id='word_1_279' title='bbox 719 1928 935 1976; x_wconf 83' lang='lat' dir='ltr'><strong>crucem</strong></span> <span class='ocrx_word' id='word_1_280' title='bbox 970 1918 1171 1974; x_wconf 69' lang='lat' dir='ltr'><strong>Christi</strong></span> <span class='ocrx_word' id='word_1_281' title='bbox 1195 1917 1219 1971; x_wconf 72' lang='lat'><strong>7</strong></span> <span class='ocrx_word' id='word_1_282' title='bbox 1243 1916 1367 1974; x_wconf 87' lang='lat' dir='ltr'><strong>Tibi</strong></span> <span class='ocrx_word' id='word_1_283' title='bbox 1394 1915 1509 1972; x_wconf 64' lang='lat' dir='ltr'><strong>haec</strong></span> <span class='ocrx_word' id='word_1_284' title='bbox 1531 1914 1711 1971; x_wconf 84' lang='lat' dir='ltr'><strong>omnia</strong></span> <span class='ocrx_word' id='word_1_285' title='bbox 1742 1915 2007 1985; x_wconf 86' lang='lat' dir='ltr'><strong>impensa,</strong></span> <span class='ocrx_word' id='word_1_286' title='bbox 2043 1914 2136 1969; x_wconf 89' lang='lat' dir='ltr'><strong>tibi</strong></span> 
     </span>
    </p>
   </div>
   <div class='ocr_carea' id='block_1_29' title="bbox 538 2002 2139 2086">
    <p class='ocr_par' dir='ltr' id='par_1_29' title="bbox 538 2002 2139 2086">
     <span class='ocr_line' id='line_1_29' title="bbox 538 2002 2139 2086; baseline -0.003 -17"><span class='ocrx_word' id='word_1_287' title='bbox 538 2014 775 2086; x_wconf 64' lang='lat' dir='ltr'><strong>praestita</strong></span> <span class='ocrx_word' id='word_1_288' title='bbox 816 2022 943 2067; x_wconf 87' lang='lat' dir='ltr'><strong>sunt</strong></span> <span class='ocrx_word' id='word_1_289' title='bbox 974 2020 1071 2066; x_wconf 90' lang='lat' dir='ltr'><strong>:ut</strong></span> <span class='ocrx_word' id='word_1_290' title='bbox 1101 2024 1198 2081; x_wconf 91' lang='lat' dir='ltr'><strong>per</strong></span> <span class='ocrx_word' id='word_1_291' title='bbox 1239 2010 1358 2069; x_wconf 80' lang='lat' dir='ltr'><strong>luce</strong></span> <span class='ocrx_word' id='word_1_292' title='bbox 1403 2002 1729 2065; x_wconf 83' lang='lat' dir='ltr'><strong>manifestus</strong></span> <span class='ocrx_word' id='word_1_293' title='bbox 1779 2007 1872 2064; x_wconf 87' lang='lat' dir='ltr'><strong>tibi</strong></span> <span class='ocrx_word' id='word_1_294' title='bbox 1899 2015 1956 2065; x_wconf 91' lang='lat' dir='ltr'><strong>et</strong></span> <span class='ocrx_word' id='word_1_295' title='bbox 1980 2007 2139 2064; x_wconf 88' lang='lat' dir='ltr'><strong>Pater</strong></span> 
     </span>
    </p>
   </div>
   <div class='ocr_carea' id='block_1_30' title="bbox 536 2100 2141 2175">
    <p class='ocr_par' dir='ltr' id='par_1_30' title="bbox 536 2100 2141 2175">
     <span class='ocr_line' id='line_1_30' title="bbox 536 2100 2141 2175; baseline -0.004 -13"><span class='ocrx_word' id='word_1_296' title='bbox 536 2113 760 2162; x_wconf 88' lang='lat' dir='ltr'><strong>essetet</strong></span> <span class='ocrx_word' id='word_1_297' title='bbox 802 2104 991 2160; x_wconf 87' lang='lat' dir='ltr'><strong>Filius.</strong></span> <span class='ocrx_word' id='word_1_298' title='bbox 1032 2102 1306 2175; x_wconf 85' lang='lat' dir='ltr'><strong>Supponis</strong></span> <span class='ocrx_word' id='word_1_299' title='bbox 1333 2114 1473 2158; x_wconf 90' lang='lat' dir='ltr'><strong>nunc</strong></span> <span class='ocrx_word' id='word_1_300' title='bbox 1505 2100 1585 2173; x_wconf 81' lang='grc' dir='ltr'><strong>(ά)</strong></span> <span class='ocrx_word' id='word_1_301' title='bbox 1608 2101 1963 2168; x_wconf 87' lang='lat' dir='ltr'><strong>voluntatem,</strong></span> <span class='ocrx_word' id='word_1_302' title='bbox 1987 2114 2141 2157; x_wconf 82' lang='lat' dir='ltr'><strong>erea—</strong></span> 
     </span>
    </p>
   </div>
   <div class='ocr_carea' id='block_1_31' title="bbox 540 2192 2142 2267">
    <p class='ocr_par' dir='ltr' id='par_1_31' title="bbox 540 2192 2142 2267">
     <span class='ocr_line' id='line_1_31' title="bbox 540 2192 2142 2267; baseline -0.002 -15"><span class='ocrx_word' id='word_1_303' title='bbox 540 2199 763 2265; x_wconf 87' lang='lat' dir='ltr'><strong>tionem,</strong></span> <span class='ocrx_word' id='word_1_304' title='bbox 803 2195 1148 2267; x_wconf 84' lang='lat' dir='ltr'><strong>adoptionem</strong></span> <span class='ocrx_word' id='word_1_305' title='bbox 1179 2195 1427 2265; x_wconf 88' lang='lat' dir='ltr'><strong>:inspice</strong></span> <span class='ocrx_word' id='word_1_306' title='bbox 1468 2202 1525 2249; x_wconf 91' lang='lat' dir='ltr'><strong>et</strong></span> <span class='ocrx_word' id='word_1_307' title='bbox 1549 2192 1797 2249; x_wconf 87' lang='lat' dir='ltr'><strong>militiam</strong></span> <span class='ocrx_word' id='word_1_308' title='bbox 1838 2201 1895 2249; x_wconf 85' lang='lat' dir='ltr'><strong>et</strong></span> <span class='ocrx_word' id='word_1_309' title='bbox 1934 2195 2142 2264; x_wconf 84' lang='lat' dir='ltr'><strong>stipen-</strong></span> 
     </span>
    </p>
   </div>
   <div class='ocr_carea' id='block_1_32' title="bbox 541 2283 2143 2358">
    <p class='ocr_par' dir='ltr' id='par_1_32' title="bbox 541 2283 2143 2358">
     <span class='ocr_line' id='line_1_32' title="bbox 541 2283 2143 2358; baseline -0.004 -13"><span class='ocrx_word' id='word_1_310' title='bbox 541 2290 689 2345; x_wconf 89' lang='lat' dir='ltr'><strong>dium</strong></span> <span class='ocrx_word' id='word_1_311' title='bbox 735 2287 960 2345; x_wconf 82' lang='lat' dir='ltr'><strong>Cbristi.</strong></span> <span class='ocrx_word' id='word_1_312' title='bbox 1010 2286 1214 2357; x_wconf 84' lang='lat' dir='ltr'><strong>Nempe</strong></span> <span class='ocrx_word' id='word_1_313' title='bbox 1256 2286 1589 2358; x_wconf 85' lang='lat' dir='ltr'><strong>proclamat:</strong></span> <span class='ocrx_word' id='word_1_314' title='bbox 1618 2283 1795 2351; x_wconf 85' lang='lat' dir='ltr'><strong>Pater,</strong></span> <span class='ocrx_word' id='word_1_315' title='bbox 1819 2284 2143 2357; x_wconf 77' lang='lat' dir='ltr'><strong>manifestaui</strong></span> 
     </span>
    </p>
   </div>
   <div class='ocr_carea' id='block_1_33' title="bbox 540 2378 2145 2448">
    <p class='ocr_par' dir='ltr' id='par_1_33' title="bbox 540 2378 2145 2448">
     <span class='ocr_line' id='line_1_33' title="bbox 540 2378 2145 2448; baseline -0.002 -11"><span class='ocrx_word' id='word_1_316' title='bbox 540 2401 724 2439; x_wconf 82' lang='lat' dir='ltr'><strong>nomen</strong></span> <span class='ocrx_word' id='word_1_317' title='bbox 750 2393 896 2441; x_wconf 84' lang='lat' dir='ltr'><strong>tuum</strong></span> <span class='ocrx_word' id='word_1_318' title='bbox 943 2382 1232 2437; x_wconf 82' lang='lat' dir='ltr'><strong>hominibus</strong></span> <span class='ocrx_word' id='word_1_319' title='bbox 1256 2398 1276 2448; x_wconf 89' lang='lat'><strong><em>;</em></strong></span> <span class='ocrx_word' id='word_1_320' title='bbox 1300 2396 1408 2436; x_wconf 89' lang='lat' dir='ltr'><strong>non</strong></span> <span class='ocrx_word' id='word_1_321' title='bbox 1453 2378 1627 2444; x_wconf 88' lang='lat' dir='ltr'><strong>audis,</strong></span> <span class='ocrx_word' id='word_1_322' title='bbox 1661 2386 1962 2436; x_wconf 87' lang='lat' dir='ltr'><strong>creatorem</strong></span> <span class='ocrx_word' id='word_1_323' title='bbox 1986 2379 2145 2435; x_wconf 75' lang='lat' dir='ltr'><strong>ctele-</strong></span> 
     </span>
    </p>
   </div>
   <div class='ocr_carea' id='block_1_34' title="bbox 540 2471 2143 2542">
    <p class='ocr_par' dir='ltr' id='par_1_34' title="bbox 540 2471 2143 2542">
     <span class='ocr_line' id='line_1_34' title="bbox 540 2471 2143 2542; baseline -0.006 -7"><span class='ocrx_word' id='word_1_324' title='bbox 540 2475 704 2535; x_wconf 83' lang='lat' dir='ltr'><strong>stlum</strong></span> <span class='ocrx_word' id='word_1_325' title='bbox 730 2477 927 2533; x_wconf 76' lang='lat' dir='ltr'><strong>creasﬁ</strong></span> <span class='ocrx_word' id='word_1_326' title='bbox 949 2492 964 2542; x_wconf 66' lang='grc' dir='ltr'><strong>ι</strong></span> <span class='ocrx_word' id='word_1_327' title='bbox 990 2489 1095 2530; x_wconf 91' lang='lat' dir='ltr'><strong>non</strong></span> <span class='ocrx_word' id='word_1_328' title='bbox 1122 2474 1300 2542; x_wconf 88' lang='lat' dir='ltr'><strong>audis,</strong></span> <span class='ocrx_word' id='word_1_329' title='bbox 1322 2473 1633 2529; x_wconf 85' lang='lat' dir='ltr'><strong>effectorem</strong></span> <span class='ocrx_word' id='word_1_330' title='bbox 1657 2471 1991 2528; x_wconf 88' lang='lat' dir='ltr'><strong>terrestrium</strong></span> <span class='ocrx_word' id='word_1_331' title='bbox 2014 2471 2143 2526; x_wconf 71' lang='lat' dir='ltr'><strong>clie-</strong></span> 
     </span>
    </p>
   </div>
   <div class='ocr_carea' id='block_1_35' title="bbox 548 2553 2147 2641">
    <p class='ocr_par' dir='ltr' id='par_1_35' title="bbox 548 2553 2147 2641">
     <span class='ocr_line' id='line_1_35' title="bbox 548 2553 2147 2641; baseline -0.006 -12"><span class='ocrx_word' id='word_1_332' title='bbox 548 2572 669 2629; x_wconf 72' lang='lat' dir='ltr'><strong>ciSIi</strong></span> <span class='ocrx_word' id='word_1_333' title='bbox 696 2588 711 2638; x_wconf 90' lang='lat'><strong>;</strong></span> <span class='ocrx_word' id='word_1_334' title='bbox 742 2571 837 2628; x_wconf 89' lang='lat' dir='ltr'><strong>sed</strong></span> <span class='ocrx_word' id='word_1_335' title='bbox 883 2568 1069 2626; x_wconf 79' lang='lat' dir='ltr'><strong>audis:</strong></span> <span class='ocrx_word' id='word_1_336' title='bbox 1097 2568 1277 2637; x_wconf 81' lang='lat' dir='ltr'><strong>Pater,</strong></span> <span class='ocrx_word' id='word_1_337' title='bbox 1320 2567 1638 2641; x_wconf 80' lang='lat' dir='ltr'><strong>manifestavi</strong></span> <span class='ocrx_word' id='word_1_338' title='bbox 1678 2580 1860 2623; x_wconf 80' lang='lat' dir='ltr'><strong>nomen</strong></span> <span class='ocrx_word' id='word_1_339' title='bbox 1888 2574 2032 2622; x_wconf 86' lang='lat' dir='ltr'><strong>tuum</strong></span> <span class='ocrx_word' id='word_1_340' title='bbox 2051 2553 2147 2621; x_wconf 77' lang='lat' dir='ltr'><strong>lto-</strong></span> 
     </span>
    </p>
   </div>
   <div class='ocr_carea' id='block_1_36' title="bbox 549 2661 2146 2736">
    <p class='ocr_par' dir='ltr' id='par_1_36' title="bbox 549 2661 2146 2736">
     <span class='ocr_line' id='line_1_36' title="bbox 549 2661 2146 2736; baseline -0.003 -16"><span class='ocrx_word' id='word_1_341' title='bbox 549 2665 789 2720; x_wconf 87' lang='lat' dir='ltr'><strong>ntinibus.</strong></span> <span class='ocrx_word' id='word_1_342' title='bbox 823 2664 989 2723; x_wconf 89' lang='lat' dir='ltr'><strong>Utere</strong></span> <span class='ocrx_word' id='word_1_343' title='bbox 1018 2662 1097 2736; x_wconf 86' lang='lat' dir='ltr'><strong>(l)</strong></span> <span class='ocrx_word' id='word_1_344' title='bbox 1124 2662 1422 2721; x_wconf 86' lang='lat' dir='ltr'><strong>Salvatoris</strong></span> <span class='ocrx_word' id='word_1_345' title='bbox 1474 2663 1549 2719; x_wconf 90' lang='lat' dir='ltr'><strong>tui</strong></span> <span class='ocrx_word' id='word_1_346' title='bbox 1590 2676 1815 2718; x_wconf 89' lang='lat' dir='ltr'><strong>munere</strong></span> <span class='ocrx_word' id='word_1_347' title='bbox 1844 2679 1858 2716; x_wconf 90' lang='lat'><strong>:</strong></span> <span class='ocrx_word' id='word_1_348' title='bbox 1889 2661 2028 2719; x_wconf 88' lang='lat' dir='ltr'><strong>scito</strong></span> <span class='ocrx_word' id='word_1_349' title='bbox 2055 2676 2146 2731; x_wconf 85' lang='lat' dir='ltr'><strong>pa-</strong></span> 
     </span>
    </p>
   </div>
   <div class='ocr_carea' id='block_1_37' title="bbox 549 2755 2149 2830">
    <p class='ocr_par' dir='ltr' id='par_1_37' title="bbox 549 2755 2149 2830">
     <span class='ocr_line' id='line_1_37' title="bbox 549 2755 2149 2830; baseline -0.004 -14"><span class='ocrx_word' id='word_1_350' title='bbox 549 2771 683 2816; x_wconf 91' lang='lat' dir='ltr'><strong>trem</strong></span> <span class='ocrx_word' id='word_1_351' title='bbox 714 2772 839 2815; x_wconf 88' lang='lat' dir='ltr'><strong>esse</strong></span> <span class='ocrx_word' id='word_1_352' title='bbox 883 2758 975 2830; x_wconf 90' lang='lat' dir='ltr'><strong>qui</strong></span> <span class='ocrx_word' id='word_1_353' title='bbox 1011 2759 1218 2830; x_wconf 85' lang='lat' dir='ltr'><strong>genuit,</strong></span> <span class='ocrx_word' id='word_1_354' title='bbox 1249 2755 1418 2812; x_wconf 83' lang='lat' dir='ltr'><strong>ﬁlium</strong></span> <span class='ocrx_word' id='word_1_355' title='bbox 1449 2771 1572 2813; x_wconf 90' lang='lat' dir='ltr'><strong>esse</strong></span> <span class='ocrx_word' id='word_1_356' title='bbox 1602 2757 1690 2827; x_wconf 91' lang='lat' dir='ltr'><strong>qui</strong></span> <span class='ocrx_word' id='word_1_357' title='bbox 1720 2763 1880 2811; x_wconf 89' lang='lat' dir='ltr'><strong>natus</strong></span> <span class='ocrx_word' id='word_1_358' title='bbox 1901 2762 1986 2812; x_wconf 88' lang='lat' dir='ltr'><strong>est</strong></span> <span class='ocrx_word' id='word_1_359' title='bbox 2011 2770 2027 2823; x_wconf 83' lang='lat'><strong>;</strong></span> <span class='ocrx_word' id='word_1_360' title='bbox 2052 2769 2149 2811; x_wconf 86' lang='lat' dir='ltr'><strong>na-</strong></span> 
     </span>
    </p>
   </div>
   <div class='ocr_carea' id='block_1_38' title="bbox 548 2840 2146 2924">
    <p class='ocr_par' dir='ltr' id='par_1_38' title="bbox 548 2840 2146 2924">
     <span class='ocr_line' id='line_1_38' title="bbox 548 2840 2146 2924; baseline -0.002 -16"><span class='ocrx_word' id='word_1_361' title='bbox 548 2860 661 2908; x_wconf 89' lang='lat' dir='ltr'><strong>tum</strong></span> <span class='ocrx_word' id='word_1_362' title='bbox 692 2866 759 2907; x_wconf 81' lang='lat' dir='ltr'><strong>ex</strong></span> <span class='ocrx_word' id='word_1_363' title='bbox 782 2864 848 2907; x_wconf 89' lang='lat' dir='ltr'><strong>eo</strong></span> <span class='ocrx_word' id='word_1_364' title='bbox 877 2861 1050 2922; x_wconf 88' lang='lat' dir='ltr'><strong>patre,</strong></span> <span class='ocrx_word' id='word_1_365' title='bbox 1080 2849 1152 2923; x_wconf 86' lang='lat' dir='ltr'><strong>(e)</strong></span> <span class='ocrx_word' id='word_1_366' title='bbox 1172 2849 1261 2921; x_wconf 89' lang='lat' dir='ltr'><strong>qui</strong></span> <span class='ocrx_word' id='word_1_367' title='bbox 1290 2860 1393 2917; x_wconf 89' lang='lat' dir='ltr'><strong>est,</strong></span> <span class='ocrx_word' id='word_1_368' title='bbox 1421 2849 1499 2924; x_wconf 71' lang='lat'><strong>(:2)</strong></span> <span class='ocrx_word' id='word_1_369' title='bbox 1529 2849 1754 2907; x_wconf 86' lang='lat' dir='ltr'><strong>veritate</strong></span> <span class='ocrx_word' id='word_1_370' title='bbox 1780 2856 2003 2905; x_wconf 60' lang='lat' dir='ltr'><strong>natura).</strong></span> <span class='ocrx_word' id='word_1_371' title='bbox 2033 2840 2146 2906; x_wconf 75' lang='lat' dir='ltr'><strong>Me-</strong></span> 
     </span>
    </p>
   </div>
   <div class='ocr_carea' id='block_1_39' title="bbox 549 2941 2145 3015">
    <p class='ocr_par' dir='ltr' id='par_1_39' title="bbox 549 2941 2145 3015">
     <span class='ocr_line' id='line_1_39' title="bbox 549 2941 2145 3015; baseline -0.004 -13"><span class='ocrx_word' id='word_1_372' title='bbox 549 2956 735 3002; x_wconf 89' lang='lat' dir='ltr'><strong>mento</strong></span> <span class='ocrx_word' id='word_1_373' title='bbox 784 2959 890 3000; x_wconf 86' lang='lat' dir='ltr'><strong>non</strong></span> <span class='ocrx_word' id='word_1_374' title='bbox 943 2943 1042 3000; x_wconf 90' lang='lat' dir='ltr'><strong>tibi</strong></span> <span class='ocrx_word' id='word_1_375' title='bbox 1105 2952 1313 3015; x_wconf 88' lang='lat' dir='ltr'><strong>patrem</strong></span> <span class='ocrx_word' id='word_1_376' title='bbox 1376 2941 1778 2999; x_wconf 81' lang='lat' dir='ltr'><strong>manifestatum</strong></span> <span class='ocrx_word' id='word_1_377' title='bbox 1836 2956 1957 2998; x_wconf 86' lang='lat' dir='ltr'><strong>esse</strong></span> <span class='ocrx_word' id='word_1_378' title='bbox 2003 2941 2145 3012; x_wconf 84' lang='lat' dir='ltr'><strong>quod</strong></span> 
     </span>
    </p>
   </div>
   <div class='ocr_carea' id='block_1_40' title="bbox 550 3030 2148 3104">
    <p class='ocr_par' dir='ltr' id='par_1_40' title="bbox 550 3030 2148 3104">
     <span class='ocr_line' id='line_1_40' title="bbox 550 3030 2148 3104; baseline -0.002 -12"><span class='ocrx_word' id='word_1_379' title='bbox 550 3036 694 3092; x_wconf 90' lang='lat' dir='ltr'><strong>Deus</strong></span> <span class='ocrx_word' id='word_1_380' title='bbox 741 3043 848 3104; x_wconf 90' lang='lat' dir='ltr'><strong>est,</strong></span> <span class='ocrx_word' id='word_1_381' title='bbox 880 3033 977 3091; x_wconf 89' lang='lat' dir='ltr'><strong>sed</strong></span> <span class='ocrx_word' id='word_1_382' title='bbox 1010 3034 1177 3090; x_wconf 90' lang='lat' dir='ltr'><strong>Deum</strong></span> <span class='ocrx_word' id='word_1_383' title='bbox 1203 3033 1604 3089; x_wconf 76' lang='lat' dir='ltr'><strong>manifestatum</strong></span> <span class='ocrx_word' id='word_1_384' title='bbox 1629 3047 1753 3090; x_wconf 84' lang='lat' dir='ltr'><strong>esse</strong></span> <span class='ocrx_word' id='word_1_385' title='bbox 1804 3030 1945 3103; x_wconf 90' lang='lat' dir='ltr'><strong>quod</strong></span> <span class='ocrx_word' id='word_1_386' title='bbox 1996 3041 2148 3104; x_wconf 83' lang='lat' dir='ltr'><strong>pater</strong></span> 
     </span>
    </p>
   </div>
   <div class='ocr_carea' id='block_1_41' title="bbox 542 3135 646 3186">
    <p class='ocr_par' dir='ltr' id='par_1_41' title="bbox 542 3135 646 3186">
     <span class='ocr_line' id='line_1_41' title="bbox 542 3135 646 3186; baseline -0.019 0"><span class='ocrx_word' id='word_1_387' title='bbox 542 3135 646 3186; x_wconf 87' lang='lat' dir='ltr'><strong>est.</strong></span> 
     </span>
    </p>
   </div>
   <div class='ocr_carea' id='block_1_42' title="bbox 2240 1917 3831 1994">
    <p class='ocr_par' dir='ltr' id='par_1_42' title="bbox 2240 1917 3831 1994">
     <span class='ocr_line' id='line_1_42' title="bbox 2240 1917 3831 1994; baseline 0.005 -23"><span class='ocrx_word' id='word_1_388' title='bbox 2240 1917 2418 1973; x_wconf 89' lang='lat' dir='ltr'><strong>simile</strong></span> <span class='ocrx_word' id='word_1_389' title='bbox 2441 1917 2642 1988; x_wconf 85' lang='lat' dir='ltr'><strong>aliquid</strong></span> <span class='ocrx_word' id='word_1_390' title='bbox 2672 1930 2814 1987; x_wconf 76' lang='lat' dir='ltr'><strong>eese,</strong></span> <span class='ocrx_word' id='word_1_391' title='bbox 2848 1918 2953 1975; x_wconf 90' lang='lat' dir='ltr'><strong>nisi</strong></span> <span class='ocrx_word' id='word_1_392' title='bbox 2985 1919 3127 1990; x_wconf 88' lang='lat' dir='ltr'><strong>quod</strong></span> <span class='ocrx_word' id='word_1_393' title='bbox 3157 1935 3219 1976; x_wconf 80' lang='lat' dir='ltr'><strong>ex</strong></span> <span class='ocrx_word' id='word_1_394' title='bbox 3250 1935 3311 1977; x_wconf 91' lang='lat' dir='ltr'><strong>se</strong></span> <span class='ocrx_word' id='word_1_395' title='bbox 3336 1922 3463 1988; x_wconf 86' lang='lat' dir='ltr'><strong>erit,</strong></span> <span class='ocrx_word' id='word_1_396' title='bbox 3495 1937 3603 1978; x_wconf 90' lang='lat' dir='ltr'><strong>non</strong></span> <span class='ocrx_word' id='word_1_397' title='bbox 3636 1928 3831 1994; x_wconf 83' lang='lat' dir='ltr'><strong>potest.</strong></span> 
     </span>
    </p>
   </div>
   <div class='ocr_carea' id='block_1_43' title="bbox 2183 2011 3837 2093">
    <p class='ocr_par' dir='ltr' id='par_1_43' title="bbox 2183 2011 3837 2093">
     <span class='ocr_line' id='line_1_43' title="bbox 2183 2011 3837 2093; baseline 0.002 -26"><span class='ocrx_word' id='word_1_398' title='bbox 2183 2085 2197 2093; x_wconf 20' lang='grc' dir='ltr'><strong>ὴ</strong></span> <span class='ocrx_word' id='word_1_399' title='bbox 2238 2011 2358 2067; x_wconf 86' lang='grc' dir='ltr'>Νοιι</span> <span class='ocrx_word' id='word_1_400' title='bbox 2387 2013 2531 2067; x_wconf 88' lang='lat' dir='ltr'><strong>enim</strong></span> <span class='ocrx_word' id='word_1_401' title='bbox 2573 2011 2792 2068; x_wconf 85' lang='lat' dir='ltr'><strong>aliunde</strong></span> <span class='ocrx_word' id='word_1_402' title='bbox 2829 2022 2933 2080; x_wconf 88' lang='lat' dir='ltr'><strong>est,</strong></span> <span class='ocrx_word' id='word_1_403' title='bbox 2966 2013 3109 2084; x_wconf 90' lang='lat' dir='ltr'><strong>quod</strong></span> <span class='ocrx_word' id='word_1_404' title='bbox 3136 2014 3191 2069; x_wconf 89' lang='lat' dir='ltr'><strong>in</strong></span> <span class='ocrx_word' id='word_1_405' title='bbox 3230 2014 3482 2071; x_wconf 88' lang='lat' dir='ltr'><strong>omnibus</strong></span> <span class='ocrx_word' id='word_1_406' title='bbox 3512 2016 3687 2071; x_wconf 78' lang='lat' dir='ltr'><strong>simile</strong></span> <span class='ocrx_word' id='word_1_407' title='bbox 3710 2026 3791 2072; x_wconf 88' lang='lat' dir='ltr'><strong>est</strong></span> <span class='ocrx_word' id='word_1_408' title='bbox 3824 2033 3837 2071; x_wconf 91' lang='lat'><strong>:</strong></span> 
     </span>
    </p>
   </div>
   <div class='ocr_carea' id='block_1_44' title="bbox 2240 2102 3843 2177">
    <p class='ocr_par' dir='ltr' id='par_1_44' title="bbox 2240 2102 3843 2177">
     <span class='ocr_line' id='line_1_44' title="bbox 2240 2102 3843 2177; baseline 0.001 -15"><span class='ocrx_word' id='word_1_409' title='bbox 2240 2114 2417 2177; x_wconf 87' lang='lat' dir='ltr'><strong>neque</strong></span> <span class='ocrx_word' id='word_1_410' title='bbox 2441 2105 2812 2162; x_wconf 84' lang='lat' dir='ltr'><strong>diversitatem</strong></span> <span class='ocrx_word' id='word_1_411' title='bbox 2841 2105 3055 2162; x_wconf 86' lang='lat' dir='ltr'><strong>duobus</strong></span> <span class='ocrx_word' id='word_1_412' title='bbox 3095 2102 3383 2164; x_wconf 83' lang='lat' dir='ltr'><strong>admisceri</strong></span> <span class='ocrx_word' id='word_1_413' title='bbox 3412 2108 3634 2164; x_wconf 80' lang='lat' dir='ltr'><strong>alterius</strong></span> <span class='ocrx_word' id='word_1_414' title='bbox 3659 2108 3724 2164; x_wconf 80' lang='lat' dir='ltr'><strong>ad</strong></span> <span class='ocrx_word' id='word_1_415' title='bbox 3763 2106 3843 2164; x_wconf 54' lang='lat' dir='ltr'><strong>ala</strong></span> 
     </span>
    </p>
   </div>
   <div class='ocr_carea' id='block_1_45' title="bbox 2241 2197 3843 2271">
    <p class='ocr_par' dir='ltr' id='par_1_45' title="bbox 2241 2197 3843 2271">
     <span class='ocr_line' id='line_1_45' title="bbox 2241 2197 3843 2271; baseline 0 -16"><span class='ocrx_word' id='word_1_416' title='bbox 2241 2207 2414 2255; x_wconf 88' lang='lat' dir='ltr'><strong>terum</strong></span> <span class='ocrx_word' id='word_1_417' title='bbox 2446 2197 2744 2255; x_wconf 87' lang='lat' dir='ltr'><strong>similitudo</strong></span> <span class='ocrx_word' id='word_1_418' title='bbox 2788 2199 3068 2270; x_wconf 85' lang='lat' dir='ltr'><strong>permittit.</strong></span> <span class='ocrx_word' id='word_1_419' title='bbox 3100 2197 3179 2256; x_wconf 87' lang='lat' dir='ltr'><strong>Ne</strong></span> <span class='ocrx_word' id='word_1_420' title='bbox 3205 2199 3398 2256; x_wconf 88' lang='lat' dir='ltr'><strong>similia</strong></span> <span class='ocrx_word' id='word_1_421' title='bbox 3423 2204 3715 2271; x_wconf 78' lang='lat' dir='ltr'><strong>pet-mutes,</strong></span> <span class='ocrx_word' id='word_1_422' title='bbox 3745 2214 3843 2256; x_wconf 56' lang='lat' dir='ltr'><strong>nec</strong></span> 
     </span>
    </p>
   </div>
   <div class='ocr_carea' id='block_1_46' title="bbox 2241 2290 3843 2365">
    <p class='ocr_par' dir='ltr' id='par_1_46' title="bbox 2241 2290 3843 2365">
     <span class='ocr_line' id='line_1_46' title="bbox 2241 2290 3843 2365; baseline 0.001 -20"><span class='ocrx_word' id='word_1_423' title='bbox 2241 2306 2347 2359; x_wconf 89' lang='lat' dir='ltr'><strong>quc</strong></span> <span class='ocrx_word' id='word_1_424' title='bbox 2376 2290 2479 2346; x_wconf 89' lang='lat' dir='ltr'><strong>sibi</strong></span> <span class='ocrx_word' id='word_1_425' title='bbox 2507 2305 2573 2346; x_wconf 84' lang='lat' dir='ltr'><strong>ex</strong></span> <span class='ocrx_word' id='word_1_426' title='bbox 2631 2291 2858 2347; x_wconf 87' lang='lat' dir='ltr'><strong>veritate</strong></span> <span class='ocrx_word' id='word_1_427' title='bbox 2903 2291 3197 2348; x_wconf 85' lang='lat' dir='ltr'><strong>indiscreta</strong></span> <span class='ocrx_word' id='word_1_428' title='bbox 3253 2292 3531 2365; x_wconf 83' lang='lat' dir='ltr'><strong>disjungas</strong></span> <span class='ocrx_word' id='word_1_429' title='bbox 3560 2293 3723 2365; x_wconf 89' lang='lat' dir='ltr'><strong>:quia</strong></span> <span class='ocrx_word' id='word_1_430' title='bbox 3750 2293 3843 2364; x_wconf 87' lang='lat' dir='ltr'><strong>qui</strong></span> 
     </span>
    </p>
   </div>
   <div class='ocr_carea' id='block_1_47' title="bbox 2243 2382 3847 2456">
    <p class='ocr_par' dir='ltr' id='par_1_47' title="bbox 2243 2382 3847 2456">
     <span class='ocr_line' id='line_1_47' title="bbox 2243 2382 3847 2456; baseline 0 -15"><span class='ocrx_word' id='word_1_431' title='bbox 2243 2385 2417 2441; x_wconf 84' lang='lat' dir='ltr'><strong>dixit:</strong></span> <span class='ocrx_word' id='word_1_432' title='bbox 2446 2383 2725 2439; x_wconf 82' lang='lat' dir='ltr'><strong>Faciamus</strong></span> <span class='ocrx_word' id='word_1_433' title='bbox 2763 2382 3023 2441; x_wconf 80' lang='lat' dir='ltr'><strong>hominem</strong></span> <span class='ocrx_word' id='word_1_434' title='bbox 3051 2387 3120 2441; x_wconf 86' lang='lat' dir='ltr'><strong>ad</strong></span> <span class='ocrx_word' id='word_1_435' title='bbox 3153 2386 3422 2456; x_wconf 80' lang='lat' dir='ltr'><strong>imaginem</strong></span> <span class='ocrx_word' id='word_1_436' title='bbox 3463 2397 3508 2442; x_wconf 85' lang='lat' dir='ltr'><strong>et</strong></span> <span class='ocrx_word' id='word_1_437' title='bbox 3549 2387 3847 2442; x_wconf 82' lang='lat' dir='ltr'><strong>similitudi-</strong></span> 
     </span>
    </p>
   </div>
   <div class='ocr_carea' id='block_1_48' title="bbox 2244 2476 3844 2552">
    <p class='ocr_par' dir='ltr' id='par_1_48' title="bbox 2244 2476 3844 2552">
     <span class='ocr_line' id='line_1_48' title="bbox 2244 2476 3844 2552; baseline 0 -19"><span class='ocrx_word' id='word_1_438' title='bbox 2244 2492 2359 2534; x_wconf 85' lang='lat' dir='ltr'><strong>nem</strong></span> <span class='ocrx_word' id='word_1_439' title='bbox 2383 2486 2613 2533; x_wconf 85' lang='lat' dir='ltr'><strong>nostram</strong></span> <span class='ocrx_word' id='word_1_440' title='bbox 2634 2477 2786 2551; x_wconf 82' lang='lat' dir='ltr'><strong>(Gen.</strong></span> <span class='ocrx_word' id='word_1_441' title='bbox 2812 2493 2853 2547; x_wconf 87' lang='grc' dir='ltr'>ι,</span> <span class='ocrx_word' id='word_1_442' title='bbox 2886 2476 2983 2552; x_wconf 76' lang='grc'><strong>26)</strong></span> <span class='ocrx_word' id='word_1_443' title='bbox 3017 2521 3034 2549; x_wconf 90' lang='grc'><strong><em>,</em></strong></span> <span class='ocrx_word' id='word_1_444' title='bbox 3096 2478 3327 2536; x_wconf 89' lang='lat' dir='ltr'><strong>invicem</strong></span> <span class='ocrx_word' id='word_1_445' title='bbox 3358 2493 3479 2536; x_wconf 88' lang='lat' dir='ltr'><strong>esse</strong></span> <span class='ocrx_word' id='word_1_446' title='bbox 3504 2480 3585 2536; x_wconf 90' lang='lat' dir='ltr'><strong>sui</strong></span> <span class='ocrx_word' id='word_1_447' title='bbox 3615 2479 3844 2549; x_wconf 85' lang='lat' dir='ltr'><strong>similes,</strong></span> 
     </span>
    </p>
   </div>
   <div class='ocr_carea' id='block_1_49' title="bbox 2247 2568 3847 2642">
    <p class='ocr_par' dir='ltr' id='par_1_49' title="bbox 2247 2568 3847 2642">
     <span class='ocr_line' id='line_1_49' title="bbox 2247 2568 3847 2642; baseline 0.001 -15"><span class='ocrx_word' id='word_1_448' title='bbox 2247 2572 2301 2627; x_wconf 90' lang='lat' dir='ltr'><strong>in</strong></span> <span class='ocrx_word' id='word_1_449' title='bbox 2327 2585 2393 2628; x_wconf 89' lang='lat' dir='ltr'><strong>eo</strong></span> <span class='ocrx_word' id='word_1_450' title='bbox 2413 2569 2554 2642; x_wconf 87' lang='lat' dir='ltr'><strong>quod</strong></span> <span class='ocrx_word' id='word_1_451' title='bbox 2580 2570 2968 2627; x_wconf 83' lang='lat' dir='ltr'><strong>similitudinem</strong></span> <span class='ocrx_word' id='word_1_452' title='bbox 3011 2581 3238 2628; x_wconf 86' lang='lat' dir='ltr'><strong>nostram</strong></span> <span class='ocrx_word' id='word_1_453' title='bbox 3284 2571 3449 2638; x_wconf 87' lang='lat' dir='ltr'><strong>dicat,</strong></span> <span class='ocrx_word' id='word_1_454' title='bbox 3479 2573 3735 2629; x_wconf 87' lang='lat' dir='ltr'><strong>ostendit.</strong></span> <span class='ocrx_word' id='word_1_455' title='bbox 3771 2568 3847 2629; x_wconf 82' lang='lat' dir='ltr'><strong>Ne</strong></span> 
     </span>
    </p>
   </div>
   <div class='ocr_carea' id='block_1_50' title="bbox 2246 2663 3851 2736">
    <p class='ocr_par' dir='ltr' id='par_1_50' title="bbox 2246 2663 3851 2736">
     <span class='ocr_line' id='line_1_50' title="bbox 2246 2663 3851 2736; baseline 0.001 -16"><span class='ocrx_word' id='word_1_456' title='bbox 2246 2663 2558 2735; x_wconf 84' lang='lat' dir='ltr'><strong>contigeris,</strong></span> <span class='ocrx_word' id='word_1_457' title='bbox 2617 2680 2686 2719; x_wconf 88' lang='lat' dir='ltr'><strong>ne</strong></span> <span class='ocrx_word' id='word_1_458' title='bbox 2735 2667 3185 2734; x_wconf 86' lang='lat' dir='ltr'><strong>contreelaveris,</strong></span> <span class='ocrx_word' id='word_1_459' title='bbox 3227 2681 3295 2723; x_wconf 90' lang='lat' dir='ltr'><strong>ne</strong></span> <span class='ocrx_word' id='word_1_460' title='bbox 3344 2667 3671 2736; x_wconf 87' lang='lat' dir='ltr'><strong>corruperis.</strong></span> <span class='ocrx_word' id='word_1_461' title='bbox 3702 2666 3851 2722; x_wconf 81' lang='lat' dir='ltr'><strong>Tene</strong></span> 
     </span>
    </p>
   </div>
   <div class='ocr_carea' id='block_1_51' title="bbox 2248 2757 3850 2829">
    <p class='ocr_par' dir='ltr' id='par_1_51' title="bbox 2248 2757 3850 2829">
     <span class='ocr_line' id='line_1_51' title="bbox 2248 2757 3850 2829; baseline 0.002 -17"><span class='ocrx_word' id='word_1_462' title='bbox 2248 2765 2455 2813; x_wconf 85' lang='lat' dir='ltr'><strong>naturae</strong></span> <span class='ocrx_word' id='word_1_463' title='bbox 2481 2757 2721 2825; x_wconf 87' lang='lat' dir='ltr'><strong>nomina,</strong></span> <span class='ocrx_word' id='word_1_464' title='bbox 2757 2765 2879 2813; x_wconf 84' lang='lat' dir='ltr'><strong>tene</strong></span> <span class='ocrx_word' id='word_1_465' title='bbox 2902 2757 3026 2815; x_wconf 85' lang='lat' dir='ltr'><strong>Filii</strong></span> <span class='ocrx_word' id='word_1_466' title='bbox 3049 2759 3464 2829; x_wconf 83' lang='lat' dir='ltr'><strong>professionem.</strong></span> <span class='ocrx_word' id='word_1_467' title='bbox 3496 2759 3630 2815; x_wconf 83' lang='lat' dir='ltr'><strong>Nolo</strong></span> <span class='ocrx_word' id='word_1_468' title='bbox 3659 2759 3850 2816; x_wconf 83' lang='lat' dir='ltr'><strong>adule-</strong></span> 
     </span>
    </p>
   </div>
   <div class='ocr_carea' id='block_1_52' title="bbox 2249 2842 3849 2923">
    <p class='ocr_par' dir='ltr' id='par_1_52' title="bbox 2249 2842 3849 2923">
     <span class='ocr_line' id='line_1_52' title="bbox 2249 2842 3849 2923; baseline 0.003 -19"><span class='ocrx_word' id='word_1_469' title='bbox 2249 2848 2347 2916; x_wconf 88' lang='lat' dir='ltr'><strong>ris,</strong></span> <span class='ocrx_word' id='word_1_470' title='bbox 2378 2860 2430 2904; x_wconf 89' lang='lat' dir='ltr'><strong>ut</strong></span> <span class='ocrx_word' id='word_1_471' title='bbox 2456 2842 2649 2907; x_wconf 80' lang='lat' dir='ltr'><strong>Filium</strong></span> <span class='ocrx_word' id='word_1_472' title='bbox 2677 2849 2745 2906; x_wconf 90' lang='lat' dir='ltr'><strong>de</strong></span> <span class='ocrx_word' id='word_1_473' title='bbox 2770 2857 2860 2906; x_wconf 92' lang='lat' dir='ltr'><strong>tuo</strong></span> <span class='ocrx_word' id='word_1_474' title='bbox 2891 2847 3079 2908; x_wconf 87' lang='lat' dir='ltr'><strong>laudes</strong></span> <span class='ocrx_word' id='word_1_475' title='bbox 3112 2869 3125 2907; x_wconf 92' lang='lat'><strong>:</strong></span> <span class='ocrx_word' id='word_1_476' title='bbox 3160 2850 3300 2908; x_wconf 86' lang='lat' dir='ltr'><strong>bene</strong></span> <span class='ocrx_word' id='word_1_477' title='bbox 3340 2851 3525 2920; x_wconf 83' lang='lat' dir='ltr'><strong>habet,</strong></span> <span class='ocrx_word' id='word_1_478' title='bbox 3553 2860 3611 2908; x_wconf 91' lang='lat' dir='ltr'><strong>ut</strong></span> <span class='ocrx_word' id='word_1_479' title='bbox 3635 2851 3700 2908; x_wconf 90' lang='lat' dir='ltr'><strong>iis</strong></span> <span class='ocrx_word' id='word_1_480' title='bbox 3730 2868 3849 2923; x_wconf 73' lang='lat' dir='ltr'><strong>qua:</strong></span> 
     </span>
    </p>
   </div>
   <div class='ocr_carea' id='block_1_53' title="bbox 2250 2943 3042 3015">
    <p class='ocr_par' dir='ltr' id='par_1_53' title="bbox 2250 2943 3042 3015">
     <span class='ocr_line' id='line_1_53' title="bbox 2250 2943 3042 3015; baseline 0 -17"><span class='ocrx_word' id='word_1_481' title='bbox 2250 2952 2377 2999; x_wconf 91' lang='lat' dir='ltr'><strong>sunt</strong></span> <span class='ocrx_word' id='word_1_482' title='bbox 2405 2943 2604 3015; x_wconf 86' lang='lat' dir='ltr'><strong>scripta</strong></span> <span class='ocrx_word' id='word_1_483' title='bbox 2632 2952 2919 3000; x_wconf 89' lang='lat' dir='ltr'><strong>contentus</strong></span> <span class='ocrx_word' id='word_1_484' title='bbox 2946 2944 3042 2999; x_wconf 90' lang='lat' dir='ltr'><strong>sis.</strong></span> 
     </span>
    </p>
   </div>
   <div class='ocr_carea' id='block_1_54' title="bbox 2321 3035 3850 3111">
    <p class='ocr_par' dir='ltr' id='par_1_54' title="bbox 2321 3035 3850 3111">
     <span class='ocr_line' id='line_1_54' title="bbox 2321 3035 3850 3111; baseline 0 -20"><span class='ocrx_word' id='word_1_485' title='bbox 2321 3035 2413 3091; x_wconf 73' lang='grc'><strong>24.</strong></span> <span class='ocrx_word' id='word_1_486' title='bbox 2452 3035 2736 3092; x_wconf 84' lang='lat' dir='ltr'><strong>Prudentia</strong></span> <span class='ocrx_word' id='word_1_487' title='bbox 2757 3037 2984 3092; x_wconf 83' lang='lat' dir='ltr'><strong>humana</strong></span> <span class='ocrx_word' id='word_1_488' title='bbox 3010 3037 3063 3091; x_wconf 86' lang='lat' dir='ltr'><strong>in</strong></span> <span class='ocrx_word' id='word_1_489' title='bbox 3092 3035 3188 3091; x_wconf 85' lang='lat' dir='ltr'><strong>Dei</strong></span> <span class='ocrx_word' id='word_1_490' title='bbox 3230 3036 3379 3093; x_wconf 84' lang='lat' dir='ltr'><strong>rebus</strong></span> <span class='ocrx_word' id='word_1_491' title='bbox 3406 3036 3599 3108; x_wconf 79' lang='lat' dir='ltr'><strong>deﬁcit.</strong></span> <span class='ocrx_word' id='word_1_492' title='bbox 3650 3035 3850 3111; x_wconf 82' lang='lat' dir='ltr'><strong>Desipit</strong></span> 
     </span>
    </p>
   </div>
   <div class='ocr_carea' id='block_1_55' title="bbox 2251 3126 3853 3202">
    <p class='ocr_par' dir='ltr' id='par_1_55' title="bbox 2251 3126 3853 3202">
     <span class='ocr_line' id='line_1_55' title="bbox 2251 3126 3853 3202; baseline 0.003 -19"><span class='ocrx_word' id='word_1_493' title='bbox 2251 3128 2373 3183; x_wconf 87' lang='lat' dir='ltr'><strong>dum</strong></span> <span class='ocrx_word' id='word_1_494' title='bbox 2402 3144 2456 3183; x_wconf 85' lang='lat' dir='ltr'><strong>se</strong></span> <span class='ocrx_word' id='word_1_495' title='bbox 2482 3138 2628 3199; x_wconf 82' lang='lat' dir='ltr'><strong>putat</strong></span> <span class='ocrx_word' id='word_1_496' title='bbox 2660 3132 2940 3202; x_wconf 78' lang='lat' dir='ltr'><strong>perfectum</strong></span> <span class='ocrx_word' id='word_1_497' title='bbox 2971 3146 3169 3198; x_wconf 83' lang='lat' dir='ltr'><strong>sapere.</strong></span> <span class='ocrx_word' id='word_1_498' title='bbox 3194 3161 3264 3172; x_wconf 96' lang='lat'><strong>—</strong></span> <span class='ocrx_word' id='word_1_499' title='bbox 3294 3126 3414 3186; x_wconf 81' lang='lat' dir='ltr'><strong>Non</strong></span> <span class='ocrx_word' id='word_1_500' title='bbox 3442 3140 3527 3186; x_wconf 73' lang='grc' dir='ltr'><strong>εει</strong></span> <span class='ocrx_word' id='word_1_501' title='bbox 3571 3138 3750 3187; x_wconf 76' lang='lat' dir='ltr'><strong>antem</strong></span> <span class='ocrx_word' id='word_1_502' title='bbox 3799 3133 3853 3188; x_wconf 91' lang='lat' dir='ltr'><strong>in</strong></span> 
     </span>
    </p>
   </div>
   <div class='ocr_carea' id='block_1_56' title="bbox 620 3220 3852 3298">
    <p class='ocr_par' dir='ltr' id='par_1_56' title="bbox 620 3220 3852 3298">
     <span class='ocr_line' id='line_1_56' title="bbox 620 3220 3852 3298; baseline 0 -21"><span class='ocrx_word' id='word_1_503' title='bbox 620 3220 712 3277; x_wconf 65' lang='lat'><strong>‘15.</strong></span> <span class='ocrx_word' id='word_1_504' title='bbox 727 3220 949 3278; x_wconf 87' lang='lat' dir='ltr'><strong>Fitiusa</strong></span> <span class='ocrx_word' id='word_1_505' title='bbox 971 3220 1130 3278; x_wconf 85' lang='lat' dir='ltr'><strong>Patre</strong></span> <span class='ocrx_word' id='word_1_506' title='bbox 1149 3220 1475 3277; x_wconf 79' lang='lat' dir='ltr'><strong>subsistentia</strong></span> <span class='ocrx_word' id='word_1_507' title='bbox 1496 3237 1596 3277; x_wconf 90' lang='lat' dir='ltr'><strong>non</strong></span> <span class='ocrx_word' id='word_1_508' title='bbox 1616 3230 1803 3277; x_wconf 87' lang='lat' dir='ltr'><strong>natura</strong></span> <span class='ocrx_word' id='word_1_509' title='bbox 1818 3220 2146 3280; x_wconf 72' lang='lat' dir='ltr'><strong>discernitur.</strong></span> <span class='ocrx_word' id='word_1_510' title='bbox 2176 3233 2222 3298; x_wconf 82' lang='lat' dir='ltr'>C</span> <span class='ocrx_word' id='word_1_511' title='bbox 2253 3229 2460 3277; x_wconf 90' lang='lat' dir='ltr'><strong>tantum</strong></span> <span class='ocrx_word' id='word_1_512' title='bbox 2507 3221 2888 3278; x_wconf 86' lang='lat' dir='ltr'><strong>conﬁdendum</strong></span> <span class='ocrx_word' id='word_1_513' title='bbox 2941 3221 3225 3293; x_wconf 84' lang='lat' dir='ltr'><strong>prudentia</strong></span> <span class='ocrx_word' id='word_1_514' title='bbox 3269 3223 3525 3291; x_wconf 87' lang='lat' dir='ltr'><strong>humana,</strong></span> <span class='ocrx_word' id='word_1_515' title='bbox 3555 3234 3611 3278; x_wconf 90' lang='lat' dir='ltr'><strong>ut</strong></span> <span class='ocrx_word' id='word_1_516' title='bbox 3642 3224 3852 3294; x_wconf 77' lang='lat' dir='ltr'><strong>perfec-</strong></span> 
     </span>
    </p>
   </div>
   <div class='ocr_carea' id='block_1_57' title="bbox 556 3313 3854 3388">
    <p class='ocr_par' dir='ltr' id='par_1_57' title="bbox 556 3313 3854 3388">
     <span class='ocr_line' id='line_1_57' title="bbox 556 3313 3854 3388; baseline 0 -17"><span class='ocrx_word' id='word_1_517' title='bbox 556 3315 623 3372; x_wconf 89' lang='lat' dir='ltr'><strong>Ut</strong></span> <span class='ocrx_word' id='word_1_518' title='bbox 648 3317 842 3388; x_wconf 85' lang='lat' dir='ltr'><strong>imago,</strong></span> <span class='ocrx_word' id='word_1_519' title='bbox 872 3317 1044 3371; x_wconf 88' lang='lat' dir='ltr'><strong>omnia</strong></span> <span class='ocrx_word' id='word_1_520' title='bbox 1074 3316 1223 3371; x_wconf 80' lang='lat' dir='ltr'><strong>habet</strong></span> <span class='ocrx_word' id='word_1_521' title='bbox 1259 3330 1373 3387; x_wconf 78' lang='lat' dir='ltr'><strong>qua:</strong></span> <span class='ocrx_word' id='word_1_522' title='bbox 1436 3314 1611 3373; x_wconf 84' lang='lat' dir='ltr'><strong>Pater.</strong></span> <span class='ocrx_word' id='word_1_523' title='bbox 1641 3345 1715 3358; x_wconf 91' lang='lat'><strong>--</strong></span> <span class='ocrx_word' id='word_1_524' title='bbox 1736 3315 1907 3371; x_wconf 87' lang='lat' dir='ltr'><strong>Audis</strong></span> <span class='ocrx_word' id='word_1_525' title='bbox 1930 3332 1945 3370; x_wconf 89' lang='lat'><strong>:</strong></span> <span class='ocrx_word' id='word_1_526' title='bbox 1965 3314 2079 3385; x_wconf 87' lang='lat' dir='ltr'><strong>Ego</strong></span> <span class='ocrx_word' id='word_1_527' title='bbox 2108 3324 2157 3371; x_wconf 80' lang='lat' dir='ltr'><strong>rt</strong></span> <span class='ocrx_word' id='word_1_528' title='bbox 2260 3324 2369 3369; x_wconf 92' lang='lat' dir='ltr'><strong>tum</strong></span> <span class='ocrx_word' id='word_1_529' title='bbox 2403 3328 2462 3369; x_wconf 90' lang='lat' dir='ltr'><strong>se</strong></span> <span class='ocrx_word' id='word_1_530' title='bbox 2489 3313 2609 3384; x_wconf 87' lang='lat' dir='ltr'><strong>quis</strong></span> <span class='ocrx_word' id='word_1_531' title='bbox 2638 3322 2789 3385; x_wconf 89' lang='lat' dir='ltr'><strong>putet</strong></span> <span class='ocrx_word' id='word_1_532' title='bbox 2816 3328 3010 3386; x_wconf 89' lang='lat' dir='ltr'><strong>sapere</strong></span> <span class='ocrx_word' id='word_1_533' title='bbox 3036 3315 3179 3386; x_wconf 89' lang='lat' dir='ltr'><strong>quod</strong></span> <span class='ocrx_word' id='word_1_534' title='bbox 3206 3316 3379 3385; x_wconf 84' lang='lat' dir='ltr'><strong>sapiat</strong></span> <span class='ocrx_word' id='word_1_535' title='bbox 3408 3333 3421 3370; x_wconf 93' lang='lat'><strong>:</strong></span> <span class='ocrx_word' id='word_1_536' title='bbox 3454 3323 3508 3370; x_wconf 88' lang='lat' dir='ltr'><strong>et</strong></span> <span class='ocrx_word' id='word_1_537' title='bbox 3536 3316 3589 3371; x_wconf 92' lang='lat' dir='ltr'><strong>in</strong></span> <span class='ocrx_word' id='word_1_538' title='bbox 3613 3331 3681 3372; x_wconf 88' lang='lat' dir='ltr'><strong>eo</strong></span> <span class='ocrx_word' id='word_1_539' title='bbox 3704 3316 3854 3372; x_wconf 82' lang='lat' dir='ltr'><strong>arbi—</strong></span> 
     </span>
    </p>
   </div>
   <div class='ocr_carea' id='block_1_58' title="bbox 553 3404 2152 3481">
    <p class='ocr_par' dir='ltr' id='par_1_58' title="bbox 553 3404 2152 3481">
     <span class='ocr_line' id='line_1_58' title="bbox 553 3404 2152 3481; baseline 0 -18"><span class='ocrx_word' id='word_1_540' title='bbox 553 3409 713 3465; x_wconf 81' lang='lat' dir='ltr'><strong>Puter</strong></span> <span class='ocrx_word' id='word_1_541' title='bbox 728 3425 889 3464; x_wconf 87' lang='lat' dir='ltr'><strong>unum</strong></span> <span class='ocrx_word' id='word_1_542' title='bbox 914 3424 1090 3464; x_wconf 85' lang='lat' dir='ltr'><strong>sumus</strong></span> <span class='ocrx_word' id='word_1_543' title='bbox 1114 3407 1290 3481; x_wconf 83' lang='lat' dir='ltr'><strong>(Joan.</strong></span> <span class='ocrx_word' id='word_1_544' title='bbox 1319 3414 1347 3463; x_wconf 71' lang='grc' dir='ltr'><strong>ι</strong></span> <span class='ocrx_word' id='word_1_545' title='bbox 1366 3406 1660 3481; x_wconf 80' lang='lat' dir='ltr'><strong>,50).Quid</strong></span> <span class='ocrx_word' id='word_1_546' title='bbox 1678 3406 1939 3465; x_wconf 88' lang='lat' dir='ltr'><strong>diseiudis</strong></span> <span class='ocrx_word' id='word_1_547' title='bbox 1964 3415 2019 3464; x_wconf 85' lang='lat' dir='ltr'><strong>et</strong></span> <span class='ocrx_word' id='word_1_548' title='bbox 2036 3404 2152 3464; x_wconf 87' lang='lat' dir='ltr'><strong>dis-</strong></span> 
     </span>
    </p>
   </div>
   <div class='ocr_carea' id='block_1_59' title="bbox 555 3498 2152 3578">
    <p class='ocr_par' dir='ltr' id='par_1_59' title="bbox 555 3498 2152 3578">
     <span class='ocr_line' id='line_1_59' title="bbox 555 3498 2152 3578; baseline 0.001 -20"><span class='ocrx_word' id='word_1_549' title='bbox 555 3498 723 3559; x_wconf 86' lang='lat' dir='ltr'><strong>trahis</strong></span> <span class='ocrx_word' id='word_1_550' title='bbox 753 3501 946 3558; x_wconf 83' lang='lat' dir='ltr'><strong>Filium</strong></span> <span class='ocrx_word' id='word_1_551' title='bbox 976 3503 1187 3559; x_wconf 87' lang='lat' dir='ltr'><strong>aPatre</strong></span> <span class='ocrx_word' id='word_1_552' title='bbox 1207 3502 1356 3578; x_wconf 71' lang='lat'><strong>765</strong></span> <span class='ocrx_word' id='word_1_553' title='bbox 1378 3500 1553 3560; x_wconf 85' lang='lat' dir='ltr'><strong>Unum</strong></span> <span class='ocrx_word' id='word_1_554' title='bbox 1583 3502 1710 3559; x_wconf 90' lang='lat' dir='ltr'><strong>sunt</strong></span> <span class='ocrx_word' id='word_1_555' title='bbox 1740 3522 1753 3558; x_wconf 88' lang='lat'><strong>:</strong></span> <span class='ocrx_word' id='word_1_556' title='bbox 1782 3503 1989 3560; x_wconf 86' lang='lat' dir='ltr'><strong>scilicet</strong></span> <span class='ocrx_word' id='word_1_557' title='bbox 2009 3500 2079 3576; x_wconf 79' lang='grc' dir='ltr'><strong>(Ῑ)</strong></span> <span class='ocrx_word' id='word_1_558' title='bbox 2109 3504 2152 3559; x_wconf 87' lang='lat' dir='ltr'><strong>is</strong></span> 
     </span>
    </p>
   </div>
   <div class='ocr_carea' id='block_1_60' title="bbox 554 3594 2153 3668">
    <p class='ocr_par' dir='ltr' id='par_1_60' title="bbox 554 3594 2153 3668">
     <span class='ocr_line' id='line_1_60' title="bbox 554 3594 2153 3668; baseline -0.001 -17"><span class='ocrx_word' id='word_1_559' title='bbox 554 3596 776 3668; x_wconf 79' lang='lat' dir='ltr'><strong>quiest,</strong></span> <span class='ocrx_word' id='word_1_560' title='bbox 810 3594 940 3651; x_wconf 84' lang='lat' dir='ltr'><strong>nihil</strong></span> <span class='ocrx_word' id='word_1_561' title='bbox 970 3595 1173 3652; x_wconf 86' lang='lat' dir='ltr'><strong>habens</strong></span> <span class='ocrx_word' id='word_1_562' title='bbox 1201 3597 1344 3666; x_wconf 88' lang='lat' dir='ltr'><strong>quod</strong></span> <span class='ocrx_word' id='word_1_563' title='bbox 1382 3610 1491 3651; x_wconf 89' lang='lat' dir='ltr'><strong>non</strong></span> <span class='ocrx_word' id='word_1_564' title='bbox 1509 3596 1579 3650; x_wconf 86' lang='lat' dir='ltr'><strong>sit</strong></span> <span class='ocrx_word' id='word_1_565' title='bbox 1599 3595 1759 3651; x_wconf 85' lang='lat' dir='ltr'><strong>etiam</strong></span> <span class='ocrx_word' id='word_1_566' title='bbox 1802 3595 1856 3650; x_wconf 88' lang='lat' dir='ltr'><strong>in</strong></span> <span class='ocrx_word' id='word_1_567' title='bbox 1885 3609 1953 3652; x_wconf 89' lang='lat' dir='ltr'><strong>eo</strong></span> <span class='ocrx_word' id='word_1_568' title='bbox 1980 3610 2010 3649; x_wconf 73' lang='grc' dir='ltr'><strong>ι</strong></span> <span class='ocrx_word' id='word_1_569' title='bbox 2044 3610 2153 3665; x_wconf 89' lang='lat' dir='ltr'><strong>quo</strong></span> 
     </span>
    </p>
   </div>
   <div class='ocr_carea' id='block_1_61' title="bbox 552 3685 2154 3759">
    <p class='ocr_par' dir='ltr' id='par_1_61' title="bbox 552 3685 2154 3759">
     <span class='ocr_line' id='line_1_61' title="bbox 552 3685 2154 3759; baseline -0.003 -14"><span class='ocrx_word' id='word_1_570' title='bbox 552 3698 657 3745; x_wconf 87' lang='lat' dir='ltr'><strong>est.</strong></span> <span class='ocrx_word' id='word_1_571' title='bbox 677 3687 813 3745; x_wconf 87' lang='lat' dir='ltr'><strong>Cum</strong></span> <span class='ocrx_word' id='word_1_572' title='bbox 855 3688 1012 3744; x_wconf 89' lang='lat' dir='ltr'><strong>audis</strong></span> <span class='ocrx_word' id='word_1_573' title='bbox 1038 3687 1234 3745; x_wconf 85' lang='lat' dir='ltr'><strong>Filium</strong></span> <span class='ocrx_word' id='word_1_574' title='bbox 1258 3687 1527 3743; x_wconf 89' lang='lat' dir='ltr'><strong>dicentem</strong></span> <span class='ocrx_word' id='word_1_575' title='bbox 1557 3702 1570 3742; x_wconf 91' lang='lat'><strong>:</strong></span> <span class='ocrx_word' id='word_1_576' title='bbox 1601 3685 1714 3759; x_wconf 85' lang='lat' dir='ltr'><strong>Ego</strong></span> <span class='ocrx_word' id='word_1_577' title='bbox 1735 3696 1783 3742; x_wconf 87' lang='lat' dir='ltr'><strong>et</strong></span> <span class='ocrx_word' id='word_1_578' title='bbox 1805 3685 1964 3742; x_wconf 86' lang='lat' dir='ltr'><strong>Pater</strong></span> <span class='ocrx_word' id='word_1_579' title='bbox 1993 3690 2154 3741; x_wconf 81' lang='lat' dir='ltr'><strong>unum</strong></span> 
     </span>
    </p>
   </div>
   <div class='ocr_carea' id='block_1_62' title="bbox 550 3780 2153 3856">
    <p class='ocr_par' dir='ltr' id='par_1_62' title="bbox 550 3780 2153 3856">
     <span class='ocr_line' id='line_1_62' title="bbox 550 3780 2153 3856; baseline -0.003 -16"><span class='ocrx_word' id='word_1_580' title='bbox 550 3801 764 3853; x_wconf 86' lang='lat' dir='ltr'><strong>sumus;</strong></span> <span class='ocrx_word' id='word_1_581' title='bbox 808 3784 1058 3856; x_wconf 88' lang='lat' dir='ltr'><strong>personis</strong></span> <span class='ocrx_word' id='word_1_582' title='bbox 1085 3797 1199 3839; x_wconf 91' lang='lat' dir='ltr'><strong>rem</strong></span> <span class='ocrx_word' id='word_1_583' title='bbox 1226 3780 1598 3850; x_wconf 83' lang='lat' dir='ltr'><strong>accommoda,</strong></span> <span class='ocrx_word' id='word_1_584' title='bbox 1620 3781 1859 3852; x_wconf 90' lang='lat' dir='ltr'><strong>gignenti</strong></span> <span class='ocrx_word' id='word_1_585' title='bbox 1888 3784 1942 3836; x_wconf 88' lang='lat' dir='ltr'><strong>et</strong></span> <span class='ocrx_word' id='word_1_586' title='bbox 1970 3781 2153 3851; x_wconf 91' lang='lat' dir='ltr'><strong>genito</strong></span> 
     </span>
    </p>
   </div>
   <div class='ocr_carea' id='block_1_63' title="bbox 553 3875 2153 3950">
    <p class='ocr_par' dir='ltr' id='par_1_63' title="bbox 553 3875 2153 3950">
     <span class='ocr_line' id='line_1_63' title="bbox 553 3875 2153 3950; baseline -0.004 -15"><span class='ocrx_word' id='word_1_587' title='bbox 553 3879 906 3950; x_wconf 84' lang='lat' dir='ltr'><strong>professionis</strong></span> <span class='ocrx_word' id='word_1_588' title='bbox 929 3893 1044 3936; x_wconf 65' lang='lat' dir='ltr'><strong>suae</strong></span> <span class='ocrx_word' id='word_1_589' title='bbox 1074 3877 1325 3949; x_wconf 87' lang='lat' dir='ltr'><strong>permitte</strong></span> <span class='ocrx_word' id='word_1_590' title='bbox 1349 3875 1692 3933; x_wconf 85' lang='lat' dir='ltr'><strong>sententiam.</strong></span> <span class='ocrx_word' id='word_1_591' title='bbox 1726 3875 1848 3933; x_wconf 90' lang='lat' dir='ltr'><strong>Sint</strong></span> <span class='ocrx_word' id='word_1_592' title='bbox 1874 3889 2061 3941; x_wconf 90' lang='lat' dir='ltr'><strong>unum,</strong></span> <span class='ocrx_word' id='word_1_593' title='bbox 2093 3881 2153 3929; x_wconf 91' lang='lat' dir='ltr'><strong>ut</strong></span> 
     </span>
    </p>
   </div>
   <div class='ocr_carea' id='block_1_64' title="bbox 624 4014 1015 4157">
    <p class='ocr_par' dir='ltr' id='par_1_64' title="bbox 624 4014 1015 4157">
     <span class='ocr_line' id='line_1_64' title="bbox 624 4014 1015 4157; baseline -0.008 -84"><span class='ocrx_word' id='word_1_594' title='bbox 624 4015 704 4157; x_wconf 49' lang='grc' dir='ltr'><strong>(ιζ</strong></span> <span class='ocrx_word' id='word_1_595' title='bbox 736 4014 1015 4072; x_wconf 84' lang='lat' dir='ltr'><strong>Salutaris.</strong></span> 
     </span>
     <span class='ocr_line' id='line_1_65' title="bbox 624 4085 1015 4156; baseline 0.008 -17"><span class='ocrx_word' id='word_1_596' title='bbox 624 4089 682 4156; x_wconf 76' lang='lat'><strong>(2</strong></span> <span class='ocrx_word' id='word_1_597' title='bbox 740 4085 823 4141; x_wconf 76' lang='lat' dir='ltr'><strong>Ea:</strong></span> <span class='ocrx_word' id='word_1_598' title='bbox 850 4088 1015 4143; x_wconf 56' lang='lat' dir='ltr'><strong>verita;</strong></span> 
     </span>
    </p>
   </div>
   <div class='ocr_carea' id='block_1_65' title="bbox 624 4085 1080 4156">
    <p class='ocr_par' dir='ltr' id='par_1_65' title="bbox 624 4085 1080 4156">
     <span class='ocr_line' id='line_1_66' title="bbox 624 4085 1080 4156; baseline 0.007 -17"><span class='ocrx_word' id='word_1_599' title='bbox 624 4085 704 4156; x_wconf 76' lang='lat'><strong>(2)</strong></span> <span class='ocrx_word' id='word_1_600' title='bbox 740 4085 823 4141; x_wconf 76' lang='lat' dir='ltr'><strong>Ea;</strong></span> <span class='ocrx_word' id='word_1_601' title='bbox 850 4088 1080 4144; x_wconf 85' lang='lat' dir='ltr'><strong>veritate.</strong></span> 
     </span>
    </p>
   </div>
   <div class='ocr_carea' id='block_1_66' title="bbox 625 4197 2151 4329">
    <p class='ocr_par' dir='ltr' id='par_1_66' title="bbox 625 4197 2151 4329">
     <span class='ocr_line' id='line_1_67' title="bbox 625 4197 2151 4329; baseline -0.001 -74"><span class='ocrx_word' id='word_1_602' title='bbox 625 4201 974 4329; x_wconf 42' lang='lat' dir='ltr'><strong>ﬁeWirtutum</strong></span> <span class='ocrx_word' id='word_1_603' title='bbox 993 4203 1294 4259; x_wconf 67' lang='lat' dir='ltr'><strong>caelestium</strong></span> <span class='ocrx_word' id='word_1_604' title='bbox 1308 4200 1528 4257; x_wconf 91' lang='lat' dir='ltr'><strong>nomine</strong></span> <span class='ocrx_word' id='word_1_605' title='bbox 1540 4199 1759 4272; x_wconf 79' lang='lat' dir='ltr'><strong>angelos</strong></span> <span class='ocrx_word' id='word_1_606' title='bbox 1772 4199 1840 4256; x_wconf 85' lang='lat' dir='ltr'><strong>ab</strong></span> <span class='ocrx_word' id='word_1_607' title='bbox 1851 4197 2053 4255; x_wconf 87' lang='lat' dir='ltr'><strong>Hilario</strong></span> <span class='ocrx_word' id='word_1_608' title='bbox 2066 4199 2151 4254; x_wconf 85' lang='lat' dir='ltr'><strong>in-</strong></span> 
     </span>
     <span class='ocr_line' id='line_1_68' title="bbox 651 4268 2151 4329; baseline -0.001 -2"><span class='ocrx_word' id='word_1_609' title='bbox 651 4273 720 4329; x_wconf 76' lang='lat' dir='ltr'><strong>lai</strong></span> <span class='ocrx_word' id='word_1_610' title='bbox 732 4273 911 4329; x_wconf 82' lang='lat' dir='ltr'><strong>solere</strong></span> <span class='ocrx_word' id='word_1_611' title='bbox 925 4277 1123 4329; x_wconf 77' lang='lat' dir='ltr'><strong>saepius</strong></span> <span class='ocrx_word' id='word_1_612' title='bbox 1138 4268 1675 4329; x_wconf 69' lang='lat' dir='ltr'><strong>observavimuleas</strong></span> <span class='ocrx_word' id='word_1_613' title='bbox 1688 4272 1910 4326; x_wconf 88' lang='lat' dir='ltr'><strong>virtutes</strong></span> <span class='ocrx_word' id='word_1_614' title='bbox 1925 4280 2151 4326; x_wconf 69' lang='lat' dir='ltr'><strong>aeternas</strong></span> 
     </span>
    </p>
   </div>
   <div class='ocr_carea' id='block_1_67' title="bbox 554 4268 2153 4345">
    <p class='ocr_par' dir='ltr' id='par_1_67' title="bbox 554 4268 2153 4345">
     <span class='ocr_line' id='line_1_69' title="bbox 554 4268 2153 4345; baseline -0.003 -14"><span class='ocrx_word' id='word_1_615' title='bbox 554 4268 720 4343; x_wconf 78' lang='lat' dir='ltr'><strong>telllgi</strong></span> <span class='ocrx_word' id='word_1_616' title='bbox 732 4273 911 4329; x_wconf 82' lang='lat' dir='ltr'><strong>solere</strong></span> <span class='ocrx_word' id='word_1_617' title='bbox 925 4277 1123 4345; x_wconf 79' lang='lat' dir='ltr'><strong>saepius</strong></span> <span class='ocrx_word' id='word_1_618' title='bbox 1138 4268 1675 4329; x_wconf 69' lang='lat' dir='ltr'><strong>observavimuleas</strong></span> <span class='ocrx_word' id='word_1_619' title='bbox 1688 4272 1910 4345; x_wconf 78' lang='lat' dir='ltr'><strong>virtutes</strong></span> <span class='ocrx_word' id='word_1_620' title='bbox 1925 4280 2153 4345; x_wconf 65' lang='lat' dir='ltr'><strong>aeternas</strong></span> 
     </span>
    </p>
   </div>
   <div class='ocr_carea' id='block_1_68' title="bbox 556 4338 2149 4417">
    <p class='ocr_par' dir='ltr' id='par_1_68' title="bbox 556 4338 2149 4417">
     <span class='ocr_line' id='line_1_70' title="bbox 556 4338 2149 4417; baseline -0.003 -16"><span class='ocrx_word' id='word_1_621' title='bbox 556 4338 847 4416; x_wconf 73' lang='lat' dir='ltr'><strong>nuncupat,</strong></span> <span class='ocrx_word' id='word_1_622' title='bbox 874 4361 977 4400; x_wconf 86' lang='lat' dir='ltr'><strong>non</strong></span> <span class='ocrx_word' id='word_1_623' title='bbox 1000 4338 1142 4417; x_wconf 79' lang='lat' dir='ltr'><strong>quod</strong></span> <span class='ocrx_word' id='word_1_624' title='bbox 1161 4359 1254 4401; x_wconf 90' lang='lat' dir='ltr'><strong>eas</strong></span> <span class='ocrx_word' id='word_1_625' title='bbox 1281 4346 1347 4398; x_wconf 91' lang='lat' dir='ltr'><strong>ab</strong></span> <span class='ocrx_word' id='word_1_626' title='bbox 1367 4353 1591 4410; x_wconf 65' lang='lat' dir='ltr'><strong>aeterno,</strong></span> <span class='ocrx_word' id='word_1_627' title='bbox 1614 4340 1707 4417; x_wconf 84' lang='lat' dir='ltr'><strong>sed</strong></span> <span class='ocrx_word' id='word_1_628' title='bbox 1727 4338 1867 4411; x_wconf 84' lang='lat' dir='ltr'><strong>quod</strong></span> <span class='ocrx_word' id='word_1_629' title='bbox 1889 4357 1993 4398; x_wconf 90' lang='lat' dir='ltr'><strong>non</strong></span> <span class='ocrx_word' id='word_1_630' title='bbox 2017 4343 2149 4417; x_wconf 79' lang='lat' dir='ltr'><strong>inte-</strong></span> 
     </span>
    </p>
   </div>
   <div class='ocr_carea' id='block_1_69' title="bbox 555 4413 2147 4487">
    <p class='ocr_par' dir='ltr' id='par_1_69' title="bbox 555 4413 2147 4487">
     <span class='ocr_line' id='line_1_71' title="bbox 555 4413 2147 4487; baseline -0.003 -14"><span class='ocrx_word' id='word_1_631' title='bbox 555 4413 755 4473; x_wconf 78' lang='lat' dir='ltr'><strong>riturus</strong></span> <span class='ocrx_word' id='word_1_632' title='bbox 799 4413 1163 4485; x_wconf 49' lang='lat' dir='ltr'><strong>cretlatCQua</strong></span> <span class='ocrx_word' id='word_1_633' title='bbox 1195 4417 1404 4473; x_wconf 88' lang='lat' dir='ltr'><strong>ratione</strong></span> <span class='ocrx_word' id='word_1_634' title='bbox 1438 4416 1489 4470; x_wconf 88' lang='lat' dir='ltr'><strong>in</strong></span> <span class='ocrx_word' id='word_1_635' title='bbox 1522 4413 1657 4487; x_wconf 82' lang='lat' dir='ltr'><strong>psal.</strong></span> <span class='ocrx_word' id='word_1_636' title='bbox 1692 4430 1872 4480; x_wconf 74' lang='lat' dir='ltr'><strong>CXXtX,</strong></span> <span class='ocrx_word' id='word_1_637' title='bbox 1924 4413 2147 4487; x_wconf 35' lang='lat' dir='ltr'><strong>numhﬁ,</strong></span> 
     </span>
    </p>
   </div>
   <div class='ocr_carea' id='block_1_70' title="bbox 557 4474 2153 4557">
    <p class='ocr_par' dir='ltr' id='par_1_70' title="bbox 557 4474 2153 4557">
     <span class='ocr_line' id='line_1_72' title="bbox 557 4474 2153 4557; baseline -0.001 -14"><span class='ocrx_word' id='word_1_638' title='bbox 557 4489 721 4544; x_wconf 86' lang='lat' dir='ltr'><strong>homo</strong></span> <span class='ocrx_word' id='word_1_639' title='bbox 765 4474 1091 4545; x_wconf 45' lang='lat' dir='ltr'><strong>secundum‘</strong></span> <span class='ocrx_word' id='word_1_640' title='bbox 1112 4488 1346 4543; x_wconf 86' lang='lat' dir='ltr'><strong>animam</strong></span> <span class='ocrx_word' id='word_1_641' title='bbox 1394 4474 1617 4543; x_wconf 60' lang='lat' dir='ltr'><strong>Meritus</strong></span> <span class='ocrx_word' id='word_1_642' title='bbox 1667 4474 2009 4557; x_wconf 45' lang='lat' dir='ltr'><strong>praedicatur.</strong></span> <span class='ocrx_word' id='word_1_643' title='bbox 2055 4474 2153 4557; x_wconf 78' lang='lat' dir='ltr'><strong>Hie</strong></span> 
     </span>
    </p>
   </div>
   <div class='ocr_carea' id='block_1_71' title="bbox 555 4556 2152 4618">
    <p class='ocr_par' dir='ltr' id='par_1_71' title="bbox 555 4556 2152 4618">
     <span class='ocr_line' id='line_1_73' title="bbox 555 4556 2152 4618; baseline -0.004 0"><span class='ocrx_word' id='word_1_644' title='bbox 555 4560 875 4618; x_wconf 78' lang='lat' dir='ltr'><strong>Arianorum</strong></span> <span class='ocrx_word' id='word_1_645' title='bbox 891 4562 1211 4616; x_wconf 87' lang='lat' dir='ltr'><strong>sententiam</strong></span> <span class='ocrx_word' id='word_1_646' title='bbox 1241 4569 1412 4618; x_wconf 89' lang='lat' dir='ltr'><strong>notat.</strong></span> <span class='ocrx_word' id='word_1_647' title='bbox 1433 4558 1726 4616; x_wconf 88' lang='lat' dir='ltr'><strong>volentium</strong></span> <span class='ocrx_word' id='word_1_648' title='bbox 1752 4557 2023 4614; x_wconf 78' lang='lat' dir='ltr'><strong>Christum</strong></span> <span class='ocrx_word' id='word_1_649' title='bbox 2051 4556 2152 4611; x_wconf 91' lang='lat' dir='ltr'><strong>hoc</strong></span> 
     </span>
    </p>
   </div>
   <div class='ocr_carea' id='block_1_72' title="bbox 558 4601 2233 4715">
    <p class='ocr_par' dir='ltr' id='par_1_72' title="bbox 558 4601 2233 4715">
     <span class='ocr_line' id='line_1_74' title="bbox 558 4601 2233 4715; baseline -0.004 -28"><span class='ocrx_word' id='word_1_650' title='bbox 558 4601 774 4715; x_wconf 52' lang='lat' dir='ltr'><strong>etiam“</strong></span> <span class='ocrx_word' id='word_1_651' title='bbox 791 4601 2152 4715; x_wconf 51' lang='grc' dir='ltr'><strong>“ἱι’ἰ›ξῇὶιέξέιὶἴιί’ίιὅᾶἔᾆιᾷἑὶῖἓῗῖιῖέῷἱιξέξξὲἱιριῖἇ</strong></span> <span class='ocrx_word' id='word_1_652' title='bbox 2178 4654 2233 4715; x_wconf 76' lang='lat' dir='ltr'><strong>D</strong></span> 
     </span>
    </p>
   </div>
   <div class='ocr_carea' id='block_1_73' title="bbox 556 4696 2153 4771">
    <p class='ocr_par' dir='ltr' id='par_1_73' title="bbox 556 4696 2153 4771">
     <span class='ocr_line' id='line_1_75' title="bbox 556 4696 2153 4771; baseline -0.004 -13"><span class='ocrx_word' id='word_1_653' title='bbox 556 4702 829 4759; x_wconf 78' lang='lat' dir='ltr'><strong>dumtaxat</strong></span> <span class='ocrx_word' id='word_1_654' title='bbox 858 4702 1115 4767; x_wconf 76' lang='lat' dir='ltr'><strong>efficiant,</strong></span> <span class='ocrx_word' id='word_1_655' title='bbox 1134 4714 1253 4757; x_wconf 83' lang='lat' dir='ltr'><strong>etim</strong></span> <span class='ocrx_word' id='word_1_656' title='bbox 1274 4701 1533 4771; x_wconf 87' lang='lat' dir='ltr'><strong>perillunt</strong></span> <span class='ocrx_word' id='word_1_657' title='bbox 1562 4696 1753 4754; x_wconf 86' lang='lat' dir='ltr'><strong>cuncta</strong></span> <span class='ocrx_word' id='word_1_658' title='bbox 1781 4699 1907 4752; x_wconf 89' lang='lat' dir='ltr'><strong>sint.</strong></span> <span class='ocrx_word' id='word_1_659' title='bbox 1938 4696 2015 4753; x_wconf 76' lang='lat' dir='ltr'><strong>Ex</strong></span> <span class='ocrx_word' id='word_1_660' title='bbox 2046 4696 2153 4764; x_wconf 82' lang='lat' dir='ltr'><strong>quo</strong></span> 
     </span>
    </p>
   </div>
   <div class='ocr_carea' id='block_1_74' title="bbox 556 4771 2154 4845">
    <p class='ocr_par' dir='ltr' id='par_1_74' title="bbox 556 4771 2154 4845">
     <span class='ocr_line' id='line_1_76' title="bbox 556 4771 2154 4845; baseline -0.005 -16"><span class='ocrx_word' id='word_1_661' title='bbox 556 4782 724 4845; x_wconf 83' lang='lat' dir='ltr'><strong>patet,</strong></span> <span class='ocrx_word' id='word_1_662' title='bbox 755 4773 895 4845; x_wconf 77' lang='lat' dir='ltr'><strong>male</strong></span> <span class='ocrx_word' id='word_1_663' title='bbox 922 4774 973 4826; x_wconf 90' lang='lat' dir='ltr'><strong>in</strong></span> <span class='ocrx_word' id='word_1_664' title='bbox 1008 4773 1155 4841; x_wconf 85' lang='lat' dir='ltr'><strong>prius</strong></span> <span class='ocrx_word' id='word_1_665' title='bbox 1179 4773 1407 4845; x_wconf 78' lang='lat' dir='ltr'><strong>vulgatis</strong></span> <span class='ocrx_word' id='word_1_666' title='bbox 1427 4771 1724 4824; x_wconf 85' lang='lat' dir='ltr'><strong>obtinuisse</strong></span> <span class='ocrx_word' id='word_1_667' title='bbox 1746 4778 1962 4838; x_wconf 78' lang='lat' dir='ltr'><strong>pereunt</strong></span> <span class='ocrx_word' id='word_1_668' title='bbox 1984 4778 2154 4845; x_wconf 78' lang='lat' dir='ltr'><strong>creata</strong></span> 
     </span>
    </p>
   </div>
   <div class='ocr_carea' id='block_1_75' title="bbox 557 4834 2114 4910">
    <p class='ocr_par' dir='ltr' id='par_1_75' title="bbox 557 4834 2114 4910">
     <span class='ocr_line' id='line_1_77' title="bbox 557 4834 2114 4910; baseline -0.004 -11"><span class='ocrx_word' id='word_1_669' title='bbox 557 4834 820 4906; x_wconf 7' lang='lat' dir='ltr'><strong>Simulubi</strong></span> <span class='ocrx_word' id='word_1_670' title='bbox 871 4856 936 4898; x_wconf 82' lang='lat' dir='ltr'><strong>ex</strong></span> <span class='ocrx_word' id='word_1_671' title='bbox 988 4834 1122 4898; x_wconf 80' lang='lat' dir='ltr'><strong>mss.</strong></span> <span class='ocrx_word' id='word_1_672' title='bbox 1157 4834 1486 4896; x_wconf 65' lang='lat' dir='ltr'><strong>restituimus</strong></span> <span class='ocrx_word' id='word_1_673' title='bbox 1511 4857 1599 4910; x_wconf 85' lang='lat' dir='ltr'><strong>per</strong></span> <span class='ocrx_word' id='word_1_674' title='bbox 1624 4834 1951 4894; x_wconf 48' lang='lat' dir='ltr'><strong>eum&#39;cmtcta</strong></span> <span class='ocrx_word' id='word_1_675' title='bbox 1977 4840 2114 4894; x_wconf 83' lang='lat' dir='ltr'><strong>sunt.</strong></span> 
     </span>
    </p>
   </div>
   <div class='ocr_carea' id='block_1_76' title="bbox 658 4910 2149 4997">
    <p class='ocr_par' dir='ltr' id='par_1_76' title="bbox 658 4910 2149 4997">
     <span class='ocr_line' id='line_1_78' title="bbox 658 4910 2149 4997; baseline -0.003 -27"><span class='ocrx_word' id='word_1_676' title='bbox 658 4915 709 4997; x_wconf 77' lang='grc' dir='ltr'><strong>ὁ)</strong></span> <span class='ocrx_word' id='word_1_677' title='bbox 724 4910 929 4997; x_wconf 49' lang='grc' dir='ltr'>ῐέίρεει</span> <span class='ocrx_word' id='word_1_678' title='bbox 943 4912 1316 4997; x_wconf 49' lang='grc' dir='ltr'>Ριιιφοιιᾳιιία</span> <span class='ocrx_word' id='word_1_679' title='bbox 1332 4912 1577 4997; x_wconf 54' lang='lat' dir='ltr'><strong>degener;</strong></span> <span class='ocrx_word' id='word_1_680' title='bbox 1598 4910 1800 4982; x_wconf 87' lang='lat' dir='ltr'><strong>absque</strong></span> <span class='ocrx_word' id='word_1_681' title='bbox 1809 4913 2149 4967; x_wconf 87' lang='lat' dir='ltr'><strong>auctoritate.</strong></span> 
     </span>
    </p>
   </div>
   <div class='ocr_carea' id='block_1_77' title="bbox 658 4980 1558 5057">
    <p class='ocr_par' dir='ltr' id='par_1_77' title="bbox 658 4980 1558 5057">
     <span class='ocr_line' id='line_1_79' title="bbox 658 4980 1558 5057; baseline -0.003 -15"><span class='ocrx_word' id='word_1_682' title='bbox 658 4980 706 5057; x_wconf 78' lang='grc' dir='ltr'>ε)</span> <span class='ocrx_word' id='word_1_683' title='bbox 738 4980 812 5042; x_wconf 74' lang='lat' dir='ltr'><strong>Ita</strong></span> <span class='ocrx_word' id='word_1_684' title='bbox 836 4992 966 5042; x_wconf 79' lang='lat' dir='ltr'><strong>mSS.</strong></span> <span class='ocrx_word' id='word_1_685' title='bbox 999 4988 1065 5040; x_wconf 84' lang='lat' dir='ltr'><strong>At</strong></span> <span class='ocrx_word' id='word_1_686' title='bbox 1086 4980 1238 5050; x_wconf 80' lang='lat' dir='ltr'><strong>editi,</strong></span> <span class='ocrx_word' id='word_1_687' title='bbox 1268 4980 1558 5057; x_wconf 48' lang='lat' dir='ltr'><strong>apta&#39;sunt.</strong></span> 
     </span>
    </p>
   </div>
   <div class='ocr_carea' id='block_1_78' title="bbox 701 5052 2155 5131">
    <p class='ocr_par' dir='ltr' id='par_1_78' title="bbox 701 5052 2155 5131">
     <span class='ocr_line' id='line_1_80' title="bbox 701 5052 2155 5131; baseline -0.002 -18"><span class='ocrx_word' id='word_1_688' title='bbox 701 5058 719 5131; x_wconf 89' lang='lat'><strong>)</strong></span> <span class='ocrx_word' id='word_1_689' title='bbox 747 5060 800 5113; x_wconf 89' lang='lat' dir='ltr'><strong>In</strong></span> <span class='ocrx_word' id='word_1_690' title='bbox 822 5075 924 5114; x_wconf 91' lang='lat' dir='ltr'><strong>ms.</strong></span> <span class='ocrx_word' id='word_1_691' title='bbox 941 5056 1164 5114; x_wconf 84' lang='lat' dir='ltr'><strong>Carnut.</strong></span> <span class='ocrx_word' id='word_1_692' title='bbox 1181 5052 1472 5131; x_wconf 73' lang='lat' dir='ltr'><strong>uoluntate:</strong></span> <span class='ocrx_word' id='word_1_693' title='bbox 1491 5055 1579 5112; x_wconf 89' lang='lat' dir='ltr'><strong>cui</strong></span> <span class='ocrx_word' id='word_1_694' title='bbox 1609 5054 1826 5131; x_wconf 78' lang='lat' dir='ltr'><strong>lectioni</strong></span> <span class='ocrx_word' id='word_1_695' title='bbox 1849 5052 1993 5131; x_wconf 80' lang='lat' dir='ltr'><strong>favet</strong></span> <span class='ocrx_word' id='word_1_696' title='bbox 2011 5052 2155 5125; x_wconf 87' lang='lat' dir='ltr'><strong>quod</strong></span> 
     </span>
    </p>
   </div>
   <div class='ocr_carea' id='block_1_79' title="bbox 564 5125 2157 5199">
    <p class='ocr_par' dir='ltr' id='par_1_79' title="bbox 564 5125 2157 5199">
     <span class='ocr_line' id='line_1_81' title="bbox 564 5125 2157 5199; baseline -0.004 -11"><span class='ocrx_word' id='word_1_697' title='bbox 564 5125 717 5189; x_wconf 73' lang='lat' dir='ltr'><strong>initio</strong></span> <span class='ocrx_word' id='word_1_698' title='bbox 745 5132 902 5199; x_wconf 81' lang='lat' dir='ltr'><strong>hujus</strong></span> <span class='ocrx_word' id='word_1_699' title='bbox 932 5130 1143 5186; x_wconf 91' lang='lat' dir='ltr'><strong>numeri</strong></span> <span class='ocrx_word' id='word_1_700' title='bbox 1199 5128 1341 5184; x_wconf 85' lang='lat' dir='ltr'><strong>ﬁlius</strong></span> <span class='ocrx_word' id='word_1_701' title='bbox 1371 5145 1439 5184; x_wconf 83' lang='lat' dir='ltr'><strong>ex</strong></span> <span class='ocrx_word' id='word_1_702' title='bbox 1469 5128 1735 5185; x_wconf 85' lang='lat' dir='ltr'><strong>sententia</strong></span> <span class='ocrx_word' id='word_1_703' title='bbox 1777 5125 2157 5185; x_wconf 71' lang='lat' dir='ltr'><strong>haereticorum</strong></span> 
     </span>
    </p>
   </div>
   <div class='ocr_carea' id='block_1_80' title="bbox 564 5200 1379 5277">
    <p class='ocr_par' dir='ltr' id='par_1_80' title="bbox 564 5200 1379 5277">
     <span class='ocr_line' id='line_1_82' title="bbox 564 5200 1379 5277; baseline -0.001 -20"><span class='ocrx_word' id='word_1_704' title='bbox 564 5206 854 5277; x_wconf 16' lang='lat' dir='ltr'><strong>factuskpro</strong></span> <span class='ocrx_word' id='word_1_705' title='bbox 876 5202 1131 5277; x_wconf 73' lang='lat' dir='ltr'><strong>uoluntate</strong></span> <span class='ocrx_word' id='word_1_706' title='bbox 1159 5200 1379 5277; x_wconf 76' lang='lat' dir='ltr'><strong>dicatur.</strong></span> 
     </span>
    </p>
   </div>
   <div class='ocr_carea' id='block_1_81' title="bbox 635 5262 2162 5346">
    <p class='ocr_par' dir='ltr' id='par_1_81' title="bbox 635 5262 2162 5346">
     <span class='ocr_line' id='line_1_83' title="bbox 635 5262 2162 5346; baseline -0.001 -16"><span class='ocrx_word' id='word_1_707' title='bbox 635 5276 705 5346; x_wconf 78' lang='grc' dir='ltr'><strong>(ε)</strong></span> <span class='ocrx_word' id='word_1_708' title='bbox 731 5262 797 5346; x_wconf 74' lang='lat' dir='ltr'><strong>In</strong></span> <span class='ocrx_word' id='word_1_709' title='bbox 821 5274 1067 5343; x_wconf 78' lang='lat' dir='ltr'><strong>vulgatis,</strong></span> <span class='ocrx_word' id='word_1_710' title='bbox 1097 5274 1185 5345; x_wconf 86' lang='lat' dir='ltr'><strong>qui</strong></span> <span class='ocrx_word' id='word_1_711' title='bbox 1215 5274 1287 5328; x_wconf 81' lang='lat' dir='ltr'><strong>est</strong></span> <span class='ocrx_word' id='word_1_712' title='bbox 1309 5289 1375 5328; x_wconf 77' lang='lat' dir='ltr'><strong>ea:</strong></span> <span class='ocrx_word' id='word_1_713' title='bbox 1402 5273 1611 5327; x_wconf 84' lang='lat' dir='ltr'><strong>ueritate</strong></span> <span class='ocrx_word' id='word_1_714' title='bbox 1656 5282 1877 5346; x_wconf 66' lang='lat' dir='ltr'><strong>natura.</strong></span> <span class='ocrx_word' id='word_1_715' title='bbox 1909 5262 2077 5328; x_wconf 69' lang='lat' dir='ltr'><strong>Abest</strong></span> <span class='ocrx_word' id='word_1_716' title='bbox 2097 5288 2162 5328; x_wconf 84' lang='lat' dir='ltr'><strong>ea:</strong></span> 
     </span>
    </p>
   </div>
   <div class='ocr_carea' id='block_1_82' title="bbox 564 5345 2158 5401">
    <p class='ocr_par' dir='ltr' id='par_1_82' title="bbox 564 5345 2158 5401">
     <span class='ocr_line' id='line_1_84' title="bbox 564 5345 2158 5401; baseline -0.001 -1"><span class='ocrx_word' id='word_1_717' title='bbox 564 5363 591 5400; x_wconf 71' lang='grc' dir='ltr'>τι</span> <span class='ocrx_word' id='word_1_718' title='bbox 625 5362 755 5401; x_wconf 82' lang='lat' dir='ltr'><strong>mss.</strong></span> <span class='ocrx_word' id='word_1_719' title='bbox 790 5345 989 5401; x_wconf 89' lang='lat' dir='ltr'><strong>Horum</strong></span> <span class='ocrx_word' id='word_1_720' title='bbox 1020 5347 1307 5401; x_wconf 89' lang='lat' dir='ltr'><strong>verborum</strong></span> <span class='ocrx_word' id='word_1_721' title='bbox 1337 5347 1549 5401; x_wconf 86' lang='lat' dir='ltr'><strong>nativus</strong></span> <span class='ocrx_word' id='word_1_722' title='bbox 1568 5345 1702 5401; x_wconf 88' lang='lat' dir='ltr'><strong>ordo</strong></span> <span class='ocrx_word' id='word_1_723' title='bbox 1732 5360 1796 5400; x_wconf 88' lang='lat' dir='ltr'><strong>ac</strong></span> <span class='ocrx_word' id='word_1_724' title='bbox 1822 5359 2013 5401; x_wconf 90' lang='lat' dir='ltr'><strong>sensus</strong></span> <span class='ocrx_word' id='word_1_725' title='bbox 2038 5352 2158 5400; x_wconf 89' lang='lat' dir='ltr'><strong>est:</strong></span> 
     </span>
    </p>
   </div>
   <div class='ocr_carea' id='block_1_83' title="bbox 562 5418 2161 5481">
    <p class='ocr_par' dir='ltr' id='par_1_83' title="bbox 562 5418 2161 5481">
     <span class='ocr_line' id='line_1_85' title="bbox 562 5418 2161 5481; baseline 0 -6"><span class='ocrx_word' id='word_1_726' title='bbox 562 5428 743 5475; x_wconf 84' lang='lat' dir='ltr'><strong>natum</strong></span> <span class='ocrx_word' id='word_1_727' title='bbox 764 5419 972 5473; x_wconf 81' lang='lat' dir='ltr'><strong>veritate</strong></span> <span class='ocrx_word' id='word_1_728' title='bbox 991 5422 1209 5481; x_wconf 74' lang='lat' dir='ltr'><strong>natur-te,</strong></span> <span class='ocrx_word' id='word_1_729' title='bbox 1241 5431 1336 5473; x_wconf 91' lang='lat' dir='ltr'><strong>seu</strong></span> <span class='ocrx_word' id='word_1_730' title='bbox 1361 5433 1485 5473; x_wconf 90' lang='lat' dir='ltr'><strong>vera</strong></span> <span class='ocrx_word' id='word_1_731' title='bbox 1517 5418 1794 5473; x_wconf 87' lang='lat' dir='ltr'><strong>nativitate</strong></span> <span class='ocrx_word' id='word_1_732' title='bbox 1815 5433 1936 5473; x_wconf 88' lang='lat' dir='ltr'><strong>cum</strong></span> <span class='ocrx_word' id='word_1_733' title='bbox 1970 5426 2161 5475; x_wconf 85' lang='lat' dir='ltr'><strong>natura</strong></span> 
     </span>
    </p>
   </div>
   <div class='ocr_carea' id='block_1_84' title="bbox 633 4916 654 5135">
    <p class='ocr_par' dir='ltr' id='par_1_84' title="bbox 633 4916 654 5135">
     <span class='ocr_line' id='line_1_86' title="bbox 633 4916 654 5135; baseline 0 0"><span class='ocrx_word' id='word_1_734' title='bbox 633 4916 654 5135; x_wconf 65' lang='grc' dir='ltr'><em>ἓ</em></span> 
     </span>
    </p>
   </div>
   <div class='ocr_carea' id='block_1_85' title="bbox 565 5489 2167 5562">
    <p class='ocr_par' dir='ltr' id='par_1_85' title="bbox 565 5489 2167 5562">
     <span class='ocr_line' id='line_1_87' title="bbox 565 5489 2167 5562; baseline 0.001 -19"><span class='ocrx_word' id='word_1_735' title='bbox 565 5491 682 5560; x_wconf 80' lang='lat' dir='ltr'><strong>ejus</strong></span> <span class='ocrx_word' id='word_1_736' title='bbox 707 5505 771 5546; x_wconf 81' lang='lat' dir='ltr'><strong>ex</strong></span> <span class='ocrx_word' id='word_1_737' title='bbox 804 5506 908 5560; x_wconf 90' lang='lat' dir='ltr'><strong>quo</strong></span> <span class='ocrx_word' id='word_1_738' title='bbox 940 5489 1206 5554; x_wconf 89' lang='lat' dir='ltr'><strong>nascitur,</strong></span> <span class='ocrx_word' id='word_1_739' title='bbox 1236 5490 1298 5543; x_wconf 85' lang='lat' dir='ltr'><strong>ab</strong></span> <span class='ocrx_word' id='word_1_740' title='bbox 1324 5506 1382 5545; x_wconf 89' lang='lat' dir='ltr'><strong>eo</strong></span> <span class='ocrx_word' id='word_1_741' title='bbox 1404 5500 1550 5562; x_wconf 81' lang='lat' dir='ltr'><strong>patre</strong></span> <span class='ocrx_word' id='word_1_742' title='bbox 1578 5493 1778 5559; x_wconf 84' lang='lat' dir='ltr'><strong>quiest,</strong></span> <span class='ocrx_word' id='word_1_743' title='bbox 1816 5491 1918 5547; x_wconf 92' lang='lat' dir='ltr'><strong>hoc</strong></span> <span class='ocrx_word' id='word_1_744' title='bbox 1940 5498 2043 5553; x_wconf 90' lang='lat' dir='ltr'><strong>cst,</strong></span> <span class='ocrx_word' id='word_1_745' title='bbox 2071 5506 2167 5545; x_wconf 90' lang='lat' dir='ltr'><strong>cu-</strong></span> 
     </span>
    </p>
   </div>
   <div class='ocr_carea' id='block_1_86' title="bbox 560 5561 2168 5635">
    <p class='ocr_par' dir='ltr' id='par_1_86' title="bbox 560 5561 2168 5635">
     <span class='ocr_line' id='line_1_88' title="bbox 560 5561 2168 5635; baseline 0.002 -18"><span class='ocrx_word' id='word_1_746' title='bbox 560 5561 648 5635; x_wconf 80' lang='lat' dir='ltr'><strong>jus</strong></span> <span class='ocrx_word' id='word_1_747' title='bbox 677 5562 955 5635; x_wconf 63' lang='lat' dir='ltr'><strong>progiriutn</strong></span> <span class='ocrx_word' id='word_1_748' title='bbox 975 5568 1055 5635; x_wconf 85' lang='lat' dir='ltr'><strong>est</strong></span> <span class='ocrx_word' id='word_1_749' title='bbox 1078 5577 1107 5614; x_wconf 91' lang='lat' dir='ltr'><strong>a</strong></span> <span class='ocrx_word' id='word_1_750' title='bbox 1137 5576 1196 5617; x_wconf 85' lang='lat' dir='ltr'><strong>se</strong></span> <span class='ocrx_word' id='word_1_751' title='bbox 1218 5576 1360 5629; x_wconf 55' lang='lat' dir='ltr'><strong>esse,</strong></span> <span class='ocrx_word' id='word_1_752' title='bbox 1394 5561 1579 5635; x_wconf 77' lang='lat' dir='ltr'><strong>etnon</strong></span> <span class='ocrx_word' id='word_1_753' title='bbox 1603 5563 1673 5618; x_wconf 89' lang='lat' dir='ltr'><strong>ab</strong></span> <span class='ocrx_word' id='word_1_754' title='bbox 1702 5565 1831 5631; x_wconf 86' lang='lat' dir='ltr'><strong>alio,</strong></span> <span class='ocrx_word' id='word_1_755' title='bbox 1858 5565 1939 5619; x_wconf 88' lang='lat' dir='ltr'><strong>vel</strong></span> <span class='ocrx_word' id='word_1_756' title='bbox 1962 5565 2058 5635; x_wconf 40' lang='lat' dir='ltr'><strong>‘qui</strong></span> <span class='ocrx_word' id='word_1_757' title='bbox 2084 5572 2168 5620; x_wconf 86' lang='lat' dir='ltr'><strong>est</strong></span> 
     </span>
    </p>
   </div>
   <div class='ocr_carea' id='block_1_87' title="bbox 564 5626 2164 5705">
    <p class='ocr_par' dir='ltr' id='par_1_87' title="bbox 564 5626 2164 5705">
     <span class='ocr_line' id='line_1_89' title="bbox 564 5626 2164 5705; baseline 0.004 -19"><span class='ocrx_word' id='word_1_758' title='bbox 564 5626 888 5705; x_wconf 53' lang='lat' dir='ltr'><strong>principium</strong></span> <span class='ocrx_word' id='word_1_759' title='bbox 920 5626 1356 5705; x_wconf 55' lang='lat' dir='ltr'><strong>universorumf</strong></span> <span class='ocrx_word' id='word_1_760' title='bbox 1389 5632 1478 5690; x_wconf 88' lang='lat' dir='ltr'><strong>Sic</strong></span> <span class='ocrx_word' id='word_1_761' title='bbox 1532 5626 1624 5690; x_wconf 88' lang='lat' dir='ltr'><strong>lib.</strong></span> <span class='ocrx_word' id='word_1_762' title='bbox 1658 5652 1718 5703; x_wconf 88' lang='lat' dir='ltr'><strong>tt,</strong></span> <span class='ocrx_word' id='word_1_763' title='bbox 1752 5626 1930 5705; x_wconf 29' lang='lat' dir='ltr'><strong>nail,</strong></span> <span class='ocrx_word' id='word_1_764' title='bbox 1959 5626 2164 5694; x_wconf 70' lang='lat' dir='ltr'><strong>habes:</strong></span> 
     </span>
    </p>
   </div>
   <div class='ocr_carea' id='block_1_88' title="bbox 2261 3404 3855 3479">
    <p class='ocr_par' dir='ltr' id='par_1_88' title="bbox 2261 3404 3855 3479">
     <span class='ocr_line' id='line_1_90' title="bbox 2261 3404 3855 3479; baseline 0.002 -19"><span class='ocrx_word' id='word_1_765' title='bbox 2261 3414 2432 3461; x_wconf 89' lang='lat' dir='ltr'><strong>tretur</strong></span> <span class='ocrx_word' id='word_1_766' title='bbox 2451 3404 2711 3462; x_wconf 61' lang='lat' dir='ltr'><strong>absolutae</strong></span> <span class='ocrx_word' id='word_1_767' title='bbox 2738 3407 2965 3463; x_wconf 88' lang='lat' dir='ltr'><strong>rationis</strong></span> <span class='ocrx_word' id='word_1_768' title='bbox 2982 3423 3243 3463; x_wconf 87' lang='lat' dir='ltr'><strong>summam</strong></span> <span class='ocrx_word' id='word_1_769' title='bbox 3259 3409 3545 3477; x_wconf 89' lang='lat' dir='ltr'><strong>contineri,</strong></span> <span class='ocrx_word' id='word_1_770' title='bbox 3573 3408 3715 3479; x_wconf 89' lang='lat' dir='ltr'><strong>quod</strong></span> <span class='ocrx_word' id='word_1_771' title='bbox 3740 3409 3855 3478; x_wconf 88' lang='lat' dir='ltr'><strong>ipsa</strong></span> 
     </span>
    </p>
   </div>
   <div class='ocr_carea' id='block_1_89' title="bbox 2260 3499 3855 3572">
    <p class='ocr_par' dir='ltr' id='par_1_89' title="bbox 2260 3499 3855 3572">
     <span class='ocr_line' id='line_1_91' title="bbox 2260 3499 3855 3572; baseline 0.001 -17"><span class='ocrx_word' id='word_1_772' title='bbox 2260 3509 2442 3556; x_wconf 65' lang='lat' dir='ltr'><strong>mente</strong></span> <span class='ocrx_word' id='word_1_773' title='bbox 2476 3509 2829 3570; x_wconf 84' lang='lat' dir='ltr'><strong>pertractans,</strong></span> <span class='ocrx_word' id='word_1_774' title='bbox 2856 3500 3105 3571; x_wconf 64' lang='lat' dir='ltr'><strong>aequabili</strong></span> <span class='ocrx_word' id='word_1_775' title='bbox 3138 3499 3374 3572; x_wconf 90' lang='lat' dir='ltr'><strong>undique</strong></span> <span class='ocrx_word' id='word_1_776' title='bbox 3402 3501 3542 3571; x_wconf 90' lang='lat' dir='ltr'><strong>apud</strong></span> <span class='ocrx_word' id='word_1_777' title='bbox 3570 3518 3632 3560; x_wconf 89' lang='lat' dir='ltr'><strong>se</strong></span> <span class='ocrx_word' id='word_1_778' title='bbox 3660 3502 3823 3559; x_wconf 76' lang='lat' dir='ltr'><strong>existi</strong></span> <span class='ocrx_word' id='word_1_779' title='bbox 3842 3536 3855 3545; x_wconf 81' lang='lat'><strong>-</strong></span> 
     </span>
    </p>
   </div>
   <div class='ocr_carea' id='block_1_90' title="bbox 2256 3592 3856 3664">
    <p class='ocr_par' dir='ltr' id='par_1_90' title="bbox 2256 3592 3856 3664">
     <span class='ocr_line' id='line_1_92' title="bbox 2256 3592 3856 3664; baseline 0.001 -16"><span class='ocrx_word' id='word_1_780' title='bbox 2256 3602 2369 3649; x_wconf 91' lang='lat' dir='ltr'><strong>met</strong></span> <span class='ocrx_word' id='word_1_781' title='bbox 2407 3592 2653 3648; x_wconf 85' lang='lat' dir='ltr'><strong>veritatis</strong></span> <span class='ocrx_word' id='word_1_782' title='bbox 2698 3594 2955 3664; x_wconf 83' lang='lat' dir='ltr'><strong>opiniOne</strong></span> <span class='ocrx_word' id='word_1_783' title='bbox 3000 3602 3270 3650; x_wconf 89' lang='lat' dir='ltr'><strong>constare.</strong></span> <span class='ocrx_word' id='word_1_784' title='bbox 3319 3594 3437 3650; x_wconf 85' lang='lat' dir='ltr'><strong>Non</strong></span> <span class='ocrx_word' id='word_1_785' title='bbox 3477 3597 3621 3651; x_wconf 86' lang='lat' dir='ltr'><strong>enim</strong></span> <span class='ocrx_word' id='word_1_786' title='bbox 3669 3596 3856 3652; x_wconf 87' lang='lat' dir='ltr'><strong>conci-</strong></span> 
     </span>
    </p>
   </div>
   <div class='ocr_carea' id='block_1_91' title="bbox 2256 3683 3858 3759">
    <p class='ocr_par' dir='ltr' id='par_1_91' title="bbox 2256 3683 3858 3759">
     <span class='ocr_line' id='line_1_93' title="bbox 2256 3683 3858 3759; baseline 0.001 -18"><span class='ocrx_word' id='word_1_787' title='bbox 2256 3687 2409 3757; x_wconf 85' lang='lat' dir='ltr'><strong>piunt</strong></span> <span class='ocrx_word' id='word_1_788' title='bbox 2437 3686 2749 3756; x_wconf 75' lang='lat' dir='ltr'><strong>imperfecta</strong></span> <span class='ocrx_word' id='word_1_789' title='bbox 2779 3683 3113 3757; x_wconf 80' lang='lat' dir='ltr'><strong>perfectum,</strong></span> <span class='ocrx_word' id='word_1_790' title='bbox 3160 3700 3335 3758; x_wconf 88' lang='lat' dir='ltr'><strong>neque</strong></span> <span class='ocrx_word' id='word_1_791' title='bbox 3370 3685 3514 3759; x_wconf 91' lang='lat' dir='ltr'><strong>quod</strong></span> <span class='ocrx_word' id='word_1_792' title='bbox 3551 3703 3617 3743; x_wconf 83' lang='lat' dir='ltr'><strong>ex</strong></span> <span class='ocrx_word' id='word_1_793' title='bbox 3641 3685 3721 3756; x_wconf 83' lang='lat' dir='ltr'><strong>(h)</strong></span> <span class='ocrx_word' id='word_1_794' title='bbox 3746 3686 3858 3742; x_wconf 90' lang='lat' dir='ltr'><strong>alio</strong></span> 
     </span>
    </p>
   </div>
   <div class='ocr_carea' id='block_1_92' title="bbox 2255 3776 3858 3851">
    <p class='ocr_par' dir='ltr' id='par_1_92' title="bbox 2255 3776 3858 3851">
     <span class='ocr_line' id='line_1_94' title="bbox 2255 3776 3858 3851; baseline 0 -17"><span class='ocrx_word' id='word_1_795' title='bbox 2255 3777 2536 3845; x_wconf 86' lang='lat' dir='ltr'><strong>subsistit,</strong></span> <span class='ocrx_word' id='word_1_796' title='bbox 2577 3777 2825 3835; x_wconf 86' lang='lat' dir='ltr'><strong>absolute</strong></span> <span class='ocrx_word' id='word_1_797' title='bbox 2853 3776 2941 3835; x_wconf 88' lang='lat' dir='ltr'><strong>vel</strong></span> <span class='ocrx_word' id='word_1_798' title='bbox 2971 3779 3208 3836; x_wconf 87' lang='lat' dir='ltr'><strong>auctoris</strong></span> <span class='ocrx_word' id='word_1_799' title='bbox 3237 3780 3320 3836; x_wconf 88' lang='lat' dir='ltr'><strong>sui</strong></span> <span class='ocrx_word' id='word_1_800' title='bbox 3348 3789 3523 3851; x_wconf 89' lang='lat' dir='ltr'><strong>potest</strong></span> <span class='ocrx_word' id='word_1_801' title='bbox 3554 3780 3858 3850; x_wconf 85' lang='lat' dir='ltr'><strong>intelligen-</strong></span> 
     </span>
    </p>
   </div>
   <div class='ocr_carea' id='block_1_93' title="bbox 2256 3872 3859 3945">
    <p class='ocr_par' dir='ltr' id='par_1_93' title="bbox 2256 3872 3859 3945">
     <span class='ocr_line' id='line_1_95' title="bbox 2256 3872 3859 3945; baseline -0.001 -16"><span class='ocrx_word' id='word_1_802' title='bbox 2256 3873 2383 3929; x_wconf 88' lang='lat' dir='ltr'><strong>tiam</strong></span> <span class='ocrx_word' id='word_1_803' title='bbox 2421 3872 2699 3938; x_wconf 87' lang='lat' dir='ltr'><strong>obtinere,</strong></span> <span class='ocrx_word' id='word_1_804' title='bbox 2742 3873 2829 3929; x_wconf 90' lang='lat' dir='ltr'><strong>vel</strong></span> <span class='ocrx_word' id='word_1_805' title='bbox 2867 3875 3188 3944; x_wconf 89' lang='lat' dir='ltr'><strong>propriam:</strong></span> <span class='ocrx_word' id='word_1_806' title='bbox 3218 3888 3278 3930; x_wconf 88' lang='lat' dir='ltr'><strong>se</strong></span> <span class='ocrx_word' id='word_1_807' title='bbox 3305 3874 3521 3945; x_wconf 90' lang='lat' dir='ltr'><strong>quidem</strong></span> <span class='ocrx_word' id='word_1_808' title='bbox 3553 3875 3607 3930; x_wconf 91' lang='lat' dir='ltr'><strong>in</strong></span> <span class='ocrx_word' id='word_1_809' title='bbox 3634 3888 3702 3931; x_wconf 91' lang='lat' dir='ltr'><strong>eo</strong></span> <span class='ocrx_word' id='word_1_810' title='bbox 3742 3882 3859 3929; x_wconf 85' lang='lat' dir='ltr'><strong>tan-</strong></span> 
     </span>
    </p>
   </div>
   <div class='ocr_carea' id='block_1_94' title="bbox 2333 4007 3554 4087">
    <p class='ocr_par' dir='ltr' id='par_1_94' title="bbox 2333 4007 3554 4087">
     <span class='ocr_line' id='line_1_96' title="bbox 2333 4007 3554 4087; baseline 0.003 -23"><span class='ocrx_word' id='word_1_811' title='bbox 2333 4007 2411 4081; x_wconf 84' lang='grc'><strong>(5)</strong></span> <span class='ocrx_word' id='word_1_812' title='bbox 2447 4007 2584 4065; x_wconf 83' lang='lat' dir='ltr'><strong>Eum</strong></span> <span class='ocrx_word' id='word_1_813' title='bbox 2606 4010 2740 4066; x_wconf 86' lang='lat' dir='ltr'><strong>enim</strong></span> <span class='ocrx_word' id='word_1_814' title='bbox 2768 4011 2857 4083; x_wconf 87' lang='lat' dir='ltr'><strong>qui</strong></span> <span class='ocrx_word' id='word_1_815' title='bbox 2881 4021 2952 4069; x_wconf 83' lang='lat' dir='ltr'><strong>est</strong></span> <span class='ocrx_word' id='word_1_816' title='bbox 2980 4012 3042 4068; x_wconf 85' lang='lat' dir='ltr'><strong>ab</strong></span> <span class='ocrx_word' id='word_1_817' title='bbox 3068 4028 3127 4067; x_wconf 89' lang='lat' dir='ltr'><strong>eo</strong></span> <span class='ocrx_word' id='word_1_818' title='bbox 3155 4013 3243 4083; x_wconf 86' lang='lat' dir='ltr'><strong>qui</strong></span> <span class='ocrx_word' id='word_1_819' title='bbox 3265 4024 3340 4068; x_wconf 86' lang='lat' dir='ltr'><strong>est</strong></span> <span class='ocrx_word' id='word_1_820' title='bbox 3363 4014 3554 4087; x_wconf 84' lang='lat' dir='ltr'><strong>imago.</strong></span> 
     </span>
    </p>
   </div>
   <div class='ocr_carea' id='block_1_95' title="bbox 2262 4199 3859 4273">
    <p class='ocr_par' dir='ltr' id='par_1_95' title="bbox 2262 4199 3859 4273">
     <span class='ocr_line' id='line_1_97' title="bbox 2262 4199 3859 4273; baseline 0.001 -18"><span class='ocrx_word' id='word_1_821' title='bbox 2262 4199 2305 4273; x_wconf 55' lang='lat' dir='ltr'><strong>i3</strong></span> <span class='ocrx_word' id='word_1_822' title='bbox 2328 4216 2359 4273; x_wconf 74' lang='grc' dir='ltr'><em>ᾳ</em></span> <span class='ocrx_word' id='word_1_823' title='bbox 2381 4214 2482 4271; x_wconf 85' lang='lat' dir='ltr'><strong>quo</strong></span> <span class='ocrx_word' id='word_1_824' title='bbox 2503 4209 2595 4267; x_wconf 84' lang='lat' dir='ltr'><strong>est,</strong></span> <span class='ocrx_word' id='word_1_825' title='bbox 2623 4200 2820 4259; x_wconf 84' lang='lat' dir='ltr'><strong>Filium</strong></span> <span class='ocrx_word' id='word_1_826' title='bbox 2845 4200 3126 4273; x_wconf 88' lang='lat' dir='ltr'><strong>signiﬁcat.</strong></span> <span class='ocrx_word' id='word_1_827' title='bbox 3149 4200 3593 4273; x_wconf 81' lang='lat' dir='ltr'><strong>Quamquamlib.</strong></span> <span class='ocrx_word' id='word_1_828' title='bbox 3610 4219 3667 4267; x_wconf 86' lang='lat' dir='ltr'><strong>tl,</strong></span> <span class='ocrx_word' id='word_1_829' title='bbox 3685 4219 3736 4257; x_wconf 92' lang='lat' dir='ltr'><strong>n.</strong></span> <span class='ocrx_word' id='word_1_830' title='bbox 3765 4203 3859 4272; x_wconf 68' lang='lat'><strong>52,</strong></span> 
     </span>
    </p>
   </div>
   <div class='ocr_carea' id='block_1_96' title="bbox 2261 4266 3860 4344">
    <p class='ocr_par' dir='ltr' id='par_1_96' title="bbox 2261 4266 3860 4344">
     <span class='ocr_line' id='line_1_98' title="bbox 2261 4266 3860 4344; baseline 0.003 -19"><span class='ocrx_word' id='word_1_831' title='bbox 2261 4266 2429 4344; x_wconf 81' lang='lat' dir='ltr'><strong>Filius</strong></span> <span class='ocrx_word' id='word_1_832' title='bbox 2479 4285 2724 4344; x_wconf 86' lang='lat' dir='ltr'><strong>respectu</strong></span> <span class='ocrx_word' id='word_1_833' title='bbox 2764 4266 2997 4343; x_wconf 71' lang='lat' dir='ltr'><strong>Spiritus</strong></span> <span class='ocrx_word' id='word_1_834' title='bbox 3041 4266 3212 4329; x_wconf 75' lang='lat' dir='ltr'><strong>sancti</strong></span> <span class='ocrx_word' id='word_1_835' title='bbox 3266 4266 3462 4330; x_wconf 70' lang='lat' dir='ltr'><strong>dicitur</strong></span> <span class='ocrx_word' id='word_1_836' title='bbox 3498 4275 3541 4329; x_wconf 84' lang='lat' dir='ltr'><strong>is</strong></span> <span class='ocrx_word' id='word_1_837' title='bbox 3566 4275 3656 4344; x_wconf 87' lang='lat' dir='ltr'><strong>qui</strong></span> <span class='ocrx_word' id='word_1_838' title='bbox 3681 4285 3775 4339; x_wconf 84' lang='lat' dir='ltr'><strong>est,</strong></span> <span class='ocrx_word' id='word_1_839' title='bbox 3806 4266 3860 4329; x_wconf 76' lang='lat' dir='ltr'><strong>ei</strong></span> 
     </span>
    </p>
   </div>
   <div class='ocr_carea' id='block_1_97' title="bbox 2261 4342 3861 4419">
    <p class='ocr_par' dir='ltr' id='par_1_97' title="bbox 2261 4342 3861 4419">
     <span class='ocr_line' id='line_1_99' title="bbox 2261 4342 3861 4419; baseline 0.002 -21"><span class='ocrx_word' id='word_1_840' title='bbox 2261 4342 2379 4419; x_wconf 85' lang='lat' dir='ltr'><strong>ejus</strong></span> <span class='ocrx_word' id='word_1_841' title='bbox 2410 4342 2657 4419; x_wconf 76' lang='lat' dir='ltr'><strong>respectu</strong></span> <span class='ocrx_word' id='word_1_842' title='bbox 2703 4342 2933 4417; x_wconf 84' lang='lat' dir='ltr'><strong>Spiritus</strong></span> <span class='ocrx_word' id='word_1_843' title='bbox 2985 4354 3224 4412; x_wconf 85' lang='lat' dir='ltr'><strong>sanctus,</strong></span> <span class='ocrx_word' id='word_1_844' title='bbox 3257 4347 3299 4401; x_wconf 87' lang='lat' dir='ltr'><strong>is</strong></span> <span class='ocrx_word' id='word_1_845' title='bbox 3336 4348 3487 4419; x_wconf 81' lang='lat' dir='ltr'><strong>cujus</strong></span> <span class='ocrx_word' id='word_1_846' title='bbox 3516 4342 3611 4413; x_wconf 79' lang='lat' dir='ltr'><strong>est,</strong></span> <span class='ocrx_word' id='word_1_847' title='bbox 3639 4347 3789 4417; x_wconf 88' lang='lat' dir='ltr'><strong>quasi</strong></span> <span class='ocrx_word' id='word_1_848' title='bbox 3815 4347 3861 4401; x_wconf 89' lang='lat' dir='ltr'><strong>is</strong></span> 
     </span>
    </p>
   </div>
   <div class='ocr_carea' id='block_1_98' title="bbox 2410 4415 2422 4428">
    <p class='ocr_par' dir='ltr' id='par_1_98' title="bbox 2410 4415 2422 4428">
     <span class='ocr_line' id='line_1_100' title="bbox 2410 4415 2422 4428; baseline 0 0"><span class='ocrx_word' id='word_1_849' title='bbox 2410 4415 2422 4428; x_wconf 71' lang='grc' dir='ltr'>Ο</span> 
     </span>
    </p>
   </div>
   <div class='ocr_carea' id='block_1_99' title="bbox 2261 4415 2621 4485">
    <p class='ocr_par' dir='ltr' id='par_1_99' title="bbox 2261 4415 2621 4485">
     <span class='ocr_line' id='line_1_101' title="bbox 2261 4415 2621 4485; baseline 0.003 -17"><span class='ocrx_word' id='word_1_850' title='bbox 2261 4415 2350 4485; x_wconf 92' lang='lat' dir='ltr'><strong>qui</strong></span> <span class='ocrx_word' id='word_1_851' title='bbox 2375 4415 2492 4485; x_wconf 88' lang='lat' dir='ltr'><strong>ejus</strong></span> <span class='ocrx_word' id='word_1_852' title='bbox 2517 4425 2621 4470; x_wconf 91' lang='lat' dir='ltr'><strong>est.</strong></span> 
     </span>
    </p>
   </div>
   <div class='ocr_carea' id='block_1_100' title="bbox 2339 4480 3862 4559">
    <p class='ocr_par' dir='ltr' id='par_1_100' title="bbox 2339 4480 3862 4559">
     <span class='ocr_line' id='line_1_102' title="bbox 2339 4480 3862 4559; baseline 0.001 -17"><span class='ocrx_word' id='word_1_853' title='bbox 2339 4480 2417 4559; x_wconf 66' lang='grc' dir='ltr'><strong>(Ῑ)⁷</strong></span> <span class='ocrx_word' id='word_1_854' title='bbox 2438 4487 2494 4559; x_wconf 86' lang='lat' dir='ltr'><strong>In</strong></span> <span class='ocrx_word' id='word_1_855' title='bbox 2536 4501 2645 4541; x_wconf 89' lang='lat' dir='ltr'><strong>uno</strong></span> <span class='ocrx_word' id='word_1_856' title='bbox 2677 4484 2865 4542; x_wconf 88' lang='lat' dir='ltr'><strong>codice</strong></span> <span class='ocrx_word' id='word_1_857' title='bbox 2895 4480 3104 4559; x_wconf 70' lang='lat' dir='ltr'><strong>itetnig.</strong></span> <span class='ocrx_word' id='word_1_858' title='bbox 3154 4503 3252 4543; x_wconf 85' lang='lat' dir='ltr'><strong>nec</strong></span> <span class='ocrx_word' id='word_1_859' title='bbox 3286 4504 3394 4559; x_wconf 88' lang='lat' dir='ltr'><strong>non</strong></span> <span class='ocrx_word' id='word_1_860' title='bbox 3422 4486 3655 4552; x_wconf 84' lang='lat' dir='ltr'><strong>Tlteod.,</strong></span> <span class='ocrx_word' id='word_1_861' title='bbox 3699 4488 3744 4543; x_wconf 88' lang='lat' dir='ltr'><strong>is</strong></span> <span class='ocrx_word' id='word_1_862' title='bbox 3774 4486 3862 4557; x_wconf 83' lang='lat' dir='ltr'><strong>qni</strong></span> 
     </span>
    </p>
   </div>
   <div class='ocr_carea' id='block_1_101' title="bbox 2260 4556 3862 4630">
    <p class='ocr_par' dir='ltr' id='par_1_101' title="bbox 2260 4556 3862 4630">
     <span class='ocr_line' id='line_1_103' title="bbox 2260 4556 3862 4630; baseline 0.003 -20"><span class='ocrx_word' id='word_1_863' title='bbox 2260 4556 2426 4623; x_wconf 57' lang='lat' dir='ltr'><strong>euge:</strong></span> <span class='ocrx_word' id='word_1_864' title='bbox 2442 4556 2504 4609; x_wconf 82' lang='lat' dir='ltr'><strong>de</strong></span> <span class='ocrx_word' id='word_1_865' title='bbox 2527 4567 2743 4630; x_wconf 78' lang='lat' dir='ltr'><strong>quaest,</strong></span> <span class='ocrx_word' id='word_1_866' title='bbox 2764 4557 2912 4630; x_wconf 66' lang='lat' dir='ltr'><strong>nihil</strong></span> <span class='ocrx_word' id='word_1_867' title='bbox 2940 4556 3152 4625; x_wconf 62' lang='lat' dir='ltr'><strong>habens,</strong></span> <span class='ocrx_word' id='word_1_868' title='bbox 3176 4567 3309 4627; x_wconf 90' lang='lat' dir='ltr'><strong>etc.,</strong></span> <span class='ocrx_word' id='word_1_869' title='bbox 3330 4558 3624 4630; x_wconf 81' lang='lat' dir='ltr'><strong>glossema.</strong></span> <span class='ocrx_word' id='word_1_870' title='bbox 3649 4556 3862 4628; x_wconf 79' lang='lat' dir='ltr'><strong>Quippe</strong></span> 
     </span>
    </p>
   </div>
   <div class='ocr_carea' id='block_1_102' title="bbox 2257 4629 3857 4712">
    <p class='ocr_par' dir='ltr' id='par_1_102' title="bbox 2257 4629 3857 4712">
     <span class='ocr_line' id='line_1_104' title="bbox 2257 4629 3857 4712; baseline 0 -30"><span class='ocrx_word' id='word_1_871' title='bbox 2257 4640 2354 4712; x_wconf 74' lang='lat' dir='ltr'><strong>cur</strong></span> <span class='ocrx_word' id='word_1_872' title='bbox 2393 4643 2557 4711; x_wconf 78' lang='lat' dir='ltr'><strong>unum</strong></span> <span class='ocrx_word' id='word_1_873' title='bbox 2606 4629 2917 4712; x_wconf 75' lang='lat' dir='ltr'><strong>sint_Pater</strong></span> <span class='ocrx_word' id='word_1_874' title='bbox 2959 4638 3031 4712; x_wconf 82' lang='lat' dir='ltr'><strong>et</strong></span> <span class='ocrx_word' id='word_1_875' title='bbox 3065 4630 3251 4712; x_wconf 75' lang='lat' dir='ltr'><strong>Filius,</strong></span> <span class='ocrx_word' id='word_1_876' title='bbox 3294 4629 3386 4712; x_wconf 75' lang='lat' dir='ltr'><strong>hic</strong></span> <span class='ocrx_word' id='word_1_877' title='bbox 3412 4632 3550 4686; x_wconf 90' lang='lat' dir='ltr'><strong>ratio</strong></span> <span class='ocrx_word' id='word_1_878' title='bbox 3578 4631 3857 4712; x_wconf 74' lang='lat' dir='ltr'><strong>redditur;</strong></span> 
     </span>
    </p>
   </div>
   <div class='ocr_carea' id='block_1_103' title="bbox 2256 4698 3855 4773">
    <p class='ocr_par' dir='ltr' id='par_1_103' title="bbox 2256 4698 3855 4773">
     <span class='ocr_line' id='line_1_105' title="bbox 2256 4698 3855 4773; baseline 0.002 -22"><span class='ocrx_word' id='word_1_879' title='bbox 2256 4698 2390 4773; x_wconf 66' lang='lat' dir='ltr'><strong>quia</strong></span> <span class='ocrx_word' id='word_1_880' title='bbox 2426 4698 2677 4773; x_wconf 89' lang='lat' dir='ltr'><strong>nimirum</strong></span> <span class='ocrx_word' id='word_1_881' title='bbox 2728 4701 2772 4755; x_wconf 89' lang='lat' dir='ltr'><strong>is</strong></span> <span class='ocrx_word' id='word_1_882' title='bbox 2814 4702 2902 4772; x_wconf 88' lang='lat' dir='ltr'><strong>qui</strong></span> <span class='ocrx_word' id='word_1_883' title='bbox 2958 4710 3031 4756; x_wconf 89' lang='lat' dir='ltr'><strong>est</strong></span> <span class='ocrx_word' id='word_1_884' title='bbox 3082 4702 3401 4772; x_wconf 88' lang='lat' dir='ltr'><strong>principium</strong></span> <span class='ocrx_word' id='word_1_885' title='bbox 3463 4702 3855 4773; x_wconf 85' lang='lat' dir='ltr'><strong>generationis,</strong></span> 
     </span>
    </p>
   </div>
   <div class='ocr_carea' id='block_1_104' title="bbox 2257 4764 3861 4845">
    <p class='ocr_par' dir='ltr' id='par_1_104' title="bbox 2257 4764 3861 4845">
     <span class='ocr_line' id='line_1_106' title="bbox 2257 4764 3861 4845; baseline 0.002 -21"><span class='ocrx_word' id='word_1_886' title='bbox 2257 4764 2635 4845; x_wconf 61' lang='lat' dir='ltr'><strong>tiiliildtabeat</strong></span> <span class='ocrx_word' id='word_1_887' title='bbox 2680 4764 2837 4842; x_wconf 39' lang='lat' dir='ltr'><strong>quod.</strong></span> <span class='ocrx_word' id='word_1_888' title='bbox 2873 4789 2979 4845; x_wconf 85' lang='lat' dir='ltr'><strong>non</strong></span> <span class='ocrx_word' id='word_1_889' title='bbox 3008 4764 3096 4828; x_wconf 38' lang='lat' dir='ltr'><strong>sit.</strong></span> <span class='ocrx_word' id='word_1_890' title='bbox 3117 4774 3171 4828; x_wconf 86' lang='lat' dir='ltr'><strong>in</strong></span> <span class='ocrx_word' id='word_1_891' title='bbox 3214 4764 3271 4829; x_wconf 80' lang='lat' dir='ltr'><strong>eo</strong></span> <span class='ocrx_word' id='word_1_892' title='bbox 3300 4792 3330 4828; x_wconf 89' lang='lat' dir='ltr'><strong>a</strong></span> <span class='ocrx_word' id='word_1_893' title='bbox 3357 4764 3592 4845; x_wconf 52' lang='lat' dir='ltr'><strong>quovest,</strong></span> <span class='ocrx_word' id='word_1_894' title='bbox 3627 4774 3729 4828; x_wconf 86' lang='lat' dir='ltr'><strong>hoc</strong></span> <span class='ocrx_word' id='word_1_895' title='bbox 3752 4764 3861 4842; x_wconf 76' lang='lat' dir='ltr'><strong>est,</strong></span> 
     </span>
    </p>
   </div>
   <div class='ocr_carea' id='block_1_105' title="bbox 2257 4840 3581 4916">
    <p class='ocr_par' dir='ltr' id='par_1_105' title="bbox 2257 4840 3581 4916">
     <span class='ocr_line' id='line_1_107' title="bbox 2257 4840 3581 4916; baseline 0.003 -22"><span class='ocrx_word' id='word_1_896' title='bbox 2257 4840 2349 4916; x_wconf 75' lang='lat' dir='ltr'><strong>qui</strong></span> <span class='ocrx_word' id='word_1_897' title='bbox 2375 4841 2453 4916; x_wconf 84' lang='lat' dir='ltr'><strong>ab_</strong></span> <span class='ocrx_word' id='word_1_898' title='bbox 2468 4859 2533 4898; x_wconf 88' lang='lat' dir='ltr'><strong>eo</strong></span> <span class='ocrx_word' id='word_1_899' title='bbox 2554 4852 2662 4911; x_wconf 87' lang='lat' dir='ltr'><strong>est,</strong></span> <span class='ocrx_word' id='word_1_900' title='bbox 2689 4840 2784 4899; x_wconf 79' lang='lat' dir='ltr'><strong>seu</strong></span> <span class='ocrx_word' id='word_1_901' title='bbox 2815 4844 2904 4916; x_wconf 91' lang='lat' dir='ltr'><strong>qui</strong></span> <span class='ocrx_word' id='word_1_902' title='bbox 2934 4844 3001 4900; x_wconf 87' lang='lat' dir='ltr'><strong>ab</strong></span> <span class='ocrx_word' id='word_1_903' title='bbox 3027 4861 3095 4901; x_wconf 87' lang='lat' dir='ltr'><strong>eo</strong></span> <span class='ocrx_word' id='word_1_904' title='bbox 3125 4840 3386 4916; x_wconf 66' lang='lat' dir='ltr'><strong>originem</strong></span> <span class='ocrx_word' id='word_1_905' title='bbox 3416 4845 3581 4900; x_wconf 90' lang='lat' dir='ltr'><strong>ducit.</strong></span> 
     </span>
    </p>
   </div>
   <div class='ocr_carea' id='block_1_106' title="bbox 2331 4859 3865 4987">
    <p class='ocr_par' dir='ltr' id='par_1_106' title="bbox 2331 4859 3865 4987">
     <span class='ocr_line' id='line_1_108' title="bbox 2335 4859 3581 4916; baseline 0.004 -23"><span class='ocrx_word' id='word_1_906' title='bbox 2335 4859 2347 4893; x_wconf 93' lang='lat' dir='ltr'><strong>I</strong></span> <span class='ocrx_word' id='word_1_907' title='bbox 2375 4859 2443 4897; x_wconf 83' lang='lat' dir='ltr'><strong>an</strong></span> <span class='ocrx_word' id='word_1_908' title='bbox 2468 4859 2533 4898; x_wconf 89' lang='lat' dir='ltr'><strong>eo</strong></span> <span class='ocrx_word' id='word_1_909' title='bbox 2554 4859 2662 4911; x_wconf 84' lang='lat' dir='ltr'><strong>est,</strong></span> <span class='ocrx_word' id='word_1_910' title='bbox 2689 4859 2784 4899; x_wconf 86' lang='lat' dir='ltr'><strong>seu</strong></span> <span class='ocrx_word' id='word_1_911' title='bbox 2854 4861 2904 4898; x_wconf 91' lang='grc' dir='ltr'><strong>ιιι</strong></span> <span class='ocrx_word' id='word_1_912' title='bbox 2934 4859 3001 4900; x_wconf 86' lang='lat' dir='ltr'><strong>ab</strong></span> <span class='ocrx_word' id='word_1_913' title='bbox 3027 4861 3095 4901; x_wconf 90' lang='lat' dir='ltr'><strong>eo</strong></span> <span class='ocrx_word' id='word_1_914' title='bbox 3125 4861 3386 4916; x_wconf 79' lang='lat' dir='ltr'><strong>originem</strong></span> <span class='ocrx_word' id='word_1_915' title='bbox 3416 4859 3581 4900; x_wconf 84' lang='lat' dir='ltr'><strong>ttuctt.</strong></span> 
     </span>
     <span class='ocr_line' id='line_1_109' title="bbox 2331 4859 3865 4987; baseline 0 -19"><span class='ocrx_word' id='word_1_916' title='bbox 2331 4912 2405 4987; x_wconf 87' lang='lat' dir='ltr'><strong>(g)</strong></span> <span class='ocrx_word' id='word_1_917' title='bbox 2433 4911 2490 4969; x_wconf 84' lang='lat' dir='ltr'><strong>In</strong></span> <span class='ocrx_word' id='word_1_918' title='bbox 2523 4917 2751 4986; x_wconf 82' lang='lat' dir='ltr'><strong>vulgatis</strong></span> <span class='ocrx_word' id='word_1_919' title='bbox 2795 4859 2850 4972; x_wconf 57' lang='grc' dir='ltr'>εἳ</span> <span class='ocrx_word' id='word_1_920' title='bbox 2892 4916 3096 4984; x_wconf 88' lang='lat' dir='ltr'><strong>aliquot</strong></span> <span class='ocrx_word' id='word_1_921' title='bbox 3127 4930 3256 4971; x_wconf 79' lang='lat' dir='ltr'><strong>mss.</strong></span> <span class='ocrx_word' id='word_1_922' title='bbox 3286 4934 3298 4969; x_wconf 90' lang='lat'><strong>:</strong></span> <span class='ocrx_word' id='word_1_923' title='bbox 3334 4912 3469 4971; x_wconf 79' lang='lat' dir='ltr'><strong>Eum</strong></span> <span class='ocrx_word' id='word_1_924' title='bbox 3510 4916 3646 4971; x_wconf 87' lang='lat' dir='ltr'><strong>enim</strong></span> <span class='ocrx_word' id='word_1_925' title='bbox 3673 4914 3760 4983; x_wconf 90' lang='lat' dir='ltr'><strong>qui</strong></span> <span class='ocrx_word' id='word_1_926' title='bbox 3786 4922 3865 4987; x_wconf 83' lang='lat' dir='ltr'><strong>est</strong></span> 
     </span>
    </p>
   </div>
   <div class='ocr_carea' id='block_1_107' title="bbox 2258 4982 3863 5072">
    <p class='ocr_par' dir='ltr' id='par_1_107' title="bbox 2258 4982 3863 5072">
     <span class='ocr_line' id='line_1_110' title="bbox 2258 4982 3863 5072; baseline 0 -33"><span class='ocrx_word' id='word_1_927' title='bbox 2258 4982 2319 5039; x_wconf 84' lang='lat' dir='ltr'><strong>ab</strong></span> <span class='ocrx_word' id='word_1_928' title='bbox 2340 4982 2409 5072; x_wconf 54' lang='lat' dir='ltr'><strong>eo</strong></span> <span class='ocrx_word' id='word_1_929' title='bbox 2429 4988 2516 5058; x_wconf 85' lang='lat' dir='ltr'><strong>qui</strong></span> <span class='ocrx_word' id='word_1_930' title='bbox 2545 4982 2816 5062; x_wconf 53' lang='lat' dir='ltr'><strong>est&#39;imago</strong></span> <span class='ocrx_word' id='word_1_931' title='bbox 2845 4982 3180 5072; x_wconf 45' lang='lat' dir='ltr'><strong>subﬂauum&quot;:</strong></span> <span class='ocrx_word' id='word_1_932' title='bbox 3207 4985 3863 5072; x_wconf 46' lang='lat' dir='ltr'><strong>aliudﬂglossetna,‘guod</strong></span> 
     </span>
    </p>
   </div>
   <div class='ocr_carea' id='block_1_108' title="bbox 2258 5055 3861 5129">
    <p class='ocr_par' dir='ltr' id='par_1_108' title="bbox 2258 5055 3861 5129">
     <span class='ocr_line' id='line_1_111' title="bbox 2258 5055 3861 5129; baseline -0.001 -17"><span class='ocrx_word' id='word_1_933' title='bbox 2258 5055 2551 5129; x_wconf 84' lang='lat' dir='ltr'><strong>castigatur</strong></span> <span class='ocrx_word' id='word_1_934' title='bbox 2576 5055 2822 5121; x_wconf 75' lang='lat' dir='ltr'><strong>eueniss.</strong></span> <span class='ocrx_word' id='word_1_935' title='bbox 2849 5060 3098 5125; x_wconf 87' lang='lat' dir='ltr'><strong>Carnut.,</strong></span> <span class='ocrx_word' id='word_1_936' title='bbox 3130 5058 3309 5124; x_wconf 89' lang='lat' dir='ltr'><strong>Colb.,</strong></span> <span class='ocrx_word' id='word_1_937' title='bbox 3343 5055 3655 5122; x_wconf 75' lang='lat' dir='ltr'><strong>Vintlorin.,</strong></span> <span class='ocrx_word' id='word_1_938' title='bbox 3681 5055 3861 5113; x_wconf 81' lang='lat' dir='ltr'><strong>Vatic.</strong></span> 
     </span>
    </p>
   </div>
   <div class='ocr_carea' id='block_1_109' title="bbox 2262 5128 3863 5201">
    <p class='ocr_par' dir='ltr' id='par_1_109' title="bbox 2262 5128 3863 5201">
     <span class='ocr_line' id='line_1_112' title="bbox 2262 5128 3863 5201; baseline -0.001 -18"><span class='ocrx_word' id='word_1_939' title='bbox 2262 5138 2318 5201; x_wconf 84' lang='lat' dir='ltr'><strong>et</strong></span> <span class='ocrx_word' id='word_1_940' title='bbox 2351 5128 2486 5185; x_wconf 85' lang='lat' dir='ltr'><strong>Vict.</strong></span> <span class='ocrx_word' id='word_1_941' title='bbox 2528 5132 2739 5201; x_wconf 78' lang='lat' dir='ltr'><strong>Quippe</strong></span> <span class='ocrx_word' id='word_1_942' title='bbox 2782 5147 2900 5185; x_wconf 82' lang='lat' dir='ltr'><strong>eum</strong></span> <span class='ocrx_word' id='word_1_943' title='bbox 2937 5131 3073 5201; x_wconf 82' lang='lat' dir='ltr'><strong>enim</strong></span> <span class='ocrx_word' id='word_1_944' title='bbox 3113 5129 3346 5201; x_wconf 78' lang='lat' dir='ltr'><strong>refertur</strong></span> <span class='ocrx_word' id='word_1_945' title='bbox 3369 5131 3434 5186; x_wconf 88' lang='lat' dir='ltr'><strong>ad</strong></span> <span class='ocrx_word' id='word_1_946' title='bbox 3465 5131 3658 5187; x_wconf 85' lang='lat' dir='ltr'><strong>Filium</strong></span> <span class='ocrx_word' id='word_1_947' title='bbox 3700 5145 3712 5181; x_wconf 89' lang='lat'><strong>:</strong></span> <span class='ocrx_word' id='word_1_948' title='bbox 3750 5138 3863 5181; x_wconf 87' lang='lat' dir='ltr'><strong>tum</strong></span> 
     </span>
    </p>
   </div>
   <div class='ocr_carea' id='block_1_110' title="bbox 2263 5197 3868 5273">
    <p class='ocr_par' dir='ltr' id='par_1_110' title="bbox 2263 5197 3868 5273">
     <span class='ocr_line' id='line_1_113' title="bbox 2263 5197 3868 5273; baseline 0 -20"><span class='ocrx_word' id='word_1_949' title='bbox 2263 5197 2326 5273; x_wconf 73' lang='lat' dir='ltr'><strong>ab</strong></span> <span class='ocrx_word' id='word_1_950' title='bbox 2355 5202 2531 5273; x_wconf 84' lang='lat' dir='ltr'><strong>eogui</strong></span> <span class='ocrx_word' id='word_1_951' title='bbox 2556 5197 2626 5257; x_wconf 82' lang='lat' dir='ltr'><strong>est</strong></span> <span class='ocrx_word' id='word_1_952' title='bbox 2639 5197 2844 5258; x_wconf 76' lang='lat' dir='ltr'><strong>dicitur</strong></span> <span class='ocrx_word' id='word_1_953' title='bbox 2872 5201 2941 5259; x_wconf 88' lang='lat' dir='ltr'><strong>de</strong></span> <span class='ocrx_word' id='word_1_954' title='bbox 2962 5200 3142 5273; x_wconf 84' lang='lat' dir='ltr'><strong>Patre.</strong></span> <span class='ocrx_word' id='word_1_955' title='bbox 3168 5200 3407 5257; x_wconf 88' lang='lat' dir='ltr'><strong>Subinde</strong></span> <span class='ocrx_word' id='word_1_956' title='bbox 3437 5201 3607 5273; x_wconf 86' lang='lat' dir='ltr'><strong>imago</strong></span> <span class='ocrx_word' id='word_1_957' title='bbox 3630 5201 3868 5273; x_wconf 82' lang='lat' dir='ltr'><strong>substan-</strong></span> 
     </span>
    </p>
   </div>
   <div class='ocr_carea' id='block_1_111' title="bbox 2264 5270 3862 5347">
    <p class='ocr_par' dir='ltr' id='par_1_111' title="bbox 2264 5270 3862 5347">
     <span class='ocr_line' id='line_1_114' title="bbox 2264 5270 3862 5347; baseline 0.001 -24"><span class='ocrx_word' id='word_1_958' title='bbox 2264 5270 2361 5347; x_wconf 74' lang='lat' dir='ltr'><strong>tia:_</strong></span> <span class='ocrx_word' id='word_1_959' title='bbox 2403 5270 2521 5347; x_wconf 65' lang='grc' dir='ltr'><strong>⁸(ιιῒιὶ</strong></span> <span class='ocrx_word' id='word_1_960' title='bbox 2552 5274 2605 5328; x_wconf 88' lang='lat' dir='ltr'><strong>in</strong></span> <span class='ocrx_word' id='word_1_961' title='bbox 2640 5289 2745 5347; x_wconf 86' lang='lat' dir='ltr'><strong>uno</strong></span> <span class='ocrx_word' id='word_1_962' title='bbox 2776 5270 3065 5347; x_wconf 31' lang='lat' dir='ltr'><strong>msttlolb.</strong></span> <span class='ocrx_word' id='word_1_963' title='bbox 3101 5273 3267 5347; x_wconf 85' lang='lat' dir='ltr'><strong>imago</strong></span> <span class='ocrx_word' id='word_1_964' title='bbox 3295 5270 3713 5347; x_wconf 74' lang='lat' dir='ltr'><strong>consubstontite)</strong></span> <span class='ocrx_word' id='word_1_965' title='bbox 3745 5287 3862 5347; x_wconf 77' lang='lat' dir='ltr'><strong>nta-</strong></span> 
     </span>
    </p>
   </div>
   <div class='ocr_carea' id='block_1_112' title="bbox 2266 5341 3868 5416">
    <p class='ocr_par' dir='ltr' id='par_1_112' title="bbox 2266 5341 3868 5416">
     <span class='ocr_line' id='line_1_115' title="bbox 2266 5341 3868 5416; baseline -0.001 -21"><span class='ocrx_word' id='word_1_966' title='bbox 2266 5341 2843 5416; x_wconf 13' lang='lat' dir='ltr'><strong>tct-ialiterraceipitur.</strong></span> <span class='ocrx_word' id='word_1_967' title='bbox 2879 5342 3013 5400; x_wconf 86' lang='lat' dir='ltr'><strong>llinc</strong></span> <span class='ocrx_word' id='word_1_968' title='bbox 3045 5341 3262 5415; x_wconf 60' lang='lat' dir='ltr'><strong>prcest&#39;at</strong></span> <span class='ocrx_word' id='word_1_969' title='bbox 3308 5350 3431 5400; x_wconf 78' lang='lat' dir='ltr'><strong>mox</strong></span> <span class='ocrx_word' id='word_1_970' title='bbox 3480 5341 3868 5416; x_wconf 71' lang='lat' dir='ltr'><strong>intelligendam</strong></span> 
     </span>
    </p>
   </div>
   <div class='ocr_carea' id='block_1_113' title="bbox 2272 5412 3866 5487">
    <p class='ocr_par' dir='ltr' id='par_1_113' title="bbox 2272 5412 3866 5487">
     <span class='ocr_line' id='line_1_116' title="bbox 2272 5412 3866 5487; baseline 0 -20"><span class='ocrx_word' id='word_1_971' title='bbox 2272 5415 2511 5487; x_wconf 73' lang='lat' dir='ltr'><strong>discernit</strong></span> <span class='ocrx_word' id='word_1_972' title='bbox 2529 5412 2991 5487; x_wconf 79' lang='lat' dir='ltr'><strong>juxtaplerosque</strong></span> <span class='ocrx_word' id='word_1_973' title='bbox 3020 5412 3082 5473; x_wconf 83' lang='lat' dir='ltr'><strong>ac</strong></span> <span class='ocrx_word' id='word_1_974' title='bbox 3106 5417 3341 5487; x_wconf 90' lang='lat' dir='ltr'><strong>potiores</strong></span> <span class='ocrx_word' id='word_1_975' title='bbox 3368 5433 3500 5472; x_wconf 91' lang='lat' dir='ltr'><strong>mss.</strong></span> <span class='ocrx_word' id='word_1_976' title='bbox 3530 5412 3691 5487; x_wconf 81' lang='lat' dir='ltr'><strong>quam</strong></span> <span class='ocrx_word' id='word_1_977' title='bbox 3721 5412 3866 5485; x_wconf 88' lang='lat' dir='ltr'><strong>quod</strong></span> 
     </span>
    </p>
   </div>
   <div class='ocr_carea' id='block_1_114' title="bbox 2273 5476 3502 5562">
    <p class='ocr_par' dir='ltr' id='par_1_114' title="bbox 2273 5476 3502 5562">
     <span class='ocr_line' id='line_1_117' title="bbox 2273 5476 3502 5562; baseline 0.003 -23"><span class='ocrx_word' id='word_1_978' title='bbox 2273 5476 2414 5562; x_wconf 70' lang='lat' dir='ltr'><strong>apud</strong></span> <span class='ocrx_word' id='word_1_979' title='bbox 2443 5476 2590 5562; x_wconf 61' lang='lat' dir='ltr'><strong>Lips.</strong></span> <span class='ocrx_word' id='word_1_980' title='bbox 2622 5497 2677 5543; x_wconf 90' lang='lat' dir='ltr'><strong>et</strong></span> <span class='ocrx_word' id='word_1_981' title='bbox 2706 5476 2863 5562; x_wconf 66' lang='lat' dir='ltr'><strong>Pan,</strong></span> <span class='ocrx_word' id='word_1_982' title='bbox 2879 5476 3225 5562; x_wconf 15' lang='lat' dir='ltr'><strong>intelligentia»</strong></span> <span class='ocrx_word' id='word_1_983' title='bbox 3238 5488 3502 5562; x_wconf 73' lang='lat' dir='ltr'><strong>discernit.</strong></span> 
     </span>
    </p>
   </div>
   <div class='ocr_carea' id='block_1_115' title="bbox 2346 5554 3869 5630">
    <p class='ocr_par' dir='ltr' id='par_1_115' title="bbox 2346 5554 3869 5630">
     <span class='ocr_line' id='line_1_118' title="bbox 2346 5554 3869 5630; baseline -0.002 -19"><span class='ocrx_word' id='word_1_984' title='bbox 2346 5556 2425 5630; x_wconf 84' lang='grc' dir='ltr'><strong>(Ιι)</strong></span> <span class='ocrx_word' id='word_1_985' title='bbox 2461 5554 2572 5614; x_wconf 84' lang='lat' dir='ltr'><strong>thc</strong></span> <span class='ocrx_word' id='word_1_986' title='bbox 2601 5569 2704 5624; x_wconf 89' lang='lat' dir='ltr'><strong>est,</strong></span> <span class='ocrx_word' id='word_1_987' title='bbox 2732 5574 2797 5615; x_wconf 79' lang='lat' dir='ltr'><strong>ex</strong></span> <span class='ocrx_word' id='word_1_988' title='bbox 2822 5561 2923 5614; x_wconf 89' lang='lat' dir='ltr'><strong>alia</strong></span> <span class='ocrx_word' id='word_1_989' title='bbox 2964 5554 3261 5616; x_wconf 72' lang='lat' dir='ltr'><strong>substantia</strong></span> <span class='ocrx_word' id='word_1_990' title='bbox 3294 5579 3306 5613; x_wconf 93' lang='lat'><strong>:</strong></span> <span class='ocrx_word' id='word_1_991' title='bbox 3340 5559 3424 5615; x_wconf 92' lang='lat' dir='ltr'><strong>cui</strong></span> <span class='ocrx_word' id='word_1_992' title='bbox 3467 5554 3726 5630; x_wconf 83' lang='lat' dir='ltr'><strong>locutioni</strong></span> <span class='ocrx_word' id='word_1_993' title='bbox 3772 5566 3869 5624; x_wconf 85' lang='lat' dir='ltr'><strong>op-</strong></span> 
     </span>
    </p>
   </div>
   <div class='ocr_carea' id='block_1_116' title="bbox 2279 5628 3869 5702">
    <p class='ocr_par' dir='ltr' id='par_1_116' title="bbox 2279 5628 3869 5702">
     <span class='ocr_line' id='line_1_119' title="bbox 2279 5628 3869 5702; baseline -0.004 -18"><span class='ocrx_word' id='word_1_994' title='bbox 2279 5628 2492 5701; x_wconf 84' lang='lat' dir='ltr'><strong>ponitur</strong></span> <span class='ocrx_word' id='word_1_995' title='bbox 2528 5647 2605 5702; x_wconf 65' lang='grc' dir='ltr'><strong>Δεει)</strong></span> <span class='ocrx_word' id='word_1_996' title='bbox 2649 5648 2702 5686; x_wconf 87' lang='lat' dir='ltr'><strong>se</strong></span> <span class='ocrx_word' id='word_1_997' title='bbox 2732 5631 2783 5685; x_wconf 89' lang='lat' dir='ltr'><strong>in</strong></span> <span class='ocrx_word' id='word_1_998' title='bbox 2819 5630 2900 5687; x_wconf 92' lang='lat' dir='ltr'><strong>his</strong></span> <span class='ocrx_word' id='word_1_999' title='bbox 2933 5632 3143 5688; x_wconf 87' lang='lat' dir='ltr'><strong>numeri</strong></span> <span class='ocrx_word' id='word_1_1000' title='bbox 3171 5632 3506 5702; x_wconf 87' lang='lat' dir='ltr'><strong>superioris:</strong></span> <span class='ocrx_word' id='word_1_1001' title='bbox 3556 5628 3667 5686; x_wconf 85' lang='lat' dir='ltr'><strong>Deo</strong></span> <span class='ocrx_word' id='word_1_1002' title='bbox 3695 5638 3869 5683; x_wconf 80' lang='lat' dir='ltr'><strong>autent</strong></span> 
     </span>
    </p>
   </div>
   <div class='ocr_carea' id='block_1_117' title="bbox 566 5699 3867 5774">
    <p class='ocr_par' dir='ltr' id='par_1_117' title="bbox 566 5699 3867 5774">
     <span class='ocr_line' id='line_1_120' title="bbox 566 5699 3867 5774; baseline -0.002 -17"><span class='ocrx_word' id='word_1_1003' title='bbox 566 5699 662 5757; x_wconf 80' lang='lat' dir='ltr'><strong>Est</strong></span> <span class='ocrx_word' id='word_1_1004' title='bbox 686 5700 860 5774; x_wconf 74' lang='lat' dir='ltr'><strong>Filius</strong></span> <span class='ocrx_word' id='word_1_1005' title='bbox 881 5700 943 5756; x_wconf 80' lang='lat' dir='ltr'><strong>ab</strong></span> <span class='ocrx_word' id='word_1_1006' title='bbox 968 5719 1029 5756; x_wconf 87' lang='lat' dir='ltr'><strong>eo</strong></span> <span class='ocrx_word' id='word_1_1007' title='bbox 1059 5701 1213 5759; x_wconf 85' lang='lat' dir='ltr'><strong>Patre</strong></span> <span class='ocrx_word' id='word_1_1008' title='bbox 1231 5707 1319 5774; x_wconf 88' lang='lat' dir='ltr'><strong>qui</strong></span> <span class='ocrx_word' id='word_1_1009' title='bbox 1344 5717 1450 5773; x_wconf 80' lang='lat' dir='ltr'><strong>est;</strong></span> <span class='ocrx_word' id='word_1_1010' title='bbox 1485 5706 1574 5764; x_wconf 87' lang='lat' dir='ltr'><strong>hic</strong></span> <span class='ocrx_word' id='word_1_1011' title='bbox 1610 5699 1760 5774; x_wconf 85' lang='lat' dir='ltr'><strong>vero,</strong></span> <span class='ocrx_word' id='word_1_1012' title='bbox 1791 5704 1849 5763; x_wconf 88' lang='lat' dir='ltr'><strong>ut</strong></span> <span class='ocrx_word' id='word_1_1013' title='bbox 1870 5699 1991 5764; x_wconf 80' lang='lat' dir='ltr'><strong>mox</strong></span> <span class='ocrx_word' id='word_1_1014' title='bbox 2026 5708 2173 5772; x_wconf 64' lang='lat' dir='ltr'><strong>vide-g</strong></span> <span class='ocrx_word' id='word_1_1015' title='bbox 2275 5699 2442 5758; x_wconf 78' lang='lat' dir='ltr'><strong>simiie</strong></span> <span class='ocrx_word' id='word_1_1016' title='bbox 2482 5699 2679 5774; x_wconf 82' lang='lat' dir='ltr'><strong>aliquid</strong></span> <span class='ocrx_word' id='word_1_1017' title='bbox 2717 5719 2844 5774; x_wconf 84' lang='lat' dir='ltr'><strong>esse,</strong></span> <span class='ocrx_word' id='word_1_1018' title='bbox 2876 5705 2974 5758; x_wconf 84' lang='lat' dir='ltr'><strong>nisi</strong></span> <span class='ocrx_word' id='word_1_1019' title='bbox 3019 5703 3158 5774; x_wconf 87' lang='lat' dir='ltr'><strong>quod</strong></span> <span class='ocrx_word' id='word_1_1020' title='bbox 3187 5699 3253 5756; x_wconf 69' lang='lat' dir='ltr'><strong>eti</strong></span> <span class='ocrx_word' id='word_1_1021' title='bbox 3274 5719 3328 5757; x_wconf 85' lang='lat' dir='ltr'><strong>se</strong></span> <span class='ocrx_word' id='word_1_1022' title='bbox 3373 5703 3488 5770; x_wconf 83' lang='lat' dir='ltr'><strong>erit,</strong></span> <span class='ocrx_word' id='word_1_1023' title='bbox 3538 5719 3641 5757; x_wconf 84' lang='lat' dir='ltr'><strong>non</strong></span> <span class='ocrx_word' id='word_1_1024' title='bbox 3682 5708 3867 5774; x_wconf 76' lang='lat' dir='ltr'><strong>potest.</strong></span> 
     </span>
    </p>
   </div>
   <div class='ocr_carea' id='block_1_118' title="bbox 574 5749 3874 5853">
    <p class='ocr_par' dir='ltr' id='par_1_118' title="bbox 574 5749 3874 5853">
     <span class='ocr_line' id='line_1_121' title="bbox 574 5749 3874 5853; baseline -0.001 -23"><span class='ocrx_word' id='word_1_1025' title='bbox 574 5749 2174 5853; x_wconf 44' lang='grc' dir='ltr'><strong>Εἷιὶιῖιέᾗᾚιῖιῐηῐᾔηῖξὲὲιῖιὶὶῧῗᾳέἑῗειὶξὶὶἑὶιιῖὶιὲἱῐᾷιεξὶἱὲἆ</strong></span> <span class='ocrx_word' id='word_1_1026' title='bbox 2276 5749 3874 5853; x_wconf 53' lang='lat' dir='ltr'><strong>inritatae.&#39;ea&#39;b1&quot;3...tic;a:uii.it;.&#39;at?a&#39;.sma</strong></span> 
     </span>
    </p>
   </div>
   <div class='ocr_carea' id='block_1_119' title="bbox 575 5846 2173 5927">
    <p class='ocr_par' dir='ltr' id='par_1_119' title="bbox 575 5846 2173 5927">
     <span class='ocr_line' id='line_1_122' title="bbox 575 5846 2173 5927; baseline 0.007 -25"><span class='ocrx_word' id='word_1_1027' title='bbox 575 5862 677 5903; x_wconf 88' lang='lat' dir='ltr'><strong>non</strong></span> <span class='ocrx_word' id='word_1_1028' title='bbox 714 5847 780 5904; x_wconf 87' lang='lat' dir='ltr'><strong>sit</strong></span> <span class='ocrx_word' id='word_1_1029' title='bbox 822 5847 975 5916; x_wconf 69' lang='lat' dir='ltr'><strong>etiam</strong></span> <span class='ocrx_word' id='word_1_1030' title='bbox 1003 5846 1054 5901; x_wconf 89' lang='lat' dir='ltr'><strong>in</strong></span> <span class='ocrx_word' id='word_1_1031' title='bbox 1097 5863 1158 5903; x_wconf 81' lang='lat' dir='ltr'><strong>eo</strong></span> <span class='ocrx_word' id='word_1_1032' title='bbox 1187 5864 1217 5901; x_wconf 81' lang='grc' dir='ltr'><em>α</em></span> <span class='ocrx_word' id='word_1_1033' title='bbox 1239 5862 1341 5918; x_wconf 86' lang='lat' dir='ltr'><strong>quo</strong></span> <span class='ocrx_word' id='word_1_1034' title='bbox 1367 5846 1482 5918; x_wconf 78' lang='lat' dir='ltr'><strong>est,-</strong></span> <span class='ocrx_word' id='word_1_1035' title='bbox 1522 5849 1613 5910; x_wconf 84' lang='lat' dir='ltr'><strong>ubi</strong></span> <span class='ocrx_word' id='word_1_1036' title='bbox 1634 5851 1677 5909; x_wconf 80' lang='lat' dir='ltr'><strong>is</strong></span> <span class='ocrx_word' id='word_1_1037' title='bbox 1698 5851 1787 5922; x_wconf 79' lang='lat' dir='ltr'><strong>qui</strong></span> <span class='ocrx_word' id='word_1_1038' title='bbox 1815 5858 1911 5922; x_wconf 79' lang='lat' dir='ltr'><strong>est,</strong></span> <span class='ocrx_word' id='word_1_1039' title='bbox 1934 5846 2173 5927; x_wconf 69' lang='lat' dir='ltr'><strong>Patrem,</strong></span> 
     </span>
    </p>
   </div>
   <div class='ocr_carea' id='block_1_120' title="bbox 2281 5846 3297 5927">
    <p class='ocr_par' dir='ltr' id='par_1_120' title="bbox 2281 5846 3297 5927">
     <span class='ocr_line' id='line_1_123' title="bbox 2281 5846 3297 5927; baseline -0.003 -19"><span class='ocrx_word' id='word_1_1040' title='bbox 2281 5858 2405 5926; x_wconf 81' lang='lat' dir='ltr'><strong>post</strong></span> <span class='ocrx_word' id='word_1_1041' title='bbox 2428 5848 2474 5910; x_wconf 83' lang='lat' dir='ltr'><strong>si</strong></span> <span class='ocrx_word' id='word_1_1042' title='bbox 2499 5847 2722 5927; x_wconf 82' lang='lat' dir='ltr'><strong>quidem,</strong></span> <span class='ocrx_word' id='word_1_1043' title='bbox 2747 5862 2855 5912; x_wconf 87' lang='lat' dir='ltr'><strong>nou</strong></span> <span class='ocrx_word' id='word_1_1044' title='bbox 2884 5862 2939 5908; x_wconf 80' lang='lat' dir='ltr'><strong>se</strong></span> <span class='ocrx_word' id='word_1_1045' title='bbox 2963 5846 3189 5925; x_wconf 78' lang='lat' dir='ltr'><strong>quidem.</strong></span> <span class='ocrx_word' id='word_1_1046' title='bbox 3290 5900 3297 5905; x_wconf 83' lang='lat'><strong>.</strong></span> 
     </span>
    </p>
   </div>
  </div>
