4216 6254
356 413 426 468 i3

358 543 468 588 uno
498 525 642 600 quod
656 533 741 582 est

356 639 512 682 suum
561 631 722 694 quam
768 619 871 675 sibi
906 613 1199 671 constituta
1237 608 1307 664 sit
1356 613 1544 660 natura
1573 615 1678 656 nou
1710 591 1956 650 tendens.

357 715 558 776 Mutum
585 713 731 772 enim
760 725 915 767 suum
944 723 1052 763 non
1102 702 1204 760 sibi
1249 699 1431 764 debet,
1477 693 1572 751 sed
1623 687 1826 746 auctori
1863 702 1876 739 :
1910 693 1966 739 et

359 813 560 870 idcirco
583 804 820 879 id,quod
846 804 920 875 (a)
955 803 1007 857 in
1041 797 1188 855 aliud
1219 812 1286 852 ex
1316 801 1536 848 auclore
1565 783 1830 846 subsistit,
1859 779 1964 834 im-

366 905 663 978 perfectum
691 899 794 955 sibi
840 903 944 963 est,
971 891 1098 950 dum
1132 895 1348 946 constat
1375 880 1619 946 aliunde;
1650 887 1702 933 et
1741 879 1964 930 neceSse

364 966 449 1055 est
469 1040 482 1061 ,
527 1004 584 1050 ut
614 995 666 1049 in
693 1006 799 1064 quo
819 1005 878 1045 se
911 984 1209 1058 perlectum
1242 985 1389 1051 putet
1418 987 1609 1046 sapere
1635 1013 1648 1036 ,
1689 966 1917 1037 desipiat
1950 981 1962 1016 :

366 1090 490 1161 quia
516 1098 720 1144 natum
747 1097 859 1140 sum
889 1097 995 1136 non
1026 1077 1314 1134 moderans
1341 1068 1741 1130 necessitatem,
1770 1070 1824 1117 et
1851 1074 1969 1113 om-

369 1187 460 1240 nia
495 1181 864 1238 iufirmitatum
895 1188 1115 1229 suarum
1165 1165 1487 1225 existimans
1515 1158 1757 1217 terminis
1798 1153 1971 1209 couti-

372 1276 516 1340 neri.
545 1275 680 1331 falso
700 1273 808 1343 jam
833 1266 1110 1339 sapientiae
1136 1263 1354 1320 nomine
1383 1257 1642 1330 gloriatur
1676 1270 1689 1306 :
1732 1249 1853 1320 quia
1885 1262 1970 1302 sa-

371 1385 532 1442 pere,
564 1365 664 1423 sibi
696 1363 830 1420 ultra
859 1375 1052 1416 sensus
1083 1361 1164 1415 sui
1196 1371 1302 1412 non
1329 1352 1490 1408 liceat
1517 1354 1835 1418 potestatem
1861 1383 1875 1407 ,
1918 1348 1975 1394 et

367 1471 530 1532 quam
578 1457 849 1514 infirmum
898 1446 1222 1509 subsistendi
1261 1458 1343 1502 est
1374 1445 1608 1507 virtute,
1643 1451 1750 1492 tam
1780 1447 1973 1490 sensus

283 1567 290 1574 '
369 1557 459 1611 sit.
494 1553 670 1624 Atque
697 1551 769 1606 ob
808 1549 859 1605 id
891 1545 1218 1618 imperfecta:
1246 1548 1448 1597 naturae
1471 1532 1802 1596 substitutio,
1849 1543 1971 1598 per-

373 1647 497 1706 [ceti
542 1621 736 1703 sensus
761 1642 1078 1714 sapientiam
1123 1637 1367 1694 obtinere
1406 1646 1464 1687 se
1491 1628 1726 1702 glorians
1748 1667 1762 1689 ,
1795 1621 1976 1678 stultae

377 1739 662 1813 sapientiae
680 1711 938 1794 irridetur
955 1729 1267 1803 opprobrio,
1289 1722 1548 1797 Apostolo
1576 1719 1821 1774 dicente:
1854 1711 1977 1767 Non

380 1833 512 1888 enim
534 1831 672 1885 misit
699 1845 779 1883 me
803 1826 1040 1883 Christus
1063 1823 1343 1896 baptizare,
1369 1818 1456 1872 sed
1486 1811 1853 1882 euangelizare,
1874 1821 1976 1860 non

373 1926 432 1979 in
462 1937 694 1979 sermone
728 1920 1015 1990 sapientiai,
1043 1933 1106 1970 ne
1131 1915 1300 1969 inanis
1327 1914 1417 1982 fiat
1444 1923 1572 1963 crux
1597 1902 1787 1960 Christi
1811 1919 1828 1955 :
1863 1915 1975 1954 uer-
2010 1901 2057 1961 Β

377 2021 496 2073 bum
525 2017 660 2074 enim
695 2016 861 2070 crucis
890 2012 1109 2069 stultitia
1140 2019 1212 2065 est
1241 2008 1322 2061 Itis
1350 2005 1436 2078 qui
1463 2009 1694 2075 pereunt,
1717 1998 1780 2051 iis
1808 2003 1978 2048 autent

376 2113 464 2184 qui
493 2109 781 2176 salvantur,
812 2109 972 2162 virtus
1002 2103 1096 2158 Dei
1118 2117 1209 2158 est.
1251 2099 1512 2165 Scriptum
1559 2103 1632 2149 est
1653 2092 1781 2145 enim
1807 2105 1825 2144 :
1853 2085 1979 2141 Pcr-

381 2183 506 2259 dam
536 2201 843 2271 sapientiam
891 2199 1216 2269 sapientium,
1267 2205 1313 2250 et
1339 2190 1651 2246 intellectum
1682 2183 1976 2253 intelligen-

382 2299 510 2352 tittm
529 2293 828 2366 reprobabo.
854 2291 951 2347 Ubi
972 2289 1210 2360 sapiens?
1230 2287 1316 2341 ubi
1334 2284 1542 2339 scriba?
1563 2281 1649 2336 ubi
1671 2277 1983 2346 conquisitor

383 2387 542 2462 hujus
591 2384 806 2442 saeculi?
855 2381 1044 2438 Nonne
1085 2379 1294 2435 stultam
1336 2378 1454 2448 fecit
1499 2373 1634 2428 Deus
1677 2369 1981 2440 sapientiam

384 2459 543 2544 huius
569 2475 782 2532 mundi?
815 2472 1068 2541 Quoniam
1115 2471 1317 2544 quidem
1360 2471 1414 2522 in
1459 2465 1710 2536 sapientia
1740 2459 1837 2515 Dei
1880 2475 1983 2513 non

385 2571 622 2641 cognorit
647 2563 721 2643 (ὑ)
762 2567 981 2622 mundus
1028 2579 1118 2635 per
1162 2559 1470 2632 sapientiam
1527 2553 1716 2618 Deum,
1766 2552 1983 2607 decrevit

387 2661 529 2718 Deus
577 2669 665 2730 per
709 2659 982 2715 stultitiam
1026 2655 1405 2725 praedicationis
1444 2651 1643 2707 salvare
1687 2645 1980 2701 credentes:

384 2754 627 2821 quoniam
651 2751 828 2807 Judaei
855 2753 999 2821 signa
1026 2756 1221 2819 petunt,
1248 2755 1294 2801 et
1325 2743 1494 2800 (ἔνωεὶ
1518 2739 1822 2812 sapientiam
1848 2750 1986 2806 quat-

384 2855 550 2904 rsmt:
581 2861 673 2903 nos
715 2853 885 2901 autem
925 2843 1263 2916 praedicamus
1301 2838 1561 2895 Christum
1597 2831 1776 2890 Iesum
1817 2831 1986 2886 cruci-

391 2942 582 3013 ﬁxum,
638 2939 845 2995 Iudaeis
892 2937 1096 3007 quidem
1143 2932 1470 2998 scandalum,
1538 2927 1769 3002 gentibus
1822 2933 1990 2978 autent

392 3036 692 3100 stultitiam,
720 3033 846 3105 ipsis
877 3042 1050 3086 autent
1091 3029 1280 3084 uocatis
1316 3025 1516 3081 Judwis
1545 3037 1591 3080 et
1623 3021 1815 3078 Grazcis
1841 3019 1995 3075 Chri-

390 3141 526 3186 stum
573 3125 672 3184 Dei
713 3128 944 3182 virtutem
991 3133 1038 3180 et
1074 3124 1167 3177 Dei
1197 3121 1500 3196 sapientiam
1543 3133 1558 3174 :
1600 3119 1722 3189 quia
1748 3113 1885 3181 quod
1909 3115 1993 3168 in-

392 3226 604 3296 ﬁrmum
635 3233 708 3278 est
736 3222 854 3288 Dei,
884 3221 1070 3291 fortius
1099 3230 1175 3274 est
1205 3217 1529 3281 hominibus;
1554 3219 1602 3269 et
1623 3211 1759 3284 quod
1784 3209 1994 3264 stuftunt

394 3329 470 3375 est
502 3319 619 3383 Dei,
653 3317 934 3389 sapientius
949 3324 1022 3370 est
1043 3308 1390 3384 hominibus(l
1414 3309 1534 3365 Cor.
1569 3325 1606 3374 ι,
1632 3299 1698 3362 i7
1730 3315 1774 3361 et
1803 3306 1988 3375 seqq.).

401 3411 596 3468 Omnis
625 3410 808 3482 itaque
856 3401 1247 3478 infidelitasU)
1291 3403 1522 3460 stultitia
1565 3408 1685 3456 est:
1719 3399 1839 3470 quia
1890 3398 1994 3451 iiii-

395 3505 624 3579 perfecti
651 3519 843 3560 sensus
870 3503 952 3559 sui
993 3516 1085 3556 usa
1124 3498 1408 3569 sapientia,
1456 3495 1584 3552 dum
1624 3494 1804 3550 omnia
1846 3481 1993 3546 infir-

399 3600 604 3655 mitatis
650 3613 763 3652 sua:
809 3598 1065 3668 Opinione
1107 3593 1437 3658 moderatur,
1498 3598 1649 3661 putat
1693 3585 1831 3642 efﬁci
1889 3600 1996 3640 non

401 3707 562 3762 posse
589 3689 729 3759 quod
753 3706 858 3745 non
883 3689 1042 3761 sapit.
1088 3685 1261 3742 Causa
1306 3685 1449 3741 enim
1473 3680 1804 3737 infidelitatis
1830 3677 1898 3751 (c)
1931 3677 1998 3733 de

399 3783 674 3838 sententia
697 3779 1150 3846 estinfirmitatis,
1181 3778 1305 3834 dum
1336 3786 1549 3848 gestum
1576 3788 1697 3829 esse
1727 3772 1846 3843 quis
1893 3786 1997 3826 non

403 3884 576 3948 putat,
609 3875 752 3935 quod
798 3876 911 3947 geri
936 3889 1041 3930 non
1071 3888 1229 3944 posse
1253 3870 1494 3927 definiat.

473 3969 568 4024 25.
599 3967 837 4024 Stultitia
863 3967 1066 4039 sapiens
1116 3965 1368 4035 ﬁdelium.
1398 3992 1472 4004 —
1513 3961 1579 4017 Et
1617 3957 1818 4016 idcirco
1859 3957 2005 4030 Apoc

401 4061 580 4131 stolus
604 4061 782 4115 sciens
813 4069 1017 4114 natura:
1047 4055 1298 4112 humanae
1330 4053 1703 4125 imperfectam
1725 4051 2005 4122 cogitatio-

403 4170 529 4210 nem
579 4153 683 4210 hoc
725 4151 902 4209 solum
957 4165 1142 4222 putare
1183 4151 1236 4204 in
1283 4149 1394 4205 veri
1443 4147 1653 4202 ratione
1698 4160 1820 4202 esse
1860 4143 2006 4215 quod

415 4253 653 4319 saperet,
682 4245 758 4300 ait
787 4261 895 4301 non
927 4244 982 4301 in
1015 4258 1268 4299 sermone
1296 4257 1355 4298 se
1379 4239 1659 4311 sapientia:
1688 4236 2005 4310 praedicare,

405 4354 479 4396 ne
516 4335 915 4410 praedicationis
957 4352 1070 4392 sua:
1114 4336 1287 4391 inanis
1336 4341 1480 4389 esset
1523 4332 1773 4387 assertio.
1818 4330 1897 4385 Ac
1943 4345 2010 4386 ne

404 4433 652 4490 stultitim
711 4447 832 4488 esse
906 4430 1228 4503 praedicator
1277 4427 1718 4485 existimaretur,
1788 4422 2008 4494 adjecit,

405 4526 634 4584 verbum
665 4526 842 4582 erucis
868 4524 1152 4580 stultitiam
1178 4522 1284 4596 6'7
1313 4535 1434 4578 esse
1466 4515 1813 4589 pereuntibus
1840 4534 1852 4571 :
1888 4517 2011 4587 quia

391 413 422 442 ιι
1629 381 1713 442 ui:
1752 361 2130 440 TRIMTATE
2173 355 2376 430 LiBER
2417 371 2502 429 Ill.

777 523 1034 584 sentiens,
1063 525 1318 572 cancrum
1347 507 1568 566 ulterius
1600 497 1711 576 66
1744 507 1963 555 sensum
1994 500 2047 564 Α
2071 497 2357 563 saperent;
2407 496 2462 543 et
2507 499 2626 541 cum
2662 477 2790 538 nibil
2839 479 2938 535 nisi
2991 476 3129 532 intra
3183 469 3510 529 infirmitatis
3551 479 3661 520 sua:

3063 583 3070 584 κ
3094 566 3135 584 L
3186 563 3276 584 nm
3313 559 3540 584 .--_r._._
3573 570 3656 584 Μ..

3663 228 3706 241 θ..

3586 347 3655 406 ili

2066 589 2321 653 saperent
2367 591 2634 644 naturam,
2683 589 2824 639 eam,
2881 585 2999 640 qua:
3030 566 3140 622 sola
3186 563 3277 620 Dei
3313 559 3542 634 perlecta
3573 570 3664 612 sas

2065 651 2265 748 pientia
2310 683 2415 737 εει,
2468 672 2715 740 putarent
2763 680 2883 721 esse
2923 659 3237 724 stultitiam;
3282 669 3376 726 per
3413 652 3555 726 quid
3611 651 3662 706 iii

2066 743 2150 840 (ἡ)
2173 781 2233 821 ea
2281 766 2391 834 ipsa
2435 758 2662 817 infirmis
2708 755 2988 826 sapientiae
3015 768 3126 806 sua:
3167 749 3420 819 opinione
3449 743 3663 812 desipe-

2070 835 2210 914 i-eui.
2265 855 2408 928 Ergo
2457 851 2713 925 quidquid
2762 846 3108 920 pereuntibus
3152 840 3378 897 stultitia
3411 845 3513 902 εει,
3565 835 3668 890 itus

2070 951 2137 1006 lis
2164 951 2252 1020 qui
2286 927 2565 1004 salvantur
2593 943 2685 998 Dei
2713 942 2883 995 virtus
2913 945 2994 993 est
3023 955 3037 992 :
3072 935 3195 1005 quia
3243 930 3373 986 nihil
3407 927 3668 984 naturalis

2069 1018 2261 1099 sensus
2284 1041 2356 1114 (ε)
2414 1037 2496 1094 sui
2545 1033 2854 1091 inﬁrmitate
2909 1028 3277 1089 moderantur,
3329 1021 3421 1077 sed
3471 1018 3668 1074 dirinrn

2074 1112 2354 1209 potestatis
2385 1130 2726 1189 efficientiam
2759 1123 3056 1181 secundum
3089 1119 3408 1175 infinitatem
3429 1112 3666 1169 etelestis

2073 1205 2285 1286 tvi'irtutis
2332 1225 2662 1298 expendunt.
2716 1220 2784 1276 Et
2844 1216 3044 1273 idcirco
3091 1211 3405 1284 sapientiam
3457 1205 3669 1278 sapiens

2073 1326 2229 1389 tium,
2261 1332 2312 1377 et
2343 1316 2750 1388 intelligentiam
2782 1308 3192 1380 illlelligettlifttn
3223 1304 3360 1357 Deus
3385 1301 3668 1369 improbat,

2075 1419 2201 1491 quia
2250 1431 2344 1488 per
2390 1413 2698 1486 opinionem
2743 1405 3001 1462 stultitize
3037 1404 3283 1456 bumante
3328 1391 3672 1450 credentibus

2076 1513 2223 1569 salus
2254 1509 2504 1566 tribuitur
2532 1524 2544 1560 :
2577 1504 2704 1558 dum
2735 1510 2788 1555 et
2825 1497 3087 1560 inﬁdeles,
3124 1507 3245 1563 quae
3272 1498 3422 1544 extra
3453 1496 3671 1539 sensum

2081 1622 2237 1662 suum
2269 1611 2412 1668 sunt,
2445 1598 2608 1655 stulta
2637 1611 2756 1651 esse
2785 1592 3104 1652 decernunt,-
3129 1593 3184 1640 et
3210 1581 3395 1636 fideles
3427 1575 3674 1649 potestati

2079 1716 2142 1755 ac
2173 1697 2354 1753 virtuti
2400 1695 2490 1748 Dei
2525 1690 2700 1745 omnia
2729 1686 2797 1758 (Ῑ)
2842 1681 3132 1754 largiendm
3182 1665 3281 1732 sibi
3333 1675 3520 1730 salutis
3565 1685 3677 1725 sum

2081 1799 2419 1850 sacramenta
2471 1752 2805 1856 permittunt.
2859 1752 2974 1834 Non
3019 1789 3148 1847 ergo
3190 1779 3312 1826 sunt
3364 1769 3524 1824 stulta
3555 1771 3675 1837 qua!
3731 1752 3748 1757 ’

2086 1888 2182 1944 Dei
2210 1894 2364 1950 sunt;
2407 1881 2499 1937 sed
2550 1880 2796 1932 humanm
2845 1880 3051 1927 natura!
3097 1867 3357 1937 insipiens
3398 1860 3677 1932 prudentia

2082 1989 2185 2046 est,
2219 1993 2338 2050 quae
2367 1990 2396 2030 a
2427 1975 2538 2030 Deo
2566 1983 2668 2042 suo
2697 1977 2787 2022 aut
2833 1966 2981 2036 signa
3021 1968 3114 2016 aut
3154 1957 3472 2028 sapientiam
3515 1952 3580 2007 ad
3614 1951 3678 2004 fi-

2082 2045 2204 2133 dem
2237 2045 2504 2145 postulet.
2555 2067 2620 2120 Et
2660 2061 2970 2120 .ludaaorum
3018 2053 3238 2127 quidem
3285 2059 3368 2106 est
3410 2045 3682 2120 postulare

2085 2142 2277 2243 signa;
2309 2167 2434 2239 quia
2463 2162 2515 2218 in
2562 2160 2654 2215 Dei
2689 2155 2906 2212 nomine
2950 2166 3045 2222 per
3092 2148 3224 2219 legis
3265 2142 3681 2199 familiaritatem

2086 2239 2192 2321 non
2221 2259 2508 2317 admodum
2551 2253 2731 2316 rudes,
2764 2245 2943 2304 crucis
2973 2240 3229 2299 seandalo
3251 2239 3682 2293 commoventur.

2088 2358 2400 2416 Grmcorum
2433 2358 2610 2406 autem
2640 2353 2718 2400 est
2767 2339 3085 2412 sapientiam
3116 2343 3361 2405 poscere.
3395 2329 3519 2399 quia
3557 2339 3687 2396 gen-

2093 2453 2170 2508 tili
2219 2447 2419 2519 ineptia
2474 2441 2814 2507 humanaque
2865 2429 3146 2502 prudentia
3179 2425 3445 2480 rationem
3489 2417 3687 2475 sublati

2092 2547 2146 2604 in
2177 2516 2389 2601 crucem
2428 2538 2520 2593 Dei
2551 2535 2815 2605 qumrant.
2847 2527 2976 2596 Qum
3005 2522 3126 2594 quia
3149 2516 3440 2574 secundum
3468 2525 3685 2568 sensum

2092 2647 2299 2695 naturae
2330 2627 2555 2688 infirmis
2571 2601 2791 2681 occulta
2824 2621 2876 2673 in
2907 2621 3247 2672 sacramento
3295 2608 3394 2669 sit;
3448 2604 3510 2658 fit
3557 2601 3690 2656 stul-

2096 2731 2204 2785 titia
2231 2726 2305 2799 (g)
2335 2721 2566 2779 infidelis
2593 2738 2606 2772 :
2640 2727 2758 2772 eum
2786 2709 2929 2784 quod
2958 2703 3276 2763 naturaliter
3305 2711 3457 2755 mens
3484 2696 3686 2767 imper-

2097 2797 2362 2879 fectaiiou
2388 2813 2648 2881 concipit,
2685 2809 2735 2864 id
2767 2819 2918 2864 extra
2963 2797 3261 2875 prudentia:
3307 2808 3522 2851 causam
3568 2803 3692 2845 esse

2096 2907 2375 2972 decernat.
2407 2908 2514 2967 Sed
2546 2906 2616 2961 ob
2644 2905 2783 2958 hanc
2821 2895 3218 2969 imprudentem
3249 2887 3432 2944 mundi
3481 2884 3693 2955 sapien-

2101 3010 2250 3074 tiam,
2283 3018 2404 3075 qua:
2431 3001 2546 3074 88
2571 3011 2667 3068 per
2697 2992 2788 3049 Dei
2819 2988 3135 3060 sapientiam
3170 2984 3337 3038 Deum
3367 2987 3491 3033 ante
3521 2976 3696 3032 nesci-

2099 3101 2199 3165 vit,
2229 3073 2427 3158 idest,
2457 3073 2561 3165 per
2608 3091 2746 3144 Itane
2772 3079 3225 3156 magnificentiam
3278 3073 3461 3130 mundi
3499 3085 3562 3126 ac
3587 3075 3695 3124 tam

2103 3192 2377 3264 sapienter
2406 3164 2635 3242 instituti
2666 3178 2864 3252 opificii
2896 3179 3168 3236 ornatam,
3201 3167 3459 3224 creatoris
3483 3164 3564 3218 sui
3590 3179 3696 3218 non

2022 3269 2066 3332 (ἶ
2101 3295 2185 3345 est
2228 3293 2484 3340 venerata
2531 3276 2884 3347 sapientiam;
2932 3267 3132 3341 placuit
3163 3267 3273 3320 Deo
3315 3259 3699 3333 priedicatioue

2103 3377 2346 3436 stultitia:
2378 3372 2558 3428 Salvas
2590 3372 2765 3423 facere
2795 3363 3106 3421 credentes,
3139 3357 3191 3413 id
3233 3363 3337 3421 est,
3368 3353 3546 3409 crucis
3598 3349 3701 3406 fitle

2104 3472 2460 3528 aeternitatem
2493 3460 2806 3519 mortalibus
2851 3453 3137 3527 provenire
3180 3470 3194 3506 :
3247 3457 3303 3503 ut
3333 3445 3555 3502 confusa
3602 3439 3700 3496 itii—

2105 3558 2385 3644 tnante‘Ut)
2409 3554 2695 3615 sententia:
2723 3551 3001 3621 opinione,
3031 3545 3102 3600 ibi
3145 3542 3294 3597 salus
3340 3537 3693 3609 reperiretur,

2107 3657 2195 3713 ulti
2223 3631 2462 3710 creditur
2491 3664 2613 3706 esse
2639 3645 2885 3702 stultitia.
2917 3640 3168 3697 Christus
3190 3636 3331 3690 enim
3361 3633 3448 3702 qui
3479 3631 3701 3686 stultitia

2107 3751 2359 3823 gentibus
2389 3759 2441 3803 et
2469 3743 2670 3802 Judzeis
2699 3738 3012 3796 scandalum
3044 3743 3144 3799 est,
3180 3729 3273 3786 Del
3305 3728 3474 3782 virtus
3503 3725 3704 3793 Deique

2107 3843 2369 3916 sapientia
2416 3849 2499 3895 est
2543 3858 2555 3891 :
2600 3835 2722 3905 quia
2767 3847 2886 3904 quae
2930 3843 3091 3883 sensu
3146 3825 3382 3879 humano
3414 3817 3621 3872 infirma
3651 3816 3703 3869 in

2077 3908 2205 3992 -Del
2252 3933 2413 3989 rebus
2457 3937 2511 3985 et
2555 3927 2716 3982 stulta
2766 3920 3169 3980 existimantur,
3231 3913 3345 3968 haec
3407 3908 3705 3981 prudentia:

2110 4028 2404 4096 virtutique
2436 4032 2687 4087 terrenae,
2721 4027 2776 4073 et
2803 4012 3082 4086 sapientize
3123 4017 3178 4065 et
3231 4004 3512 4078 potestatis
3562 4002 3707 4054 veri-

2111 4129 2221 4178 tate
2249 4116 2578 4189 praecellant.

2181 4233 2274 4290 26.
2306 4217 2386 4288 De
2415 4214 2514 4284 Dei
2543 4215 2693 4283 rebus
2719 4241 2821 4279 non
2851 4237 2944 4278 suo
2969 4233 3142 4283 sensu,
3181 4207 3271 4268 sed
3317 4207 3419 4281 ﬁde
3439 4208 3714 4262 decernen-

2113 4330 2349 4385 dum.—-
2393 4321 2539 4380 Nihil
2581 4319 2742 4392 igitur
2794 4315 2848 4373 in
2899 4311 3094 4370 divinis
3138 4305 3419 4363 effectibus
3467 4297 3714 4354 humana:

2116 4422 2312 4477 mentis
2346 4418 2603 4486 opinione
2631 4409 2970 4468 tractandum
3001 4413 3105 4470 est,
3139 4415 3313 4470 neque
3360 4395 3427 4450 de
3471 4401 3716 4449 creatore

2117 4528 2215 4568 suo
2241 4509 2438 4580 Opificii
2487 4507 2654 4576 ipsius
2693 4501 2918 4557 materia
2943 4497 3219 4551 decernat.
3254 4485 3586 4544 Assumenda
3619 4497 3716 4535 au-

407 4633 529 4676 eam
559 4619 728 4674 solam
757 4615 1004 4674 infideles
1035 4614 1374 4687 prudentiam
1397 4610 1841 4678 crederentesse,
1858 4586 2017 4681 quam
2041 4598 2095 4660 D
2124 4617 2231 4664 tem
2264 4603 2420 4661 nobis
2451 4609 2535 4658 est
2555 4594 2807 4662 stultitia,
2843 4600 2901 4647 ut
2928 4586 3247 4661 sapientiam
3279 4592 3578 4644 sumamus,
3609 4587 3714 4630 non

482 4774 564 4850 (i)
592 4774 767 4832 Stulta
791 4784 886 4831 est.

488 4913 566 4998 (α)
615 4914 782 4969 Abest
817 4913 870 4997 in
917 4911 1062 4968 aliud
1093 4926 1120 4964 a
1169 4905 1556 4992 vetustioribus
1588 4918 1720 4960 mss.
1766 4901 1923 4959 Colb.
1955 4909 2010 4957 et

413 4984 798 5069 βρωιε-,ίιειοά
832 5000 884 5039 ιη
911 4983 1080 5069 Qui:
1105 4979 1347 5069 additu?
1377 4985 1462 5069 εεξέ
1482 4974 2010 5069 θέεετξξὲάὲηξπὶῗῗξξ

414 5045 659 5128 [ἠφίει
677 5045 797 5128 Par.
835 5055 1088 5128 particula
1111 5053 1478 5128 inexpuncta,
1514 5049 1717 5128 tantum
1742 5045 2012 5101 retinuere

413 5119 582 5183 aliud.
620 5127 699 5183 Ex
731 5119 980 5182 hoc-ioco
1017 5119 1422 5194 intelligendum
1449 5129 1541 5194 est
1569 5119 1697 5173 illud
1740 5125 1893 5171 tract.
1930 5131 2010 5194 ps.

415 5215 634 5264 currv,
664 5217 716 5272 n.
754 5198 861 5272 1ος
911 5197 1013 5272 Qui
1070 5188 1270 5272 nonjse
1315 5193 1412 5247 sibi
1460 5189 1647 5257 debet,
1702 5204 1802 5243 non
1847 5188 2018 5241 omnia

421 5271 760 5341 potest,_dum
787 5286 818 5322 a
841 5266 1039 5341 potiore
1063 5266 1308 5341 subsistit.

477 5341 563 5423 .(b)
594 5329 944 5423 pamutensis
974 5339 1179 5423 codex,
1204 5339 1301 5418 hic
1330 5333 1575 5423 mundus,
1607 5329 1787 5423 addito
1817 5341 2015 5398 pronu-

420 5402 564 5468 miné
596 5413 699 5477 hic,
747 5413 992 5483 quodet
1037 5407 1284 5483 superius
1314 5419 1464 5483 nutri.
1506 5405 1558 5467 6,
1592 5402 2016 5483 addebat_vetus

418 5485 576 5541 Colb.
629 5477 844 5538 Mox-in
891 5481 1037 5537 dicto
1082 5477 1306 5536 Carnut.
1337 5477 1562 5547 aliisque
1607 5477 1775 5529 salvos
1825 5477 2013 5547 fugere,

422 5571 519 5626 pro
544 5557 743 5611 salvan
766 5569 786 5609 :
811 5562 866 5610 et
908 5554 1067 5622 paulo
1097 5561 1235 5626 post,
1278 5552 1414 5626 sicut
1444 5542 1498 5602 εἰ
1520 5547 1577 5626 in
1594 5542 1832 5626 ‘vetusto
1858 5542 2012 5623 Colb.

421 5615 557 5696 quod
575 5626 832 5695 inﬁrmius
854 5615 1023 5696 εεὶη...
1055 5615 1705 5696 quodstultitiaestzulain
1735 5615 2017 5696 admonui-

423 5684 542 5754 t'uus
582 5684 802 5754 etisdem
844 5684 1139 5764 Scriptum
1194 5694 1342 5748 locus
1395 5690 1463 5745 ab
1507 5689 1712 5745 Hilario
1757 5684 2016 5757 repetitos

421 5785 530 5826 non
561 5769 750 5830 eadem
780 5769 988 5828 ratione
1019 5764 1229 5821 refert-it

437 5846 446 5852 ’
483 5845 576 5922 _(c)
607 5828 665 5922 l_n
693 5855 793 5908 ms.
817 5837 1160 5922 garntttlde
1187 5834 1432 5922 sententia
1461 5841 1533 5888 est
1556 5828 1976 5922 intpossibilitatis
1997 5842 2018 5882 :

419 5899 607 5976 minus
629 5904 792 5968 bene;
822 5910 961 5984 Quid
988 5899 1091 5966 sibi
1120 5908 1250 5968 velit
1289 5907 1353 5965 de
1387 5899 1640 5969 sententia
1679 5899 2016 5973 inﬁrmitatis,

2117 4898 2396 4955 declarant
2425 4895 2668 4966 proxime
2692 4891 2857 4957 dic-ta,
2888 4889 3012 4966 dum
3054 4885 3225 4940 omnia
3269 4880 3582 4953 inﬁrmitatis
3609 4893 3718 4934 sua:

2120 4969 2357 5042 opinione
2384 4963 2679 5042 moderatur
2702 4979 2764 5016 ac
2791 4963 3030 5042 metitur:

2195 5021 2766 5112 (idil’razpusitionem
2817 5033 2872 5087 in
2915 5031 3170 5112 omittunt
3206 5024 3367 5112 editi.
3417 5023 3550 5112 Tum
3597 5021 3714 5104 Er.,

2123 5094 2270 5182 Lips:
2297 5122 2350 5167 et
2373 5094 2502 5165 l’a'r.
2534 5107 2848 5176 subjiciunt,
2899 5119 2958 5158 ea
2999 5103 3110 5174 ipsa
3140 5097 3333 5167 inﬁrmi
3357 5112 3376 5151 :
3407 5094 3716 5150 reluctante

2127 5188 2224 5239 bus
2255 5183 2386 5238 Bad.
2410 5193 2464 5236 et
2493 5195 2624 5234 mss.

2198 5235 2696 5322 (veiDAdtlitnusisui
2718 5262 2808 5322 _ex
2853 5260 2982 5322 m_s_s.
3015 5241 3166 5322 Haud
3201 5239 3393 5322 [foeni
3409 5237 3476 5320 ab
3527 5235 3716 5317 Hilarii

2125 5309 2326 5381 mettie.
2379 5321 2671 5392 Gregorius
2718 5319 2754 5373 l.
2783 5334 2857 5383 ix,
2906 5309 3300 5392 Morinum-8:
3352 5310 3451 5377 Qui
3499 5324 3616 5378 ergo
3665 5309 3718 5360 in

2127 5398 2278 5466 factis
2307 5393 2402 5448 Dei
2429 5385 2680 5466 raiionent
2705 5405 2807 5466 non
2832 5388 2988 5466 uidet,
3019 5385 3369 5466 inﬁrmitatem
3408 5395 3555 5436 suam
3593 5394 3718 5434 con-

2124 5456 2378 5532 siderans,
2401 5481 2493 5520 cur
2509 5480 2611 5518 non
2634 5463 2799 5516 videat
2825 5459 3073 5532 rationem
3097 5456 3251 5510 uidet.

2199 5519 2559 5610 (innvia'tlbas.
2597 5547 2698 5610 m_s_.
2731 5547 2941 5610 n_ec_non
2970 5529 3061 5610 alii
3095 5539 3244 5607 .tres,
3297 5522 3584 5607 largiendo.
3779 5541 3786 5546 -

2126 5620 2180 5665 et
2202 5591 2368 5678 ‘ijips.
2421 5603 2706 5678 largiendo.
2747 5601 3104 5658 Retinenduni
3165 5591 3398 5652 omnito
3431 5597 3554 5650 cuin
3599 5591 3720 5655 aliis

2126 5681 2277 5752 libris
2305 5679 2600 5752 largiendte.

2195 5751 2274 5825 (g)
2308 5739 2524 5825 Exi-usit
2552 5746 2905 5825 inﬁdelibus;
2937 5739 3295 5825 emendantur
3331 5753 3398 5794 εχ
3451 5749 3582 5824 ωδε,
3627 5749 3725 5816 9p.7

2133 5801 2277 5880 ιίιῖξζιῖ
2305 5801 2967 5892 ἦδίειξῆειίιιεεηϐυιὺπ,
2998 5822 3104 5870 etc.
3162 5883 3181 5892 _
3352 5879 3381 5892 Δ,
3462 5815 3467 5824 ’
3558 5812 3561 5814 ’

2198 5896 2276 5969 (ft)
2299 5879 2464 5964 Editi,
2497 5879 2764 5966 sapientiae
2790 5888 3030 5962 Opinione
3095 5879 3491 5954 refragttntiuus
3517 5891 3650 5945 mss.
