4216 6254
505 312 576 371 95
1709 312 1953 371 SANCTI
1991 311 2250 373 “manu
2288 283 2593 376 priscam
3746 330 3816 386 9ο

508 426 888 500 imprudentia:
914 440 1104 495 sensu,
1137 427 1234 485 sed
1266 434 1473 484 natura:
1501 435 1703 484 nostra:
1729 428 2062 484 conscientia
2093 446 2106 483 :
2134 429 2188 490 Α
2286 432 2461 488 ruisse
2488 447 2611 489 cum
2632 433 2820 491 voluit.
2844 436 2916 490 Ac
2940 452 3003 491 ne
3023 438 3295 509 peregrina
3323 439 3423 496 huc
3439 441 3812 512 adsciscamus,

508 530 569 578 ut
594 520 736 593 quod
768 521 1114 594 cogitationis
1144 530 1377 578 terrena:
1415 524 1555 578 ratio
1597 537 1705 578 non
1751 523 2009 594 concipit,
2055 523 2107 579 id
2284 523 2514 595 locuples
2557 525 2712 595 hujus
2740 528 2815 582 rei
2843 530 2985 583 testis
3023 540 3099 584 est
3132 529 3393 598 Hilarius,
3418 533 3510 589 lib.
3541 551 3637 602 xu,
3665 554 3722 593 n.
3743 538 3815 594 45

507 615 669 672 nobis
710 631 925 672 rursum
973 615 1112 670 ratio
1151 614 1351 671 divinae
1400 615 1612 672 virtutis
1669 615 1923 672 insinuet.
1970 616 2106 673 Cum
2285 624 2332 669 et
2360 614 2452 671 46.
2486 614 2669 687 Certe,
2712 618 2898 685 inquit,
2926 621 3017 691 qui
3049 630 3175 676 ante
3206 623 3454 694 angelus,
3487 642 3632 683 nunc
3650 629 3815 685 etiam

509 708 655 764 enim
688 709 958 778 recognita
986 708 1235 763 stultitim
1278 719 1479 765 nostra:
1520 708 1893 782 intelligentia,
1939 711 2108 782 impe-
2285 708 2449 765 homo
2476 721 2556 765 est
2603 727 2712 768 :ne
2741 713 3044 769 naturalem
3095 715 3234 771 hanc
3262 732 3385 774 esse
3427 718 3524 775 Dei
3576 722 3813 792 speciem

508 802 690 858 ritiam
715 802 977 858 naturalis
1021 802 1076 856 in
1126 802 1281 859 nobis
1329 802 1708 871 imprudentiae
1753 805 2106 874 senserimus,
2287 803 2574 860 diversitas
2603 803 2765 873 hujus
2807 806 2977 874 ipsius
3007 817 3296 877 assumpta:
3341 814 3637 869 creationis
3666 826 3816 885 pate-

511 901 625 948 tum
659 907 755 963 per
779 892 979 947 divina:
1010 892 1292 962 sapientia:
1315 894 1653 964 prudentiam
1680 894 1748 951 ad
1783 895 1876 951 Dei
1906 897 2111 966 sapien-
2286 903 2436 949 rctur
2463 895 2712 967 intelligi.
2745 896 2915 952 Adest
2940 909 3118 954 autem
3161 901 3329 956 Jacob
3359 902 3517 958 etiam
3546 921 3718 977 usque
3747 908 3817 964 ad

510 985 639 1040 tiam
693 985 998 1041 imbuemur
1047 1004 1060 1041 :
1106 1001 1229 1042 cum
1275 989 1394 1043 sine
1438 987 1601 1043 modo
1644 988 1868 1044 virtutes
1909 988 2005 1046 Dei
2047 1005 2110 1046 ac
2286 989 2444 1046 luctae
2474 992 2816 1062 complexum
2866 994 2919 1048 in
2973 994 3155 1050 habitu
3191 995 3497 1052 humano...
3530 1001 3637 1055 Sed
3672 1001 3812 1058 idem

513 1087 835 1149 potestatem
882 1080 1190 1147 metiamur,
1238 1096 1360 1135 cum
1410 1090 1617 1137 natura:
1666 1081 1953 1137 Dominum
2001 1097 2107 1139 non
2286 1091 2472 1152 postea
2500 1090 2554 1138 et
2594 1082 2765 1155 Moysi
2797 1100 2918 1140 esse
2962 1087 3100 1156 ignis
3131 1088 3436 1146 ostenditur
3468 1109 3482 1144 :
3514 1101 3573 1148 ut
3602 1097 3814 1151 natura:

513 1171 653 1227 intra
706 1172 978 1228 naturales
1027 1172 1173 1243 leges
1217 1172 1587 1242 cohibeamus,
1636 1190 1761 1231 cum
1802 1175 1906 1231 hoc
1932 1177 2108 1232 solum
2287 1182 2487 1230 creata:
2517 1184 2626 1230 tum
2658 1177 2836 1245 potius
2866 1177 2930 1232 ad
2963 1179 3237 1247 speciem,
3276 1197 3436 1251 quam
3468 1185 3535 1239 ad
3563 1186 3818 1242 substan-

510 1262 580 1319 de
611 1263 723 1319 Deo
750 1263 889 1320 bene
928 1264 1078 1320 credi
1124 1265 1503 1336 intelligamus,
1539 1267 1604 1322 ad
1632 1268 1774 1338 quod
1802 1268 1871 1324 de
1907 1283 1966 1323 se
1991 1283 2113 1325 ere-
2286 1268 2416 1322 tiam
2462 1277 2708 1334 naturae,
2766 1269 2926 1325 ﬁdem
2980 1271 3245 1330 disceres.
3295 1278 3455 1331 Acute
3495 1278 3818 1351 Augustinus

510 1355 746 1411 dcndum
793 1356 911 1428 ipse
954 1356 1056 1414 sibi
1103 1358 1383 1415 nobiscum
1433 1368 1488 1414 et
1519 1359 1672 1416 testis
1708 1368 1765 1417 et
1800 1368 1989 1417 auctor
2013 1376 2111 1416 ει·
2285 1363 2435 1432 epist.
2470 1362 2603 1415 alias
2625 1379 2755 1427 cxu,
2777 1380 2912 1419 nunc
2936 1380 3139 1433 cxcvn,
3165 1384 3306 1421 num.
3327 1368 3421 1433 20,
3451 1370 3505 1424 in
3529 1372 3623 1425 illa
3644 1372 3817 1445 Moysi

509 1449 685 1507 sistat.
2287 1452 2456 1519 verba,
2486 1455 2541 1509 Si
2570 1454 2746 1509 inveni
2785 1457 3013 1527 gratiam
3044 1468 3168 1513 ante
3205 1471 3276 1525 Ie,
3308 1460 3534 1518 ostende
3560 1463 3689 1518 mihi
3739 1476 3817 1521 te-

2288 1547 2598 1615 metipsum.
2641 1547 2779 1615 Quid
2808 1563 2941 1619 ergo
2962 1589 2975 1612 ,
3010 1549 3218 1619 inquit?
3253 1550 3350 1606 Ille
3379 1568 3484 1606 non
3512 1564 3630 1608 erat
3659 1556 3818 1625 ipse?

2285 1640 2341 1699 Si
2373 1658 2479 1697 non
2510 1652 2655 1697 esset
2684 1643 2818 1713 ipse,
2851 1660 2956 1697 non
2988 1644 3039 1699 ei
3067 1645 3293 1713 diceret,
3322 1648 3551 1704 ostende
3581 1649 3714 1704 mihi
3740 1660 3819 1706 te-

2288 1735 2575 1806 metipsum
2601 1778 2615 1800 ,
2664 1737 2780 1807 sed,
2810 1737 3037 1794 ostende
3068 1739 3235 1793 Deum
3268 1756 3280 1795 :
3315 1750 3369 1795 et
3418 1752 3593 1797 tamen
3623 1744 3667 1798 si
3699 1743 3818 1814 ejus

2287 1837 2537 1882 naturam
2564 1828 3028 1901 subsmutiamque
3048 1832 3405 1902 conspiceret,
3440 1834 3611 1889 multo
3640 1837 3816 1893 minus

863 1587 1114 1660 6970
1150 1586 1357 1642 LIBER
1385 1586 1731 1654 QUARTUS.

512 1728 894 1788 Catholicorum
920 1732 1302 1802 simplicitatem
1344 1735 1588 1789 adversus
1613 1735 1927 1791 Arianorum
1968 1746 2112 1792 astus

582 1826 787 1881 munire
839 1828 1154 1898 aggreditur.
1212 1827 1346 1883 Eam
1392 1828 1454 1883 ob
1504 1844 1615 1882 rem
1658 1844 1772 1899 quae
1813 1828 2019 1883 illorum
2050 1828 2112 1883 de
2145 1826 2188 1885 Β

585 1917 786 1974 Christo
817 1921 884 1975 sit
931 1923 1181 1976 sententia
1222 1922 1451 1993 exponit.
1486 1919 1623 1975 Tum
1658 1922 1882 1992 defendit
1914 1920 2109 1977 Filium

586 2012 741 2069 Patri
766 2015 1087 2071 homousion
1112 2032 1173 2070 ac
1191 2029 1406 2084 semper
1434 2014 1617 2078 misse,
1643 2024 1692 2070 et
1725 2033 1761 2069 a
1793 2016 1964 2087 pravis
1991 2031 2112 2075 sen-

584 2109 749 2175 sibus,
783 2108 970 2179 quibus
1000 2108 1317 2162 necessarias
1346 2107 1465 2163 illas
1492 2124 1636 2163 voces
1656 2110 1974 2180 supprimere
2001 2118 2114 2163 ten-

585 2209 695 2255 tant
716 2240 731 2263 ,
781 2198 1072 2255 Ecclesium
1112 2199 1388 2255 abhorrere
1435 2200 1683 2256 declarat.
1717 2200 1903 2256 Allatis
1932 2201 2116 2257 deinde

588 2293 748 2347 variis
777 2291 1069 2363 Scriptura:
1095 2292 1419 2360 testimoniis,
1441 2291 1625 2363 quibus
1647 2291 1843 2347 Filium
1863 2310 1895 2347 a
1915 2304 2117 2349 natura:

588 2388 776 2441 divinae
792 2387 1112 2457 possessione
1127 2388 1395 2441 exclusum
1406 2403 1515 2443 esse
1524 2388 1819 2443 veteratorie
1834 2388 2116 2456 insinuant,

585 2482 838 2548 integram
885 2476 1085 2532 exhibet
1132 2478 1254 2546 ﬁdei
1303 2480 1710 2550 professionem,
1763 2497 1917 2551 quam
1966 2481 2118 2536 Arius

584 2572 907 2626 Alexandria
936 2573 1116 2638 pulsus
1143 2570 1336 2641 aliique
1362 2573 1525 2645 ipsius
1555 2573 1790 2644 partibus
1821 2574 2015 2628 addicti
2051 2573 2119 2628 ad

586 2664 944 2720 Alexandrum
967 2664 1247 2718 antistitem
1268 2663 1724 2735 miserunt.Hujus
1747 2665 1986 2734 deinceps
2007 2667 2117 2732 pri-

585 2775 723 2813 mam
750 2768 969 2828 partem,
1001 2759 1082 2813 his
1108 2762 1331 2814 maxime
1351 2761 1524 2815 nixam
1549 2762 1732 2827 verbis,
1757 2761 1896 2817 Audi
1927 2760 2115 2829 Israel,

590 2853 851 2907 Dominus
900 2850 1043 2907 Deus
1072 2859 1196 2907 tuus
1253 2867 1389 2907 unus
1420 2861 1543 2922 est,
1602 2855 1751 2922 quasi
1783 2855 2026 2908 nimirum
2054 2855 2119 2908 iis

592 2944 799 3015 Moyses
849 2944 1017 2999 Deum
1066 2961 1169 2998 non
1217 2946 1368 2999 modo
1409 2955 1594 2999 natura
1624 2989 1639 3014 ,
1696 2947 1785 3002 sed
1823 2959 1867 3001 et
1899 2965 2117 3018 persona

591 3053 754 3093 unum
782 3038 1075 3107 praedicarit
1099 3076 1115 3101 ,
1162 3037 1338 3090 multis
1379 3042 1567 3109 refutat
1599 3053 1618 3093 :
1664 3040 1980 3107 ostenditque
2009 3053 2116 3095 tum

594 3148 657 3185 ea:
676 3131 930 3185 creatione
958 3129 1159 3195 mundi,
1184 3139 1287 3182 tum
1310 3145 1373 3184 ea:
1393 3131 1624 3199 pluribus
1636 3132 1757 3185 visis
1774 3132 1926 3202 factis
1950 3132 2115 3205 Agar,

595 3223 836 3284 Abrahte,
863 3221 1027 3276 Jacob
1056 3231 1102 3275 et
1133 3220 1324 3293 Moysi,
1348 3231 1455 3276 tum
1478 3224 1629 3276 etiam
1656 3240 1719 3278 ea:
1744 3204 2120 3295 Prophetarum
2146 3204 2190 3266 Ο

598 3316 934 3383 testimoniis,
987 3332 1048 3369 ac
1094 3317 1397 3370 nominatim
1438 3316 1650 3388 Moysi,
1681 3318 2117 3392 Psalmographi,

599 3410 768 3476 Osete,
798 3408 974 3464 Esaiae
998 3426 1058 3463 ac
1086 3408 1294 3463 Baruch
1318 3450 1333 3475 ,
1365 3411 1469 3464 sive
1500 3421 1555 3464 ut
1608 3421 1753 3465 vocat
1779 3453 1793 3477 ,
1840 3410 2079 3467 Ieremia:
2105 3455 2120 3480 ,

597 3501 763 3558 Deum
790 3502 885 3557 etsi
911 3511 1102 3556 natura
1131 3518 1309 3565 unum,
1338 3518 1441 3556 non
1471 3512 1641 3557 tamen
1672 3519 1780 3557 esse
1806 3503 2119 3569 solitarium,

597 3593 688 3648 sed
717 3593 881 3662 filium
929 3593 1134 3658 habere,
1163 3593 1252 3664 qui
1277 3608 1393 3647 cum
1418 3593 1531 3665 ipso
1557 3594 1838 3649 divinitatis
1867 3605 1914 3650 et
1942 3611 2127 3649 nomen

599 3689 820 3744 obtineat
841 3695 890 3740 et
917 3696 1178 3742 naturam.

530 3781 606 3838 De
634 3782 763 3836 visis
795 3782 846 3835 in
876 3796 943 3837 eo
968 3779 1484 3851 expositisquasdam
1511 3780 1870 3836 observanda.
1890 3809 1963 3822 —
1996 3779 2130 3848 Quia

599 3889 718 3929 vero
750 3874 907 3947 hujus
936 3889 998 3927 ac
1024 3872 1374 3942 subsequentis
1402 3871 1520 3927 libri
1561 3882 1862 3943 argumenta
1894 3874 2132 3943 pleraque

602 3966 838 4020 nituntur
884 3965 1003 4021 visis
1063 3965 1476 4037 patriarcharum
1496 3983 1516 4032 ;
1567 3981 1739 4035 operte
1783 3968 2003 4036 pretium
2057 3974 2133 4020 est

604 4058 853 4111 nonnulla
875 4057 938 4110 de
960 4057 1025 4110 iis
1055 4058 1283 4129 prrefari.
1314 4056 1568 4111 Constans
1596 4059 1738 4128 apud
1779 4066 1966 4113 veteres
1995 4058 2135 4113 vide-

608 4159 692 4203 tur
723 4149 915 4218 opinio,
953 4147 1151 4203 Filium
1180 4151 1243 4204 ab
1272 4150 1418 4203 initio
1466 4150 1644 4203 mundi
1688 4151 1844 4205 variis
1874 4167 1927 4205 se
1969 4154 2134 4206 modis

609 4241 897 4295 hominibus
930 4241 1254 4311 spectabilem
1303 4241 1599 4311 pra’buisse.
1664 4241 1771 4296 Hoc
1813 4244 1999 4298 diserte
2037 4244 2134 4298 do-

607 4343 719 4386 cent
765 4330 1003 4386 Justinus
1029 4342 1247 4402 martyr,
1289 4330 1539 4399 Irenazus,
1577 4332 1844 4405 Origenes,
1877 4333 2137 4407 Theophi-

609 4427 689 4480 lus
721 4423 985 4492 Antioch.,
1015 4424 1250 4480 Clemens
1295 4425 1602 4487 Alexandr.,
1631 4425 2004 4493 Tertullianus,
2037 4424 2137 4499 Cy-

609 4519 845 4590 prianus,
892 4517 1072 4571 Patres
1115 4517 1421 4573 Antiocheni
1447 4518 1649 4573 concilii
1689 4530 1869 4574 contra
1910 4517 2134 4573 Paulum

611 4586 899 4676 Sumosnt.,
919 4621 973 4665 ut
995 4612 1256 4665 mittamus
1277 4610 1585 4666 Faustinum
1611 4609 1995 4682 Presbyterum,
2012 4612 2133 4664 Am-
2160 4586 2213 4646 Ῐ)

609 4706 853 4769 brosium,
883 4702 1103 4757 Leonem
1128 4745 1142 4769 ,
1189 4704 1416 4770 aliosque
1462 4703 1735 4773 plurimos.
1770 4702 1876 4757 Sed
1907 4718 1969 4755 ne
1989 4702 2135 4756 abiis

609 4798 813 4867 quidem
838 4797 933 4849 hoc
962 4805 1199 4866 negatura
1221 4807 1317 4860 est,
1341 4796 1428 4862 qui
1458 4796 1579 4849 Ario
1601 4795 1858 4864 favebant.
1893 4794 2134 4864 ldipsum

611 4889 801 4959 passim
831 4888 1078 4957 prazdicat
1109 4884 1361 4940 Eusebius
1382 4886 1438 4940 in
1485 4886 1572 4940 lib.
1610 4885 1757 4943 Dem.
1792 4885 1913 4956 Eu,
1945 4896 1993 4942 et
2020 4886 2135 4943 Sir-

611 4984 801 5037 micnse
847 4980 1120 5034 concilium
1165 4990 1344 5035 contra
1377 4978 1657 5035 Photinum
1684 4997 1774 5035 eos
1815 4980 2140 5037 anathemate

614 5076 822 5130 damnat
845 5075 930 5145 qui
955 5074 1108 5128 aliter
1131 5074 1401 5128 senserint.

545 5166 651 5220 Sed
677 5182 790 5219 cum
811 5167 865 5219 in
887 5167 984 5219 hac
1005 5165 1240 5218 doctrina
1265 5164 1498 5235 fraudem
1529 5165 1695 5219 moliti
1722 5166 1825 5219 sint
1860 5165 2061 5233 Ariani,
2084 5176 2140 5221 ut

620 5256 665 5311 F
667 5258 834 5324 ilium,
866 5259 955 5327 qui
998 5257 1212 5312 visibilis
1253 5274 1313 5310 ac
1342 5257 1478 5309 visus
1511 5257 1600 5324 sit,
1633 5274 1663 5310 a
1700 5255 1856 5313 Putre
1898 5258 2141 5315 invisibili

617 5362 802 5406 natura
851 5351 1151 5405 dissimilem
1196 5349 1569 5418 prwdicarent;
1618 5350 1721 5404 alte
1767 5351 2092 5406 retinendum
2118 5391 2135 5418 ,

616 5455 821 5498 sanctos
870 5444 1054 5499 Patres
1078 5445 1155 5497 ita
1183 5441 1351 5497 Deum
1396 5443 1556 5497 visum
1605 5445 1902 5511 asseruisse,
1934 5455 1989 5497 ut
2024 5460 2139 5499 cuiu

619 5537 904 5610 Augustino
927 5538 1018 5592 lib.
1048 5553 1083 5592 ιι
1115 5547 1293 5591 contra
1316 5534 1679 5603 Maximinum,
1719 5553 1834 5609 cap.
1857 5536 2024 5604 26m.
2052 5539 2141 5605 Ii,

619 5633 902 5697 senserint,
932 5632 1266 5687 divinitatem
1296 5647 1402 5685 non
1445 5647 1542 5702 per
1566 5631 1924 5687 substantiam
1963 5648 2137 5700 suam,

626 5723 678 5776 in
736 5738 842 5792 qua
901 5723 1184 5777 invisibilis
1248 5731 1306 5776 et
1356 5723 1705 5777 immutabilis
1728 5732 1849 5788 εει,
1899 5722 1992 5777 sed
2047 5738 2146 5793 per

623 5826 925 5869 creaturam
954 5812 1053 5866 sibi
1086 5813 1383 5879 subiectam
1429 5813 1735 5868 mortalium
1783 5811 1955 5870 oculis
1983 5823 2147 5883 appa-

2286 1916 2514 1983 diceret,
2558 1919 2784 1976 ostende
2824 1921 2953 1976 mihi
2986 1923 3351 1992 temetipsum.
3385 1924 3504 1995 Ipse
3532 1943 3660 1998 ergo
3699 1938 3817 1985 erat

2288 2011 2340 2066 in
2363 2026 2427 2069 ea
2443 2013 2644 2081 specie,
2661 2028 2761 2083 qua
2781 2028 3041 2083 apparere
3064 2016 3308 2072 voluerat
3332 2036 3344 2071 :
3370 2033 3476 2074 non
3495 2029 3672 2076 autem
3702 2021 3815 2092 ipse

2289 2106 2587 2177 apparebat
2617 2106 2670 2163 in
2699 2115 2886 2162 natura
2914 2110 3132 2180 propria
3152 2152 3166 2174 ,
3199 2125 3360 2181 quam
3392 2111 3605 2184 Moyses
3630 2114 3817 2172 videre

2289 2198 2559 2269 CUpIebal.

2224 2294 2286 2351 Si
2314 2311 2379 2350 ea:
2408 2294 2660 2365 proximis
2685 2293 2974 2363 Scriptura:
2997 2294 3162 2349 verbis
3188 2296 3356 2365 ipsum
3389 2296 3552 2353 Deum
3580 2315 3612 2353 a
3634 2298 3818 2371 Moyse

2291 2387 2455 2442 visum
2483 2384 2801 2458 Augustinus
2841 2396 2978 2441 recte
3008 2389 3270 2454 asseruit;
3316 2389 3432 2462 pari
3468 2391 3666 2444 ratione
3693 2408 3817 2446 con-

2291 2480 2573 2535 cedendum
2623 2491 2695 2535 est
2733 2481 2905 2547 ipsum
2948 2479 3116 2534 Deum
3156 2481 3319 2536 cidem
3374 2480 3545 2553 Moysi
3583 2485 3640 2538 in
3692 2486 3819 2539 rubo

2292 2572 2520 2627 dixisse:
2553 2571 2666 2642 Ego
2697 2588 2815 2626 sum
2861 2573 2998 2628 Deus
3029 2572 3299 2629 Abraham
3327 2615 3341 2636 ,
3391 2584 3513 2641 etc.,
3546 2591 3819 2648 verumque

2293 2665 2462 2720 Deum
2488 2665 2630 2739 Agar
2651 2666 2932 2722 allocutam
2961 2684 3089 2734 esse,
3117 2669 3201 2723 cui
3228 2668 3465 2723 clamavit
3495 2684 3514 2723 :
3540 2669 3618 2725 'I‘u
3646 2670 3816 2738 Deus,

2291 2756 2382 2828 qui
2404 2757 2693 2825 adSpcxisti
2730 2774 2831 2813 me.
2858 2757 3038 2828 Neque
3066 2759 3164 2813 hoc
3179 2761 3331 2814 etiam
3357 2770 3542 2832 negant
3556 2762 3595 2814 ii
3608 2759 3817 2829 Patres,

2291 2852 2377 2921 qui
2399 2850 2453 2905 in
2480 2851 2600 2905 visis
2629 2850 2735 2904 illis
2760 2867 2901 2905 veros
2928 2851 3148 2920 Angelos
3177 2852 3438 2907 adstitisse
3465 2854 3815 2909 arbitrantur.

2294 2940 2417 2996 Non
2448 2943 2585 2996 enim
2627 2942 2923 2996 existimant
2961 2944 3171 3013 angelos
3218 2944 3335 2998 illos
3383 2943 3480 2998 Dei
3524 2961 3587 2999 ac
3614 2944 3821 3000 Domini

2292 3051 2475 3088 nomen
2503 3036 2602 3089 sibi
2627 3036 2942 3102 attribuisse,
2972 3036 3094 3104 quia
3125 3047 3178 3091 ut
3206 3037 3358 3108 legati
3388 3037 3481 3091 Dei
3519 3055 3579 3092 ac
3609 3036 3822 3103 Domini

2291 3130 2498 3182 nomine
2525 3129 2898 3198 loquebantur;
2928 3133 3040 3200 quis
3067 3131 3200 3183 enim
3241 3130 3440 3200 legatus
3462 3132 3624 3202 regis,
3657 3132 3820 3203 impe-

2293 3222 2504 3285 ratoris,
2534 3232 2624 3274 aut
2653 3222 2906 3291 principis
2933 3221 3027 3275 sibi
3051 3234 3252 3295 arroget
3280 3240 3495 3287 nomen,
3527 3225 3674 3296 cujus
3703 3240 3819 3297 per-

2295 3330 2473 3367 sonam
2493 3314 2851 3383 reprwsenlat"
2871 3314 2958 3367 sed
2984 3314 3100 3368 ideo
3114 3317 3304 3386 potius,
3321 3317 3457 3384 quod
3487 3315 3621 3369 Deus
3641 3316 3749 3384 ipse
3769 3316 3824 3369 in

2296 3406 2402 3460 illis
2428 3404 2991 3478 loquebatur.71Hoc
3018 3407 3201 3469 diserte
3229 3407 3373 3461 docet
3388 3409 3698 3462 Athanasius
3728 3407 3821 3464 0r.

2299 3511 2351 3551 ιν
2376 3506 2510 3551 cont.
2535 3497 2740 3564 Arian.,
2766 3516 2885 3569 pug.
2910 3497 3018 3553 467
3043 3515 3055 3551 :
3091 3497 3138 3552 Is
3164 3499 3405 3570 quidem,
3437 3502 3527 3571 qui
3559 3482 3827 3555 sentieba-

2303 3598 2388 3643 tur
2418 3589 2606 3655 oculis,
2642 3589 2865 3661 angelus
2888 3601 3025 3657 erat,
3050 3591 3143 3646 sed
3179 3592 3389 3647 Deusin
3418 3596 3608 3664 angelo
3636 3594 3824 3662 loque-

2299 3680 2478 3737 batur.
2501 3680 2634 3736 Nam
2657 3681 3110 3751 quemadmodum
3132 3682 3185 3737 in
3213 3685 3461 3739 columna
3487 3686 3643 3739 nubis
3664 3686 3827 3740 verba

2303 3774 2369 3829 ad
2403 3772 2624 3846 Moysen
2653 3775 2703 3829 iu
2735 3774 3082 3830 tabernaculo
3117 3773 3345 3832 iaciebat
3373 3819 3387 3841 ,
3421 3780 3492 3831 ita
3521 3793 3735 3847 quoque
3773 3778 3827 3832 in

2303 3871 2508 3940 angelis
2538 3872 2835 3941 apparebat
2865 3872 3092 3942 loquens
3130 3873 3291 3928 Deus.
3346 3870 3429 3925 Ila
3479 3882 3525 3926 et
3570 3869 3831 3942 Hierony-

2306 3981 2437 4027 mus,
2470 3981 2586 4033 cap.
2629 3980 2685 4018 Ill
2712 4006 2725 4030 ,
2767 3965 2835 4019 ad
2864 3965 2980 4021 Gal.
3018 3985 3032 4020 :
3061 3966 3211 4034 Quod
3240 3977 3445 4028 autem,
3477 3966 3569 4029 ait,
3603 3964 3709 4020 Lex
3741 3980 3831 4018 or—

2230 4110 2235 4117 .
2307 4056 2488 4111 dinata
2544 4072 2637 4125 per
2675 4057 2932 4129 Angelos,
2968 4058 3069 4112 hoc
3120 4059 3232 4112 vult
3284 4057 3530 4128 intelligi,
3576 4055 3718 4128 quod
3777 4056 3828 4133 in

2308 4150 2453 4203 onmi
2486 4151 2653 4205 veteri
2684 4149 3054 4214 Testamento,
3076 4150 3164 4205 ubi
3195 4150 3418 4221 angelus
3433 4150 3663 4219 primum
3688 4148 3832 4203 visus

2308 4241 2562 4307 refertur,
2595 4256 2646 4296 et
2676 4253 2860 4311 postea
2904 4243 3055 4313 quasi
3098 4244 3238 4297 Deus
3271 4240 3495 4313 loquens
3525 4239 3795 4294 inducitur
3816 4281 3831 4306 ,

2307 4335 2531 4406 angelus
2581 4335 2797 4405 quidem
2846 4351 2972 4391 vere
3022 4350 3086 4390 ex
3135 4334 3396 4389 ministris
3447 4334 3690 4403 pluribus
3720 4332 3834 4402 qui-

2308 4442 2541 4499 cumque
2566 4429 2636 4482 sit
2661 4430 2807 4483 visus
2832 4471 2845 4492 ,
2899 4429 2992 4483 sed
3027 4430 3077 4482 in
3120 4430 3212 4485 illo
3248 4430 3511 4484 mediator
3542 4429 3793 4499 loquatur
3815 4468 3832 4490 ,

2313 4520 2402 4590 qui
2433 4519 2575 4572 dicat
2607 4537 2619 4571 :
2660 4520 2806 4589 «Ego
2834 4536 2952 4575 sum
2985 4521 3125 4576 Deus
3151 4519 3479 4576 Abraham.»
3515 4518 3613 4574 His
3640 4520 3835 4573 accedit

2310 4611 2624 4680 Augustinus
2648 4654 2661 4676 ,
2691 4610 2728 4664 l.
2764 4628 2799 4665 ll
2828 4622 3003 4666 contra
3050 4610 3351 4675 aluminum,
3384 4629 3500 4681 cap.
3542 4610 3633 4676 26,
3664 4628 3716 4665 n.
3744 4609 3835 4664 Η.

2310 4700 2506 4769 Quaero
2540 4743 2555 4767 ,
2612 4701 2816 4771 inquit,
2863 4705 2986 4773 quis
3038 4703 3347 4772 apparuerit
3392 4702 3562 4773 Moysi
3611 4702 3662 4755 in
3715 4700 3837 4771 igne

2309 4794 2523 4864 quando
2567 4794 2734 4849 rubus
2776 4793 3240 4863 inﬂammabatur,
3297 4805 3352 4850 et
3398 4809 3503 4849 non
3558 4793 3832 4847 urebatur.

2310 4887 2645 4960 Quamquam
2702 4898 2756 4943 et
2809 4887 2920 4944 illic
2968 4890 3216 4960 angelum
3279 4887 3594 4959 apparuisse
3656 4884 3841 4954 Scrip-

2314 4990 2432 5036 tura
2466 4981 2578 5052 ipsa
2606 4980 2941 5037 declarat....
2974 4981 3031 5037 In
3054 4981 3249 5051 angelo
3277 4989 3456 5036 autem
3484 4980 3651 5033 Deum
3673 4976 3840 5032 fuisse

2311 5074 2438 5146 quis
2472 5074 2728 5131 dubitet?
2773 5074 2940 5130 Juxta
2982 5077 3075 5129 hos
3105 5076 3382 5146 Gregorius
3414 5089 3565 5142 papa,
3604 5071 3753 5141 pra’f.
3786 5072 3841 5125 in

2314 5167 2436 5234 Job,
2465 5186 2511 5223 c.
2534 5169 2571 5223 2
2605 5187 2618 5223 :
2651 5170 2908 5240 Angelus,
2936 5168 3026 5239 qui
3058 5167 3227 5239 Moysi
3258 5168 3571 5237 apparuisse
3600 5165 3794 5220 dicitur
3824 5206 3839 5229 ,

2315 5259 2478 5315 modo
2514 5261 2756 5330 angelus,
2808 5261 2968 5316 modo
3014 5262 3156 5317 Deus
3202 5270 3551 5316 memoratur.
3603 5257 3844 5328 Angelus

2319 5352 2569 5409 videlicet
2595 5362 2815 5422 propter
2842 5354 2945 5409 hoc
2968 5355 3110 5424 quod
3137 5354 3377 5408 exterius
3420 5351 3693 5421 loquendo
3719 5364 3841 5404 ser-

2318 5443 2536 5508 viebat;
2575 5443 2832 5499 Dominus
2858 5456 3037 5500 autem
3069 5444 3283 5513 dicitur,
3310 5446 3432 5515 quia
3458 5443 3682 5500 interius
3706 5458 3846 5514 pra--

2320 5533 2528 5599 sideus,
2558 5534 2813 5603 IOqucndi
2842 5536 3134 5593 elliCaCizun
3167 5537 3525 5590 ministrabat.
3556 5532 3688 5589 Cum
3716 5548 3847 5604 ergo

2322 5629 2548 5698 loquens
2584 5630 2822 5684 exterius
2848 5631 2917 5686 ab
2942 5628 3188 5686 interiori
3226 5631 3449 5699 regitur,
3475 5640 3531 5684 et
3569 5645 3667 5699 per
3692 5629 3849 5683 obse-

2324 5719 2507 5790 quium
2535 5720 2782 5792 angelus,
2812 5731 2865 5777 et
2900 5737 2995 5793 per
3024 5720 3431 5790 inspiratiouem
3464 5722 3726 5776 Dominus
3747 5732 3848 5773 no»

2242 5808 2247 5815 ’
2324 5814 2575 5870 minatur.
