4216 6254
597 274 668 337 eo
1832 269 2077 342 δΑιιοτι
2117 244 2371 343 ttttttut
2410 245 2718 341 misceri

3800 269 3903 341 ‘00

598 390 713 449 ﬁlio
735 389 805 446 sit
832 389 1158 455 communis,
1184 388 1452 445 ostendat.
1485 386 1671 445 Tertio
1696 401 1911 458 qunque
1934 385 2070 445 lianc
2093 384 2195 451 im—
2224 391 2269 455 Α
2298 384 2457 443 Novit
2484 401 2649 447 unum
2679 382 3058 451 innascibilem
3096 383 3268 449 Deum
3295 382 3479 451 :novit
3509 391 3564 451 et
3594 399 3761 449 unum
3785 386 3906 440 uni-

601 481 861 551 probandi
903 480 1175 541 homonsii
1212 495 1428 543 causam
1485 476 2006 547 collimitiiscuntur,
2053 474 2197 549 quod

596 573 893 629 secundum
922 571 1072 629 verbi
1102 570 1263 642 hujus
1302 568 1749 639 signiﬁcationem
1774 611 1791 638 ,
1832 584 1898 625 ex
1925 566 2198 631 divisione

598 678 837 735 paternae
856 664 1172 723 substantiae
1197 677 1321 719 esse
1357 660 1525 727 Filius
1551 660 1631 735 (a)
1661 660 2033 727 existimetur;
2062 669 2199 721 tant-

595 775 756 828 qmim
779 759 1031 827 desectus
1060 771 1126 817 ex
1148 771 1216 815 eo
1243 755 1441 824 fuerit,
1474 757 1542 815 ita
1576 766 1632 819 ut
1666 755 1744 827 (l)
1770 757 1822 811 in
1853 753 1988 813 duos
2013 753 2082 819 sit
2109 767 2197 823 res

597 867 697 905 una
723 852 926 917 divisa;
975 860 1030 905 et
1069 850 1193 906 ideo
1233 847 1549 905 substantiae
1575 846 1825 905 dicantur
1853 846 2040 911 unius,
2071 844 2196 917 quia

595 946 772 1017 portio
799 945 1015 1005 desecta
1045 944 1115 1001 de
1143 952 1281 1011 toto,
1309 943 1361 1007 in
1398 951 1585 1007 natura
1627 956 1694 1001 ea
1718 941 1790 1001 sit
1812 940 1958 999 unde
1978 938 2192 995 desecta

594 1048 678 1095 est
710 1056 723 1093 :
749 1053 851 1096 nec
881 1053 1041 1108 posse
1063 1038 1115 1097 in
1146 1038 1314 1097 Deum
1346 1036 1546 1099 cadere
1564 1034 1846 1097 divisionis
1864 1033 2190 1106 passionem,

594 1133 717 1203 quia
740 1141 795 1189 et
814 1132 1160 1191 demutabilis
1180 1131 1302 1195 erit,
1322 1133 1366 1188 si
1386 1128 1744 1193 imminutioni
1761 1143 1855 1199 per
1870 1126 2192 1193 divisionem

592 1225 686 1280 ﬁat
721 1223 990 1281 obnoxius
1024 1241 1038 1277 :
1069 1233 1125 1283 et
1157 1221 1502 1292 imperfectus
1528 1218 1814 1289 efﬁcietur,
1844 1216 2193 1292 perfectionis

589 1331 705 1375 sum
744 1318 797 1377 in
852 1317 1151 1387 portionem
1182 1315 1409 1383 alteram
1435 1314 1518 1387 (2)
1547 1312 1839 1378 decedente
1866 1309 2187 1376 substantia.
2226 1322 2239 1335 '

663 1408 717 1463 5.
752 1406 953 1471 Filium
979 1423 1176 1479 semper
1205 1422 1314 1469 esse
1341 1420 1434 1465 cur
1464 1413 1747 1475 negent.-—-
1761 1401 1872 1465 Nec
1901 1417 2008 1467 non
2038 1402 2091 1457 in
2123 1415 2191 1459 eo

589 1516 650 1561 se
673 1503 948 1574 eleganter
972 1500 1233 1559 doetrinm
1267 1499 1596 1570 preplteticae
1615 1538 1632 1565 ,
1655 1495 1751 1557 sed
1783 1504 1839 1550 et
1856 1493 2191 1567 evangelica)

588 1604 753 1671 atque
777 1592 1088 1664 apostolica:
1119 1588 1228 1665 74
1256 1605 1416 1662 posse
1442 1587 1520 1661 (ὃ)
1543 1588 1857 1647 existimant
1883 1587 2154 1655 contraire
2171 1626 2189 1658 ,

592 1699 649 1743 ut
695 1685 817 1740 Filii
860 1684 1191 1749 nativitatem
1241 1682 1382 1741 intra
1421 1691 1663 1753 tempora
1711 1680 2025 1753 praedicent.
2052 1679 2186 1737 Cum

2301 478 2540 549 genitum
2592 477 2686 534 Dei
2738 477 2926 541 ﬁliutn.
2963 475 3266 537 Cnnﬁtetur
3307 478 3524 545 Patrem
3554 488 3818 547 aeternum
3848 490 3909 536 et

2300 571 2370 628 ab
2406 571 2618 643 origine
2661 570 2890 633 liberum
2925 588 2940 626 :
2970 572 3262 639 conﬁtetur
3290 582 3346 635 et
3391 571 3515 641 Filii
3537 574 3801 647 originem
3831 577 3905 633 ab

2298 674 2505 723 aeterno
2531 682 2545 718 :
2579 680 2686 731 non
2718 665 2890 739 ipsum
2913 666 2983 727 ab
3003 665 3172 733 initio,
3199 664 3295 731 sed
3331 665 3402 722 ab
3426 666 3730 733 ininitiabili
3754 685 3768 731 ;
3794 685 3902 735 non

2301 770 2396 837 per
2416 772 2476 819 se
2504 757 2677 829 ipsum
2698 799 2713 825 ,
2751 757 2848 825 sed
2877 757 2945 815 ab
2970 773 3036 817 co
3056 799 3070 823 ,
3101 757 3191 835 qui
3222 774 3250 819 ιι
3284 760 3502 825 nemine
3535 775 3755 835 semper
3777 771 3899 828 est,

2300 861 2480 909 natum
2528 851 2598 907 ab
2635 860 2841 921 interno
2868 893 2882 920 ,
2913 851 3249 913 nativitatem
3298 852 3551 919 videlicet
3576 868 3642 921 es
3675 864 3897 924 paterna

2297 943 2597 1005 tutoruitate
2623 954 2950 1009 sumentem.
2976 944 3142 1001 Caret
3170 959 3301 1016 ergo
3336 944 3469 1001 lides
3499 955 3684 1013 nostra
3726 945 3902 1011 luere-

2298 1036 2418 1105 ticze
2450 1036 2734 1108 pravitatis
2760 1037 3035 1111 opinione,
3067 1037 3222 1101 Edita
3258 1037 3366 1113 75
3395 1054 3626 1111 namque
3651 1051 3735 1101 est
3756 1055 3888 1099 sen-

2295 1144 2389 1187 sus
2416 1131 2586 1193 nostri
2626 1130 2893 1202 professio
2919 1172 2936 1199 ,
2968 1130 3093 1195 licet
3123 1130 3361 1195 nondum
3404 1133 3477 1191 sit
3521 1131 3661 1193 ratio
3691 1130 3898 1207 proles-

2296 1222 2464 1277 sionis
2488 1223 2751 1293 exposita.
2786 1222 2988 1291 Tamen
3027 1238 3098 1283 ne
3140 1223 3268 1295 quid
3294 1264 3309 1291 ,
3352 1224 3408 1279 in
3432 1224 3702 1293 homousii
3730 1241 3761 1292 a
3788 1225 3892 1282 Pa-

2299 1312 2469 1368 tribtts
2500 1316 2789 1383 nuncupati
2818 1314 3222 1382 enuntiatione,
3249 1325 3304 1371 et
3341 1315 3394 1370 in
3422 1330 3484 1372 ea
3510 1316 3653 1386 quod
3679 1331 3898 1388 semper

2295 1403 2460 1469 fuerit
2504 1405 2883 1474 confessione.
2938 1407 3266 1478 suspicionis
3315 1408 3742 1479 relinqueretur;
3794 1411 3896 1473 ista

2295 1507 2591 1563 memorata
2621 1508 2768 1566 sunt,
2798 1498 2991 1570 quibus
3023 1508 3079 1556 et
3106 1498 3410 1565 subsistere
3454 1500 3647 1569 Filium
3677 1502 3735 1567 in
3762 1504 3895 1567 sub-

2293 1588 2495 1653 stantia
2536 1605 2640 1660 qua
2680 1591 2893 1662 genitus
2921 1606 2988 1651 es
3022 1592 3183 1653 Patre
3223 1602 3308 1653 est
3336 1606 3756 1665 cognosceretur
3779 1638 3794 1663 ,
3841 1606 3898 1657 et

2294 1679 2440 1737 Patri
2467 1682 2534 1741 de
2554 1681 2849 1749 substantia
2871 1699 2974 1754 qua
3003 1684 3256 1749 manebat
3282 1699 3381 1757 per
3406 1685 3529 1751 Filii
3556 1689 3893 1753 nativitatem

590 1776 735 1834 enim
761 1777 953 1834 vitiose
1004 1792 1035 1831 a
1068 1775 1222 1833 nobis
1270 1784 1519 1839 asseram
1545 1774 1650 1835 dici
1676 1815 1691 1840 ,
1740 1772 1937 1839 Filium
1972 1786 2189 1843 Semper
2218 1783 2267 1851 β
2294 1772 2428 1835 nihil
2454 1790 2577 1833 esse
2599 1776 2937 1848 decerptum,
2970 1788 3024 1835 et
3053 1778 3374 1839 bomousion
3397 1780 3543 1839 Patri
3568 1782 3760 1851 Filium
3786 1802 3893 1843 non

586 1870 793 1938 fuisse;
825 1885 1049 1931 necesse
1067 1879 1171 1937 est,
1199 1868 1538 1925 excludendo
1566 1866 1711 1939 quod
1737 1882 1953 1938 semper
1989 1866 2149 1925 luerit
2170 1906 2186 1939 ,

586 1966 923 2023 nativitatem
951 1967 1071 2034 ejus
1112 1964 1469 2019 conﬁteantur
1515 1976 1580 2017 es
1628 1968 1891 2032 tempore.
1941 1959 1996 2016 Si
2043 1960 2187 2019 enim

587 2074 692 2123 non
731 2072 950 2128 semper
992 2056 1123 2124 luit,
1148 2055 1251 2111 erit
1284 2065 1493 2127 tempus
1520 2069 1629 2125 quo
1651 2068 1755 2111 non
1784 2053 1903 2121 fuit.
1935 2051 2005 2113 Et
2037 2053 2081 2109 si
2106 2060 2190 2109 est

584 2161 800 2222 tempus
844 2168 951 2222 quo
997 2167 1102 2211 non
1143 2149 1277 2216 luit,
1309 2148 1416 2204 erit
1445 2157 1572 2205 ante
1608 2163 1733 2211 eum
1781 2160 1990 2217 tempus
2022 2164 2035 2201 :
2064 2146 2187 2217 quia

583 2247 672 2314 qui
698 2262 804 2301 non
833 2260 1048 2315 semper
1073 2252 1190 2311 est,
1215 2258 1337 2299 esse
1357 2240 1523 2313 cmpit
1555 2257 1622 2297 ex
1658 2251 1918 2312 tempore.
1953 2238 2052 2307 Qui
2087 2254 2186 2299 au.-

584 2346 692 2395 tent
722 2346 875 2393 caret
903 2345 1168 2407 tempore,
1201 2349 1309 2393 non
1342 2344 1521 2404 potest
1548 2347 1616 2393 eo
1647 2348 1836 2391 carere
1863 2332 2006 2404 quod
2037 2347 2184 2391 sent-

581 2445 676 2500 per
706 2439 809 2486 est.
857 2428 1138 2498 BeSpuere
1181 2442 1241 2484 se
1282 2437 1462 2482 autem
1492 2428 1542 2482 id
1568 2466 1584 2493 ,
1628 2425 1770 2496 quod
1801 2440 2014 2497 semper
2042 2424 2187 2493 ﬁlius

579 2526 761 2593 fuerit,
776 2524 850 2581 ob
866 2540 988 2587 eam
1002 2540 1220 2581 causam
1234 2523 1528 2591 afﬁrmant,
1552 2538 1622 2579 ne
1634 2538 1728 2591 per
1743 2522 1795 2579 id
1811 2522 1954 2594 quod
1966 2537 2186 2594 semper

578 2620 674 2677 luit
690 2660 706 2683 .
752 2619 871 2677 sine
895 2618 1175 2679 nativitate
1196 2632 1319 2674 esse
1339 2616 1594 2689 credatur
1622 2632 1635 2671 :
1662 2625 1938 2686 tamquam
1971 2630 2067 2687 per
2095 2614 2147 2675 id
2165 2654 2180 2684 ,

575 2714 718 2786 quod
746 2729 965 2784 semper
990 2712 1160 2792 fuisse
1200 2711 1430 2779 dicitur,
1458 2709 1790 2771 innascibitis
1837 2709 2179 2781 praedicetur.

648 2807 702 2864 6.
738 2805 850 2861 Nec
874 2806 1185 2866 Itoutousion
1232 2821 1325 2861 uec
1362 2819 1560 2872 semper
1583 2819 1691 2859 esse
1731 2800 1930 2859 Filium
1956 2801 2182 2863 sensibus

573 2898 752 2954 relatis
800 2897 1025 2957 admittit
1074 2895 1328 2955 Ecclesia.
1356 2925 1426 2938 —
1454 2895 1500 2953 Ο
1540 2896 1736 2955 stultos
1781 2905 1942 2966 atque
1986 2894 2181 2965 impios

574 3003 773 3059 metus,
801 3001 857 3048 et
883 2990 1241 3062 irreligiosam
1269 2989 1339 3046 de
1371 2989 1483 3045 Deo
1519 2987 1972 3045 sollicitudinem!
2016 2985 2175 3054 llaec,

571 3103 689 3156 qum
723 3086 779 3142 in
806 3085 1083 3143 bomousii
1111 3082 1508 3156 signiﬁcatione
1534 3093 1588 3138 et
1615 3083 1669 3137 in
1698 3097 1771 3137 eo
1795 3079 1939 3151 quod
1964 3093 2179 3149 semper

2292 1864 2363 1925 de
2391 1870 2831 1933 commemoratis
2870 1870 3120 1940 superius
3146 1870 3293 1937 vitiis
3322 1875 3610 1946 causisque
3634 1892 3664 1939 a
3691 1877 3894 1936 sanctis

2290 1967 2349 2016 et
2374 1956 2455 2031 (ά)
2479 1960 2723 2019 doctrina
2752 1962 2846 2018 Dei
2873 1962 3175 2029 calentibus
3204 1965 3334 2025 viris
3353 1981 3473 2023 esse
3500 1980 3890 2041 memoratum;

2293 2067 2363 2109 ne
2388 2056 2510 2124 quis
2539 2054 2676 2112 forte
2704 2056 3045 2121 existimaret
3063 2057 3232 2116 adimi
3256 2074 3351 2130 per
3370 2061 3540 2123 usiam
3563 2061 3894 2127 nativitatem

2293 2143 2553 2216 unigeniti
2577 2146 2731 2215 Filii,
2760 2148 2905 2219 quod
2935 2149 3079 2209 Patri
3112 2150 3433 2211 homousios
3452 2153 3747 2217 diceretur.

2363 2237 2417 2299 7.
2457 2236 2573 2293 νοω
2601 2254 2903 2297 uououston
2932 2258 3035 2313 qua
3064 2244 3366 2309 necessitate
3411 2257 3665 2319 suscepta.
3691 2277 3764 2301 -—.
3783 2249 3892 2307 Sed

2292 2338 2349 2389 ut
2373 2331 2617 2403 suscepti
2653 2331 2812 2403 liujus
2845 2337 3129 2410 utriusque
3157 2336 3230 2409 (e)
3267 2338 3421 2399 verbi
3461 2342 3837 2403 necessitatem
3864 2385 3881 2411 ,

2289 2429 2344 2476 et
2364 2431 2549 2481 contra
2581 2422 2979 2493 debacchantes
3025 2436 3136 2493 tum
3179 2429 3466 2493 haereticos
3506 2432 3573 2487 ad
3602 2434 3890 2495 maximam

2288 2511 2412 2568 ﬁdei
2429 2514 2775 2585 securitatem
2800 2517 3062 2590 usurpati,
3086 2517 3158 2591 (Ῑ)
3192 2520 3458 2585 rationem
3485 2523 3845 2596 intelligamus
3870 2545 3884 2581 :

2288 2607 2725 2678 respondendum
2755 2625 2879 2668 esse
2914 2612 3166 2668 existimo
3203 2611 3581 2677 haereticorum
3622 2621 3890 2695 peI‘VBI'Sie

2287 2699 2413 2772 tati,
2446 2713 2502 2759 et
2531 2716 2721 2763 omnes
2752 2719 2939 2763 eorum
2971 2707 3164 2763 stultas
3213 2722 3278 2764 ae
3327 2710 3633 2773 mortiferas
3671 2712 3890 2775 institu-

2288 2792 2464 2855 tiones
2493 2797 2818 2869 evangelicis
2841 2808 3006 2869 atque
3028 2800 3346 2869 apostolicis
3372 2803 3699 2867 testimoniis
3724 2820 3887 2861 coar-

2283 2886 2547 2955 guendas.
2582 2888 2847 2949 Videntur
2866 2893 3013 2947 enim
3054 2892 3155 2949 sibi
3187 2893 3257 2959 de
3291 2895 3552 2966 singulis,
3593 2912 3714 2967 qua:
3736 2912 3889 2961 asse-.-

2286 2988 2408 3034 runt
2430 3021 2445 3049 ,
2478 2991 2740 3053 praestare
2768 2984 3068 3043 rationem:
3088 2986 3215 3057 quia
3242 2985 3469 3059 singulis
3495 2990 3887 3060 assertionibus

2282 3071 2396 3126 suis
2424 3073 2669 3141 quaedam
2698 3091 2764 3130 ex
2799 3075 2995 3132 divinis
3023 3078 3388 3141 voluminibus
3420 3078 3726 3138 testimonia
3757 3083 3889 3143 sub,

572 3177 741 3234 Filius
769 3191 890 3239 esse
918 3175 1115 3233 dicitur
1156 3185 1459 3248 arguuntur
1480 3212 1498 3239 ,
1528 3172 1769 3233 Ecclesia
1796 3171 2176 3239 abominatur,
2206 3171 2253 3238 C
2284 3162 2573 3235 diderunt,
2634 3184 2755 3239 qua:
2807 3180 3063 3242 corrupto
3109 3172 3485 3244 intelligentiae
3541 3189 3708 3243 sensu
3757 3177 3887 3245 solis

569 3268 811 3341 respuit,
861 3268 1103 3325 damnat.
1151 3265 1314 3329 Novit
1356 3266 1503 3327 enim
1558 3280 1724 3323 unum
1780 3263 1951 3331 Deum
1978 3278 2046 3320 ex
2073 3277 2178 3333 quo

570 3362 754 3421 omnia
795 3362 991 3420 :novit
1037 3371 1092 3417 et
1143 3376 1308 3417 unum
1362 3360 1647 3417 Dominum
1707 3367 1949 3415 nostrum
1989 3355 2176 3415 Jesutn

570 3452 843 3511 Christum
878 3468 975 3523 per
1002 3468 1160 3524 quem
1197 3452 1411 3517 omnia,
1447 3466 1608 3507 unum
1641 3464 1708 3506 ex
1738 3464 1882 3521 quo,
1922 3458 1978 3504 et
2011 3462 2176 3509 unum

572 3562 667 3618 per
686 3562 884 3618 quem;
914 3547 981 3603 ab
1006 3560 1114 3602 uno
1144 3545 1525 3601 universorum
1558 3543 1856 3615 originem,
1887 3557 1983 3614 per
2007 3555 2175 3597 unum

566 3649 884 3699 cunctorum
916 3639 994 3713 (ὁ)
1022 3639 1375 3697 creationem.
1404 3637 1461 3699 ln
1483 3653 1592 3697 uno
1613 3652 1680 3694 es
1713 3651 1850 3709 quo,
1881 3635 2176 3693 auctorita-

570 3744 679 3791 tem
706 3732 1144 3791 innascibilitatis
1183 3730 1469 3801 intelligit;
1503 3729 1559 3787 in
1590 3743 1699 3787 uno
1738 3743 1835 3801 per
1858 3743 2017 3801 quem
2042 3768 2058 3797 ,
2088 3742 2175 3799 po-

570 3834 822 3884 testatem
844 3823 977 3881 nihil
993 3822 1336 3885 diﬁ‘erentem
1362 3822 1432 3878 ab
1458 3830 1680 3881 auctore
1700 3829 1989 3876 veneratur
2012 3834 2026 3872 z
2048 3832 2169 3881 cum

567 3935 634 3976 es
662 3935 770 3992 quo
798 3929 855 3975 et
876 3933 973 3989 per
998 3931 1161 3990 quem
1185 3956 1203 3983 ,
1227 3915 1296 3972 ad
1338 3914 1390 3970 id
1430 3913 1573 3986 quod
1606 3923 1853 3980 ereautr,
1885 3908 1957 3984 (c)
1994 3911 2048 3970 in
2085 3909 2171 3968 bis

567 4025 688 4079 ιιιιω
711 4018 896 4065 creata
930 4017 1057 4065 sunt
1091 4005 1173 4082 (4)
1205 4007 1511 4065 communis
1546 4005 1842 4073 auctoritas
1877 4003 1967 4063 sit.
2012 4003 2170 4065 Novit

564 4103 620 4160 in
649 4101 853 4173 Spiritu
886 4101 1055 4157 Deum
1090 4099 1349 4170 Spiritum
1382 4099 1768 4169 impassibiletu
1794 4108 1851 4153 et
1885 4097 2167 4155 indescca—

566 4195 765 4261 bilem;
795 4192 985 4250 didicit
1024 4194 1167 4248 enim
1215 4208 1245 4247 a
1288 4191 1556 4261 Domino,
1602 4192 1812 4262 spiritui
1852 4206 2068 4246 carnem
2111 4197 2168 4247 et

566 4305 689 4346 ossa
718 4303 826 4345 non
861 4301 984 4342 esse
1026 4283 1182 4357 (Luc.
1232 4300 1378 4352 xstv,
1406 4282 1499 4356 59)
1533 4302 1545 4339 :
1576 4298 1645 4341 ne
1688 4282 1828 4341 forte
1865 4283 2064 4341 cadere
2109 4284 2164 4340 in

567 4398 690 4439 eum
731 4378 1095 4452 corporalium
1142 4377 1457 4450 passionum
1496 4376 1817 4443 detrimenta
1849 4376 2163 4437 credantur.

639 4518 718 4593 (ᾗ)
751 4517 819 4593 in
839 4518 1060 4593 duobus.

638 4590 719 4668 (‘2)
755 4590 1056 4671 Decidente.

2284 3265 2487 3315 tantum
2522 3260 2895 3332 ignorantibus
2942 3263 3327 3335 blandiantur,
3363 3268 3602 3337 speciem
3644 3268 3886 3339 veritatis

2280 3354 2579 3411 secundum
2613 3357 2932 3427 pravitatem
2957 3358 3429 3430 interpretantium
3452 3370 3796 3433 prmstatura.

2352 3450 2406 3503 8.
2440 3447 2730 3519 Scriptura
2768 3451 2952 3522 quibus
2988 3452 3248 3526 simplices
3278 3454 3543 3526 deripiunt
3582 3458 3784 3521 Ariani.
3815 3490 3887 3502 —

2280 3538 2556 3601 Conantur
2576 3543 2745 3607 enim,
2776 3545 2894 3600 sola
2927 3544 3019 3603 Dei
3053 3546 3228 3607 Patris
3251 3547 3537 3609 divinitate
3571 3550 3884 3623 celebrata,

2221 3638 2228 3648 ‘
2280 3630 2417 3689 Filio
2444 3632 2658 3690 auferre
2680 3634 2825 3707 quod
2855 3636 2999 3695 Deus
3019 3646 3133 3707 est;
3166 3639 3290 3712 quia
3318 3642 3578 3712 scriptum
3600 3644 3885 3713 sitzdudi,

2280 3721 2450 3781 Israel
2466 3765 2484 3795 ,
2509 3725 2765 3793 Dominus
2798 3728 2936 3786 Deus
2959 3740 3078 3787 tuus
3103 3730 3182 3804 (α)
3209 3748 3341 3790 unus
3361 3743 3437 3790 est
3465 3731 3646 3807 (Deut.
3675 3751 3729 3794 vt
3752 3777 3769 3805 ,
3798 3737 3882 3808 4).

2277 3820 2346 3881 Ει
2372 3821 2423 3881 id
2454 3821 2631 3893 ipsum
2673 3824 2742 3887 ad
2787 3823 2921 3896 legis
2948 3824 3232 3891 doctorem
3251 3869 3268 3894 ,
3294 3828 3717 3900 interrogantem
3737 3831 3885 3903 quod

2276 3926 2605 3988 praeceptum
2636 3918 2929 3976 maximum
2953 3919 3179 3979 essetin
3204 3921 3348 3995 lege,
3375 3922 3603 3983 Domino
3622 3923 3881 3984 dicente:

2275 4007 2435 4078 Audi,
2466 4008 2669 4080 Israel,
2690 4008 2949 4071 Dominus
2971 4012 3113 4071 Deus
3139 4024 3259 4070 tuus
3288 4032 3423 4073 unus
3461 4026 3537 4073 est
3562 4015 3760 4089 (Marci
3781 4033 3882 4088 xu,

2270 4101 2404 4175 9.9).
2451 4103 2518 4160 Et
2548 4119 2763 4163 rursum
2809 4106 2980 4169 Paulo
3024 4108 3100 4166 ita
3137 4110 3470 4181 prmdicante
3516 4129 3531 4169 ι
3566 4111 3713 4169 Unus
3745 4115 3886 4175 canit

2269 4190 2435 4265 Deus,
2462 4207 2508 4252 et
2529 4214 2660 4257 unus
2685 4198 2945 4259 Mediator
2973 4199 3069 4263 Dei
3095 4210 3144 4258 et
3171 4202 3437 4267 [taurinum
3464 4202 3512 4277 (ί
3536 4203 3676 4265 Tim.
3702 4221 3767 4275 ιι,
3798 4205 3876 4278 5).

2269 4287 2353 4357 (Ii)
2403 4289 2540 4351 Tum
2583 4291 2728 4363 quod
2768 4292 2920 4352 solus
2961 4295 3182 4365 sapiens
3210 4296 3316 4364 sit,
3346 4312 3416 4357 ue
3443 4297 3570 4370 quid
3600 4299 3882 4371 sapientia

2269 4379 2413 4438 Filio
2466 4382 2844 4456 relinquatur,
2888 4385 3187 4449 secundum
3235 4390 3484 4460 Apostali
3524 4389 3733 4455 dictum
3764 4407 3781 4449 ε
3810 4389 3881 4447 Ei

2340 4514 2420 4662 (ὃ)
2452 4517 2508 4590 in
2530 4520 2820 4588 anteriori,
2849 4538 2906 4577 se
2940 4522 3257 4581 existimant.

2340 4591 2392 4660 (4
2453 4586 2869 4649 Communiouis.

2338 4586 2420 4660 (4)
2453 4586 2869 4649 Communiouis.

635 4706 713 4780 (ιι)
742 4708 981 4763 Tertium
1023 4706 1167 4780 [tunc
1206 4717 1657 4780 sensumlquetn
1686 4699 1976 4780 Manicwa
1998 4698 2165 4761 fuisse
2189 4714 2241 4775 Ῑ)
2342 4702 2422 4776 (ιι)
2451 4706 2571 4780 Er.,
2621 4706 2770 4780 [ηερε.
2803 4718 2860 4766 et
2886 4709 3009 4767 Par.
3042 4711 3332 4771 doctrinam
3382 4713 3481 4771 Dei
3520 4714 3830 4773 callentibus
3854 4731 3878 4775 :

562 4772 732 4850 liquet
778 4793 850 4834 ex
897 4775 1117 4850 ηειεζ
1158 4784 1388 4850 testatur
1437 4772 1708 4850 Eusebius
1755 4772 2156 4850 apud_Socrat.

563 4844 657 4906 liii.
689 4866 742 4915 ι,
775 4864 897 4919 cap.
952 4848 987 4903 ὅ
1011 4889 1053 4919 ,ί
1076 4846 1497 4919 Constantinum
1547 4847 1719 4919 ipsum
1752 4844 2025 4914 reapuisse
2050 4885 2066 4910 ,
2092 4852 2161 4919 _et

562 4914 995 4976 consubstaittiale
1018 4918 1083 4972 de
1110 4918 1373 4987 corporeis
1394 4914 1749 4987 a/fectionibus
1776 4931 1877 4987 non
1910 4930 2060 4985 posse
2086 4915 2158 4969 iu-

560 4994 722 5064 telligi
745 5034 760 5059 ,
798 5007 960 5063 neque
985 4988 1185 5045 Filium
1204 4986 1314 5044 Dei
1336 4988 1415 5064 vel
1442 4986 1691 5042 diuisione
1729 4986 2156 5064 oel_dcseetier_te_,

559 5075 616 5118 ut
646 5056 718 5118 it'a
739 5056 927 5124 dicant,
961 5073 1214 5126 constare,
1237 5070 1346 5115 etc.
1375 5059 1491 5114 Huc
1509 5071 1681 5126 usque
1709 5072 1772 5113 ac
1790 5056 2051 5127 deinceps
2068 5056 2156 5115 ιιι-

564 5137 731 5211 larius
758 5135 954 5191 Filium
988 5130 1505 5211 consubstantialem
1550 5130 1695 5185 Patri
1731 5130 1803 5185 ita
1828 5138 1989 5187 caute
2016 5142 2163 5211 pra;-

561 5207 738 5275 dicat,
768 5218 827 5262 ut
861 5220 1078 5262 omnem
1108 5207 1303 5259 borum
1330 5216 1621 5274 pravorum
1671 5215 1934 5261 sensuum
1973 5207 2160 5272 suspit-

560 5281 771 5333 cinnetn
807 5277 991 5348 mcul
1016 5285 1288 5348 amoveat.

634 5350 711 5421 (lt)
735 5342 902 5407 Ve'tus
923 5347 1095 5405 codex
1122 5346 1279 5421 Colit.
1306 5361 1429 5421 eum
1456 5342 1581 5421 Par.
1612 5345 1810 5421 cunctis
1830 5345 2160 5421 creationem.

564 5415 972 5505 universorum,
1005 5431 1064 5476 ut
1093 5428 1222 5491 pote
1251 5418 1423 5489 ipsius
1438 5416 1606 5473 etiam
1637 5416 1796 5483 Filii,
1820 5432 1854 5473 a
1883 5415 2045 5474 Patre
2070 5428 2160 5476 est

564 5509 844 5644 inagis}.
877 5564 1117 5644 δρψ-ειη.
1130 5563 1188 5644 _ei
1213 5562 1267 5616 in
1291 5560 1374 5616 his
1390 5577 1413 5628 δ
1540 5559 1964 5644 recentiores,“
1982 5561 2040 5617 iis

566 5631 677 5692 lloe
692 5631 809 5690 sibi
837 5635 972 5700 vult,
998 5634 1142 5690 Patri
1165 5650 1231 5689 ex
1260 5649 1367 5702 quo
1390 5641 1447 5688 et
1473 5631 1612 5689 Filio
1630 5648 1734 5703 per
1758 5648 1923 5704 quem
1955 5635 2159 5701 amrin,

563 5714 821 5788 quantum
841 5706 909 5760 ad
930 5706 1183 5763 virtutem
1206 5704 1429 5788 mandi
1446 5714 1778 5788 etrestpecau
1807 5719 1991 5763 rerum
2013 5719 2164 5763 crea-

567 5786 764 5848 tarum,
785 5790 1126 5835 communem
1143 5789 1267 5833 esse
1291 5784 1691 5833 auctoritatem.

2273 4790 2380 4831 non
2406 4779 2569 4845 male,
2589 4779 2636 4833 si
2662 4779 2782 4849 quis
2812 4793 2969 4837 vetus
2991 4782 3129 4839 liber
3154 4783 3562 4857 suﬂ‘ragaretur.

2340 4869 2416 4955 (ε)
2447 4871 2669 4928 Scilicet
2693 4872 2971 4955 Eilium_et
3000 4891 3217 4955 semper
3236 4892 3381 4948 esse,
3404 4891 3460 4936 et
3480 4883 3725 4955 ejusaem
3748 4897 3873 4955 eum

2268 4940 2428 5026 Patre
2475 4957 2602 5026 esse
2641 4946 2980 5026 substantia).
3023 4940 3206 5026 Quam
3238 4940 3417 5026 autem
3449 4940 3757 5026 necessario
3805 4953 3875 5026 ad

2270 5013 2774 5089 ﬁdeisecuritatem
2814 5032 2919 5073 vox
2963 5013 3282 5076 homousion
3332 5024 3550 5081 inventa
3598 5025 3708 5089 sit,
3750 5025 3875 5083 vide

2266 5087 2408 5173 apud
2425 5086 2888 5173 tullianasium'ltnb
2929 5090 2999 5147 de
3046 5090 3253 5164 Synod.
3287 5108 3343 5168 p.
3378 5094 3481 5157 εει
3509 5141 3523 5167 ,
3557 5107 3613 5154 et
3637 5086 3872 5173 Gregor.

2266 5154 2397 5213 Naz.
2421 5159 2516 5216 0r.
2548 5175 2678 5230 ιιι,
2715 5177 2772 5214 ιι.
2798 5158 2892 5215 ‘25.

2344 5249 2411 5336 (ι’)
2458 5249 2953 5336 Ρειίξιιιίιίιιὶηηξξς
2992 5253 3115 5336 Yat.
3163 5254 3281 5336 bas.
3327 5267 3385 5317 et
3426 5257 3584 5336 Colb.
3616 5261 3819 5327 ratione
3848 5275 3870 5318 :

2269 5335 2388 5397 quin
2409 5336 2513 5387 vox
2545 5321 2750 5380 Hilario
2781 5322 3065 5385 familiaris
3090 5342 3190 5399 pro
3212 5330 3336 5399 jure
3358 5348 3420 5386 ac
3447 5321 3650 5389 merito.

2327 5411 2422 5495 .(9)
2463 5413 2539 5470 ¹ι³
2579 5415 2836 5500 meliores
2878 5432 3013 5479 ωδε·
3068 5430 3428 5500 ερηειξηιθτρ-
3462 5440 3870 5500 “Genumana!

2268 5491 2430 5541 etiam
2458 5491 2924 5567 consentientibus
2953 5493 3208 5567 excusis,
3240 5495 3293 5550 in
3319 5495 3518 5567 quibus
3542 5497 3653 5566 hic,
3700 5491 3827 5557 mox
3848 5536 3867 5566 ,

2270 5566 2323 5615 et
2349 5558 2548 5628 saepius
2576 5558 2707 5616 alibi
2728 5563 2991 5631 repetitur
3020 5578 3127 5619 vox
3155 5564 3318 5627 Deus.

2326 5646 2425 5733 llr)
2447 5648 2626 5733 Verba
2653 5655 2937 5723 sequentia
2969 5654 3021 5708 in
3048 5657 3268 5714 excusis
3292 5673 3395 5718 suo
3416 5660 3540 5719 loco
3561 5669 3708 5720 meta
3731 5701 3747 5733 ,
3774 5674 3870 5731 re-

2269 5722 2542 5778 stituimns
2561 5722 2628 5778 ad
2658 5722 2904 5781 normam
2927 5741 3060 5795 mss.
