4216 6254
324 321 426 376 101

1554 310 1646 372 es
1686 290 2060 373 ramirer
2112 294 2322 372 Lmen
2348 300 2443 374 t‘v.

3528 309 3634 375 ius

318 444 493 489 autem
521 475 537 500 ,
566 430 659 502 qui
685 439 863 502 potens
884 436 960 485 est
986 428 1294 501 conﬁrmare
1319 443 1409 485 vos
1436 430 1719 485 secundum
1761 429 1934 485 Evan—
1959 429 2011 493 Α
2038 446 2148 496 me,
2178 439 2225 485 et
2272 430 2456 486 tenebit
2493 445 2575 485 me
2622 429 2830 485 dextera
2879 437 2970 485 tua
2996 428 3173 503 (Psal.
3215 444 3450 486 cxxxvm
3470 473 3485 498 ,
3523 432 3555 486 7
3587 441 3632 485 et

317 525 509 598 gelium
554 539 725 577 meum
770 531 819 578 et
844 522 1263 591 pradicationem
1306 519 1433 576 Iesu
1478 520 1705 589 Christi,
1750 538 1932 577 secun-

319 619 448 672 dum
489 616 851 689 reuelationem
897 616 1204 670 sacramenti
1250 615 1561 687 temporibus
1602 614 1935 671 stecularibus

323 711 505 777 taciti,
536 707 856 780 manifestati
887 717 1061 763 autem
1084 723 1220 763 nunc
1255 724 1345 781 per
1383 706 1684 779 Scripturas
1712 707 1936 782 prophe-

322 807 455 861 ticas
478 803 760 859 secundum
784 809 1096 873 prmeeptum
1138 801 1320 856 αἰεγηὶ
1348 799 1482 869 Dei,
1512 802 1566 855 in
1598 800 1935 855 obedientiam

326 898 453 968 ﬁdei
479 897 532 951 iu
565 911 741 950 omnes
762 905 935 969 gentes
960 895 1188 966 cogniti,
1224 897 1322 950 soli
1346 896 1562 967 sapienti
1596 893 1705 948 Deo
1730 911 1821 968 per
1845 893 1937 948 Je-

325 1008 443 1046 sum
467 989 731 1045 Christum
758 1031 771 1053 ,
795 990 880 1043 cui
909 988 1078 1061 gloria
1104 989 1160 1043 in
1198 990 1386 1044 saecula
1409 988 1715 1044 steculorum
1737 988 1755 1053 l
1779 987 1931 1047 Rom.

327 1100 454 1152 ενι,
489 1083 562 1139 25
598 1094 643 1138 et
664 1082 850 1155 seqq)
877 1082 1015 1137 Tum
1058 1080 1204 1153 quod
1257 1083 1405 1138 solus
1455 1080 1791 1137 innascibilis
1814 1129 1829 1153 ,
1883 1088 1938 1136 et

330 1178 478 1251 quod
516 1178 668 1232 solus
687 1191 849 1232 verus
883 1174 995 1247 76
1029 1174 1130 1238 sit,
1160 1174 1284 1244 quia
1314 1173 1500 1229 Esaias
1545 1172 1744 1230 dixerit
1770 1173 1897 1246 (va
1918 1213 1933 1241 ,

334 1272 471 1342 16):
500 1269 800 1325 Benedich
838 1268 920 1338 (α)
950 1277 999 1323 te
1027 1266 1195 1322 Deum
1223 1282 1417 1322 verum.
1450 1266 1713 1338 Quodque
1758 1265 1813 1322 id
1863 1266 1940 1338 ip—

332 1378 458 1419 sum
488 1370 827 1418 contestatus
866 1360 937 1415 sit
984 1359 1243 1415 Dominus
1286 1359 1341 1415 in
1367 1358 1678 1430 Evangeliis
1704 1358 1890 1413 dicens
1921 1378 1935 1412 :

334 1454 466 1510 Ha'c
488 1465 562 1509 est
583 1463 750 1508 autent
773 1453 879 1507 rita
906 1460 1125 1518 eterna,
1152 1460 1206 1505 ut
1239 1460 1548 1523 cognoscant
1591 1460 1638 1505 te
1663 1450 1830 1505 solum
1856 1466 1939 1505 ae-

331 1563 453 1602 rum
498 1544 702 1613 Deum,
736 1554 781 1599 et
812 1560 962 1615 quem
1005 1545 1188 1601 misisti
1225 1544 1404 1600 Iesum
1451 1543 1713 1599 Christum
1741 1543 1934 1616 (loan.

343 1656 453 1696 xm
470 1682 485 1707 ,
513 1638 595 1712 ὅ).
628 1639 768 1694 Tum
791 1638 915 1710 quia
944 1638 1092 1694 solus
1115 1638 1313 1706 bonus,
1338 1654 1406 1695 ne
1434 1638 1561 1710 quid
1588 1641 1659 1695 sit
1684 1638 1940 1694 bonitatis

339 1734 395 1788 in
426 1732 593 1797 Filio,
630 1732 757 1802 quia
803 1745 900 1802 per
928 1747 1052 1787 eum
1081 1731 1285 1787 dictum
1318 1732 1390 1787 sit
1419 1749 1433 1786 :
1468 1731 1634 1788 Nemo
1674 1741 1750 1788 est
1779 1732 1940 1788 bonus

2034 540 2153 594 seqq
2179 520 2221 596 ).
2254 522 2408 579 Hunc
2433 538 2647 594 quoque
2673 523 3076 593 incorporeum,
3104 522 3230 595 quia
3262 522 3461 577 dictum
3515 524 3585 578 sit
3620 541 3635 579 :

2036 613 2269 685 Spiritus
2293 616 2428 669 enim
2463 613 2602 670 Deus
2633 625 2705 669 est
2727 657 2741 680 ,
2769 625 2817 670 et
2851 614 3127 669 adorantes
3158 630 3270 668 eum
3295 655 3311 681 ,
3349 615 3402 668 in
3437 613 3640 683 Spiritu

2035 718 2084 764 et
2109 710 2321 763 veritate
2363 710 2585 764 adorare
2624 720 2823 780 oportet
2853 709 3034 783 (Joan.
3076 725 3161 779 ιν,
3188 708 3305 778 24).
3352 708 3505 763 Hunc
3540 707 3643 763 int-

2038 804 2419 859 mortalitatem
2475 802 2761 859 habentem
2819 812 2872 857 ct
2918 802 3279 863 invisibilem.
3332 801 3501 857 Paulo
3552 800 3639 856 di-

2037 905 2193 951 cente
2220 913 2233 951 :
2263 896 2367 961 Qui
2386 898 2527 952 solus
2564 895 2713 953 habet
2743 896 3185 951 immortalitatem
3205 938 3221 962 ,
3263 904 3310 950 et
3349 894 3511 950 lucem
3542 894 3640 949 ha-

2038 986 2163 1041 bitat
2203 986 2606 1043 iuaccessibllem
2633 1030 2647 1053 ,
2685 1004 2834 1059 quem
2878 1004 3026 1042 nemo
3067 988 3329 1042 hominum
3358 986 3485 1041 uidit
3508 1028 3523 1055 ,
3551 1002 3644 1043 nec

2037 1079 2207 1133 videre
2236 1088 2402 1151 potest
2435 1078 2489 1150 (l
2514 1077 2653 1133 Tim.
2684 1093 2737 1133 vr
2761 1121 2775 1145 ,
2808 1076 2899 1151 l6)
2930 1096 2945 1146 ;
2980 1087 3037 1135 et
3067 1078 3362 1134 secundum
3396 1076 3642 1148 Evange-

2037 1173 2170 1228 lium
2202 1190 2216 1227 :
2249 1172 2418 1228 Deum
2445 1188 2594 1227 nemo
2632 1173 2760 1228 vidit
2784 1189 3027 1242 umquam
3051 1213 3066 1239 ,
3100 1173 3199 1227 nisi
3228 1172 3520 1245 unigenitus
3549 1168 3645 1226 Fi-

2041 1268 2143 1324 lius
2163 1309 2179 1337 ,
2210 1270 2300 1339 qui
2329 1277 2404 1323 est
2430 1269 2483 1322 in
2512 1270 2627 1324 sinu
2657 1266 2840 1323 Patris
2883 1266 3063 1339 (Ioan.
3094 1281 3145 1333 ι,
3177 1265 3288 1337 18).
3328 1264 3483 1321 Hunc
3511 1278 3645 1336 quo-

2039 1377 2144 1433 que
2193 1361 2369 1417 solum
2399 1371 2710 1418 manentem
2762 1360 2869 1433 π
2912 1360 2982 1433 (θ)
3033 1360 3409 1417 innascibilem
3441 1401 3455 1425 ,
3511 1359 3640 1431 quia

2041 1455 2244 1510 dictum
2290 1456 2361 1510 sit
2393 1471 2406 1509 :
2436 1453 2551 1529 Ego
2600 1471 2715 1509 sum
2744 1456 2831 1524 qui
2860 1470 2975 1509 sum
3023 1452 3219 1526 (Exod.
3254 1469 3312 1510 ut
3334 1496 3349 1520 ,
3406 1451 3501 1525 14)
3532 1469 3548 1520 ;
3592 1460 3647 1508 et

2042 1562 2254 1602 rursum
2289 1563 2303 1601 :
2338 1545 2431 1603 Sic
2450 1546 2587 1601 dices
2605 1546 2730 1618 ﬁliis
2751 1545 2918 1603 Israel
2940 1563 2960 1602 :
2990 1546 3135 1602 Misit
3163 1564 3245 1603 me
3273 1546 3342 1602 ad
3374 1563 3462 1603 vos
3485 1547 3532 1603 is
3560 1547 3649 1618 qui

2042 1647 2117 1693 est
2143 1636 2363 1711 (Ibid),-
2387 1647 2440 1694 et
2463 1654 2559 1709 per
2578 1637 2869 1695 Jeremiam
2896 1656 2909 1693 :
2944 1638 3011 1713 (Ι)
3036 1639 3136 1708 Qui
3157 1657 3210 1695 es
3238 1636 3512 1706 Dominus,
3538 1638 3649 1694 Do-

2043 1729 2179 1784 mine
2206 1726 2421 1801 (Jerem.
2448 1744 2487 1796 ι,
2531 1728 2606 1802 6).
2960 1730 2963 1733 ⁷

335 1828 444 1882 nisi
464 1844 593 1881 unus
624 1825 767 1882 Deus
796 1824 987 1898 (Marci
1010 1840 1064 1891 x,
1092 1826 1205 1897 18).
1234 1824 1371 1881 Tum
1403 1826 1543 1896 quod
1571 1826 1719 1882 solus
1751 1839 1941 1896 patens

2115 1811 2171 1867 9.
2220 1809 2394 1865 Fraus
2439 1811 2494 1865 in
2534 1810 2796 1883 praedictis
2842 1812 3005 1868 latens
3050 1812 3317 1886 retegitur.
3362 1844 3437 1855 —
3477 1816 3654 1885 Atque

332 1922 448 1986 sit;
476 1921 600 1991 quia
648 1920 846 1975 Paulus
874 1918 1072 1975 dixerit
1101 1936 1115 1973 :
1143 1918 1304 1987 Quem
1351 1919 1660 1991 teniporibus
1698 1919 1806 1974 suis
1857 1934 1943 1974 os-

339 2013 512 2069 tendet
548 2012 693 2068 nobis
728 2013 905 2067 beatus
945 2021 991 2067 et
1029 2011 1169 2066 solus
1202 2020 1382 2081 potens
1427 2027 1445 2067 :
1494 2011 1604 2066 Rex
1650 2027 1857 2084 regum,
1899 2020 1946 2065 et

342 2105 597 2161 Dominus
645 2106 1025 2160 dominantium
1074 2103 1128 2176 (1
1153 2103 1289 2158 Tim.
1317 2119 1371 2159 γι
1408 2147 1421 2171 ,
1470 2103 1584 2178 15).
1614 2103 1750 2159 II‘um
1800 2103 1946 2175 quod

340 2199 489 2254 hunc
551 2196 803 2253 noverint
845 2196 1308 2252 inconvertibiletn
1352 2205 1406 2253 et
1463 2195 1943 2261 indemutabilem;

341 2291 465 2361 quia
496 2306 596 2364 per
622 2288 943 2361 prephetam
969 2288 1171 2345 dixerit
1196 2306 1209 2341 :
1245 2286 1356 2362 Ego
1377 2305 1492 2344 sum
1524 2288 1778 2344 Dominus
1808 2287 1948 2344 Deus

341 2394 529 2448 uester,
563 2393 611 2436 et
650 2399 751 2437 non
770 2381 1004 2437 demutor
1034 2380 1289 2454 (Malach.
1320 2397 1377 2438 tn
1398 2424 1413 2449 ,
1443 2380 1504 2455 6)
1532 2396 1549 2450 ;
1617 2390 1673 2438 et
1714 2381 1948 2439 Jacobus

2047 1902 2164 1958 inec
2192 1903 2313 1973 quis
2341 1918 2448 1958 non
2492 1904 2759 1975 intelligat
2799 1904 2953 1975 plena
2996 1905 3200 1962 fraudis
3227 1920 3352 1963 esse
3399 1915 3454 1962 et
3493 1906 3654 1978 plena

2046 1995 2312 2053 fallaciae?
2338 2012 2461 2068 quas
2490 2012 2817 2069 quamquam
2865 1999 2973 2054 sint
2999 1998 3271 2055 subtiliter
3307 1998 3535 2056 confusa
3574 2008 3658 2056 at-

2044 2103 2153 2159 que
2197 2088 2496 2158 permixta,
2526 2096 2709 2145 tamen
2752 2090 3001 2147 absolute
3040 2089 3390 2147 artiﬁciosam
3435 2092 3659 2149 malitias

2047 2191 2103 2238 et
2125 2182 2373 2239 stultitim
2413 2182 2765 2239 calliditatem
2792 2191 2847 2239 et
2878 2184 3138 2256 ineptiam
3183 2194 3466 2241 testantur.
3512 2184 3659 2242 Inter

2048 2283 2247 2331 caetera
2278 2273 2424 2329 cuitu
2452 2273 2802 2343 addiderunt,
2833 2276 3011 2333 solum
3039 2291 3100 2332 se
3118 2276 3338 2334 Patrem
3368 2277 3661 2334 innaseibiv

2046 2371 2156 2425 ient
2178 2369 2504 2441 cognovisse
2530 2387 2544 2424 ε
2567 2380 2839 2442 tamquam
2864 2370 2993 2426 bine
3027 2371 3312 2443 quisquam
3346 2373 3519 2443 possit
3542 2387 3663 2428 am-

346 2474 627 2545 apostoius
652 2472 851 2529 dixerit
880 2472 952 2545 (ι,
988 2472 1078 2546 17)
1116 2490 1130 2526 :
1156 2473 1309 2544 Apud
1348 2489 1493 2543 quem
1535 2490 1637 2528 non
1671 2483 1746 2528 est
1774 2474 1953 2529 demu-
2042 2462 2260 2534 bisere.
2290 2478 2437 2529 eum.
2468 2478 2537 2519 ex
2567 2479 2675 2535 quo
2706 2464 2799 2520 me
2820 2465 3034 2536 genitus
3065 2465 3136 2520 Sil
3168 2480 3262 2535 per
3282 2480 3447 2536 Quem
3478 2466 3663 2522 omnia

350 2569 495 2622 tatio.
533 2565 686 2621 Hunc
711 2566 913 2636 justum
936 2563 1174 2636 judicem
1196 2564 1404 2636 (supple
1424 2564 1506 2621 hic
1532 2574 1579 2620 et
1602 2566 1760 2638 infra,
1792 2582 1953 2623 nove-
2051 2564 2198 2625 sunt,
2230 2557 2281 2612 id
2308 2556 2450 2627 quod
2474 2558 2591 2628 ipse
2619 2567 2705 2614 est
2733 2572 2764 2612 a
2795 2556 3013 2613 nemine
3046 2569 3424 2613 consecutum.
3457 2556 3514 2612 In
3544 2559 3663 2628 ipso

350 2657 519 2731 rint),
543 2658 669 2729 quia
693 2656 949 2727 scriptum
972 2665 1055 2712 est
1079 2671 1093 2709 :
1125 2653 1265 2710 Deus
1294 2657 1465 2730 judex
1486 2657 1662 2727 justus
1688 2699 1702 2726 ,
1730 2657 1880 2729 [ortis
1905 2666 1953 2713 et

2059 2648 2198 2702 enim
2224 2691 2240 2715 ,
2273 2648 2417 2717 quod
2456 2655 2611 2717 pater
2635 2646 2869 2713 dicitur,
2900 2647 3019 2718 ejus
3054 2663 3214 2720 quem
3257 2648 3445 2720 genuit
3472 2652 3665 2707 auctbr

348 2753 548 2823 patiens
576 2748 754 2823 (Psal.
792 2764 874 2804 vn
897 2791 913 2818 ,
940 2748 1051 2820 12).
1087 2748 1238 2805 Hunc
1282 2748 1493 2805 cunctis
1531 2760 1911 2821 procurantem
1932 2791 1949 2818 ,
2055 2743 2398 2810 ostenditur;
2423 2742 2475 2799 id
2502 2742 2709 2800 habens
2736 2758 2933 2800 nomen
2959 2744 3104 2815 quod
3134 2758 3311 2815 neque
3361 2743 3666 2815 profectum

349 2846 475 2915 quia
510 2844 771 2900 Dominus
790 2844 1006 2911 dixerit,
1039 2858 1161 2898 cum
1183 2844 1235 2900 ei
1255 2844 1322 2900 de
1341 2845 1529 2901 avibus
1556 2859 1737 2902 sermo
1763 2853 1951 2902 esset:
2052 2853 2124 2903 es
2150 2837 2256 2895 alio
2283 2836 2635 2906 intelligatur.
2668 2845 2724 2894 et
2749 2853 2816 2893 ex
2848 2849 2960 2911 quo
2990 2837 3038 2892 is
3065 2838 3155 2909 qui
3179 2838 3396 2919 genitus
3424 2847 3508 2895 est
3534 2838 3667 2895 sub-

352 2936 422 2990 Et
452 2936 616 2991 Pater
639 2948 795 2992 vester
816 2937 1030 2992 caelestis
1067 2939 1231 3008 pascit
1261 2937 1340 3010 (1)
1376 2937 1449 3015 (b)
1475 2937 1596 2994 illas
1628 2937 1844 3011 (Matth.
1876 2954 1952 3006 vr,
2056 2932 2261 2987 stitisse
2287 2931 2565 2987 doceatur.
2599 2931 2766 3002 Igitur
2791 2932 2866 2997 id,
2902 2931 3047 3004 quod
3083 2934 3191 2988 Deo
3213 2934 3351 3004 patri
3382 2935 3668 3005 proprium

349 3031 443 3103 26)
470 3050 490 3099 ;
513 3039 571 3087 et
593 3046 804 3087 rursum
839 3047 853 3086 :
891 3030 1080 3087 Nonne
1101 3032 1202 3087 duo
1224 3049 1453 3103 passeres
1481 3050 1596 3089 asse
1630 3044 1873 3102 veneunt,
1908 3043 1957 3088 et
2058 3032 2164 3093 est,
2195 3023 2472 3099 proprium
2500 3024 2551 3079 εί
2582 3039 2645 3080 ³ο
2675 3032 2947 3080 εθενεῑυῐῐι
2973 3024 3364 3097 relinquamm.
3397 3027 3667 3083 009mm"

354 3142 489 3178 unus
523 3141 589 3179 ea;
624 3124 730 3178 illis
758 3124 841 3196 (2)
868 3141 970 3180 non
997 3124 1136 3180 cadit
1158 3141 1312 3197 super
1334 3136 1523 3185 terram
1551 3127 1663 3182 sine
1700 3127 1955 3185 uoluntate

2062 3127 2142 3175 tes
2183 3119 2236 3183 in
2284 3132 2352 3183 eo
2380 3125 2598 3179 aeternae
2629 3115 2849 3179 virtutis
2894 3118 3271 3179 innascibilem
3314 3127 3664 3191 potestatem.

358 3217 538 3274 Patris
566 3220 717 3273 vestri
735 3219 880 3274 ?Sed
899 3228 947 3274 et
970 3220 1147 3288 capilli
1173 3220 1356 3292 capitis
1386 3222 1537 3274 uestri
1563 3221 1816 3275 numerati
1835 3232 1951 3275 sunt
1980 3211 2025 3277 C
2056 3212 2271 3270 Nemini
2301 3224 2478 3269 autem
2502 3211 2725 3268 dubium
2754 3227 2874 3269 esse
2900 3213 3172 3281 existimo,
3211 3213 3282 3269 ob
3308 3228 3428 3270 eam
3454 3228 3673 3269 causam

358 3312 578 3389 (Matth.
601 3330 657 3382 χ,
686 3309 803 3384 29).
835 3312 989 3368 llunc
1009 3312 1192 3368 omnia
1213 3312 1609 3383 providentem,
1640 3315 1776 3370 sicut
1801 3314 1955 3373 beata

362 3406 611 3462 Susanna
634 3405 803 3463 dicit:
838 3402 974 3460 Deus
1003 3413 1244 3471 ceternus,
1270 3404 1683 3463 absconditorum
1705 3407 1957 3478 cognitor,

358 3498 527 3553 sciens
550 3497 727 3551 omnia
754 3504 874 3550 ante
901 3496 1281 3568 generationem
1306 3513 1480 3552 eorum
1502 3495 1666 3568 (Dan.
1697 3512 1813 3564 xm,
1838 3496 1957 3571 42).

366 3591 519 3646 llunc
561 3590 724 3646 etiam
773 3591 845 3663 (τ)
893 3590 1366 3663 iuconceptibilem
1397 3632 1413 3660 ,
1463 3589 1759 3646 secundum
1811 3588 1954 3662 quod

367 3682 566 3737 dictum
590 3687 674 3737 est
698 3698 710 3735 :
748 3679 945 3738 Caium
971 3680 1097 3736 mihi
1128 3679 1341 3737 thronus
1365 3692 1462 3748 est,
1490 3691 1627 3739 terra
1652 3690 1826 3739 autem
1852 3698 1967 3738 sca-

363 3774 555 3829 bellum
580 3773 661 3846 (5)
694 3774 883 3843 pedum
922 3790 1173 3830 meorum.
1205 3773 1374 3841 Quam
1397 3772 1606 3827 domum
1643 3773 1967 3843 wdi/icabitis

366 3870 497 3923 mihi
518 3911 532 3934 ,
557 3877 647 3923 aut
672 3870 785 3941 quis
812 3870 956 3924 locus
986 3869 1312 3940 requietionis
1349 3884 1475 3924 mea:
1495 3869 1522 3923 γ
1561 3866 1690 3923 Haec
1715 3869 1849 3923 enim
1888 3871 1970 3943 fe-

366 3961 435 4016 cit
455 3976 643 4015 manus
671 3976 803 4029 mea,
834 3970 882 4015 et
903 3968 1021 4016 sunt
1047 3960 1223 4015 omnia
1246 3958 1355 4014 haec
1380 3976 1491 4016 mea
1518 3956 1670 4031 (Esa.
1694 3975 1854 4027 LXVI,
1891 3956 1966 4031 1).

368 4054 525 4111 llunc
549 4068 763 4124 quoque
781 4054 1083 4125 capientem
1105 4054 1308 4122 omnia,
1336 4053 1506 4110 Paulo
1528 4061 1798 4109 testante:
1830 4051 1974 4119 Quo-

369 4146 513 4200 niam
536 4146 593 4199 in
616 4145 731 4217 ipso
754 4145 990 4215 uiuimus,
1015 4153 1061 4201 et
1088 4159 1371 4214 mouemur,
1402 4154 1447 4199 et
1472 4160 1649 4199 sumus
1672 4143 1809 4215 (Act.
1839 4157 1971 4212 xvu,

368 4238 500 4310 ‘28);
531 4248 588 4296 et
617 4238 1041 4311 Psalmographo
1065 4238 1278 4299 dicente
1310 4256 1323 4295 :
1354 4238 1435 4314 (ἀ)
1469 4238 1585 4311 Quo
1606 4238 1755 4295 abibo
1778 4238 1842 4297 ab
1868 4238 1978 4312 spi-

371 4333 478 4387 ritu
502 4340 611 4399 tuo,
638 4340 685 4386 et
718 4348 753 4387 a
780 4331 917 4402 facie
941 4340 1028 4387 tua
1051 4348 1153 4402 quo
1187 4331 1421 4403 fugiam?
1461 4330 1525 4389 Si
1562 4330 1875 4387 adscendere
1921 4334 1977 4389 iu

372 4424 581 4491 emtum,
602 4433 655 4478 tu
674 4423 786 4479 illic
810 4440 899 4491 es;
925 4424 972 4480 si
987 4424 1297 4480 descendero
1321 4423 1401 4497 (ι)
1425 4424 1495 4480 ad
1515 4424 1798 4497 infernum,
1821 4424 1974 4494 ades;

2064 3308 2115 3367 in
2143 3305 2492 3363 confessione
2522 3306 2619 3363 Dei
2649 3306 2819 3383 patris
2847 3305 3093 3379 quendam
3124 3306 3244 3376 ejus
3271 3315 3545 3385 tamquam
3570 3321 3670 3378 pe-

2062 3402 2285 3465 culiaria
2311 3410 2367 3459 et
2397 3401 2605 3472 privata
2633 3399 2953 3467 memorari,
3005 3415 3074 3457 ne
3117 3409 3318 3471 praeter
3366 3401 3544 3473 ipsum
3586 3415 3680 3458 eo-

2062 3510 2184 3551 rum
2216 3494 2501 3565 quisquam
2533 3492 2804 3565 particeps
2848 3492 3206 3565 relinquatur.
3251 3494 3383 3552 Cum
3415 3494 3562 3553 enim
3589 3492 3679 3553 di-

2068 3598 2219 3654 cunt,
2254 3588 2426 3645 solum
2461 3587 2537 3663 (g)
2567 3604 2779 3657 verum,
2807 3589 2983 3645 solum
3007 3588 3237 3660 justum,
3264 3590 3436 3646 solum
3468 3590 3683 3662 sapien-

2070 3692 2202 3749 tem,
2230 3681 2407 3738 solum
2439 3681 2798 3751 iuvisibilem,
2851 3680 3029 3739 solum
3075 3681 3314 3749 bonum,
3366 3681 3543 3743 solum
3588 3695 3685 3752 po-

2064 3782 2296 3842 tentem,
2330 3772 2507 3829 solum
2530 3772 2990 3831 immortalitatem
3017 3772 3341 3839 habentem;
3363 3772 3418 3829 in
3446 3787 3515 3829 eo
3537 3770 3684 3842 quod

2071 3868 2220 3923 solus
2253 3868 2369 3925 haec
2395 3867 2499 3933 sit,
2531 3881 2562 3921 a
2589 3866 2976 3925 communione
3003 3881 3193 3923 eorum
3240 3865 3534 3923 secundum
3586 3866 3686 3922 nos

2072 3960 2244 4023 Filius
2269 3968 2570 4034 separatur.
2610 3960 2692 4036 (ἡ)
2723 3961 2841 4019 Soli
2863 3962 3028 4031 enim,
3053 3970 3113 4021 ut
3131 3963 3305 4032 aiunt,
3334 3964 3552 4041 propria
3574 3979 3684 4021 non

2074 4054 2467 4126 participantur
2495 4054 2565 4111 ab
2592 4054 2788 4111 altero.
2831 4054 2965 4124 Qute
3007 4058 3053 4112 si
3095 4055 3149 4111 in
3188 4055 3351 4115 Patre
3391 4055 3543 4123 solo,
3576 4072 3686 4115 non

2075 4148 2241 4204 etiam
2287 4147 2339 4202 in
2370 4145 2510 4203 Filio
2539 4161 2663 4204 esse
2689 4147 3179 4217 existimabuntur;
3231 4162 3456 4206 necesse
3499 4157 3586 4205 est
3630 4156 3693 4205 ut

2076 4238 2245 4303 Filius
2274 4242 2415 4298 Deus
2436 4248 2493 4301 et
2517 4239 2712 4310 falsus,
2750 4251 2805 4299 et
2832 4242 3113 4311 insipiens,
3145 4251 3201 4299 et
3219 4241 3520 4299 secundum
3549 4256 3687 4300 con-

2076 4335 2367 4406 spicabiles
2393 4337 2650 4393 materias
2676 4351 2992 4408 corporeus,
3017 4345 3074 4392 et
3098 4335 3427 4404 malevolus,
3457 4346 3512 4393 et
3538 4336 3691 4394 inﬁr-

2079 4443 2222 4495 mus,
2250 4437 2307 4485 et
2340 4438 2492 4485 extra
2534 4429 3001 4485 immortalitatem
3033 4444 3158 4485 esse
3184 4430 3438 4487 credatur
3458 4471 3472 4497 ,
3502 4430 3593 4499 qui
3622 4429 3693 4486 ab

373 4518 418 4571 si
445 4534 713 4588 sumpsero
742 4534 938 4589 pennas
968 4534 1108 4573 meas
1132 4527 1252 4573 ante
1277 4518 1443 4573 lucem
1465 4558 1481 4586 ,
1522 4526 1569 4573 et
1595 4515 1891 4581 habitavere
1919 4518 1975 4573 in
2082 4519 2167 4577 his
2193 4520 2465 4589 omnibus,
2495 4536 2619 4583 cum
2645 4521 2700 4577 in
2734 4521 2819 4575 his
2846 4519 3010 4576 Pater
3036 4523 3107 4577 sit
3132 4522 3303 4591 solus,
3335 4523 3624 4594 excipitur.

375 4610 646 4683 postremis
676 4611 833 4695 maris
878 4626 899 4671 δ
925 4610 1113 4667 etenim
1143 4608 1222 4683 (5)
1262 4609 1386 4666 illuc
1430 4625 1615 4667 atauus
1651 4620 1743 4671 tua
1766 4610 1983 4666 deducet
2007 4602 2063 4666 D

476 4843 513 4898 2

477 4917 514 4972 5

564 4771 641 4827 Ita
668 4771 839 4828 codex
865 4770 992 4827 Ver.
1021 4770 1080 4827 In
1108 4771 1405 4838 anteriore,
1432 4772 1548 4828 illa.

571 4842 692 4914 Non
713 4842 877 4899 cadet.
910 4842 968 4899 In
994 4842 1208 4907 Graeco,
1237 4845 1294 4899 οὐ
1326 4853 1591 4914 πεσεῖται..

566 4913 892 4971 Seamillum.
924 4914 1240 4971 Vitruviana
1269 4930 1397 4971 vos.

451 4774 474 4988 ἑ

516 4772 536 4989 ξ

454 5056 533 5144 (a)
565 5055 622 5144 in
642 5057 779 5144 edit.
807 5067 854 5114 te
877 5059 1054 5144 salum
1071 5058 1265 5144 Diuus:
1291 5059 1457 5144 :Abest
1482 5059 1572 5144 hic
1600 5059 1769 5144 solum
1796 5075 1830 5144 a_
1857 5074 1989 5116 mss.

386 5126 537 5184 sicut
558 5137 613 5184 et
642 5128 679 5183 l.
712 5145 746 5184 γ
766 5171 781 5196 ,
814 5147 870 5184 u.
904 5126 987 5186 25’
1002 5139 1061 5187 et
1083 5131 1176 5187 26.
1202 5130 1305 5187 Ubi
1336 5134 1480 5186 hunc
1519 5131 1693 5188 locum
1719 5132 1787 5188 ab
1814 5130 1992 5189 haere-

389 5201 516 5256 ticis
539 5210 856 5271 corruptum
890 5216 1014 5258 esse
1043 5203 1465 5259 demonstratur.

458 5292 537 5368 (b)
573 5291 717 5348 Edit.
750 5294 996 5368 illas.__At
1035 5310 1170 5368 mss.
1213 5295 1336 5368 illa,
1385 5293 1577 5368 supple
1620 5295 1889 5364 volatilia,
1937 5303 1997 5353 ut

390 5363 588 5435 legitur
613 5379 734 5435 cap.
760 5366 796 5420 5
824 5366 880 5420 in
902 5363 1090 5422 Matth.
1123 5382 1278 5423 num.
1309 5367 1363 5424 9.

464 5457 541 5533 (ι)
572 5457 877 5533 Μδξηγξξι.
903 5458 1020 5519 bas.
1047 5503 1063 5528 ,
1105 5469 1160 5516 et
1208 5460 1471 5533 Carent.)
1513 5460 1988 5533 inconspicabilem.

392 5528 617 5608 Rectius
641 5530 731 5585 alii
761 5531 918 5597 libri,
951 5532 1412 5601 incoaceptibilem,
1436 5528 1543 5590 hoc
1570 5540 1657 5591 est
1677 5528 1808 5608 {qui
1843 5534 1995 5602 nullo

394 5601 512 5672 capi
542 5601 664 5657 loco
689 5612 889 5674 potest.

471 5692 552 5765 (ά)
585 5693 643 5750 In
673 5695 1046 5771 compluribus
1068 5712 1200 5758 mss.
1225 5712 1327 5769 quo
1359 5696 1464 5753 ibo.
1502 5695 1563 5754 In
1601 5697 1997 5771 antiquioribus
2104 5692 2251 5771 At'si'
2275 5708 2641 5771 esuriretusto
2676 5700 2869 5758 codice
2890 5701 2973 5759 Co

397 5774 479 5819 est
494 5805 511 5831 ,
536 5782 640 5837 quo
664 5768 833 5822 abibo.

2161 4614 2250 4671 l0.
2298 4612 2429 4677 Filii
2450 4614 2613 4671 honor
2635 4615 2713 4671 nil
2729 4614 2951 4672 detrahit
2974 4612 3147 4675 Patri.
3173 4646 3245 4667 φρ
3269 4617 3477 4681 Dicturi
3503 4626 3686 4676 autem

2163 4776 2251 4921 (ι)
2280 4776 2345 4833 In
2364 4778 2649 4852 infernum.

2170 4848 2227 4921 (5
2284 4850 2341 4906 In
2362 4852 2649 4919 anteriore,

2170 4848 2251 4922 (5)
2284 4850 2341 4906 In
2362 4848 2657 4919 anteriore,
2690 4852 2821 4908 illic.

2102 5057 2303 5114 caussa
2335 5066 2421 5113 est
2453 5073 2467 5111 :
2496 5072 2620 5113 cum
2652 5057 2736 5113 vel
2767 5072 2834 5113 ex
2857 5072 2918 5114 ea
2948 5057 3183 5116 maxime
3208 5057 3442 5119 Hilarius
3467 5060 3520 5119 in
3541 5069 3707 5120 catta-

2104 5131 2181 5185 ris
2210 5127 2529 5183 Arianorum
2557 5130 2839 5185 sententiis
2859 5127 3104 5187 fraudem
3126 5130 3294 5191 latere
3312 5131 3448 5193 suos
3465 5135 3702 5195 evincat.

2106 5197 2429 5270 Restituitur
2468 5214 2573 5270 ope
2600 5216 2732 5257 mss.

2179 5269 2247 5345 (ί)
2305 5269 2472 5339 Bad.,
2507 5269 2626 5327 ’Er.
2658 5282 2713 5346 et
2742 5271 2891 5346 Lips.
2930 5290 3076 5346 quos
3116 5282 3173 5346 et
3218 5285 3489 5346 postrema
3536 5276 3711 5337 editio

2106 5343 2230 5400 Par.
2260 5351 2442 5414 secuta
2464 5348 2570 5409 est,
2599 5344 2688 5414 qui
2704 5360 2759 5399 es
2785 5343 3029 5413 Domine,
3059 5343 3257 5407 omissa
3290 5364 3423 5408 voce
3451 5347 3709 5411 Dominus

2108 5424 2307 5507 praeter
2354 5410 2513 5469 ﬁdem
2562 5410 2694 5471 mss.
2746 5424 2802 5472 et
2851 5410 3223 5489 Septuaginta,
3262 5449 3268 5455 -
3306 5419 3423 5479 ὂῶν
3474 5410 3709 5483 δέσποτα

2100 5503 2272 5701 mg).
2314 5554 2456 5611 Editi
2475 5598 2489 5621 ,
2525 5572 2698 5612 verum
2722 5554 2891 5613 Deum
2912 5574 2934 5613 :
2972 5564 3330 5619 renitentibus
3356 5578 3491 5621 mss.

2122 5698 2129 5701 _
2232 5631 2259 5701 4)
2303 5627 2415 5683 Hoc
2446 5627 2499 5682 in
2542 5631 2762 5685 modum
2788 5629 2937 5701 otiati
2979 5630 3339 5701 philosophiai
3368 5650 3491 5695 euut

2244 5631 2259 5696 )
2303 5627 2415 5683 Hoc
2446 5627 2499 5682 in
2542 5631 2762 5685 modum
2793 5629 2937 5686 citati
2976 5630 3339 5758 philesopbiei
3368 5636 3704 5695 enuntiatur.

2244 5746 2246 5752 λ
2275 5713 2398 5758 eum
2427 5708 2641 5756 vetusto
2676 5700 2869 5758 codice
2890 5701 2973 5758 Co
2994 5702 3050 5758 δ.
3092 5719 3307 5758 acarnan
3350 5706 3536 5758 Gem.
3569 5724 3704 5758 nm-

2994 5702 3050 5761 b.
3350 5706 3536 5765 Germ.
3569 5724 3707 5779 prae-

2103 5770 2250 5845 [eras
2275 5811 2291 5836 ,
2322 5769 2439 5845 Soli
2460 5772 2777 5845 enimsunt,
2808 5773 2993 5845 aiunt;
3015 5773 3359 5837 referendum
3383 5779 3490 5839 erit
3507 5769 3610 5838 soli
3636 5779 3706 5837 ad

472 5836 557 5915 (e)
607 5837 724 5897 Vox
765 5840 1115 5898 innascibilem
1153 5839 1209 5900 iu
1258 5840 1409 5914 prius
1433 5840 1669 5915 vulgatis
1710 5856 1999 5915 perperam
2109 5840 2350 5917 Patrem,
2380 5842 2526 5899 aiunt
2550 5842 2621 5903 ad
2648 5836 2900 5903 Arianos.
