4216 6254
564 289 666 359 107
1756 286 2002 350 SANCTI
2066 285 2180 348 HlL

2292 287 2323 346 [ι
2376 275 2683 352 EPISCOPI
3765 288 3868 346 £08

561 420 692 484 pote
713 409 856 467 Deus
884 407 1022 479 ejus,
1055 421 1179 464 cum
1205 406 1275 463 sit
1302 413 1426 461 ante
1458 405 1654 476 ipsum.
1688 405 1743 463 Si
1766 405 1909 460 enim
1933 402 2075 474 quod
2104 418 2166 456 ex
2191 403 2245 468 Α
2269 405 2525 462 deitatem.
2554 435 2626 445 --
2654 403 2784 459 Nam
2808 401 2910 458 hoc
2931 415 3118 459 eorum
3148 399 3442 470 principale
3459 406 3542 456 est
3569 417 3581 454 :
3615 399 3870 459 Nouimus

561 509 711 578 ipso,
745 503 958 575 etquod
998 519 1062 557 ea
1087 511 1263 567 utero,
1309 507 1365 556 et
1389 499 1532 570 quod
1563 516 1625 554 ea:
1653 508 1797 569 patre
1825 498 1956 552 exivi
1999 505 2048 552 et
2077 512 2160 550 ve—
2265 498 2530 567 inquiunt,
2578 514 2736 554 unum
2780 497 2947 551 solum
2993 495 3181 560 Deum,
3230 493 3411 565 Moyse
3455 495 3671 563 dicente,
3706 497 3869 564 Audi,

564 602 642 668 ni,
677 598 752 672 (a)
785 597 934 654 velut
967 605 1168 668 partem
1217 592 1335 666 ejus
1366 593 1523 648 unius
1566 581 1879 650 substantiae
1928 598 1982 645 et
2008 588 2161 660 quasi
2265 589 2452 653 Israel,
2486 589 2734 644 Dominus
2765 589 2899 644 Deus
2921 599 3037 644 tuus
3059 605 3189 644 unus
3209 597 3280 642 est
3331 586 3515 658 (Deut.
3546 603 3621 656 vt,
3655 587 3732 661 4).
3764 589 3872 646 Sed

567 694 920 765 prolationem
951 687 1249 745 extendens
1303 688 1650 758 intelligitur;
1681 687 2013 758 compositus
2058 684 2165 740 erit
2267 681 2524 752 numquid
2575 681 2700 736 hinc
2747 682 3027 751 quisquam
3078 679 3176 739 fuit
3220 694 3387 736 ausus
3413 680 3733 752 ambigere?
3777 690 3875 739 aut

568 788 747 852 Pater,
779 795 833 840 et
879 783 1185 847 divisibilis,
1219 780 1298 853 (i)
1341 790 1394 835 et
1423 779 1790 836 convertibilis
1812 822 1826 844 ,
1877 789 1931 834 et
1967 792 2163 848 corpus
2267 791 2518 847 umquam
2548 775 2702 830 aliter
2744 789 2772 828 a
2802 789 3070 844 quoquam
3103 788 3290 829 eorum
3325 772 3677 843 praedicatum
3725 789 3872 842 esse,

567 877 862 934 secundum
895 875 1034 940 illos,
1081 883 1154 940 et,
1178 881 1436 946 quantum
1464 876 1516 928 in
1547 873 1678 943 ipsis
1700 881 1802 938 est,
1831 884 2164 942 consequen-
2267 870 2358 934 qui
2393 868 2555 924 Deum
2577 866 2882 932 crederent,
2909 865 3179 935 cognitum
3225 874 3330 929 est,
3370 865 3471 919 nisi
3501 881 3665 921 unum
3701 867 3873 923 Deum

567 972 638 1030 tia
665 967 909 1039 corporis
935 965 1206 1022 sustinens
1233 967 1348 1023 sine
1377 981 1604 1034 corpore
1637 965 1801 1020 Deus.
1831 965 1906 1036 (ὁ)
2267 976 2389 1018 esse
2413 977 2478 1016 ex
2508 976 2614 1032 quo
2639 959 2842 1026 omnia,
2893 974 3051 1016 unam
3094 959 3346 1016 virtutem
3394 959 3791 1027 innascibilem,
3818 968 3877 1017 et

640 1062 729 1120 14.
775 1061 912 1130 Quia
940 1061 1111 1115 divina
1133 1075 1232 1114 non
1261 1059 1473 1132 percipit
1503 1058 1655 1113 homo
1683 1059 1780 1113 nisi
1810 1074 1875 1112 ea:
1902 1056 1995 1112 Dei
2020 1055 2082 1112 de
2112 1069 2166 1110 se
2267 1071 2427 1112 unam
2458 1055 2594 1112 hanc
2619 1069 2740 1110 esse
2759 1055 2876 1109 sine
2907 1052 3060 1108 initio
3082 1053 3444 1122 potestatem?
3492 1053 3599 1109 Sed
3625 1068 3730 1108 non
3777 1069 3876 1122 per

565 1151 736 1215 dictis,
759 1168 824 1207 ex
844 1151 922 1206 his
953 1152 1248 1223 refellenda:
1276 1159 1396 1206 sunt
1421 1151 1675 1205 hwreticw
1710 1150 2034 1204 assertiones.
2065 1144 2166 1200 Dei
2269 1149 2344 1215 id,
2372 1148 2511 1218 quod
2543 1149 2682 1204 Deus
2709 1163 2846 1202 unus
2868 1157 2975 1213 est,
3008 1146 3104 1201 Dei
3132 1146 3242 1201 ﬁlio
3270 1145 3466 1202 accidit
3492 1148 3676 1216 negari
3711 1162 3876 1216 posse

565 1246 706 1299 dicta
732 1259 835 1297 non
859 1243 1015 1310 mide,
1047 1242 1136 1297 sed
1163 1258 1226 1297 ea:
1254 1243 1359 1297 suis
1395 1243 1564 1296 causis
1588 1240 1941 1312 expendenda.
1970 1268 2042 1279 -—
2069 1238 2168 1294 Hic
2269 1241 2412 1312 quod
2439 1241 2579 1296 Dens
2617 1250 2720 1296 est.
2749 1239 2959 1310 Moyses
2992 1253 3244 1306 namque,
3275 1238 3362 1294 vel
3404 1239 3579 1309 potius
3610 1239 3750 1295 Deus
3780 1255 3875 1310 per

565 1351 752 1392 eorum
796 1350 948 1390 error
977 1342 1080 1402 est,
1114 1333 1231 1390 lucc
1274 1335 1547 1388 mortifera
1580 1333 1847 1388 institutio
1876 1351 1886 1384 :
1915 1331 1979 1385 ad
2011 1329 2166 1400 cujus
2270 1335 2509 1407 Moysen,
2541 1333 2738 1404 populo
2765 1344 2821 1390 et
2849 1333 2902 1387 in
2930 1332 3167 1404 Egypto
3194 1341 3250 1388 et
3290 1333 3341 1387 in
3372 1331 3594 1396 deserto
3626 1333 3788 1388 idolis
3819 1340 3874 1389 et

571 1426 1040 1482 conﬁrmationem
1069 1433 1324 1495 corrupto
1355 1424 1720 1494 intelligentia:
1743 1438 1928 1489 sensu,
1959 1421 2168 1478 divino-
2270 1428 2516 1493 deorum,
2569 1435 2627 1482 ut
2673 1426 2950 1495 putabant,
3005 1425 3355 1496 religionibus
3408 1434 3713 1496 occupato,
3770 1425 3878 1482 hoc

565 1535 682 1576 rum
713 1520 978 1574 dictorum
1013 1519 1318 1576 testimonia
1352 1527 1636 1589 usurpant,
1665 1527 1720 1572 ει
1743 1517 1811 1572 de
1838 1517 1920 1571 his
1948 1517 2049 1574 sub
2075 1531 2169 1572 οε-
2271 1519 2543 1576 constituit
2574 1518 2868 1590 principale
2895 1519 3228 1583 mandatum,
3275 1525 3332 1574 ut
3363 1533 3528 1573 unum
3560 1518 3725 1574 Deum
3750 1533 3872 1573 cre-

565 1613 782 1668 casione
810 1611 1056 1666 humanae
1086 1610 1400 1683 ignorantia)
1430 1609 1783 1664 mentiuntur.
1815 1607 2028 1664 Nemini
2073 1623 2170 1662 au-
2272 1615 2462 1671 deret:
2495 1623 2549 1670 et
2597 1629 2725 1670 vere
2753 1629 2816 1670 ac
2847 1613 3042 1670 merito
3087 1614 3386 1670 constituit.
3421 1613 3570 1670 Unus
3601 1624 3686 1669 est
3728 1614 3877 1669 enim

565 1712 671 1761 tem
721 1705 938 1760 dubium
973 1720 1094 1770 esse
1134 1713 1365 1776 Oportet,
1398 1704 1465 1760 ad
1514 1703 1816 1762 divinarum
1849 1718 2028 1758 rerum
2074 1715 2167 1756 co-
2273 1706 2414 1762 Deus
2441 1722 2506 1766 ex
2538 1722 2643 1776 quo
2687 1707 2890 1761 omnia.
2925 1705 3032 1762 Sed
3063 1706 3359 1771 videamus,
3388 1720 3456 1761 an
3490 1704 3629 1760 idem
3660 1705 3872 1776 Moyses

563 1799 857 1869 gnitioncm
910 1798 1107 1854 divinis
1154 1799 1410 1854 utendum
1474 1813 1596 1854 esse
1648 1795 1927 1852 doctrinis.
1980 1794 2164 1865 Neque
2193 1801 2241 1862 Β
2269 1815 2390 1856 eum
2418 1816 2650 1872 quoque,
2682 1816 2779 1870 per
2800 1815 2958 1870 quem
2987 1801 3163 1855 omnia
3211 1811 3357 1866 sunt,
3392 1799 3558 1854 Deum
3581 1813 3706 1855 esse
3743 1813 3882 1854 con-

565 1896 708 1950 enim
740 1895 1018 1950 scientiam
1059 1895 1358 1951 caelestium
1392 1909 1488 1965 per
1513 1904 1687 1950 semet
1715 1895 1948 1949 humana
1991 1894 2162 1950 imhe-
2270 1892 2445 1948 fessus
2469 1894 2558 1948 sit.
2589 1891 2705 1946 Non
2733 1893 2876 1949 enim
2908 1892 3050 1947 Patri
3076 1891 3334 1948 adimitur
3367 1890 3511 1962 quod
3551 1891 3696 1946 Deus
3735 1905 3878 1948 unus

560 1985 757 2041 cillitas
777 1995 1157 2056 consequetur,
1182 2000 1358 2056 neque
1380 1985 1724 2042 invisibilinm
1751 1985 2161 2056 intelligentiam
2266 1997 2366 2055 est,
2395 1989 2519 2058 quia
2544 1998 2599 2044 et
2624 1987 2794 2044 Filius
2841 1989 2979 2044 Deus
3024 1989 3113 2043 sit.
3149 1987 3248 2043 Est
3271 1988 3413 2043 enim
3450 1987 3590 2044 Deus
3619 2003 3687 2043 ex
3731 1989 3863 2054 Deo,

563 2079 678 2148 ipse
707 2073 808 2132 sibi
836 2077 1196 2149 corporalium
1223 2091 1412 2132 sensus
1443 2087 1703 2134 assumet.
1755 2076 1870 2132 Non
1903 2077 2044 2133 enim
2076 2076 2166 2132 vel
2269 2095 2406 2135 unus
2431 2096 2495 2136 ex
2528 2097 2633 2135 uno
2659 2100 2671 2135 :
2699 2081 2768 2136 ob
2791 2081 2840 2136 id
2861 2096 3000 2136 unus
3025 2081 3184 2145 Deus,
3219 2082 3340 2150 quia
3365 2095 3432 2136 ex
3456 2095 3516 2137 se
3543 2081 3704 2136 Deus.
3729 2080 3877 2137 Con-

559 2171 612 2226 id
644 2171 784 2240 quod
811 2179 1050 2228 creatum
1086 2171 1137 2224 in
1185 2170 1342 2226 nobis
1388 2179 1548 2242 atque
1596 2171 1811 2226 carnale
1833 2181 1938 2236 est,
1970 2171 2053 2226 vel
2101 2170 2152 2224 id
2269 2182 2348 2230 tra
2379 2189 2505 2228 vero
2557 2188 2663 2228 non
2696 2175 2871 2229 minus
2901 2189 2996 2244 per
3026 2174 3076 2227 id
3109 2173 3282 2228 Filius
3333 2174 3495 2238 Deus,
3545 2173 3670 2244 quia
3720 2173 3882 2229 Pater

558 2263 702 2334 quod
735 2263 783 2316 in
808 2278 964 2318 usum
989 2262 1110 2317 vita:
1133 2272 1332 2318 nostrae
1357 2279 1424 2318 ex
1452 2263 1561 2319 Deo
1587 2263 1666 2337 (Ξ)
1697 2264 1881 2322 datum
1905 2274 2007 2330 est,
2038 2279 2167 2319 sno-
2269 2263 2410 2320 Deus
2441 2279 2578 2319 unus
2603 2264 2708 2328 sit;
2741 2273 2824 2320 est
2864 2265 3009 2320 enim
3043 2265 3348 2334 unigenitns
3396 2264 3538 2319 ﬁlius
3593 2263 3690 2319 Dei
3720 2282 3733 2319 :
3763 2279 3874 2321 non

561 2363 673 2410 met
697 2354 901 2425 judicio
929 2365 1172 2411 naturam
1202 2356 1475 2412 Creatoris
1504 2358 1586 2412 sui
1617 2373 1859 2429 opusque
1880 2359 2160 2414 discernit.
2269 2354 2624 2425 innascihilis,
2657 2364 2713 2409 ut
2737 2355 2880 2409 Patri
2911 2355 3111 2412 adimat
3138 2355 3280 2424 quod
3311 2355 3450 2411 Deus
3474 2372 3611 2412 unus
3633 2357 3704 2412 sit
3735 2371 3750 2423 ;
3782 2372 3877 2412 ne-

558 2446 674 2503 Non
701 2449 930 2503 subeunt
953 2449 1165 2518 ingenia
1196 2459 1380 2504 nostra
1427 2449 1480 2504 in
1533 2450 1810 2506 caelestem
1857 2451 2161 2517 scientiam,
2267 2464 2372 2519 que
2401 2447 2546 2504 aliud
2577 2449 2688 2519 ipse
2706 2463 2862 2520 quam
2896 2447 3056 2515 Deus,
3085 2447 3208 2520 quia
3237 2463 3302 2503 ex
3340 2447 3448 2503 Deo
3476 2456 3634 2508 natus
3662 2458 3764 2504 est.
3797 2447 3877 2506 De

557 2556 733 2612 neque
756 2542 1360 2611 incomprehensibilem
1387 2542 1639 2598 virtutem
1667 2558 1834 2598 sensu
1867 2544 2048 2613 aliquo
2079 2544 2164 2598 in-
2269 2559 2374 2614 quo
2406 2543 2646 2612 quamvis
2687 2542 2882 2613 ambigi
2911 2557 3016 2597 non
3049 2551 3312 2610 Oporteat.
3347 2543 3478 2612 quin
3506 2541 3781 2597 nascendo
3809 2558 3876 2600 ex

558 2632 784 2692 ﬁrmitas
815 2641 999 2688 nostra
1027 2635 1316 2703 concipiet.
1350 2634 1453 2702 Ipsi
1495 2634 1564 2689 de
1591 2647 1651 2689 se
1693 2635 1802 2689 Deo
1828 2634 2161 2690 credendum
2273 2635 2382 2692 Deo
2430 2637 2569 2690 Deus
2597 2634 2706 2707 83
2735 2636 2826 2700 sit,
2861 2651 2954 2704 per
2980 2635 3119 2702 quod
3153 2633 3274 2690 ﬁdei
3307 2643 3505 2688 nostra:
3548 2633 3690 2689 Deus
3731 2649 3869 2690 unus

558 2734 678 2782 est:
709 2736 760 2780 et
792 2726 877 2792 iis,
911 2741 1030 2796 qua:
1055 2728 1346 2797 cegnitioni
1395 2735 1592 2783 nostrae
1633 2727 1701 2783 de
1741 2742 1800 2784 se
1833 2728 2036 2791 tribuit,
2067 2730 2164 2785 ob—
2273 2737 2386 2794 est;
2422 2738 2599 2783 tamen
2624 2729 2899 2782 videamus
2927 2743 2990 2784 an
3015 2726 3246 2800 Moyses,
3274 2727 3360 2796 qui
3384 2726 3447 2780 ad
3473 2725 3638 2782 Israel
3659 2725 3875 2794 dixerit,

556 2815 909 2884 sequendum.
944 2816 1052 2870 Aut
1097 2819 1240 2872 enim
1293 2833 1445 2873 more
1483 2820 1763 2890 gentilium
1811 2820 2163 2892 denegandus
2269 2821 2522 2876 Dominus
2550 2819 2691 2877 Deus
2717 2831 2836 2875 tuus
2863 2837 2994 2875 unus
3023 2830 3117 2885 est,
3148 2819 3242 2874 Dei
3285 2819 3451 2873 ﬁlium
3487 2819 3652 2873 Deum
3685 2818 3881 2890 praedi-

555 2918 658 2976 cst,
692 2909 736 2963 si
765 2909 1073 2965 testimonia
1103 2911 1220 2982 ejus
1251 2911 1697 2980 improbabuntur
1727 2931 1739 2966 :
1765 2914 1876 2986 82
1906 2923 1998 2969 aut
2020 2915 2063 2969 si
2102 2924 2161 2969 ut
2269 2916 2491 2969 caverit.
2524 2913 2610 2970 Uti
2660 2917 2803 2968 enim
2851 2928 2948 2966 nos
2975 2911 3040 2966 ad
3072 2911 3430 2967 conﬁtendam
3471 2911 3680 2966 Domini
3710 2911 3881 2966 nostri

557 3011 640 3060 est
671 3003 810 3058 Deus
837 3003 1094 3070 creditur,
1128 3018 1234 3058 non
1265 3013 1440 3072 potest
1487 3004 1646 3058 aliter
1674 3005 1741 3059 de
1761 3021 1847 3070 eo,
1898 3021 2058 3076 quam
2106 3014 2163 3062 ut
2273 3003 2399 3059 Jesu
2441 3003 2641 3060 Christi
2669 3004 3006 3059 divinitatem
3040 3002 3349 3058 testimonio
3380 3002 3526 3058 illius
3577 3001 3878 3072 oportebit,

561 3096 676 3166 ipse
705 3106 786 3150 est
815 3095 884 3150 de
926 3109 986 3151 se
1017 3105 1264 3164 testatus,
1302 3097 1546 3168 intelligi.
1578 3098 1804 3154 Cessent
1830 3099 2010 3170 itaque
2039 3116 2162 3169 pro-
2275 3097 2427 3168 cujus
2448 3099 2765 3154 auctoritate
2794 3097 3032 3160 haeretici
3066 3112 3229 3156 unum
3259 3105 3463 3156 tantum
3506 3096 3671 3150 Deum
3696 3095 3882 3150 eonﬁ-

561 3187 691 3256 prize
715 3185 990 3242 hominum
1015 3188 1316 3258 opiniones,
1342 3205 1515 3258 neque
1542 3204 1602 3244 se
1621 3191 1758 3245 ultra
1780 3191 2016 3246 divinam
2037 3208 2171 3246 con-
2204 3187 2246 3248 C
2282 3199 2458 3248 tentes
2488 3191 2628 3247 Filio
2661 3199 2847 3259 putent
2877 3189 3178 3260 negandum
3212 3204 3332 3244 esse
3355 3187 3498 3258 quod
3520 3187 3663 3243 Deus
3693 3187 3784 3242 sit.

567 3277 899 3332 stitutionent
933 3277 1010 3347 (5)
1034 3277 1267 3336 humana
1305 3279 1527 3334 consilia
1550 3281 2171 3351 extettdant.chuimur

562 3386 713 3443 ergo,
745 3371 1002 3427 adversus
1050 3372 1375 3444 irreligiosus
1401 3381 1455 3429 et
1485 3375 1678 3446 impias
1709 3375 1778 3431 de
1810 3376 1920 3431 Deo
1952 3376 2170 3432 institu-

564 3463 760 3531 tiones,
791 3465 931 3534 ipsas
974 3464 1093 3520 illas
1123 3465 1433 3522 divinorum
1465 3469 1730 3524 dictorum
1773 3470 2122 3526 auctoritates
2152 3489 2167 3526 :

564 3563 618 3610 et
641 3555 1058 3626 unumquodque
1101 3573 1168 3613 eo
1213 3558 1351 3629 ipso,
1403 3560 1471 3615 de
1497 3575 1604 3632 quo
1633 3561 1916 3632 quaeritur,
1947 3570 2169 3618 auctore

567 3647 930 3713 tractabimus,
982 3663 1086 3703 non
1132 3650 1198 3703 ad
1231 3648 1517 3706 fallendum
1551 3661 1607 3708 et
1650 3654 1790 3709 male
1820 3653 2166 3709 imbuendam

567 3737 897 3794 audientium
947 3739 1270 3811 imperitiam
1297 3743 1554 3813 quasdam
1598 3744 1886 3800 verborum
1915 3746 2170 3802 enuntia-

569 3833 746 3889 tiones
775 3833 1064 3890 subtractis
1085 3851 1271 3892 eorum
1293 3837 1471 3894 causis
1498 3847 1834 3909 coaptantes.
1861 3839 2174 3911 Intelligen-

575 3925 644 3980 tia
673 3926 816 3981 enim
843 3926 1105 3983 dictorum
1139 3929 1417 3985 ex’causis
1455 3939 1538 3986 est
1593 3931 1916 3988 assumenda
1961 3929 2175 3988 dicendi

581 4015 742 4088 (Vide
769 4035 925 4089 supra
950 4021 989 4075 ι.
1037 4035 1096 4087 ιι,
1129 4038 1183 4075 n.
1213 4022 1346 4093 50);:
1378 4023 1500 4092 quia
1532 4039 1636 4078 non
1669 4025 1907 4080 sermoni
1941 4040 2050 4090 res,
2077 4024 2174 4080 sed

569 4110 646 4163 rei
679 4120 760 4165 est
788 4127 967 4166 sermo
1006 4113 1300 4183 subjectus.
1339 4113 1536 4170 Verum
1585 4117 1765 4172 omnia
1816 4117 1976 4174 editis
2007 4117 2170 4172 simul

568 4211 621 4258 et
649 4202 858 4258 dicendi
885 4203 1063 4259 causis
1083 4216 1136 4259 et
1158 4205 1423 4260 dictorum
1449 4209 1734 4263 virtutibus
1757 4224 2169 4280 prosequemur.

571 4293 738 4366 Igitur
759 4297 966 4368 singula
991 4297 1284 4354 secundum
1307 4299 1691 4370 prepositionis
1714 4302 1955 4360 ordinem
1984 4303 2054 4376 (c)
2090 4318 2178 4360 rc-

573 4395 890 4443 ιτειειεηιυτ.

648 4480 734 4538 15.
779 4479 984 4552 Moyses
1012 4479 1204 4550 dicens,
1241 4481 1380 4538 Deus
1404 4498 1542 4542 unus
1567 4495 1672 4552 est,
1696 4501 1799 4541 non
1823 4487 2024 4559 negavit
2047 4485 2180 4542 Filii

647 4639 726 4724 (in)
764 4639 1008 4717 Secunda
1041 4640 1356 4696 recensione
1385 4641 1762 4713 interpositum
1803 4651 1922 4710 est,
1970 4653 2018 4700 et
2067 4660 2183 4698 mu—
2204 4658 2264 4724 Ι)

571 4713 759 4768 tabiiis.

654 4843 730 4936 (a)
769 4845 978 4934 Graece,
1018 4845 1274 4936 dictus'po‘c
1314 4846 1701 4936 coirdpoouqliou
1727 4851 1810 4936 ταὶ
1838 4851 1926 4936 ᾡςΔ
1948 4854 2183 4936 προβολὴ

581 4917 684 4975 ὑπὸ
709 4939 856 4973 τινων
874 4925 1076 4990 νοεῖται,
1104 4918 1167 4990 ΜΛ
1182 4917 1295 4990 εει,
1314 4917 1508 4990 υειιιιξα
1529 4919 1831 4984 quibusdam
1853 4917 2176 4990 intelligitur,

583 5006 704 5062 pars
733 4999 822 5062 est_
833 4989 1055 5059 alicujus
1081 4988 1168 5056 qui
1209 4989 1359 5062 unius
1385 4988 1680 5044 substantia:
1707 4993 1789 5055 sit,
1822 5003 1868 5043 et
1895 4988 2039 5062 quasi
2061 4988 2186 5062 pro?-

582 5061 726 5115 latio.
793 5059 946 5113 Patet
1001 5071 1179 5114 autem
1238 5059 1496 5114 llilarium
1547 5077 1612 5116 ex
1679 5059 1940 5117 mendoso
1991 5059 2182 5123 codice

582 5131 779 5201 legisse
805 5133 873 5190 ὡς
913 5130 1168 5206 προϐολήν
1193 5132 1472 5188 ἀποτείνων
1498 5175 1513 5200 ,
1563 5148 1669 5189 non
1718 5138 1787 5196 ὡς
1825 5136 2054 5210 προϐολὴ
2081 5139 2189 5194 ὑπό

583 5223 612 5258 τ
619 5226 659 5258 ιν
665 5226 728 5256 ων
737 5243 747 5254 .

654 5273 732 5343 (b)
775 5272 927 5347 Ap_ud
977 5272 1334 5347 Epiphanium
1378 5272 1460 5326 ha:
1493 5274 1882 5334 subnectuntur
1907 5278 2182 5347 subscrip-

587 5342 762 5398 tiones
791 5361 803 5415 ς
838 5342 974 5397 Bene
999 5346 1167 5399 valere
1191 5355 1238 5398 te
1263 5354 1498 5415 Optamus
1538 5347 1592 5400 in
1625 5347 1863 5412 Domino,
1890 5342 2186 5405 beatissime

582 5432 738 5488 papa,
768 5413 940 5488 Arius,
996 5416 1223 5478 Ethalcs,
1257 5413 1500 5482 Achilles,
1549 5416 1827 5488 Carpones.
1885 5420 2179 5486 Sarmatas,

589 5487 740 5559 {brius
797 5486 1074 5559 presbyteri
1104 5503 1119 5541 :
1145 5489 1351 5559 diaconi
1396 5486 1661 5550 Euzoius,
1706 5490 1894 5545 Lurius
1917 5534 1928 5548 .
1982 5492 2187 5559 Julius,

589 5555 805 5634 tiletias,
824 5555 1113 5634 Helladius,
1147 5557 1307 5634 Gaius
1334 5575 1354 5614 :
1384 5562 1611 5634 episcopi
1630 5560 1898 5634 Secundus
1916 5555 2177 5634 Pentapo;

582 5628 665 5705 lis,
697 5626 932 5705 Tit-conas
959 5629 1232 5705 Africanus
1255 5630 1360 5700 (gr.
1405 5626 1607 5704 Λίϐυς),
1640 5633 1818 5688 Pistus
1838 5636 1924 5705 qui
1952 5626 2183 5690 Alexan-

582 5699 707 5752 dria:
731 5701 794 5752 ab
823 5699 1026 5754 Arionis
1045 5699 1322 5756 collocatus
1349 5714 1441 5758 est.

655 5767 726 5839 (c)
766 5769 822 5825 ln
863 5785 966 5828 ms.
1016 5769 1176 5827 Carn.
1228 5782 1282 5827 et
1319 5789 1429 5830 uno
1452 5775 1608 5833 Celb.
1644 5775 1732 5834 hic
1772 5777 2032 5834 insertum
2064 5787 2172 5847 est,

2353 3284 2439 3339 16.
2486 3283 2552 3338 In
2573 3284 2788 3338 historia
2825 3285 3095 3339 creationis
3142 3283 3306 3340 Deum
3334 3299 3436 3338 non
3467 3282 3753 3338 solitarium
3781 3282 3883 3336 do-

2281 3387 2375 3434 cet.
2408 3378 2551 3432 Alius
2579 3379 2771 3446 dicens,
2817 3377 2948 3432 alius
2999 3377 3224 3445 faciens;
3255 3387 3464 3447 uterque
3501 3375 3659 3431 Deus.
3708 3373 3883 3431 Filius

2281 3484 2354 3528 est
2389 3471 2527 3527 Deus
2554 3474 2770 3543 faciem.
2801 3500 2874 3512 ——
2901 3469 3066 3542 Igitur
3091 3487 3212 3525 cum
3241 3470 3486 3526 absoluta
3531 3470 3646 3524 haec
3671 3469 3739 3524 de
3769 3469 3880 3524 Deo

2282 3578 2335 3622 et
2366 3567 2600 3634 perlecta
2645 3563 2913 3620 confessio
2959 3564 3049 3626 sit,
3099 3561 3395 3618 secundum
3441 3562 3755 3633 Apostolum
3811 3559 3887 3616 ita

2282 3657 2425 3729 loqui
2448 3698 2463 3725 ,
2493 3657 2573 3732 (d)
2604 3656 2750 3712 Unus
2773 3655 2916 3710 Deus
2945 3664 3087 3729 pater
3112 3671 3177 3711 ea:
3203 3671 3302 3727 quo
3329 3655 3518 3723 onmia,
3552 3663 3599 3710 ct
3621 3669 3753 3710 unus
3780 3651 3891 3712 Do-

2284 3754 2453 3808 minus
2481 3759 2650 3808 noster
2689 3748 2843 3805 Iesus
2869 3747 3101 3804 Christus
3144 3764 3236 3819 per
3263 3764 3411 3818 quem
3468 3747 3641 3801 omnia
3689 3743 3734 3816 (l
3763 3741 3887 3798 Cor.

2287 3860 2407 3911 vm,
2432 3843 2515 3914 ϐ),
2543 3842 2820 3898 videamus
2842 3841 3104 3912 originem
3129 3838 3336 3904 mundi,
3360 3837 3486 3910 quid
3507 3837 3576 3893 de
3597 3852 3657 3893 ea
3681 3836 3893 3910 Moyses

2289 3937 2558 4006 loquatur.
2595 3935 2684 3988 Ait
2711 3949 2940 4004 namque
2967 3949 2979 3986 :
3009 3931 3078 3985 Et
3100 3931 3232 3985 dixit
3257 3931 3418 3998 Deus,
3450 3929 3566 3984 Fiat
3597 3929 3891 3998 ﬁrmamen-

2290 4037 2399 4082 tum
2439 4028 2491 4080 in
2539 4025 2702 4080 medio
2753 4041 2919 4096 aquae,
2969 4035 3016 4080 et
3063 4024 3129 4079 sit
3174 4023 3403 4078 dividens
3445 4022 3579 4077 inter
3607 4035 3792 4089 aquam
3842 4026 3891 4072 et

2283 4132 2472 4186 aquam
2497 4130 2516 4167 :
2543 4124 2588 4169 et
2617 4114 2808 4183 factum
2833 4122 2909 4167 est
2934 4113 3029 4176 sic,
3049 4121 3106 4165 et
3155 4112 3274 4182 fecit
3305 4106 3445 4163 Deus
3485 4109 3890 4180 ﬁrmamentum,

2285 4218 2334 4262 et
2389 4207 2558 4261 diuisit
2587 4204 2724 4260 Deus
2757 4221 2846 4274 per
2894 4204 3116 4258 medium
3163 4217 3311 4274 aqua:
3337 4199 3488 4276 (Gen.
3524 4215 3563 4268 ι,
3593 4199 3648 4266 6,
3679 4197 3761 4270 7).
3791 4197 3896 4253 lia-

2291 4301 2386 4356 bes
2417 4316 2544 4370 ergo
2575 4301 2738 4354 Deum
2765 4314 2831 4354 ex
2875 4312 3002 4368 quo,
3032 4295 3197 4350 habes
3228 4295 3395 4351 Deum
3450 4308 3544 4363 per
3571 4306 3753 4363 quem.
3782 4288 3895 4346 Aut

2291 4393 2338 4447 si
2388 4393 2440 4448 id
2473 4390 2713 4462 negabis,
2749 4404 2972 4446 necesse
3017 4396 3102 4444 est
3150 4387 3202 4442 id
3250 4385 3394 4457 quod
3424 4384 3624 4440 factum
3664 4389 3752 4439 est
3801 4395 3898 4452 per

2293 4500 2455 4555 quem
2503 4483 2701 4538 factum
2747 4481 2816 4535 sit
2846 4481 3081 4536 doceas:
3116 4489 3207 4534 aut
3234 4489 3383 4535 certe
3429 4487 3678 4536 naturam
3719 4477 3898 4548 ipsam

2365 4639 2448 4783 ἐξ)
2493 4637 2687 4693 Natum
2718 4647 2812 4702 est,
2847 4653 2993 4706 mox,
3025 4637 3298 4692 discernet.

2394 4711 2448 4782 5)
2491 4710 2945 4778 Consuetudinem,
2978 4725 3122 4776 mox,
3156 4726 3298 4779 sequt

2394 4710 2448 4782 5)
2491 4710 2945 4778 Consuetudinem,
2978 4725 3122 4776 mox,
3156 4725 3430 4779 sequamur
3458 4724 3602 4778 ergo.

2297 4852 2361 4908 de
2383 4869 2486 4906 uno
2516 4850 2625 4906 Deo
2655 4867 2672 4904 :
2700 4850 2840 4914 quod
2873 4865 3003 4903 sane
3032 4864 3095 4904 ex
3136 4848 3377 4919 margine
3417 4849 3468 4902 in
3500 4856 3700 4902 textum
3731 4847 3906 4919 irrep-

2299 4927 2390 4983 sit.
2420 4941 2540 4978 cum
2565 4925 2627 4976 ad
2657 4921 3038 4994 subsequentia
3062 4918 3344 4975 indicanda
3369 4920 3419 4974 in
3443 4920 3606 4974 limbo
3629 4934 3734 4976 non
3760 4918 3906 4974 male

2300 4995 2481 5051 locum
2523 4996 2765 5049 haberet.

2377 5068 2454 5141 (ά)
2500 5069 2575 5122 Ex
2597 5067 2705 5141 hoc
2734 5064 2973 5141 Apostoli
2995 5063 3124 5141 loco
3147 5062 3361 5141 Patrem
3383 5077 3411 5114 a
3437 5059 3572 5116 Filio
3593 5060 3908 5141 discernere

2303 5127 2549 5194 soleliant
2597 5127 2857 5200 ha-retici,
2906 5148 2959 5188 ut
2995 5135 3160 5202 liquet
3187 5151 3253 5188 ex
3309 5133 3393 5187 his
3420 5149 3568 5202 num.
3598 5132 3683 5195 19,
3718 5127 3906 5186 Hilarii

2301 5211 2370 5264 ad
2402 5212 2658 5266 Arinnmn
2683 5209 2859 5274 dietis,
2897 5201 3085 5260 Dixisti
3108 5206 3260 5270 enim,
3293 5205 3373 5258 Ex
3398 5201 3558 5274 Patre
3579 5204 3770 5274 omnia,
3818 5201 3910 5274 sed

2307 5299 2399 5351 per
2431 5281 2624 5334 Filium
2653 5271 2854 5332 omnia,
2893 5277 3001 5332 Nec
3033 5275 3413 5351 repugnabunt
3438 5273 3736 5351 Catholici,
3769 5271 3909 5328 adeo

2307 5345 2362 5406 ut
2389 5353 2592 5405 lltlarto
2639 5351 2769 5403 nihil
2803 5347 3134 5412 iamiliarius,
3185 5362 3342 5416 quam
3385 5355 3440 5401 ut
3470 5347 3628 5400 Pater
3659 5345 3801 5399 Deus
3843 5359 3911 5399 ex

2299 5441 2422 5494 quo,
2469 5425 2512 5476 is
2539 5438 2601 5475 ea:
2644 5437 2765 5491 quo,
2812 5437 2874 5474 ex
2903 5436 3002 5492 quo
3030 5420 3218 5485 Omnia,
3273 5417 3436 5494 Filius
3469 5433 3597 5470 vero
3646 5417 3783 5494 Deus
3814 5430 3907 5484 per

2301 5486 2469 5560 quem,
2503 5494 2546 5546 is
2597 5486 2685 5558 per
2710 5486 3019 5561 quemfper
3067 5506 3211 5560 quem
3257 5486 3909 5561 omnia__cognominetur.

2299 5558 2451 5632 Quod
2479 5558 2871 5618 observandum
2918 5558 3036 5624 fuit,
3073 5558 3186 5614 tum
3220 5559 3284 5614 ad
3316 5558 3722 5632 intelligentiam
3750 5571 3915 5632 voca-

2300 5627 2572 5701 b'ulorum,
2606 5645 2715 5689 tum
2743 5650 2808 5689 ne
2831 5634 3166 5704 ignoraretur
3197 5627 3509 5704 institutum
3529 5628 3717 5686 Hilarii
3749 5627 3910 5686 Aria-

2301 5710 2400 5762 nns
2425 5722 2490 5762 ex
2534 5706 2646 5762 suis
2687 5703 2923 5776 ipsorum
2954 5703 3118 5760 armis
3146 5703 3521 5759 coniodientis.
