4216 6254
610 311 708 368 Mi

1793 281 2033 341 SANCTI
2074 279 2331 338 HILARll
2370 279 2678 340 EPISCOPI

3796 283 3904 342 119.

605 425 726 480 tulit
773 415 1058 488 singularis
1109 407 1514 480 intelligentiam
1543 401 1874 474 professione
1908 397 2188 454 consortii.
2221 398 2272 457 Α
2305 395 2399 450 Dei
2433 396 2512 468 (a)
2555 397 2653 468 feci
2688 397 2939 452 hominem
2976 397 3126 470 (Gen.
3173 413 3246 464 ιχ,
3279 397 3360 470 6).
3391 397 3572 454 Etiam
3602 397 3908 455 hicdistin-

605 513 949 574 Consortium
977 518 1156 563 autem
1185 519 1307 561 esse
1334 498 1546 571 aliquod
1571 495 1812 552 solitario
1845 491 1926 564 (I)
1959 491 2073 561 ipse
2101 490 2202 544 sibi

608 627 716 666 non
763 614 964 678 potest.
995 600 1182 668 Neque
1228 609 1443 651 rursum
1477 588 1668 660 recipit
1714 585 1938 642 solitarii
1967 581 2203 637 solitudo

608 704 902 774 faciamus;
929 708 1103 763 neque
1149 690 1429 762 quisquam
1459 683 1639 740 alieno
1684 697 1714 736 a
1743 695 1802 736 sc
1847 690 2075 732 nostrum
2125 677 2205 732 Io-

607 796 811 866 quitur.
847 790 1082 857 Uterque
1110 795 1312 846 sermo,
1361 789 1414 836 et
1455 777 1704 849 faciamus
1751 782 1806 830 et
1851 781 2098 837 nostram,
2149 777 2207 823 ιιι

608 863 908 942 solitarium
935 877 1293 947 eamdemque
1322 889 1432 928 non
1465 871 1695 942 patitur;
1729 869 1802 922 ita
1828 881 2001 935 neque
2027 863 2207 918 diver-

606 995 728 1036 sum
757 992 787 1032 a
816 992 874 1031 se
894 974 1236 1042 alienumque
1275 967 1562 1039 signiﬁcat.
1611 965 1716 1019 Aut
1758 976 1964 1033 qumro,
2005 958 2050 1014 si
2081 971 2204 1012 cum

607 1072 796 1126 audias
815 1066 1136 1128 solitarium,
1161 1073 1338 1118 utrum
1366 1075 1472 1116 non
1495 1058 1669 1128 ipsum
1700 1053 2058 1124 eumdemque
2083 1065 2207 1106 esse

609 1161 923 1218 existimes?
948 1171 1041 1214 aut
1060 1171 1181 1213 eum
1203 1153 1388 1210 audias
1411 1166 1517 1206 non
1541 1151 1713 1220 ipsum
1733 1161 1909 1216 neque
1931 1142 2203 1208 eumdem,

608 1271 749 1312 anne
765 1253 905 1325 quod
929 1251 1202 1307 solitarius
1230 1256 1436 1302 tantum
1458 1243 1530 1300 sit
1554 1240 1860 1312 intelligas?
1885 1239 1942 1293 lu
1965 1235 2206 1292 solitario

606 1365 736 1421 ergo
763 1346 1060 1409 solitarius,
1113 1344 1168 1398 in
1215 1357 1320 1396 non
1351 1338 1538 1394 eodem
1564 1349 1694 1392 vero
1722 1348 1897 1405 neque
1928 1333 2066 1401 ipso,
2098 1343 2204 1383 non

609 1440 883 1499 solitarius
910 1439 1229 1509 reperietur.
1256 1432 1510 1490 Solitario
1535 1443 1664 1500 ergo
1689 1424 1958 1490 convenit,
1988 1423 2204 1489 faciam,

607 1543 661 1590 et
691 1549 899 1589 meam:
936 1545 1041 1585 non
1081 1525 1325 1582 solitario
1357 1538 1508 1588 vero,
1544 1520 1790 1592 faciamus
1812 1559 1826 1583 ,
1857 1526 1912 1571 et
1956 1525 2201 1570 nostram.

683 1626 770 1682 18.
824 1621 938 1678 Nec
969 1620 1194 1674 solitudo
1241 1625 1314 1670 est
1363 1630 1454 1669 nec
1500 1610 1781 1665 divinitatis
1819 1607 2103 1662 diversitas.
2135 1632 2208 1643 —

605 1719 740 1774 Cum
769 1718 951 1786 itaque
981 1713 1226 1783 legimus,
1254 1707 1534 1762 Faciamus
1559 1703 1816 1758 hominem
1843 1700 1911 1753 ad
1931 1698 2205 1768 imaginem

2306 490 2485 562 guitur
2509 492 2834 561 exemplum,
2863 507 3021 561 Opus,
3051 507 3302 562 operans.
3336 491 3474 546 Deus
3500 501 3727 548 testatur
3754 509 3812 548 se
3834 494 3902 550 ad

2307 581 2592 650 imaginem
2624 583 2713 637 Dei
2742 583 3013 638 hominem
3040 583 3252 638 fecisse.
3276 584 3409 638 Cum
3436 583 3717 638 faciendus
3741 585 3904 641 homo

2307 685 2411 742 est,
2443 676 2567 747 quia
2599 673 2673 746 (b)
2697 673 2766 730 de
2798 689 2879 740 se,
2908 690 3086 746 neque
3115 675 3179 728 ad
3207 690 3267 730 se
3296 674 3636 744 loquebatur,
3667 675 3808 731 dixit
3835 676 3907 730 ad

2308 768 2580 840 imaginem
2609 776 2834 821 nostram
2868 781 3035 823 :cum
3060 774 3240 822 autem
3274 766 3446 823 factus
3479 767 3640 823 homo
3659 779 3764 836 εει,
3798 767 3908 824 Fe-

2309 865 2374 918 cit
2419 861 2587 918 Deum
2628 863 2880 918 hominem
2905 862 2973 917 ad
3012 863 3285 933 imaginem
3328 859 3448 917 Dei.
3491 860 3608 917 Non
3645 863 3910 932 ignoravit

2307 955 2490 1025 utique
2532 955 2678 1010 verbi
2709 954 3091 1026 proprietatem
3119 994 3133 1018 ,
3167 953 3212 1008 si
3253 953 3353 1008 sibi
3397 954 3513 1024 ipse
3549 954 3865 1025 loqueretur
3888 995 3905 1023 ,

2310 1056 2366 1102 ut
2395 1045 2639 1114 diceret,
2674 1045 2798 1102 Feci
2829 1046 2896 1102 ad
2929 1046 3216 1118 imaginem
3263 1061 3464 1102 meam.
3500 1047 3717 1103 Dixerat
3759 1049 3907 1105 enim

2308 1138 2374 1194 ad
2405 1139 2877 1194 demonstrandam
2923 1148 3130 1194 natura:
3175 1141 3435 1196 unitatem
3461 1185 3476 1210 ,
3528 1139 3810 1199 Faciamus
3839 1145 3909 1199 ad

2308 1243 2554 1288 nostram.
2587 1232 2774 1303 Neque
2809 1248 3021 1288 rursum
3053 1233 3294 1289 confudit
3320 1234 3389 1288 de
3417 1233 3662 1291 solitario
3697 1251 3760 1292 ac
3796 1252 3907 1293 non

2307 1329 2551 1385 solitario
2585 1328 3170 1398 intelligentiamzcum
3203 1326 3479 1384 hominem
3513 1329 3654 1385 Deus
3679 1329 3906 1401 faciens,

2309 1423 2376 1476 ad
2404 1422 2674 1494 imaginem
2703 1421 2799 1475 Dei
2830 1421 3040 1477 fecerit.

2379 1515 2471 1572 20.
2525 1515 2734 1571 Patrem
2764 1532 2867 1570 non
2903 1516 2999 1571 sibi
3034 1526 3090 1570 ut
3129 1516 3360 1572 solitario
3386 1531 3648 1574 PACIAIIUS
3676 1517 3907 1574 locutum

2309 1628 2437 1667 esse.
2465 1642 2538 1653 ——
2573 1611 2724 1678 Quod
2757 1611 2802 1666 si
2849 1612 3015 1666 Deum
3063 1621 3267 1682 patrem
3311 1612 3612 1667 solitarium
3655 1612 3754 1668 sibi
3787 1613 3906 1670 ltzrc

2310 1703 2548 1760 locutum
2577 1702 2739 1758 fuisse
2765 1703 3036 1760 afﬁrmare
3059 1705 3230 1770 voles,
3259 1713 3531 1775 tamquam
3559 1705 3783 1761 concedi
3811 1706 3906 1762 tibi

605 1825 653 1870 et
681 1776 1070 1868 similitudinem
1097 1815 1361 1868 nostram;
1381 1801 1504 1872 quia
1529 1813 1708 1853 sermo
1738 1805 1989 1864 uterque,
2019 1802 2078 1848 ut
2098 1809 2202 1848 non
2234 1776 2284 1838 Β
2315 1796 2506 1868 possit,
2538 1806 2594 1851 ttt
2623 1813 2762 1852 unus
2797 1811 2981 1852 secum
3013 1796 3156 1854 velut
3193 1813 3314 1853 cum
3357 1799 3528 1854 altero
3554 1798 3620 1854 sit
3649 1799 3865 1855 locutus
3887 1840 3903 1865 ,

605 1902 907 1958 solitarium
942 1908 1169 1962 tantum,
1203 1895 1272 1949 ita
1305 1907 1481 1962 neque
1508 1889 1847 1945 differentcm
1875 1900 1998 1941 esse
2030 1884 2200 1956 signi-

604 2000 764 2061 ﬁcat;
794 1995 949 2051 nobis
979 2005 1192 2064 quoque
1220 1983 1607 2044 necsolitarius
1637 1991 1866 2047 tantum,
1889 1993 1988 2034 nec
2017 1978 2203 2033 diver-

603 2107 698 2148 sus
725 2099 810 2146 est
855 2084 1198 2144 conﬁtendus
1242 2100 1255 2136 :
1294 2079 1508 2150 cognita
1541 2093 1636 2148 per
1674 2075 1726 2130 id
1749 2116 1763 2141 ,
1799 2074 1937 2144 quod
1977 2084 2202 2127 nostram

603 2183 881 2254 imaginem
910 2178 1073 2241 dicit,
1115 2190 1221 2230 non
1261 2173 1424 2228 etiam
1469 2169 1729 2241 imagines
1760 2175 1976 2220 nostras
2003 2207 2017 2228 ,
2044 2164 2203 2220 unius

605 2276 662 2332 in
711 2281 941 2343 utroque
983 2269 1309 2340 proprietate
1353 2275 1581 2320 naturae.
1626 2261 1742 2316 Non
1781 2259 1984 2316 sufﬁcit
2021 2270 2201 2313 autem

604 2368 776 2424 solam
804 2367 1094 2420 verborum
1139 2360 1385 2416 attulisse
1425 2359 1692 2414 rationem
1723 2396 1739 2421 ,
1789 2353 1892 2409 nisi
1934 2353 2200 2407 dictorum

603 2458 1017 2530 intelligentiam
1063 2456 1224 2511 etiam
1267 2468 1450 2508 rerum
1499 2449 1743 2520 operatio
1788 2454 2198 2515 consequatur:

601 2555 860 2622 scriptum
901 2549 1043 2604 enim
1091 2549 1162 2601 ita
1190 2555 1316 2602 cst:
1353 2543 1420 2597 Et
1469 2543 1586 2614 fecit
1629 2540 1767 2596 Deus
1811 2539 2088 2604 hominem,
2132 2537 2202 2591 ad

598 2647 875 2716 imaginem
921 2639 1021 2694 Dei
1050 2640 1172 2711 fecit
1201 2653 1315 2692 eum
1347 2635 1500 2709 (Gen.
1536 2651 1588 2701 ι,
1621 2633 1739 2703 27).
1767 2631 1997 2700 Qttatro,
2031 2632 2075 2686 si
2114 2647 2202 2685 so-

599 2736 782 2792 litario
805 2743 964 2803 atque
995 2731 1095 2801 ipsi
1122 2729 1188 2784 ad
1214 2743 1272 2783 se
1302 2727 1550 2783 eumdem
1579 2725 1674 2780 fuit
1703 2739 1886 2780 sermo
1908 2765 1922 2790 ,
1952 2723 2078 2794 quid
2114 2722 2202 2778 hic

599 2826 946 2884 sentiendum
969 2822 1287 2880 existimes?
1317 2820 1484 2876 Video
1518 2820 1660 2876 enim
1709 2834 1852 2874 nunc
1881 2819 2200 2888 tripertitam

599 2919 1070 2990 signiﬁcationem,
1105 2925 1158 2971 et
1183 2913 1448 2975 facientis,
1479 2920 1534 2967 et
1563 2911 1710 2978 facti,
1739 2920 1792 2966 ct
1817 2909 2072 2978 exempli.
2097 2909 2200 2977 Qui

599 3015 772 3069 factus
801 3020 903 3078 est,
939 3008 1102 3064 homo
1129 3015 1251 3070 est;
1295 3005 1436 3060 Deus
1463 3013 1640 3059 autem
1675 3003 1830 3068 fecit;
1858 3012 1910 3057 et
1937 3018 2096 3072 quem
2126 3000 2201 3056 fe.

603 3107 716 3170 cit,
760 3104 828 3159 ad
859 3100 1147 3172 imaginem
1178 3099 1272 3155 Dei
1322 3097 1468 3154 fecit.
1501 3099 1555 3153 Si
1587 3097 1654 3151 de
1701 3097 1946 3152 solitario
1974 3094 2199 3152 Genesis

600 3205 749 3254 esset
774 3197 951 3252 locuta
973 3236 988 3261 ,
1021 3193 1248 3248 dixisset
1287 3192 1492 3262 utique,
1523 3189 1635 3261 86
1661 3189 1727 3243 Et
1756 3187 1884 3244 fecit
1912 3187 1977 3241 ad
2007 3186 2194 3258 imagi-

598 3306 723 3347 nem
763 3304 935 3344 suam.
985 3285 1092 3342 Sed
1132 3292 1528 3340 sacramentum
1567 3281 1936 3352 evangelicum
1982 3295 2196 3334 annun-

601 3386 764 3450 tians,
813 3397 921 3437 non
961 3379 1101 3436 duos
1125 3378 1257 3434 deos
1283 3417 1298 3442 ,
1345 3377 1440 3432 sed
1485 3376 1648 3432 Deum
1680 3385 1735 3430 ct
1777 3375 1941 3431 Deum
1985 3376 2197 3430 elocuta

599 3484 719 3542 est,
748 3489 868 3529 cum
910 3471 1178 3527 hominem
1209 3483 1305 3538 per
1334 3467 1498 3522 Deum
1543 3467 1795 3522 effectum
1825 3467 1893 3520 ad
1923 3465 2198 3538 imaginem

600 3567 699 3622 Dei
724 3567 875 3622 dicit.
909 3566 1084 3634 Atque
1127 3563 1199 3619 ita
1242 3563 1382 3615 Deus
1427 3562 1494 3614 ad
1534 3573 1876 3614 Communem
1925 3559 2025 3614 sibi
2071 3573 2193 3613 cum

601 3661 716 3716 Deo
761 3659 1046 3728 imaginem
1076 3664 1237 3725 atque
1285 3650 1532 3708 eamdem
1561 3650 1968 3706 similitudinem
2017 3649 2196 3705 homi-

598 3767 724 3810 nem
753 3751 1020 3823 reperitur
1044 3747 1256 3820 operari
1287 3762 1300 3800 :
1332 3757 1388 3801 ut
1416 3761 1513 3802 nec
1543 3745 1852 3801 solitudinis
1889 3745 2193 3816 intelligen-

598 3851 726 3906 tiam
763 3847 1084 3920 signiﬁcatio
1105 3845 1390 3902 efﬁcientis
1429 3844 1720 3912 admittat,
1764 3861 1864 3900 nec
1890 3845 2194 3901 divinitatis

599 3942 962 3999 diversitatem
993 3939 1060 3996 ad
1090 3937 1335 3996 eamdem
1369 3939 1656 4009 imaginem
1685 3953 1750 3994 ac
1786 3938 2191 3994 similitudinem

598 4035 890 4090 constituta
923 4034 1156 4103 patiatur
1183 4031 1447 4102 Operatio.

673 4124 764 4180 19.
789 4123 907 4178 Alio
933 4123 1042 4178 loco
1066 4123 1290 4192 idipsum
1309 4122 1664 4192 confirmatur.
1690 4153 1759 4163 -—
1782 4121 1848 4177 Et
1870 4139 2192 4195 quamquam

599 4216 928 4289 superfluum
976 4226 1098 4286 post
1139 4215 1255 4271 haec
1283 4215 1624 4270 existimetur
1681 4217 1819 4272 ultra
1871 4219 2072 4289 aliquid
2118 4220 2197 4274 af-

601 4311 776 4376 ferre,
807 4309 930 4379 quia
962 4308 1015 4362 in
1057 4306 1253 4362 divinis
1299 4306 1460 4361 rebus
1496 4322 1602 4361 non
1645 4306 1977 4378 frequentius
2015 4310 2189 4382 dicta,

601 4401 696 4458 sed
739 4410 944 4456 tantum
974 4399 1112 4455 dicta
1143 4398 1417 4454 sufﬁciunt
1450 4416 1462 4452 :
1500 4408 1676 4456 tamen
1715 4401 1842 4472 quid
1876 4401 1944 4459 de
1973 4402 2075 4460 hoc
2101 4421 2195 4462 eo-

600 4497 724 4553 dem
755 4495 954 4550 dictum
983 4493 1082 4560 sit,
1115 4493 1366 4564 cognosci
1400 4502 1628 4562 oportet.
1657 4493 1776 4550 Non
1815 4498 1957 4551 cnitn
1985 4499 2196 4555 divino-

599 4604 718 4643 rum
746 4586 1034 4654 dictorutn,
1067 4584 1162 4640 sed
1194 4585 1563 4654 intelligentia:
1592 4594 1789 4641 nostra:
1815 4604 1842 4642 a
1875 4589 2030 4644 nobis
2056 4592 2194 4646 ratio

600 4679 906 4753 praestanda
936 4689 1037 4733 est.
1072 4679 1212 4732 Detts
1235 4677 1299 4731 ad
1336 4676 1448 4731 Noe
1477 4678 1617 4731 inter
1646 4679 1808 4732 multa
1839 4681 2089 4736 mandata
2122 4684 2192 4738 ita

598 4773 838 4844 loquitur
867 4789 880 4824 :
921 4770 1023 4836 Qui
1053 4767 1291 4836 effuderit
1329 4768 1628 4838 sanguinem
1659 4769 1877 4826 hominis
1901 4813 1916 4839 ,
1957 4789 2050 4845 pro
2075 4792 2196 4830 san-

596 4865 750 4936 guine
789 4863 898 4934 ejus
935 4859 1228 4928 elfundetur
1263 4859 1435 4913 anima
1472 4859 1618 4928 ejus;
1657 4862 1777 4931 quia
1806 4863 1875 4916 ad
1916 4865 2192 4936 imaginem

668 5033 748 5106 (ι)
780 5032 910 5106 Ipsi.

666 5171 744 5242 (a)
775 5170 829 5224 In
862 5165 1112 5242 vulgatis,
1144 5163 1259 5235 fecit
1287 5162 1539 5242 homith
1569 5178 1587 5215 :
1617 5159 1896 5242 mendose.

670 5233 746 5314 (b)
779 5233 1099 5314 Particulam
1141 5233 1301 5314 uernae
1345 5235 1412 5287 ah
1455 5233 1684 5314 Erasmo
1728 5233 1814 5288 hic
1849 5236 2052 5314 absque
2080 5239 2188 5297 ulla

597 5304 740 5371 mss:
765 5310 1082 5366 aucuiritate
1113 5308 1369 5366 additam,
1402 5307 1539 5358 male
1567 5304 1896 5358 retinuerant
1924 5304 2190 5366 editiones

596 5393 906 5450 sequentes.
939 5377 1016 5434 De
1066 5396 1119 5433 se
1155 5381 1352 5450 quippe
1383 5375 1701 5450 loquebatur
1728 5375 1892 5443 Deus,
1923 5389 2188 5446 quatenus

597 5459 650 5512 in
671 5447 840 5528 prima
863 5465 1088 5528 persona
1108 5447 1261 5528 diuit,
1283 5447 1581 5528 F'gciamus,
1610 5447 1701 5500 sed
1729 5464 1828 5500 non
1856 5450 1923 5503 ad
1949 5468 2021 5517 se,
2053 5467 2188 5522 qua-

594 5518 752 5584 tenus
784 5518 887 5578 non
917 5525 967 5576 itt
1000 5523 1274 5592 singulari,
1307 5518 1542 5592 Faciam.

665 5601 740 5664 (c)
764 5597 841 5650 lta
873 5609 1006 5664 mss.
1036 5590 1106 5648 At
1131 5592 1312 5647 excusi
1344 5590 1623 5652 mendose,
1654 5590 1788 5658 capit
1817 5601 2078 5664 etisermo.

661 5663 745 5739 (ά)
771 5666 826 5721 In
848 5663 1002 5739 prius
1028 5664 1258 5739 vulgatis
1285 5671 1467 5739 cuncta
1497 5663 2175 5739 comggzens.‘Coustanter

587 5757 616 5794 a
651 5731 781 5795 mss.
815 5731 967 5790 abest
995 5731 1178 5788 cuncia
1207 5733 1313 5800 hic,
1349 5734 1385 5788 Ι.
1419 5749 1513 5795 xu,
1543 5748 1598 5786 tt.
1623 5731 1712 5798 57,
1747 5734 1800 5790 in
1823 5734 1911 5792 Ps.
1944 5736 2171 5803 CXLVIII,

586 5827 640 5868 ιι.
672 5810 726 5876 4,
753 5817 880 5874 etc.,
907 5803 1366 5861 consentientibus
1396 5803 1557 5859 LXX.

2224 3161 2272 3226 C

2219 4557 2276 4620 D

2309 1890 2667 1959 crcdaturque
2708 1889 2761 1944 in
2804 1905 2900 1955 eo,
2935 1889 3078 1961 quod
3125 1890 3194 1944 ad
3233 1891 3505 1961 imaginem
3545 1889 3642 1945 Dei
3676 1893 3774 1962 feci
3803 1893 3903 1945 bo-

2308 1986 2518 2051 minem,
2549 1985 2619 2039 ita
2640 1983 2877 2040 voluisse
2905 1984 3150 2054 intelligi,
3182 1993 3473 2054 tamquam,
3509 1985 3588 2040 Ad
3616 1985 3900 2053 imaginem

2308 2093 2482 2132 meam
2525 2076 2622 2132 feci
2669 2076 2972 2142 hominem;
3020 2075 3251 2146 primum
3286 2077 3402 2147 ipse
3446 2077 3756 2133 testimonio
3810 2087 3904 2132 tuo

2307 2172 2665 2242 redargueris.
2695 2171 2881 2226 Dixisti
2905 2171 3046 2226 enim
3075 2213 3089 2237 ,
3125 2172 3199 2226 Ex
3241 2171 3399 2227 Patre
3430 2172 3608 2226 omnia
3639 2212 3654 2238 ,
3685 2170 3778 2226 sed
3805 2187 3906 2242 per

2307 2263 2502 2319 Filium
2535 2263 2736 2318 omnia.
2770 2262 3008 2334 Namque
3041 2279 3135 2332 per
3163 2265 3212 2318 id
3240 2263 3385 2334 quod
3413 2263 3614 2320 dictum
3645 2273 3760 2324 est.
3794 2263 3906 2319 Fa-

2307 2357 2499 2411 ciamus
2534 2355 2788 2410 hominem
2813 2398 2828 2422 ,
2858 2371 2924 2410 ex
2951 2371 3017 2412 eo
3038 2355 3188 2424 origo
3215 2367 3296 2411 est
3327 2373 3390 2410 ex
3420 2374 3526 2427 quo
3557 2357 3630 2429 (c)
3660 2359 3822 2426 coepit
3846 2367 3904 2414 et

2306 2464 2488 2505 sermo
2518 2467 2532 2504 :
2560 2450 2610 2504 in
2642 2463 2708 2504 eo
2737 2464 2866 2504 vero
2887 2448 3028 2520 quod
3061 2447 3203 2502 Deus
3234 2449 3302 2503 ad
3329 2451 3603 2521 imaginem
3639 2451 3732 2504 Dei
3757 2453 3898 2523 fecit,

2307 2540 2637 2610 significatur
2653 2541 2811 2596 etiam
2843 2541 2888 2596 is
2920 2555 3013 2608 per
3037 2555 3194 2610 quem
3217 2543 3898 2612 consummaturoperatio.

2375 2619 2467 2687 ἐι.
2510 2633 2618 2688 Sed
2681 2632 3022 2705 Sapientiam,
3081 2650 3199 2706 qua:
3259 2634 3509 2689 hazreticis
3560 2635 3900 2689 annitentibus

2307 2723 2538 2779 Christus
2565 2737 2655 2790 cst,
2690 2727 2736 2780 ei
2763 2726 3010 2796 adfuisse.
3041 2756 3110 2766 —
3141 2727 3274 2782 Tum
3304 2727 3518 2796 deinde,
3553 2744 3622 2784 ne
3650 2729 3778 2800 quid
3807 2728 3898 2784 tibi

2310 2816 2434 2871 hinc
2467 2817 2625 2872 liceat
2669 2820 2882 2874 mentiri
2911 2860 2925 2885 ,
2955 2819 3227 2888 Sapientia
3249 2862 3264 2887 ,
3293 2837 3450 2891 quam
3481 2831 3535 2876 tu
3571 2822 3688 2891 ipse
3717 2819 3900 2878 Chris-

2309 2920 2418 2963 tum
2447 2911 2727 2966 confessus
2752 2925 2811 2966 es
2830 2951 2846 2978 ,
2903 2911 3190 2968 contraibit
3220 2912 3426 2979 dicens,
3460 2913 3589 2968 Cum
3619 2924 3781 2970 certos
3807 2932 3902 2985 po-

2306 3001 2454 3056 nebat
2481 3005 2646 3073 fontes
2673 3003 2762 3058 sub
2789 3005 2914 3058 cado
2938 3047 2953 3072 ,
2983 3022 3098 3059 cum
3139 3008 3295 3078 fortia
3332 3007 3549 3078 faciebat
3572 3008 3678 3080 87
3706 3011 3902 3080 funda-

2306 3107 2475 3152 menta
2505 3108 2689 3166 terrm,
2735 3115 2874 3152 eram
2915 3099 3055 3169 apud
3098 3098 3244 3154 illum
3297 3099 3375 3173 (ιι)
3423 3117 3744 3171 componens.
3785 3100 3898 3173 Ego

2303 3207 2478 3259 erant,
2507 3191 2575 3273 ad
2609 3209 2760 3262 quant
2800 3193 3071 3264 gaudebat.
3118 3193 3359 3260 Quotidie
3397 3205 3566 3250 autem
3606 3194 3820 3250 lcetabar
3844 3196 3898 3249 in

2302 3294 2572 3354 conspectu
2616 3289 2726 3360 ejus
2771 3286 2824 3340 in
2870 3288 3008 3340 omni
3051 3298 3277 3358 tempore
3316 3305 3430 3343 cum
3477 3290 3737 3345 lauaretur
3780 3290 3900 3345 orbe

2301 3377 2528 3448 perfecto
2557 3374 2639 3448 (‘2)
2667 3387 2711 3432 et
2743 3377 3006 3433 lcetaretur
3031 3379 3084 3432 in
3103 3379 3227 3448 [iliis
3256 3378 3520 3435 hominum
3551 3379 3733 3454 (Prov.
3758 3397 3855 3437 vut
3876 3423 3895 3450 ,

2300 3466 2372 3522 ‘28
2400 3479 2448 3521 et
2473 3467 2660 3539 seqq.).
2691 3468 2956 3524 Conclusa
2987 3478 3069 3524 est
3105 3469 3280 3526 omnis
3309 3473 3524 3527 occasio
3547 3511 3563 3537 ,
3607 3480 3659 3528 et
3687 3481 3898 3527 coarta-

2303 3567 2388 3615 tur
2414 3560 2479 3614 ad
2506 3562 2618 3616 veri
2649 3560 3045 3617 confessionem
3073 3563 3359 3620 universus
3389 3580 3562 3620 error.
3592 3564 3761 3620 Adest
3789 3565 3898 3621 Deo

2300 3652 2476 3722 genita
2501 3661 2624 3708 ante
2648 3653 2840 3708 smcula
2866 3653 3158 3724 Sapientia.
3184 3653 3368 3725 Neque
3396 3656 3571 3711 solum
3595 3655 3768 3720 adest,
3800 3655 3896 3713 scd

2299 3749 2460 3803 etiam
2511 3747 2804 3818 componit.
2863 3748 2956 3802 Est
2995 3762 3124 3818 ergo
3153 3762 3482 3818 componens
3518 3747 3658 3819 apud
3697 3749 3894 3819 ipsum.

2301 3841 2371 3914 (ε)
2399 3842 2641 3913 Intelligo
2665 3841 3072 3912 compositionis
3099 3842 3184 3897 Vci
3215 3841 3588 3912 dispositionis
3631 3842 3891 3900 ofﬁcium.

2301 3935 2460 3990 Pater
2486 3935 2626 3990 enim
2657 3935 2708 3989 iu
2750 3950 2816 3990 eo
2845 3935 2989 4006 quod
3019 3935 3272 4006 loquitur,
3301 3935 3502 4000 efﬁcit;
3533 3935 3703 3991 Filius
3735 3937 3787 3991 in
3827 3952 3896 3993 eo

2299 4026 2445 4098 quod
2484 4038 2738 4097 operatur
2766 4043 2887 4098 qua:
2926 4027 3042 4084 ﬁeri
3070 4036 3198 4083 sunt
3226 4026 3365 4084 dicta
3391 4070 3408 4096 ,
3439 4031 3734 4100 componit.
3765 4029 3897 4086 Per-

2298 4135 2553 4176 sonarum
2585 4130 2763 4178 autem
2793 4123 2864 4176 ita
2893 4121 3031 4178 facta
3061 4121 3335 4178 distinctio
3362 4131 3468 4188 est,
3499 4131 3559 4178 ut
3585 4139 3720 4194 opus
3746 4123 3896 4182 refe-

2300 4223 2450 4269 ratur
2481 4213 2546 4268 ad
2576 4222 2886 4284 utrumque.
2919 4213 3052 4269 Nam
3081 4214 3132 4269 in
3163 4229 3228 4269 eo
3259 4214 3401 4286 quod
3433 4214 3632 4271 dicitur
3652 4258 3666 4283 ,
3697 4215 3893 4272 Facio.

2299 4324 2443 4375 mus,
2473 4318 2526 4362 et
2547 4306 2718 4378 jussio
2745 4307 2824 4378 (f)
2854 4316 3196 4378 exaequatur,
3231 4317 3284 4364 et
3315 4307 3512 4364 factum
3543 4327 3556 4363 :
3590 4308 3644 4365 in
3671 4325 3738 4366 eo
3766 4325 3898 4367 vero

2299 4399 2440 4471 quod
2491 4399 2768 4466 scribitur,
2801 4397 2962 4453 Erant
3009 4398 3152 4469 apud
3187 4400 3335 4454 illum
3374 4417 3684 4473 componens
3725 4400 3893 4476 (Ibid.

2299 4495 2402 4565 50)
2430 4535 2444 4558 ,
2491 4508 2596 4548 non
2653 4492 2952 4547 solitarium
2993 4506 3054 4547 se
3099 4493 3198 4547 sibi
3227 4508 3348 4548 esse
3380 4494 3431 4549 in
3473 4495 3792 4564 operatione
3820 4495 3898 4551 si-

2301 4589 2540 4660 gnificat.
2569 4585 2807 4642 Lzetatur
2833 4595 3011 4642 autem
3039 4596 3165 4642 ante
3195 4603 3343 4653 eum,
3371 4603 3529 4659 quem
3558 4587 3664 4644 sibi
3688 4589 3895 4660 signiﬁ-

2302 4682 2461 4738 cabat
2505 4679 2810 4750 adgaudere
2849 4679 3070 4734 lartauli.
3119 4679 3362 4748 Quotidie
3390 4690 3558 4736 autem
3591 4681 3802 4736 lcetabar
3839 4682 3894 4735 in

2303 4785 2574 4844 conspectu
2604 4774 2712 4844 ejus
2742 4772 2794 4825 in
2821 4773 2958 4826 omni
2979 4782 3223 4844 tempore,
3247 4772 3456 4843 quando
3487 4773 3757 4828 fa’tabatur
3773 4772 3896 4828 orbe

2302 4871 2559 4942 perfecto,
2609 4877 2655 4924 et
2707 4867 2974 4923 (tutabatur
3001 4869 3054 4923 in
3093 4867 3218 4938 ﬁliis
3267 4866 3534 4923 hominum
3583 4867 3746 4940 (Ibid.
3782 4868 3888 4941 30,

2373 5040 2452 5113 (2)
2483 5037 2550 5094 Et
2579 5035 2866 5092 (tutabatur.

2371 5175 2443 5244 (ε)
2477 5174 2594 5228 Vat.
2627 5171 2744 5227 bas.
2778 5185 2904 5244 ms._,
2933 5171 3262 5244 intelligisne.
3311 5173 3447 5229 Tum
3493 5173 3546 5230 in
3572 5188 3680 5230 uno
3705 5173 3888 5243 Colb.,

2293 5242 2691 5316 compositionis
2734 5242 2813 5296 vel
2858 5242 3270 5316 dispensationis.
3323 5244 3541 5302 Rectius
3568 5261 3667 5316 pro
3696 5242 3885 5304 nostra

2295 5312 2626 5388 sententiain
2646 5312 2957 5388 altermnon
2977 5315 3038 5388 (in
3069 5315 3228 5371 Caro.
3255 5317 3523 5372 omittitur
3547 5312 3627 5370 vel
3655 5317 3886 5388 disposi-

2293 5389 2463 5441 tionis.
2490 5387 2604 5440 Non
2625 5383 2766 5437 enim
2791 5384 3080 5459 hicagitur
3095 5387 3163 5442 de
3185 5387 3454 5457 Sapientia
3483 5383 3748 5459 quatenus
3779 5388 3891 5444 Deo

2293 5459 2464 5530 caelos
2488 5455 2808 5530 prmparanti
2828 5456 3019 5530 aderat
3039 5499 3056 5524 ,
3086 5459 3179 5530 sed
3209 5455 3472 5530 quatenus
3498 5455 3882 5530 componebat.

2369 5528 2438 5601 (f)
2471 5525 2524 5584 id
2556 5535 2659 5601 eSI,
2691 5535 2741 5601 et
2764 5525 2974 5601 juhens
3001 5540 3055 5601 et
3095 5525 3296 5585 faciens
3335 5525 3886 5601 exaequanturLQuo-

2294 5596 2434 5654 circa
2480 5615 2545 5655 ne
2574 5596 2768 5666 legeris
2797 5612 2918 5653 cum
2949 5599 3075 5654 Bad.
3116 5602 3403 5670 exequitur,
3432 5596 3524 5656 aut
3549 5616 3672 5656 cum
3702 5596 3796 5656 Er.
3828 5611 3886 5658 et

2285 5670 2410 5726 Par.
2432 5677 2730 5740 aequatur,
2757 5671 2926 5727 multo
2949 5671 3126 5728 minus
3151 5689 3271 5728 cum
3290 5688 3421 5728 mss.
3445 5671 3601 5730 Colb.
3625 5681 3680 5728 et
3693 5671 3882 5730 Germ.

2281 5753 2606 5816 exsequatur.
