4216 6254
330 430 442 490 115

1523 428 1611 509 DE
1669 428 2044 486 TRINITATE
2074 429 2276 486 LIBER
2318 429 2404 486 IV.

3531 436 3633 492 114

330 552 448 624 3f).
492 551 721 607 Causam
768 550 969 605 ketitim
1007 564 1118 604 su.c
1167 548 1443 619 Sapientia
1476 546 1678 602 docuit.
1709 549 1790 620 (l)
1820 547 1934 603 [ΑΕ-
1961 551 2010 608 Α
2038 548 2182 602 enim
2212 545 2614 620 :'Multiplicans
2641 548 2992 618 multiplicabo
3021 565 3187 604 semen
3233 559 3377 605 tuum
3405 594 3418 618 ,
3449 563 3496 606 et
3537 569 3642 608 non

332 656 480 703 tatur
520 645 589 701 ob
618 645 862 700 lzetitiam
903 642 1099 707 Patris,
1133 644 1183 698 in
1212 643 1545 714 perfectione
1576 641 1760 696 mundi
1795 651 1850 698 et
1878 643 1934 696 in

330 740 459 795 ﬁliis
483 738 764 792 hominum
793 737 1048 791 lzetantis.
1082 737 1354 805 Scriptum
1387 746 1468 790 est
1499 736 1641 790 enim
1673 753 1687 786 τ
1718 735 1784 790 Ει
1809 735 1935 790 vidit

332 824 474 881 Deus
513 824 635 894 quia
683 823 814 876 bona
851 832 969 875 sunt
1004 821 1158 894 (Gen.
1194 822 1257 888 ι).
1311 821 1534 876 Placere
1580 821 1720 875 Patri
1768 835 1932 884 Opera

331 928 427 970 sua
457 911 694 984 gaudet,
739 928 840 984 per
866 927 926 968 se
964 927 1031 968 ex
1078 921 1350 982 praecepto
1377 913 1494 981 ejus
1525 911 1742 968 effecta.
1788 912 1929 968 Gau-

329 1007 479 1062 dium
513 1006 655 1061 enim
697 1021 853 1060 suum
882 1005 1008 1060 hinc
1035 1021 1157 1062 esse
1198 1005 1512 1075 proﬁtetur,
1542 1006 1685 1077 quod
1718 1007 1769 1061 in
1800 1022 1932 1062 con-

326 1107 604 1154 Summato
631 1096 765 1152 orbe
788 1104 844 1152 et
866 1096 918 1150 in
947 1096 1073 1152 filiis
1119 1096 1398 1150 hominum
1423 1097 1585 1151 Pater
1611 1098 1764 1152 l-etus
1791 1098 1932 1153 exis-

334 1200 476 1248 teret
509 1210 521 1246 :
547 1191 596 1245 in
629 1190 752 1260 ﬁliis
782 1191 1041 1244 hominum
1069 1190 1138 1244 ob
1165 1189 1236 1257 id,
1264 1190 1384 1259 quia
1404 1189 1512 1258 jam
1544 1191 1596 1244 in
1624 1206 1728 1244 uno
1756 1189 1928 1245 Adam

332 1302 498 1342 oniue
518 1285 737 1340 humani
754 1285 962 1354 generis
987 1283 1264 1339 exordium
1293 1284 1642 1340 constitisset.
1671 1283 1786 1338 Non
1802 1299 1929 1355 ergo

326 1378 386 1434 in
417 1376 774 1432 fabricatione
801 1374 987 1432 mundi
1019 1374 1292 1431 solitarius
1328 1376 1483 1429 Pater
1523 1376 1624 1429 sibi
1653 1377 1886 1444 loquitur
1909 1417 1924 1442 ,

329 1469 606 1539 Sapientia
644 1484 738 1525 sua
781 1483 964 1524 secum
994 1477 1048 1523 et
1075 1476 1405 1538 c00perante
1428 1511 1441 1535 ,
1469 1476 1523 1524 ct
1560 1478 1926 1524 consummata

329 1561 714 1630 cooperatione
746 1560 1036 1631 gaudente.

400 1654 494 1708 22.
523 1651 800 1708 Conclusio
830 1670 1006 1708 eorum
1036 1670 1148 1726 qua:
1176 1672 1209 1708 a
1239 1671 1380 1709 num.
1432 1655 1498 1710 16
1543 1655 1758 1726 probata
1787 1667 1923 1712 sunt.

331 1781 404 1792 —
427 1747 542 1805 Non
572 1750 882 1817 ignoramus
910 1762 1090 1804 autem
1120 1749 1282 1804 multa
1317 1757 1375 1805 et
1407 1749 1639 1806 maxima
1670 1751 1735 1804 ad
1767 1751 1927 1805 abso-

329 1845 589 1900 lutionem
634 1847 826 1900 horum
864 1844 1127 1900 dictorum
1159 1861 1281 1900 esse
1321 1845 1524 1915 reliqua
1558 1845 1633 1915 (a)
1672 1863 1685 1900 :
1727 1845 1818 1901 sed
1848 1845 1930 1901 di-

2039 642 2442 696 dinumerabitur
2480 659 2510 695 a
2542 643 2886 696 multitudine.
2931 641 3289 700 Minislcrium
3333 645 3512 716 angeli
3547 662 3642 718 po-

2040 742 2205 788 testas
2232 734 2760 803 nmltiplicandarum
2810 729 3049 805 gentium
3081 739 3317 793 excedit.
3359 739 3466 794 Sed
3509 741 3638 810 quid

2039 826 2252 880 tandem
2291 827 2358 882 de
2390 843 2476 891 eo,
2512 828 2600 897 qui
2634 828 2728 881 Dei
2755 829 2992 898 Angelus
3020 827 3100 900 (5)
3133 846 3249 900 qum
3280 831 3360 901 (ά)
3393 832 3492 886 soli
3526 833 3638 888 Deo

2034 921 2248 992 propria
2280 932 2402 976 sunt
2452 921 2770 991 loquebatur
2795 964 2810 988 ,
2858 921 3136 992 Scriptura
3188 931 3380 978 testata
3412 927 3530 980 est?
3568 924 3640 980 Et

2033 1015 2225 1066 uocauit
2253 1030 2435 1066 nomen
2472 1012 2682 1066 Domini
2702 1016 2786 1081 qui
2819 1013 3122 1080 loquebatur
3153 1032 3353 1080 secum,
3389 1015 3467 1069 Tu
3499 1016 3635 1070 Deus

2033 1107 2119 1176 qui
2144 1106 2428 1176 adspexisti
2455 1123 2551 1159 me.
2590 1105 2822 1159 Primum
2845 1107 3070 1176 angelus
3101 1108 3214 1173 Dei,
3248 1108 3487 1162 secundo
3521 1110 3627 1163 Do-

2034 1197 2239 1261 minus;
2268 1197 2462 1250 vocauit
2494 1199 2634 1250 enim
2664 1213 2846 1250 nomen
2879 1197 3088 1252 Domini
3117 1199 3202 1269 qui
3231 1200 3530 1268 loquebatur
3556 1217 3638 1256 se-

2032 1307 2181 1357 cum;
2211 1291 2406 1345 dehinc
2439 1293 2596 1345 tertio
2645 1292 2786 1346 Deus
2812 1334 2826 1356 ,
2859 1291 2937 1345 Tu
2971 1294 3114 1348 enim
3154 1309 3206 1347 es
3261 1291 3404 1348 Deus
3429 1296 3515 1364 qui
3541 1295 3640 1348 ad-

2030 1382 2239 1452 spexisti
2261 1399 2356 1434 me.
2410 1383 2508 1450 Qui
2540 1384 2762 1453 angelus
2798 1382 2889 1438 Dei
2916 1383 3093 1464 dictus
3125 1391 3239 1447 est;
3288 1385 3426 1438 idem
3458 1386 3640 1441 Domi-

2032 1489 2132 1528 nus
2161 1484 2214 1528 et
2248 1475 2386 1527 Deus
2415 1483 2516 1528 cst.
2547 1474 2641 1528 Est
2680 1484 2860 1529 autem
2892 1475 3189 1530 secundum
3222 1476 3538 1545 prophetam
3568 1479 3636 1532 li-

2033 1567 2135 1621 lius
2155 1567 2245 1621 Dei
2268 1569 2442 1639 magni
2467 1567 2666 1621 consilii
2695 1568 2904 1640 angelus
2929 1567 3102 1640 (Esai.
3132 1585 3208 1634 Ix,
3237 1568 3292 1634 6,
3318 1587 3419 1624 sec.
3443 1570 3632 1641 LXX).

2030 1658 2100 1715 Ut
2127 1675 2477 1728 personarum
2500 1659 2773 1714 distinctio
2805 1661 3045 1714 absoluta
3078 1670 3258 1727 esset,
3287 1664 3512 1731 angelus
3538 1663 3632 1718 Dei

2030 1763 2109 1807 est
2159 1761 2525 1820 tiruncupatus;
2558 1754 2645 1820 qui
2674 1753 2816 1806 enim
2845 1763 2926 1806 est
2957 1754 3097 1806 Deus
3125 1768 3188 1807 ex
3241 1754 3367 1817 Deo,
3417 1756 3533 1824 ipse
3555 1766 3640 1810 est

2032 1851 2089 1900 et
2127 1845 2350 1914 angelus
2397 1843 2512 1898 Dei.
2565 1844 2636 1899 Ut
2665 1860 2794 1898 vero
2840 1846 3012 1898 honor
3039 1845 3254 1900 debitus
3281 1846 3637 1916 redderetur,

331 1938 438 1994 lata
468 1954 497 1992 a
547 1937 704 1992 nobis
734 1938 1072 2007 potiuSquam
1104 1936 1438 1992 dissimulata
1473 1937 1778 2002 habentur;
1813 1939 1926 2008 ple—
1955 1945 2003 2004 Β
2030 1946 2084 1993 et
2116 1938 2370 1990 Dominus
2402 1946 2458 1992 et
2485 1937 2626 1994 Deus
2654 1947 2735 1992 cst
2766 1938 3109 2008 przedicatus.

329 2031 451 2086 nior
477 2045 708 2101 namque
735 2045 922 2085 eorum
949 2039 1206 2084 tractatus
1236 2029 1693 2099 propositionibus
1713 2029 1926 2084 caeteris

330 2131 658 2180 reservatur.
703 2120 856 2176 Nunc
900 2122 1043 2177 enim
1085 2131 1289 2176 tantum
1337 2122 1402 2176 ad
1447 2123 1498 2176 id
1548 2123 1922 2192 respondetur,

327 2213 475 2286 quod
503 2215 568 2268 ‘in
601 2214 941 2284 expositione
973 2212 1100 2268 fidei
1141 2230 1253 2268 suae
1274 2255 1289 2280 ,
1324 2213 1406 2268 vel
1441 2213 1618 2284 potius
1645 2213 1884 2284 perfidiae
1908 2255 1924 2281 ,

328 2306 398 2362 ab
441 2307 621 2377 impiis
652 2307 854 2362 dictum
902 2314 1015 2373 est,
1047 2322 1206 2360 unum
1237 2315 1441 2361 tantum
1477 2307 1640 2360 Deum
1687 2323 1714 2359 a
1746 2307 1930 2378 Moyse

331 2399 699 2470 prmdicatum.
745 2399 812 2453 Et
843 2415 968 2453 vero
1019 2399 1087 2452 ita
1143 2399 1490 2468 praedicatum
1541 2398 1922 2467 meminimus,

332 2491 454 2560 quia
507 2506 646 2546 unus
689 2492 805 2564 88
847 2490 989 2546 Deus
1033 2499 1210 2546 estex
1267 2505 1374 2561 quo
1419 2491 1598 2544 omnia
1635 2509 1646 2544 :
1677 2490 1770 2546 sed
1819 2507 1928 2547 non

331 2591 616 2652 propterea
668 2581 1024 2652 ignorandum
1063 2596 1184 2638 esse
1208 2623 1222 2650 ,
1256 2583 1378 2652 quia
1426 2581 1593 2637 Filius
1623 2583 1764 2637 Deus
1811 2595 1926 2650 est;

333 2688 455 2728 cum
501 2671 641 2728 idem
688 2673 902 2745 Moyses
937 2673 1107 2728 Deum
1133 2684 1190 2730 et
1238 2675 1403 2729 Deum
1451 2683 1564 2728 toto
1611 2672 1803 2746 Operis
1847 2676 1930 2730 sui

333 2779 564 2835 corpore
607 2764 678 2819 sit
719 2764 1021 2835 professus.
1069 2767 1234 2837 Igitur
1279 2766 1570 2821 videndum
1614 2777 1736 2833 est,
1797 2784 1931 2838 quo-

332 2859 495 2914 modo
543 2856 619 2930 (b)
652 2866 705 2913 et
743 2858 936 2914 electio
967 2868 1020 2913 et
1049 2858 1126 2930 (2)
1159 2858 1425 2930 legislatio
1469 2858 1635 2915 Deum
1679 2869 1734 2915 et
1764 2862 1930 2917 l)eum

332 2953 451 3023 pari
481 2950 841 3007 confessionis
868 2950 1059 3006 ordine
1091 2950 1367 3022 prmdicet.

402 3045 497 3101 25.
531 3043 758 3116 Angelus
805 3042 907 3098 Dei
957 3045 1097 3115 Agar
1148 3045 1420 3112 allocutus,
1462 3045 1600 3099 Deus
1633 3055 1726 3100 est.
1759 3044 1932 3100 Filius

334 3150 382 3194 et
441 3140 654 3212 angelus
707 3137 802 3193 Dei
857 3146 906 3192 et
948 3135 1114 3193 Deus.
1169 3168 1242 3178 —
1290 3139 1418 3194 Post
1468 3138 1663 3194 multas
1701 3155 1933 3209 namque

337 3231 432 3287 Dei
500 3233 567 3286 ad
645 3231 914 3286 Abraham
979 3219 1375 3299 allocutiones,
1446 3247 1567 3287 cum
1648 3233 1931 3288 adversum

2103 2027 2192 2083 24.
2233 2027 2336 2083 Cur
2353 2029 2486 2083 idem
2515 2029 2727 2099 loquens
2748 2030 2816 2082 ad
2843 2030 2983 2103 Agar
3003 2033 3216 2102 angelus
3239 2073 3254 2099 ,
3280 2032 3349 2085 ad
3381 2033 3640 2088 Abraham

2034 2121 2176 2177 Deus
2219 2124 2440 2176 dicatur.
2481 2154 2551 2164 ——
2598 2123 2662 2176 Et
2711 2125 2797 2177 hic
2836 2123 3051 2194 quidem
3105 2125 3337 2192 primum
3370 2125 3637 2196 angelus,

2033 2217 2229 2274 deinde
2268 2216 2409 2271 idem
2440 2228 2625 2286 postea
2660 2226 2714 2270 et
2756 2218 3016 2272 Dominus
3046 2227 3100 2272 et
3124 2217 3269 2274 Deus
3303 2237 3316 2270 :
3358 2217 3425 2272 ad
3472 2217 3644 2272 Abra-

2033 2315 2156 2366 ham
2184 2326 2316 2365 vero
2359 2317 2560 2363 tantum
2595 2310 2758 2364 Deus.
2792 2309 2931 2364 Tuto
2982 2311 3125 2365 enim
3151 2350 3166 2374 ,
3216 2311 3326 2378 jam
3375 2325 3636 2380 persona-

2033 2419 2150 2458 rum
2183 2402 2262 2475 (4)
2291 2402 2620 2457 discretione
2643 2403 2940 2472 prmmissa.
2975 2418 3042 2457 ne
3073 2402 3302 2456 solitarii
3330 2418 3484 2456 error
3505 2403 3634 2456 sub-

2033 2505 2213 2560 esset,
2266 2495 2573 2551 absolutum
2620 2505 2673 2550 et
2703 2511 2887 2550 verum
2924 2496 3178 2568 890jus
3226 2511 3420 2550 nomen
3467 2495 3638 2550 edici-

2035 2597 2142 2644 tur.
2188 2590 2461 2658 Scriptum
2495 2605 2728 2659 namque
2762 2598 2844 2643 cst
2878 2607 2892 2643 :
2930 2589 2997 2642 Et
3026 2590 3158 2642 dixit
3190 2588 3333 2642 Deus
3362 2590 3432 2642 ad
3467 2589 3638 2643 Abra-

2035 2679 2186 2746 ham,
2219 2679 2352 2734 Ecce
2381 2680 2515 2734 Sara
2543 2696 2676 2734 uxor
2703 2689 2791 2733 tua
2818 2679 2980 2749 pariet
3018 2680 3185 2752 ﬁlium
3215 2679 3332 2742 tibi,
3359 2689 3406 2733 ct
3435 2679 3636 2733 vocabis

2036 2787 2218 2824 nomen
2258 2771 2370 2840 ejus
2405 2768 2556 2824 Isaac
2589 2787 2607 2824 :
2639 2779 2684 2824 et
2712 2779 2936 2824 statuam
2978 2781 3332 2825 testamentum
3375 2787 3542 2824 meum
3569 2773 3637 2825 ad

2036 2864 2182 2918 illum
2223 2864 2276 2917 in
2306 2872 2661 2918 testamentum
2690 2873 2936 2918 aeternum
2960 2905 2975 2929 ,
3006 2873 3052 2918 et
3079 2864 3260 2918 semini
3288 2864 3400 2934 ejus
3428 2874 3542 2934 post
3564 2865 3635 2918 il-

2037 2957 2164 3010 lum.
2194 2955 2272 3010 De
2299 2954 2492 3009 lsmael
2513 2967 2704 3023 autem,
2733 2972 2847 3010 ecce
2875 2957 3117 3011 exaudiui
3147 2966 3214 3022 te,
3237 2966 3283 3010 et
3308 2957 3540 3011 benedixi
3568 2957 3635 3022 ei,

2037 3057 2084 3101 et
2114 3046 2438 3118 amplificatio
2467 3063 2580 3100 eum
2621 3047 2770 3101 valde
2803 3063 2822 3100 :
2854 3047 3120 3101 duodecim
3149 3056 3324 3117 gentes
3345 3047 3635 3118 generabit,

2038 3151 2084 3196 et
2114 3139 2242 3194 dabo
2267 3156 2384 3195 eum
2411 3142 2461 3192 in
2490 3149 2685 3212 gentem
2712 3155 2948 3210 magnam
2979 3136 3135 3210 (Gen.
3177 3154 3305 3203 xvu,
3343 3139 3410 3195 19
3438 3179 3454 3205 ,
3514 3138 3633 3210 20).

2043 3230 2312 3298 Numquid
2339 3230 2647 3300 ambigitur,
2683 3229 2808 3299 quin
2837 3230 2925 3301 qui
2955 3231 3178 3299 angelus
3209 3231 3302 3285 Dei
3333 3220 3634 3295 dictus‘est,

334 3328 478 3394 Agar
533 3324 664 3381 Sara
723 3333 1158 3380 commoveretur
1183 3366 1196 3391 ,
1239 3327 1520 3395 conceptui
1571 3327 1780 3382 ancillae
1832 3327 1930 3381 do-
1962 3335 2008 3398 ρ
2039 3326 2181 3382 idem
2212 3342 2427 3381 rursum
2459 3324 2670 3380 dicatur
2696 3333 2752 3380 et
2781 3325 2960 3379 Deus?
2987 3325 3306 3393 Pariterque
3348 3324 3416 3380 de
3443 3324 3637 3379 lsmael

333 3417 477 3474 mina
531 3418 738 3474 sterilis
786 3418 1048 3483 invidens,
1084 3433 1313 3487 eumque
1341 3417 1681 3474 discessisset
1723 3435 1752 3472 a
1804 3434 1934 3474 con-

333 3520 521 3582 spectu
565 3513 742 3581 ejus,
819 3513 915 3566 ita-
946 3510 1014 3566 de
1083 3525 1144 3565 ea
1207 3510 1480 3580 Scriptura
1528 3497 1817 3579 loquitur':
1863 3510 1934 3566 Et

336 3605 465 3659 dixit
484 3605 710 3677 Angelus
734 3603 944 3658 Domini
966 3603 1034 3656 ad
1056 3603 1218 3674 Agar,
1250 3601 1380 3656 Redi
1401 3604 1469 3655 ad
1490 3603 1751 3656 dominam
1767 3613 1929 3672 tuam,

335 3707 383 3751 et
437 3695 650 3750 humilia
686 3705 734 3750 te
779 3695 872 3748 sub
920 3695 1156 3749 manibus
1194 3695 1322 3764 ejus.
1366 3693 1430 3748 Et
1461 3694 1592 3750 dixit
1621 3695 1667 3748 ei
1707 3695 1932 3766 Angelus

335 3788 578 3855 Domini,
613 3788 963 3861 Multiplicans
987 3785 1333 3858 multiplicabo
1364 3804 1533 3842 semen
1564 3797 1723 3849 tuum,
1750 3797 1796 3842 et
1825 3804 1929 3841 non

333 3881 740 3936 dinumerabitur
768 3898 800 3934 a
845 3879 1170 3934 multitudine
1202 3877 1352 3951 (Gen.
1399 3895 1514 3943 xvr,
1551 3879 1584 3934 9
1620 3920 1634 3944 ,
1701 3879 1812 3950 10).
1859 3878 1928 3934 Et

334 3992 551 4033 rursum
591 3995 604 4029 :
637 3975 701 4030 Et
729 3978 920 4030 uocauit
959 3991 1138 4029 nomen
1169 3971 1378 4027 Domini
1404 3975 1490 4043 qui
1517 3974 1814 4042 loquebatur
1849 3989 1927 4028 se—

335 4087 455 4124 cum
477 4113 492 4137 ,
515 4069 591 4123 Tu
635 4068 774 4124 Deus
803 4070 888 4136 qui
930 4067 1211 4139 adspexisti
1258 4084 1335 4120 me
1367 4067 1552 4139 (lbid.,
1584 4068 1698 4137 15).
1749 4068 1929 4138 Ange-

334 4163 422 4217 lus
449 4161 520 4236 (c)
564 4161 656 4218 Dei
701 4161 939 4231 loquitur
1001 4158 1239 4228 (duplex
1282 4167 1458 4212 autem
1510 4157 1562 4211 in
1604 4157 1795 4228 angelo
1835 4160 1928 4214 Dei

335 4256 652 4327 significatio
682 4263 766 4310 est
812 4273 824 4308 :
869 4256 983 4325 ipse
1012 4253 1104 4324 qui
1133 4261 1248 4318 est,
1279 4261 1333 4307 et
1359 4251 1452 4307 ille
1482 4251 1634 4322 cujus
1664 4261 1742 4306 est
1773 4252 1793 4323 )
1829 4270 1841 4305 :
1876 4263 1930 4307 et

336 4351 576 4420 loquitur
621 4366 728 4406 non
769 4364 856 4406 res
899 4346 1195 4404 secundum
1246 4359 1442 4400 nomen
1499 4343 1664 4411 officii
1708 4344 1823 4408 sui;
1856 4344 1932 4399 ait

408 4486 486 4556 (1)
521 4485 834 4539 ιωιαὺαιιιν.

405 4555 488 4629 (9..)
517 4556 830 4629 Legisdatio.

407 4627 489 4701 (5)
527 4627 653 4694 Qua?
676 4627 806 4682 sola.

2038 3434 2218 3474 sermo
2250 3429 2326 3474 est
2353 3461 2366 3482 ,
2395 3425 2451 3473 et
2490 3432 2634 3472 nunc
2665 3426 2719 3472 et
2747 3417 2947 3471 dudum
2980 3416 3418 3486 multiplicandns
3446 3417 3512 3472 ab
3543 3433 3638 3471 eo-

2037 3510 2159 3565 dem
2187 3520 2288 3566 est.
2321 3509 2389 3565 Et
2425 3526 2492 3564 ne
2523 3509 2661 3564 forte
2690 3523 2796 3563 non
2824 3507 2966 3563 idem
2995 3551 3008 3574 ,
3037 3508 3129 3580 qui
3158 3515 3304 3563 esset
3333 3509 3539 3562 locutus
3564 3509 3632 3563 ad

2035 3604 2200 3674 Agar,
2232 3619 2336 3656 non
2371 3602 2517 3671 loqui
2541 3601 2886 3657 crederetur:
2915 3600 3160 3672 ejusdem
3192 3615 3439 3672 persona:
3467 3601 3635 3671 signi-

2036 3695 2342 3750 ficationem
2373 3695 2590 3749 divinus
2630 3709 2808 3749 sermo
2841 3702 3066 3748 testatur
3089 3735 3104 3760 ,
3134 3694 3321 3749 dicens
3341 3734 3357 3756 ,
3389 3692 3456 3746 Et
3482 3693 3635 3748 bene-

2033 3787 2144 3841 dixi
2167 3786 2247 3857 (5)
2269 3787 2380 3842 eiet
2409 3784 2477 3858 (e)
2503 3785 2851 3857 multiplicabo
2881 3801 3017 3839 eum.
3050 3785 3359 3840 Benedictio
3383 3799 3454 3838 ex
3489 3799 3630 3853 pra:-

2032 3880 2192 3935 terito
2223 3889 2339 3946 est;
2372 3879 2483 3948 jam
2515 3882 2657 3933 enim
2684 3879 2749 3933 ad
2791 3882 2934 3950 Agar
2963 3893 3142 3933 sermo
3171 3877 3342 3931 fuerat
3365 3894 3378 3930 :
3400 3876 3477 3948 (ι’)
3507 3891 3628 3930 am-
3698 3933 3703 3937 ,

2027 3973 2286 4044 plificatio
2335 3987 2464 4027 vero
2499 3972 2550 4026 in
2604 3970 2869 4035 futurum;
2925 3984 3068 4023 nunc
3123 3969 3266 4024 enim
3297 3968 3527 4037 primmn
3557 3969 3626 4022 ad

2029 4068 2302 4123 Abraham
2330 4065 2398 4120 de
2419 4065 2608 4122 lsmael
2635 4065 2775 4119 Deus
2795 4063 3048 4133 loquitur.
3073 4060 3150 4135 (g)
3177 4061 3242 4115 Et
3263 4059 3329 4115 ad
3354 4059 3626 4115 Abraham

2035 4160 2178 4214 Deus
2203 4158 2473 4230 loquitur;
2498 4158 2562 4212 ad
2590 4159 2737 4228 Agar
2762 4169 2892 4212 vero
2917 4153 3142 4225 angelus
3171 4153 3264 4210 Dei
3289 4153 3501 4209 locutus
3523 4162 3627 4207 est.

2034 4250 2178 4306 Deus
2219 4251 2383 4322 igitur
2410 4259 2494 4305 est
2517 4293 2532 4319 ,
2562 4251 2653 4321 qui
2689 4248 2765 4319 th)
2797 4256 2853 4304 et
2880 4247 3105 4318 angelus
3131 4245 3215 4302 est
3247 4261 3261 4299 :
3303 4246 3429 4316 quia
3455 4246 3545 4316 qui
3575 4254 3632 4301 et

2034 4346 2258 4417 angelus
2286 4345 2380 4400 Dei
2407 4351 2524 4409 est,
2559 4343 2700 4400 Deus
2729 4352 2812 4398 est
2840 4357 2904 4398 ex
2939 4341 3046 4396 Deo
3090 4345 3267 4394 natus.
3313 4338 3407 4394 Dei
3446 4347 3628 4394 autem

2108 4479 2188 4553 (4)
2229 4481 2587 4553 Distinctione.

2111 4551 2190 4627 (5)
2229 4551 2386 4619 Eunt,
2411 4560 2459 4605 et
2483 4551 2813 4623 ampliﬁcabo
2835 4566 2970 4605 eum.

410 4766 488 4839 (a)
518 4767 653 4820 Puta
681 4781 802 4835 qua:
830 4765 881 4818 in
905 4762 1104 4839 eodem
1133 4763 1296 4839 Prov_.
1321 4759 1741 4839 cap.__habentt_t_r
1779 4775 1805 4839 :7
1828 4756 1936 4811 Do-
1961 4759 2017 4821 D
2047 4753 2337 4839 Evangelio
2368 4751 2529 4839 claris
2552 4744 3633 4839 verbisprzletlicgritﬁgulatumﬁgilegs

337 4831 507 4892 minus
550 4831 739 4891 creavit
781 4853 891 4904 me,
925 4843 1060 4899 elc.,
1093 4833 1145 4888 iu
1189 4833 1382 4904 quibus
1413 4831 1747 4887 illustrandis
1793 4838 1936 4884 totus

336 4910 452 4965 fere
481 4910 617 4963 liber
645 4924 715 4963 xu
737 4950 752 4970 ,
786 4914 1098 4976 occupatur.

408 4981 484 5052 (b)
511 4980 872 5052 (ApudaLips.
905 4970 960 5030 et
984 4976 1133 5052 Pan,
1162 4983 1208 5028 et
1237 4971 1764 5052 lectioctlegislalio.
1797 4970 1937 5026 Rec-

339 5043 443 5107 tius
465 5043 593 5107 aliis
618 5051 670 5105 iu
705 5043 878 5113 libris,
906 5057 953 5102 et
978 5047 1157 5101 electio
1183 5055 1229 5098 et
1260 5044 1534 5118 legislatio,
1565 5043 1668 5118 hoc
1693 5053 1816 5118 est,
1838 5057 1936 5118 no_-_-

337 5139 462 5178 vum
491 5137 555 5176 ac
582 5130 738 5176 vetus
778 5112 1183 5175 Testamentum
1211 5157 1226 5181 ,
1271 5112 1566 5171 secundum
1609 5113 1740 5168 illml
1784 5112 1934 5167 Pauli

339 5195 498 5250 Rom.
535 5209 613 5259 ιι,
650 5194 684 5266 7
716 5190 916 5266 :Quod
945 5189 1202 5260 quwrebat
1232 5187 1397 5242 Israel
1414 5183 1558 5266 ,__I_toc
1587 5200 1688 5266 non
1713 5192 1786 5266 est
1810 5199 1933 5266 cou-

336 5277 541 5321 secutus
563 5305 578 5329 ,
599 5256 984 5317 'electio'autem
1008 5271 1276 5314 consecuta
1301 5269 1392 5312 est.
1425 5257 1560 5312 Hinc
1586 5256 1933 5329 planius_jam

341 5338 433 5393 lib.
460 5352 510 5401 ν,
547 5325 602 5390 n.
630 5335 686 5396 2.
720 5333 786 5388 ad
819 5333 1026 5387 huncce
1048 5331 1242 5385 librum
1283 5330 1459 5384 habita
1487 5329 1694 5401 numne
1731 5325 1935 5401 {Recte

337 5409 470 5464 enim
497 5397 668 5460 unum
697 5405 860 5459 Demn
884 5421 915 5456 a
944 5401 1126 5473 Moyse
1156 5403 1493 5472 prredicatum
1523 5397 1809 5473 Euangeliq
1829 5406 1931 5450 tes-

340 5489 516 5535 tantur
543 5497 557 5532 :
582 5487 627 5531 el
653 5493 857 5546 rursum
880 5469 1097 5542 ﬁdeliter
1121 5469 1174 5526 in
1199 5473 1489 5546 Euangeliis
1509 5471 1675 5525 Deum
1701 5480 1749 5524 et
1772 5469 1933 5546 Deum

340 5551 533 5616 doceri,
567 5548 773 5620 Moyses
798 5540 968 5620 Deum
995 5561 1154 5620 unum
1175 5540 1459 5620 praedicans
1483 5551 1661 5596 auctor
1682 5550 1773 5595 est.
1799 5540 1935 5620 Hinc

337 5622 493 5678 facile
518 5611 746 5676 diluilur
771 5619 1042 5687 objectum
1084 5611 1238 5687 illud,
1270 5613 1412 5687 quod
1442 5629 1540 5687 per
1567 5627 1628 5667 se
1661 5611 1929 5687 occurrit:

340 5694 397 5751 Si
427 5691 710 5748 electionis
748 5702 803 5747 et
829 5685 1182 5758 l‘egislationis
1229 5685 1444 5758 nomine
1489 5685 1838 5758 Evangeligum
1882 5689 1937 5736 et

339 5766 514 5836 legem
554 5763 820 5836 intelligat
860 5754 1100 5836 Hilarius
1120 5798 1136 5823 ,
1171 5772 1286 5836 cur;
1294 5756 1550 5826 deinceps
1579 5754 1654 5836 ex
1673 5756 1786 5836 sola
1813 5754 1936 5836 lege

337 5824 530 5892 etvnon
558 5849 622 5891 ex
659 5824 946 5903 Evangelio
975 5831 1142 5886 Deum
1171 5834 1234 5906 et
1254 5828 1418 5906 Deu‘m
1443 5824 1700 5906 ostendit;
1728 5824 1937 5906 Quippe

343 5909 508 5963 veluti
568 5915 679 5960 rem
726 5898 1063 5960 constantem
1116 5899 1299 5970 ponit,
1352 5899 1518 5954 Deum
1566 5907 1619 5954 et
1663 5898 1833 5953 Deum
1883 5898 1937 5949 in

2043 4837 2152 4882 tum
2183 4818 2249 4881 ἐχ
2281 4823 2568 4894 Evangelio
2599 4823 2701 4894 hoc
2730 4818 2935 4875 certum
2964 4819 3204 4894 futurum
3229 4818 3336 4883 sit,
3382 4831 3504 4894 cum
3548 4819 3632 4872 lex

2041 4908 2258 4954 ostensa
2287 4887 2456 4951 fuerii
2492 4893 2594 4948 hac
2623 4893 2784 4946 etiam
2827 4899 2975 4960 parte
3010 4903 3133 4944 cum
3167 4887 3458 4960 Evangelio
3499 4902 3633 4942 con-

2041 4970 2266 5024 sentire.
2300 4966 2454 5022 Unde
2479 4964 2705 5021 Genesis
2737 4959 2903 5016 Deum
2933 4970 2988 5014 et
3020 4961 3185 5015 Deum
3213 4959 3628 5025 elocuta,n.18,

2040 5041 2236 5095 dicitur
2254 5081 2268 5104 ,
2302 5038 2649 5110 euangelicmn
2675 5031 3407 5110 sacramentamnannuntians.

2111 5110 2192 5182 (c)
2223 5101 2727 5182 SolageditioPars,
2772 5105 2995 5182 Angelus
3035 5101 3174 5182 Deus
3214 5119 3244 5182 :_
3271 5101 3532 5182 refellitur
3559 5116 3630 5155 ex

2037 5172 2317 5237 subn'exis.
2357 5180 2436 5234 De
2455 5175 2800 5233 distinctione
2829 5172 2946 5246 ejus
2971 5174 3057 5245 qui
3082 5181 3156 5228 est
3197 5172 3264 5228 ab
3291 5185 3357 5227 eo
3383 5173 3530 5242 cujus
3561 5181 3636 5228 est

2039 5253 2148 5324 jam
2177 5263 2353 5307 actum
2379 5260 2464 5305 est
2487 5250 2554 5304 ad
2581 5249 2673 5303 lib.
2705 5263 2762 5308 ιι.
2791 5263 2847 5300 n.
2878 5246 2969 5300 52.

2116 5322 2195 5392 (ά)
2224 5322 2281 5376 In
2315 5321 2587 5392 plerisque
2615 5333 2680 5372 ac
2709 5317 3007 5392 potioribus
3020 5330 3167 5392 mss.
3195 5315 3472 5392 quat‘sola.

2136 5386 2188 5460 ej
2220 5386 2331 5450 Ms:
2365 5386 2592 5448 Carnut.
2645 5386 2926 5460 anipliabo.
2968 5388 3077 5444 Alii
3125 5386 3389 5453 nonnulli,
3448 5386 3640 5457 ampli-

2081 5465 2226 5522 cabo.

2039 5465 2348 5610 βσῗιᾲῨΜεβ.
2388 5535 2709 5610 Colb._cum
2752 5533 2938 5610 (ier'D-
2985 5529 3293 5610 σωριίςαορ-
3346 5527 3469 5610 γιθῑ⁶
3517 5528 3636 5610 9M3

2039 5599 2366 5680 ampliﬁcatio
2394 5623 2421 5680 :A
2440 5607 2582 5680 quod
2614 5620 2720 5661 non
2752 5603 3086 5672 displiceret,
3118 5600 3166 5656 si
3196 5600 3344 5672 prius
3379 5599 3639 5668 benedixi,

2040 5678 2148 5733 non
2177 5678 2456 5734 benedictio
2479 5679 2766 5748 legeretur.

2114 5750 2190 5821 (g)
2218 5749 2397 5807 Verba
2418 5791 2432 5816 ,
2459 5761 2502 5804 et
2532 5741 2602 5802 ad
2639 5745 2900 5801 Abraham
2947 5745 3085 5800 Deus
3123 5744 3380 5815 loquitur,
3417 5741 3477 5798 in
3511 5751 3642 5798 ante

2041 5822 2274 5892 vulgatis
2297 5823 2518 5887 omissa,
2549 5822 2906 5877 restituuntur
2933 5833 3000 5892 ex_
3033 5830 3162 5892 [ηεξ.
3193 5887 3205 5892 _
3482 5886 3494 5892 _
3617 5869 3622 5874 .

2040 5914 2065 5948 ιι
2116 5886 2279 5965 (li)ln
2306 5886 2566 5966 vulgatis,
2618 5902 2663 5946 et
2717 5891 2807 5962 qui
2850 5889 3064 5959 angelus
3109 5887 3205 5942 Dei
3257 5895 3363 5953 est,
3409 5886 3528 5956 quia
3584 5892 3632 5940 et
