4216 6254
575 378 591 431 l
612 377 674 431 15
848 410 855 417 -
1747 372 1993 430 SANCTI
2032 372 2210 428 IIILAI

2329 373 2366 424 li
2374 370 2633 428 PISCUPI
3770 370 3789 426 l
3806 371 3868 427 l6

569 492 795 564 angelus
810 491 885 548 'oh
911 492 964 548 id
991 492 1184 559 dictus,
1216 491 1340 562 quia
1359 489 1765 562 tuagniconsilii
1793 491 2115 562 estungelus
2146 508 2160 545 :
2188 491 2245 555 Α
2268 500 2317 544 et
2347 493 2575 559 concepit
2610 503 2654 547 et
2682 492 2874 563 peperit
2902 490 3037 548 Sara
3060 490 3283 546 Abrahte
3308 491 3477 561 [ilium
3521 490 3577 545 in
3616 501 3873 547 senectute

573 586 717 643 Deus
758 600 890 641 vero
933 584 1077 640 idem
1119 592 1302 655 postea
1341 581 1745 638 demonstratae
1792 591 1911 650 est,
1964 598 2031 638 ne
2073 580 2167 652 qui
2269 599 2385 648 sua,
2412 592 2460 638 et
2489 584 2542 638 in
2566 594 2791 656 tempore
2815 585 2947 640 sicut
2973 584 3177 639 locutus
3214 590 3288 638 est
3316 582 3400 637 illi
3430 581 3685 638 Dominus
3714 582 3872 656 (Gen.

575 678 715 734 Deus
758 687 861 740 est,
893 690 1014 732 esse
1039 675 1264 747 angelus
1293 673 1627 730 crederetur.
1675 673 1944 745 Sequatur
1987 688 2169 731 sermo
2270 689 2397 741 xxi,
2432 674 2455 728 i
2495 715 2510 740 ,
2558 674 2655 747 2).
2682 675 2884 731 Dehinc
2925 673 3148 744 expulsa
3194 674 3264 728 de
3303 673 3537 729 Abrahae
3560 672 3725 729 domo
3749 682 3874 730 cum

578 768 825 825 ordinem
866 783 1066 827 rerum.
1134 766 1373 838 Angelus
1406 765 1615 822 Domini
1661 765 1729 821 ad
1767 764 1912 838 Agar
1959 766 2172 824 locutus
2274 764 2386 821 lilio
2411 781 2513 823 suo
2538 766 2815 833 ancilla,et
2844 768 2894 821 in
2918 766 3133 822 deserto
3158 766 3229 821 ob
3256 781 3412 837 aquae
3440 766 3677 837 inopiam
3708 768 3879 824 inter.

575 868 694 925 est;
733 858 873 913 idem
904 856 973 913 ad
1000 856 1272 912 Abraham
1321 857 1462 912 Deus
1493 855 1764 928 loquitur,
1792 873 1856 912 ex
1886 856 2074 912 eodem
2105 854 2175 911 ad
2274 857 2409 913 itum
2450 859 2600 929 pueri
2649 858 2871 914 timente
2905 898 2920 923 ,
2963 858 3151 913 eadem
3201 858 3477 929 Scriptura
3524 859 3637 926 ait,
3691 857 3765 931 (e)
3813 859 3884 915 ἃ

577 960 867 1029 utrumque
895 950 954 1005 lit
983 965 1186 1005 sermo.
1207 944 1548 1005 Benedicitur
1572 948 1780 1016 lsmael,
1812 959 1866 1006 et
1884 950 1934 1004 in
1958 957 2174 1021 gentem
2275 950 2537 1005 exaudivit
2568 947 2823 1005 Dominus
2855 949 2995 1005 Deus
3022 966 3190 1005 vocem
3212 951 3356 1021 pueri
3375 949 3464 1005 ubi
3484 960 3629 1015 erat,
3658 960 3705 1004 et
3730 967 3888 1005 scca-

577 1058 824 1115 magnam
853 1040 1267 1110 arnpliﬁrandus
1293 1055 1414 1096 esse
1444 1040 1798 1110 promittitur.

2280 1040 2348 1095 vit
2387 1040 2598 1111 angelus
2639 1040 2732 1095 Dei
2760 1042 2898 1112 Agar
2939 1041 3004 1095 de
3049 1040 3213 1107 creto,
3263 1049 3313 1094 et
3352 1040 3483 1094 dixit
3521 1042 3591 1104 ei,
3626 1039 3767 1106 Quid
3810 1051 3889 1096 est

568 1204 579 1209 ν
647 1136 737 1190 25.
768 1134 1078 1206 lieferuntur
1101 1144 1145 1187 et
1172 1134 1275 1187 alia
1304 1134 1431 1197 visa,
1455 1133 1611 1200 dicta,
1639 1141 1879 1203 gesta.-
1900 1131 2180 1201 Scriptura
2281 1130 2459 1201 Agar?
2479 1132 2585 1186 noli
2611 1132 2820 1198 timere;
2840 1132 3101 1186 exaudivit
3122 1132 3256 1185 enim
3278 1129 3421 1186 Deus
3446 1147 3614 1186 vocem
3647 1133 3793 1202 pueri
3820 1132 3885 1187 de

580 1236 633 1280 et
664 1241 761 1296 per
788 1223 1058 1280 Abraham
1085 1265 1100 1286 ,
1137 1225 1303 1280 Deum
1349 1238 1471 1279 esse
1499 1225 1586 1294 qui
1619 1224 1931 1292 loqueretur
1950 1263 1964 1286 ,
1993 1230 2180 1277 osten-

581 1321 681 1377 dit.
710 1320 942 1376 Abralne
980 1333 1195 1389 quoque
1218 1316 1369 1373 Isaac
1414 1317 1550 1372 Illius
1592 1318 1945 1386 promittitur.
1981 1314 2185 1370 Dehinc

584 1420 774 1485 postea
801 1413 1066 1468 assistunt
1099 1411 1194 1465 viri
1224 1417 1354 1465 tres.
1380 1409 1652 1464 Abraham
1683 1406 1987 1477 conspectis
2014 1405 2185 1461 tribus

587 1523 753 1564 unum
810 1505 1040 1571 adorat,
1097 1513 1154 1559 et
1207 1503 1493 1559 Dominum
1549 1501 1856 1558 conﬁtetur.
1909 1501 2186 1571 Scriptura

588 1598 866 1654 adstitisse
893 1597 1041 1652 viros
1071 1606 1181 1651 trcs
1217 1585 1385 1650 edidit
1415 1611 1428 1647 :
1457 1593 1553 1649 sed
1580 1592 1884 1664 patriarcha
1907 1607 2013 1647 non
2036 1591 2190 1663 igno-

590 1700 677 1746 rat
716 1690 808 1762 qui
855 1698 908 1744 et
957 1684 1262 1743 adorandus
1311 1689 1379 1741 sit
1422 1696 1477 1742 et
1505 1684 1866 1741 confitendus.
1894 1684 2190 1740 lndiscreta

592 1782 960 1838 assistentium
1002 1781 1210 1851 species
1253 1788 1368 1845 est;
1414 1778 1509 1834 sed
1562 1778 1654 1833 ille
1706 1778 1990 1833 Deminum
2036 1792 2189 1832 suum

2284 1221 2397 1276 loco
2425 1223 2479 1277 in
2503 1239 2603 1293 quo
2623 1232 2719 1279 est.
2753 1222 2943 1294 Surge,
2979 1233 3025 1278 et
3073 1223 3248 1293 accipe
3290 1239 3528 1292 puerum,
3553 1234 3603 1277 et
3629 1233 3743 1278 tene
3771 1241 3887 1280 ma-

2286 1330 2409 1368 num
2434 1318 2568 1386 ejus;
2597 1316 2650 1370 in
2678 1326 2877 1387 gentem
2906 1315 3040 1369 enim
3068 1331 3305 1387 magnam
3336 1316 3528 1387 faciant
3547 1328 3664 1370 cum
3688 1313 3884 1385 (lbid.,

2290 1408 2355 1463 η
2387 1444 2402 1472 ,
2448 1405 2559 1479 l8).

2360 1501 2452 1558 ‘26.
2478 1500 2860 1574 Expenduntur
2899 1502 3120 1571 singula.
3158 1500 3329 1555 Filius
3372 1511 3421 1556 et
3467 1502 3643 1573 magni
3690 1501 3897 1556 consilii

2293 1595 2507 1667 angelus
2531 1607 2628 1662 est,
2653 1603 2702 1651 et
2733 1593 3003 1662 Dominus,
3029 1604 3079 1650 et
3101 1593 3257 1650 Deus.
3278 1594 3496 1661 --Qute
3521 1592 3759 1664 perﬁdiae
3789 1607 3899 1650 cm-

2294 1688 2430 1743 citas
2455 1695 2569 1753 est,
2600 1701 2720 1757 quae
2760 1687 3021 1742 increduli
3051 1686 3230 1743 cordis
3258 1684 3337 1759 (d')
3367 1686 3583 1742 obtusio
3620 1692 3707 1741 est
3727 1724 3743 1752 ,
3773 1700 3899 1757 quae

2296 1779 2711 1851 irreligiositatis
2772 1779 3078 1845 temeritas,
3133 1788 3225 1834 aut
3278 1781 3531 1849 ignorare
3590 1777 3741 1843 hinc,
3806 1785 3902 1833 aut

595 1875 721 1929 fidei
750 1875 919 1929 oculis
948 1882 1004 1929 et
1032 1875 1148 1928 visu
1171 1874 1372 1930 mentis
1402 1871 1641 1944 agnovit.
1673 1872 1879 1926 Dehinc
1906 1872 2151 1943 sequitur
2175 1889 2190 1928 :
2224 1874 2271 1936 B
2298 1886 2406 1928 non
2453 1872 2694 1943 ignorata
2734 1870 3048 1943 negligere?
3077 1871 3237 1927 Certe
3273 1871 3344 1926 ita
3374 1879 3794 1926 commemorata
3844 1877 3903 1925 et

595 1965 662 2021 Et
677 1966 789 2038 90
803 1966 932 2019 dixit
952 1965 1017 2032 ei,
1035 1963 1309 2020 Revertens
1336 1963 1530 2018 veniam
1548 1962 1618 2017 ad
1638 1972 1687 2020 te
1704 1963 1772 2017 ad
1793 1963 1888 2017 hoc
1915 1971 2112 2034 tempus
2140 1962 2195 2016 in

598 2062 861 2129 futurum,
892 2068 939 2113 et
968 2058 1166 2113 habebit
1189 2058 1357 2127 [ilium
1402 2056 1538 2113 Sara
1581 2072 1711 2110 uxor
1742 2065 1829 2110 tua
1857 2054 2009 2129 (Gen.
2040 2070 2193 2124 xvm,

601 2141 723 2222 10).
756 2144 820 2205 Et
849 2159 968 2219 post
1008 2149 1124 2205 haec
1165 2148 1300 2205 dixit
1343 2149 1390 2203 ci
1421 2148 1713 2214 Dominus,
1744 2145 1868 2201 Non
1901 2146 2074 2201 celabo
2107 2163 2199 2219 ego

600 2240 858 2296 Abraham
889 2239 967 2314 (Ι)
1006 2257 1221 2307 puerum
1243 2256 1410 2294 meum
1440 2254 1553 2309 qua:
1585 2241 1819 2310 [acturus
1848 2253 1964 2291 sum
1988 2236 2007 2308 (
2030 2235 2197 2305 lbid.,

605 2319 716 2408 i7).
747 2333 813 2389 Et
840 2348 1055 2388 rursum
1088 2349 1100 2387 :
1131 2330 1278 2388 Dixit
1303 2340 1474 2387 autem
1499 2329 1774 2396 Dominus,
1804 2328 2011 2385 Clamor
2033 2328 2205 2385 Sodo-

604 2444 803 2482 morum
832 2435 879 2480 et
906 2425 1206 2481 Gomorrha:
1250 2426 1489 2494 impletus
1532 2430 1726 2490 est,»et
1768 2430 1977 2494 peccata
2028 2438 2205 2478 eorum

606 2534 796 2591 magna
845 2517 993 2573 valde
1041 2516 1230 2590 (Ibid.,
1274 2514 1392 2589 20).
1432 2516 1499 2571 Et
1551 2530 1761 2571 rursum
1809 2524 1929 2585 post
1979 2513 2205 2569 multum

606 2614 769 2670 alium
802 2627 1133 2677 sermonem,
1153 2626 1315 2683 quem
1337 2609 1617 2666 brevitatis
1642 2606 1820 2665 studio
1843 2605 2208 2676 praetermitti-

608 2723 748 2773 mus,
779 2722 901 2762 cum
931 2705 999 2763 de
1017 2706 1178 2777 justis
1206 2721 1309 2760 una
1337 2719 1459 2761 cum
1492 2703 1703 2774 iniustis
1727 2701 2013 2773 perdendis
2036 2701 2208 2756 Abra-

613 2802 736 2856 ham
758 2811 904 2856 esset
929 2800 1210 2866 sollicitus,
1243 2799 1319 2853 ait
1350 2815 1363 2851 :
1389 2796 1748 2869 Nequaquam,
1771 2813 1858 2867 qui
1875 2795 2086 2869 judicas
2112 2805 2212 2850 ter-

611 2910 747 2959 ram,
777 2892 932 2963 [acies
961 2889 1057 2945 hoc
1076 2891 1350 2956 iudicium.
1373 2889 1451 2963 (α)
1478 2889 1548 2944 Ει
1577 2891 1708 2945 dixit
1736 2888 2012 2956 Dominus,
2045 2888 2123 2960 (2)
2151 2888 2213 2945 Si

612 2989 851 3041 invenero
864 2984 916 3037 in
930 2980 1170 3038 Sodomis
1184 2981 1553 3055 quinquaginta
1555 2985 1730 3054 justas
1745 2981 1795 3035 in
1811 2981 2026 3045 civitate,
2041 2980 2215 3033 remit-

615 3092 718 3137 tam
750 3081 886 3134 omni
912 3080 1023 3134 loco
1050 3087 1257 3149 prapter
1286 3077 1363 3148 (b)
1394 3077 1510 3131 illos
1539 3075 1671 3148 (1b.,
1693 3076 1787 3142 25,
1840 3076 1909 3130 9.6
1927 3076 1965 3146 ).
2002 3075 2071 3130 Et
2097 3092 2214 3131 rur-

616 3189 737 3229 sum
781 3182 1155 3229 consummato
1185 3182 1442 3225 sermone
1469 3168 1535 3224 ad
1567 3168 1668 3223 Lot
1695 3166 1913 3224 fratrem
1945 3167 2213 3237 Abralnn,

2300 1965 2443 2021 dicta
2473 1973 2619 2029 sunt,
2667 1979 2735 2019 ne
2780 1964 3185 2036 intelligentiam
3222 1964 3466 2021 veritatis
3509 1979 3663 2019 error
3706 1962 3904 2033 aliquis

2301 2070 2392 2113 aut
2422 2058 2725 2114 obscuritas
2757 2058 3064 2129 impediret.
3093 2057 3224 2125 Quae
3259 2056 3308 2112 si
3338 2072 3445 2113 non
3475 2064 3637 2127 posse
3665 2055 3905 2126 ignorari

2302 2150 2630 2217 doceamus;
2683 2150 2973 2222 impietatis
3019 2164 3141 2207 esse
3187 2149 3258 2224 (e)
3304 2151 3508 2205 crimen
3558 2163 3782 2205 necesse
3820 2158 3908 2205 cst

2304 2244 2447 2314 quod
2475 2255 2721 2315 negatur.
2752 2245 2988 2316 Angelus
3016 2244 3111 2300 Dei
3159 2244 3310 2312 loqui
3329 2243 3396 2299 ad
3440 2246 3582 2315 Agar
3609 2244 3793 2313 erepit,
3828 2241 3906 2298 Is-

2307 2335 2535 2392 maelem
2565 2335 2619 2390 in
2646 2344 2860 2406 gentem
2889 2351 3137 2406 magnam
3163 2335 3510 2403 adaucturus,
3537 2335 3696 2406 eique
3720 2332 3803 2407 (ὦ)
3825 2334 3909 2400 in-

2310 2428 2700 2484 numerabilem
2755 2430 2862 2503 91
2921 2429 3097 2500 gentis
3160 2429 3473 2501 progeniem
3532 2438 3905 2500 praestaturus.

2308 2522 2589 2578 Confessio
2625 2522 2893 2578 audientis
2919 2531 2973 2578 et
2996 2522 3282 2578 Dominum
3318 2536 3442 2577 eum
3485 2536 3607 2579 esse
3645 2532 3702 2578 et
3741 2522 3909 2578 Deum

2310 2612 2522 2669 edocet.
2553 2612 2834 2670 Sermonis
2861 2614 3004 2670 enim
3035 2614 3318 2669 exordium
3355 2612 3424 2668 ab
3455 2613 3650 2683 angelo
3679 2613 3773 2668 Dei
3798 2626 3912 2670 cm-

2314 2708 2425 2777 pit,
2461 2706 2558 2763 sed
2585 2707 2638 2763 in
2668 2706 3008 2764 confessione
3039 2707 3131 2763 Dei
3161 2707 3422 2763 constitit.
3455 2706 3529 2762 Ita
3561 2708 3649 2778 qui
3682 2706 3766 2778 (5)
3809 2708 3912 2766 sub

2314 2802 2616 2859 ministerio
2647 2801 2717 2876 (f)
2741 2803 2919 2873 magni
2963 2801 3174 2858 consilii
3212 2801 3525 2866 nuntiandi,
3566 2801 3658 2858 Dei
3690 2802 3915 2873 angelus

2316 2905 2418 2964 est,
2450 2896 2566 2966 ipse
2589 2903 2644 2951 et
2678 2905 2867 2949 natura
2893 2902 2949 2949 et
2978 2892 3194 2948 nomine
3224 2893 3365 2948 Deus
3391 2901 3492 2948 est.
3520 2891 3727 2947 Nomen
3765 2894 3915 2953 enim

2318 2999 2542 3052 naturm,
2569 3003 2679 3043 nou
2703 2974 2906 3042 nomini
2928 2992 3118 3041 natura
3139 2985 3505 3055 componitur.
3534 2983 3724 3040 Iisdem
3746 2985 3917 3040 ellum

2317 3078 2385 3135 de
2414 3080 2576 3135 rebus
2601 3079 2667 3134 ad
2691 3078 2962 3137 Abraham
2994 3079 3135 3133 Deus
3158 3077 3396 3148 loquitur
3422 3094 3439 3131 :
3467 3076 3544 3151 (9)
3569 3077 3918 3133 benedictum

2315 3172 2426 3241 jam
2484 3172 2691 3228 lsmaeli
2748 3174 2994 3236 docetur,
3051 3180 3108 3226 et
3152 3158 3612 3240 multiplicandum
3665 3173 3917 3228 eumdem

618 3267 892 3336 Scriptura
922 3266 1084 3328 dicit,
1109 3263 1177 3317 Et
1199 3261 1452 3316 Dominus
1476 3262 1553 3333 (5)
1584 3262 1710 3330 pluit
1746 3277 1900 3331 super
1932 3262 2215 3317 Sodomam
2241 3259 2286 3322 C
2320 3280 2441 3321 esse
2463 3267 2514 3320 in
2540 3273 2756 3335 gentem
2783 3283 2795 3319 :
2823 3262 3109 3327 Beneditci,
3133 3263 3337 3333 inquit,
3365 3264 3415 3319 ei
3437 3263 3589 3335 (Gen.
3612 3278 3728 3318 xm
3751 3305 3766 3326 ,
3796 3256 3917 3330 ΞΟ).

617 3369 669 3417 et
716 3356 1054 3414 Gomorrham
1097 3355 1316 3425 sulphur
1362 3363 1412 3409 et
1461 3355 1629 3427 ignem
1668 3371 1700 3407 a
1730 3352 1950 3409 Domino
1991 3355 2055 3410 de
2090 3356 2215 3412 cmlo

622 3451 778 3524 (Gen.
810 3466 919 3514 xu,
952 3448 1068 3521 2i).
1104 3448 1170 3503 Et
1197 3463 1410 3501 rursum
1442 3463 1454 3499 :
1492 3444 1556 3499 Et
1580 3442 1830 3500 Dominus
1858 3447 2074 3500 visitavit
2111 3447 2213 3502 Sa-

618 3562 757 3613 ram,
788 3544 917 3598 sicut
938 3541 1099 3604 dixit,
1125 3550 1174 3595 et
1208 3538 1325 3609 [erit
1353 3537 1494 3594 Deus
1529 3537 1679 3594 Sara:
1718 3538 1848 3593 sicut
1878 3538 2079 3595 locutus
2105 3552 2213 3610 est,

691 3676 772 3757 (1)
802 3670 977 3757 ἒνςνο
1006 3690 1204 3757 me-
1265 3746 1276 3757 .
1371 3746 1381 3757 .

714 3746 771 3820 εδ
806 3753 868 3808 Si
894 3752 1134 3805 invenero
1165 3746 1429 3820 Sodomis.

714 3755 771 3820 3)
806 3755 868 3808 Si
894 3755 1134 3805 invenero
1165 3755 1429 3804 Sodomis.

691 3755 771 3898 23)
799 3822 978 3878 Pluvit
996 3837 1149 3894 super
1177 3818 1407 3876 Sodoma
1435 3826 1482 3873 et
1509 3814 1793 3872 Gomorra.

621 3940 746 4009 qui,
771 3947 878 4009 etc.
904 3934 1218 4009 Elegantius
1251 3933 1305 3987 in
1346 3946 1477 3987 mss.
1509 3931 1605 4009 με
1633 3939 1679 3984 et
1707 3931 1923 4009 angelus
1959 3941 2070 3998 est,
2101 3933 2220 4009 sine

626 4001 746 4066 Dei.
766 4007 958 4084 {litarii
980 4001 1375 4084 espositipnem
1397 4001 1718 4084 conﬁrmare
1734 4001 1934 4084 iuverit
1951 4019 2022 4084 es
2053 4007 2214 4084 enlist.

624 4076 843 4137 concilii
878 4071 1168 4132 Anthibch.
1193 4074 1262 4130 de
1297 4071 1781 4149 Christodicentis
1812 4090 1825 4127 :
1861 4073 1961 4142 Qui
1999 4075 2217 4149 impleas

621 4151 933 4206 voluntatem
980 4155 1259 4219 paternam
1291 4145 1848 4219 patriarchisgpparet
1868 4185 1883 4210 ,
1914 4145 2106 4219 elucum
2143 4149 2217 4219 eis

627 4222 883 4292 loquitur,
915 4214 1186 4292 in_'_elsdem
1211 4215 1545 4292 clausitlis_et
1584 4214 1772 4292 eisdem
1817 4216 2069 4292 capitibus
2117 4217 2215 4272 σιξ.

629 4284 835 4362 quando
889 4288 1091 4362 quidem
1144 4298 1406 4362 tamquam
1456 4284 1702 4356 Angelus,
1751 4284 2058 4362 quandoque
2100 4303 2218 4344 vero

629 4355 887 4431 tamquam
903 4355 1190 4431 Dominus,
1214 4355 1521 4431 quandoque
1543 4355 1720 4431 autem
1750 4355 2032 4431 Deus‘esse
2068 4362 2219 4430 affir-

629 4427 836 4505 matan
846 4428 1013 4505 Deum
1034 4430 1169 4482 enim
1188 4428 1410 4505 universi
1429 4427 1644 4505 impium
1670 4428 2044 4505 estexistintari
2053 4427 2224 4505 ange-

631 4506 757 4559 lum.
787 4500 963 4556 Filius
984 4516 1099 4555 vero
1125 4499 1336 4568 angelus
1359 4497 1536 4554 Patris
1556 4507 1648 4570 est,
1676 4499 1763 4569 qui
1792 4507 1865 4553 est
1903 4500 2010 4570 ipse
2042 4497 2223 4556 Domi-

629 4592 728 4629 nus
752 4583 797 4629 et
824 4572 978 4626 Deus.
999 4566 1264 4640 Scriptum
1286 4580 1358 4641 est
1380 4571 1536 4641 enim,
1557 4566 1783 4641 Angelus
1804 4566 1974 4641 magni
1998 4573 2221 4641 consilii.

633 4644 888 4714 Apposite
911 4639 1565 4714 'l‘ertullianus,_decarne
1589 4639 1984 4714 Christum—14A
1999 4640 2224 4714 :_Dictus

627 4710 705 4772 est
720 4710 903 4785 ‘magni
932 4713 1136 4785 consilii
1161 4711 1405 4785 gngelus,
1445 4710 1505 4785 id
1530 4718 1603 4763 est
1630 4714 1869 4785 nuntius,
1892 4710 2053 4785 ofﬁcii
2072 4752 2086 4776 ,
2113 4730 2214 4770 non

629 4778 838 4841 natura?
855 4784 1119 4837 vocabulo.
1152 4778 1399 4851 Magnum
1427 4780 1559 4833 enim
1588 4779 1862 4849 cogitatum
1888 4778 2098 4847 Patris,
2124 4800 2215 4837 su-

630 4873 722 4929 per
751 4853 1183 4929 hominisscilieet
1224 4850 1543 4929 restitutione
1563 4890 1579 4916 ,
1612 4851 2005 4929 annuntiaturus
2028 4856 2216 4929 swc_ulo

631 4920 762 5002 erat.
792 4924 1047 5002 Nonnideo
1083 4934 1249 5002 tamen
1273 4924 1348 4975 sic
1371 4921 1586 5002 angelus
1612 4920 1974 5002 intelligendus
2013 4933 2071 4977 ut
2107 4923 2218 5002 Gn.

632 4998 758 5053 briel
785 5007 874 5051 aut
888 4994 1142 5064 Raphael.
1170 4991 1309 5046 Nam
1321 5002 1368 5047 et
1388 4988 1440 5044 F
1441 4988 1562 5064 ilius
1582 5008 1616 5044 a
1636 4988 1858 5064 Domino
1885 4994 2043 5048 vincat
2064 4997 2221 5051 mitti-

629 5078 714 5123 tur
743 5069 811 5124 ad
849 5062 1069 5122 cultores
1109 5065 1240 5119 siettt
1274 5073 1323 5117 et
1362 5062 1544 5130 {amuli
1566 5103 1580 5122 .
1606 5073 1712 5119 etc.
1748 5062 1842 5118 llis
1870 5066 2222 5125 consentiunt

622 5139 896 5203 Justinus,
924 5137 1053 5192 dial.
1081 5151 1203 5190 cum
1245 5133 1845 5208 Tryph.;__Epiphsn_lus
1886 5134 2018 5190 hair.
2054 5153 2178 5193 uix
2201 5176 2217 5208 ,

633 5227 689 5265 η.
716 5212 804 5266 55.
831 5208 1042 5288 Yidesis
1065 5208 1443 5288 Anugustinutn,
1471 5204 1567 5288 lib.
1594 5220 1631 5288 t_t
1652 5207 1721 5260 de
1746 5204 1894 5260 Trin.
1922 5222 1977 5288 e_.
2003 5209 2092 5265 15.
2116 5204 2219 5265 Ne;

631 5298 737 5352 que
765 5279 1062 5337 audiendus
1085 5276 1368 5352 Origenes,
1394 5276 1485 5347 qui
1514 5284 1572 5330 ut
1602 5276 1912 5352 humanam,
1945 5277 2017 5352 ita
2057 5296 2221 5350 αηιςυ.

629 5347 802 5407 licatn.
833 5360 1074 5406 naturam
1103 5364 1135 5403 a
1165 5348 1378 5421 Christo
1422 5358 1752 5421 assumptum
1797 5347 2022 5421 docuit,
2064 5347 2222 5421 cuius

632 5422 750 5478 Ι]ωο
792 5434 917 5479 sunt
952 5431 1081 5476 tom.
1112 5436 1130 5473 ι
1172 5420 1227 5474 in
1252 5418 1445 5474 Johan.
1471 5458 1485 5478 ,
1537 5435 1588 5486 p.
1613 5416 1617 5417 ⁷
1640 5417 1751 5472 52:
1787 5416 2020 5474 Christus
2068 5416 2220 5488 Ito-ma

629 5492 953 5558 hominibus,
984 5489 1178 5563 angelis
1195 5491 1442 5563 _angelus_
1457 5491 1626 5563 factus
1649 5489 2003 5563 estrQuippe,
2052 5492 2227 5563 inquit

630 5563 1017 5628 Tertullianus,
1054 5559 1136 5619 ἀθ
1182 5559 1357 5619 Carne
1385 5559 1609 5625 Clit-isti,
1660 5572 1715 5614 η.
1745 5560 1832 5625 14,
1867 5559 1921 5615 ut
1963 5559 2223 5620 hominem

668 5642 849 5688 estaret
898 5634 1156 5714 Christus,
1175 5633 1325 5714 satus.
1336 5630 1599 5687 hominum
1624 5631 1924 5714 fuit_causa.
2001 5645 2052 5688 ut
2073 5652 2230 5705 ange-

634 5701 742 5758 lum
761 5713 1000 5777 gestaret,
1014 5701 1147 5756 nihil
1171 5703 1272 5757 tale
1290 5703 1352 5756 de
1380 5716 1538 5757 causa
1559 5701 1762 5759 est...N
1766 5719 1848 5757 am
1872 5704 2073 5759 nullum
2086 5701 2226 5763 nian-

632 5774 808 5827 datum
835 5775 898 5827 de
924 5774 1088 5843 salute
1111 5775 1410 5843 angelorum
1437 5774 1657 5843 suscepit
1678 5772 1913 5828 Christus
1933 5792 1966 5829 a
1992 5775 2167 5832 Patre.

704 5842 782 5918 (α)
806 5843 902 5899 llic
924 5841 1197 5913 adjiciunt
1208 5842 1357 5912 prius
1375 5841 1659 5914 excusi,”
1685 5843 1870 5916 perdas
1888 5848 2090 5918 justum
2109 5865 2227 5908 cum

2321 3357 2437 3413 Non
2497 3356 2680 3426 itaque
2734 3355 3034 3411 demutavit
3099 3364 3349 3426 persona:
3414 3368 3528 3409 sua:
3570 3353 3922 3425 significarim

2321 3463 2444 3507 nem
2471 3464 2568 3505 :se
2590 3449 2731 3503 enim
2760 3446 3225 3517 jambenedixisse
3251 3445 3606 3502 demonstrat.
3644 3446 3921 3517 Scriptura

2322 3550 2473 3599 certe
2528 3540 2855 3597 sacramenti
2909 3538 3156 3596 ordinem
3217 3548 3273 3595 et
3329 3552 3473 3594 verte
3525 3537 3922 3610 prcdieationis

2418 3673 2452 3730 4
2507 3673 2992 3730 Inenumerabilem.

2395 3672 2478 3819 {Si
2516 3746 2624 3804 Sub
2663 3746 2923 3817 mysterio.

2422 3746 2478 3817 5)
2516 3746 2624 3804 Sub
2663 3746 2923 3817 mysterio.

2321 3938 2541 4005 impiis:
2570 3936 2928 3993 renitentibus
2956 3948 3085 3991 mss.
3136 3933 3242 3993 Sed
3283 3934 3339 3991 et
3377 3934 3494 3992 hiet:
3537 3949 3659 3993 cum
3708 3936 3760 3993 in
3821 3939 3928 3994 line

2322 4024 2451 4063 num
2499 4006 2756 4080 27,7aliis
2800 4008 2978 4064 verbis
3030 4018 3084 4063 et
3129 4010 3234 4080 alio
3282 4009 3498 4075 ordine,
3552 4020 3746 4080 nempe
3792 4020 3919 4065 ante

2320 4080 2567 4151 proxime
2593 4079 2758 4144 dicta,
2782 4094 2892 4136 non
2915 4088 3036 4151 post
3060 4079 3452 4144 exhibeantur;
3478 4086 3625 4150 patet
3647 4082 3733 4136 hic
3756 4080 3920 4137 inter-

2320 4149 2585 4221 polatoris
2612 4166 2797 4219 Opera.

2391 4219 2469 4363 ξι»)
2502 4221 2557 4276 1η
2588 4218 2835 4289 vulgatis,
2854 4220 2973 4276 illos
2997 4221 3181 4286 iustos.
3213 4218 3380 4277 Abest
3393 4221 3568 4291 justas
3594 4237 3623 4277 a
3649 4234 3779 4276 mss.

2416 4292 2466 4363 c)
2496 4292 2659 4359 Editi,
2674 4303 2720 4348 et
2738 4309 2852 4347 ecce
2874 4294 3149 4347 exaudivit.
3172 4292 3306 4348 Tres
3328 4307 3461 4348 mss.
3484 4302 3533 4347 et
3549 4294 3764 4349 audivit.

2416 4292 2466 4364 c)
2496 4292 2659 4359 Editi,
2674 4303 2720 4348 et
2738 4309 2852 4347 ecce
2874 4294 3149 4347 exaudivit.
3172 4292 3306 4348 Tres
3328 4307 3461 4348 mss.
3484 4302 3533 4347 et
3549 4294 3764 4349 audivit.
3788 4292 3921 4362 Alii,

2321 4366 2701 4420 consentiente
2729 4378 2930 4434 grmco,
2961 4372 3011 4434 et
3040 4364 3319 4418 exaudivit.

2397 4435 2477 4506 (ά)
2505 4435 2561 4490 lu
2589 4450 2720 4490 mss.
2738 4433 2841 4489 hic
2868 4444 2923 4488 et
2942 4433 3070 4490 alibi
3102 4443 3441 4503 constanter,
3464 4435 3722 4491 obtunsis.

2398 4527 2469 4601 (e)
2493 4527 2743 4601 criminis
2766 4526 2922 4601 huius
2950 4527 3040 4601 qui
3064 4526 3143 4581 rei
3159 4526 3295 4601 _sint,
3326 4528 3498 4597 aperit
3524 4527 3617 4601 lib.
3644 4542 3720 4596 vr,
3746 4544 3800 4584 n.
3834 4529 3924 4599 15,

2328 4598 2466 4668 quos
2504 4599 2756 4669 nimirum
2781 4598 3058 4669 impietatis
3086 4598 3346 4664 voluntas,
3378 4610 3432 4654 et
3463 4614 3569 4655 non
3603 4599 3924 4669 ignorantia.

2250 4663 2304 4725 D
2329 4663 2383 4724 in
2413 4684 2597 4724 errore
2633 4663 2866 4739 detinet:
2894 4668 3101 4739 Quibus
3129 4684 3259 4723 vero
3286 4663 3594 4739 plenissim
3623 4663 3924 4738 inttltandi,

2326 4741 2377 4794 in
2411 4739 2623 4813 eodem,
2658 4736 2751 4813 lib.
2798 4752 2850 4793 ιι.
2892 4732 2963 4805 3,
3009 4739 3085 4794 sic
3107 4732 3345 4813 declarat
3380 4732 3564 4796 :Nam
3600 4732 3929 4813 judicaturui

2324 4812 2436 4877 ipse
2479 4811 2541 4864 de
2581 4808 2812 4864 omnibus
2837 4852 2852 4875 ,
2885 4819 2929 4863 et
2967 4824 3059 4881 pro
3088 4812 3372 4881 majestalis
3423 4827 3532 4865 suae
3576 4808 3929 4869 misericordia

2328 4897 2490 4955 preme
2519 4884 2761 4955 meritum
2777 4882 3033 4955 ignoranti
3054 4882 3413 4955 moderaturus
3452 4886 3615 4955 errori
3637 4926 3653 4951 ,
3687 4892 3928 4955 negantes

2326 4969 2382 5008 se
2399 4954 2516 5025 jam
2543 4968 2644 5007 non
2661 4952 2918 5023 judiCabil
2946 4952 3153 5023 utique,
3182 4954 3271 5006 sed
3295 4953 3515 5024 negabit.

2402 5041 2480 5117 (ί)
2505 5041 2694 5099 Plures
2724 5056 2852 5098 mss.
2872 5058 3016 5117 _cum
3046 5041 3315 5117 vulgatis,
3346 5043 3440 5098 sub
3480 5044 3928 5117 ntysterio.lilagis

2333 5112 2508 5185 placet
2545 5130 2667 5171 cum
2702 5130 2834 5170 mss.
2862 5112 3379 5185 Carnut.,‘Remig.,
3407 5112 3550 5177 etc..'
3569 5117 3663 5172 sub
3694 5112 3923 5172 ministe-

2324 5180 2421 5241 rio.
2463 5180 2533 5243 Ut
2576 5187 2720 5240 enim
2770 5199 2933 5255 supra
2978 5198 3047 5239 ex
3090 5180 3424 5240 Tertulliano
3479 5186 3923 5254 observabamus,

2323 5256 2571 5310 Christus
2607 5258 2782 5329 magni
2807 5254 3261 5329 consiliiangelus
3289 5255 3465 5312 dictus
3504 5267 3587 5313 est
3627 5258 3798 5329 oﬂicii,
3825 5275 3925 5311 non

2324 5336 2523 5381 natura:
2549 5325 2812 5380 vocabulo.
2849 5325 2914 5381 Et
2956 5325 3192 5382 Ililarius
3237 5327 3371 5396 ipse,
3396 5329 3487 5383 lib.
3523 5345 3583 5390 ν,
3622 5325 3681 5384 1ιῖ
3718 5330 3775 5384 Η
3812 5350 3827 5385 :
3866 5329 3929 5384 ln

2324 5398 2506 5468 angelo
2547 5396 2695 5524 affari
2741 5397 2910 5461 potius
2954 5413 3107 5467 quam
3153 5408 3355 5455 natura!
3391 5399 3781 5471 intelligentiam
3820 5415 3930 5455 esse

2325 5462 2453 5524 hinc
2486 5484 2580 5524 ιιι-ο
2619 5478 2696 5524 at.
2720 5468 2861 5524 uuod
2888 5468 3063 5524 anaeli
3096 5470 3315 5524 ministri
3340 5469 3431 5524 Dei
3462 5481 3744 5524 vocentur.

2325 5462 2453 5524 hinc
2485 5462 2696 5537 probat,
2720 5468 2861 5539 quod
2888 5462 3063 5539 angeli
3096 5470 3315 5524 ministri
3340 5469 3431 5526 Dei
3462 5462 3744 5526 vocentur.

2401 5559 2480 5631 (g)
2494 5558 2567 5614 lla
2584 5558 2982 5641 praestantiores
2998 5576 3127 5643 mss.
3146 5558 3327 5643 ϐαιῇ,
3345 5560 3541 5643 ραι-εξ..
3566 5558 3776 5643 Remlg.
3800 5574 3925 5640 cum

2328 5627 2566 5702 (ieiuna
2586 5627 2766 5698 prima
2796 5646 2975 5686 manu.
3002 5636 3070 5702 At
3096 5633 3148 5685 in
3179 5631 3409 5702 vulgatis
3433 5673 3448 5698 ,
3474 5627 3794 5688 benedictum
3810 5630 3927 5702 jam

2328 5698 2606 5757 Ismaelem
2650 5717 2670 5755 :
2704 5716 2768 5757 ac
2808 5702 3003 5757 deinde
3047 5700 3173 5755 Par.
3228 5698 3347 5772 post
3387 5700 3559 5772 μῆρε..
3607 5704 3774 5768 docet,
3812 5698 3928 5758 'nec

2325 5772 2495 5907 agito
2545 5782 2665 5844 post
2717 5787 2839 5830 cum
2894 5774 3015 5829 aliis
3060 5773 3258 5841 editis,
3310 5771 3589 5843 benedisit,
3644 5788 3740 5847 pro
3779 5773 3929 5833 bene~

2418 5864 2457 5904 ι.

2418 5864 2457 5904 is
