4216 6254
320 371 417 426 H7

1548 361 1639 420 DE
1669 353 2040 422 TRINITA'I‘E
2081 359 2284 423 LIBER
2321 367 2412 424 IV.

3519 374 3621 430 118

313 481 566 544 modum,
624 480 692 534 ab
743 478 940 549 angelo
994 477 1089 534 Dei
1142 473 1437 548 incipiens,
1488 484 1544 532 et
1592 488 1779 550 postea
1825 479 1918 534 iis-
1949 477 2121 542 Abel
2151 481 2294 538 Deus
2326 481 2590 552 praestitit.
2615 473 2692 539 Ita
2717 496 2777 540 se
2806 484 2974 540 Deuin
3021 492 3075 541 et
3123 473 3391 557 loquendo
3439 496 3493 543 et
3546 485 3623 542 fn-

314 577 432 634 dem
461 575 532 630 de
569 573 737 630 rebus
761 570 1012 629 eumdem
1058 570 1371 643 loquentem
1423 569 1591 627 Deum
1646 572 1918 641 confessa,

314 668 572 727 servavit.

380 765 474 819 27.
515 761 611 817 Vir
639 775 791 832 quem
814 775 880 815 ea:
905 758 1065 813 tribus
1098 757 1281 812 adorat
1311 757 1568 812 Abraham
1592 797 1607 826 ,
1632 754 1914 824 Dominus,

315 857 480 920 Deus.
511 866 558 912 et
576 856 747 928 judea:
770 863 867 908 est.
903 882 975 894 —-
1004 851 1256 907 Procedit
1292 860 1474 906 autem
1522 849 1764 921 pleniore
1793 849 1923 905 doc-

319 956 477 1012 trinae
501 952 748 1022 proiectu
775 963 960 1002 sermo
985 945 1234 1010 divinus,
1267 945 1404 1000 Deus
1446 944 1603 998 isthic
1642 943 1708 997 ad
1748 941 1923 996 Abra-

317 1048 443 1104 ham
472 1045 738 1114 loquitur,
762 1039 1053 1110 parituraiu
1084 1037 1272 1093 Suram
1302 1036 1602 1107 pollicetur.
1639 1033 1770 1090 Post
1807 1035 1920 1090 [nec

315 1137 419 1195 viri
452 1144 560 1191 tres
585 1135 793 1189 sedenti
816 1134 1100 1194 assistunt,
1123 1145 1287 1184 unum
1317 1128 1527 1196 adorat,
1551 1139 1603 1185 et
1637 1129 1918 1184 Dominum

317 1231 628 1288 ooulitetur.
652 1227 905 1297 Idemque
937 1233 992 1280 et
1016 1225 1273 1279 adoratus
1302 1233 1357 1279 et
1395 1225 1674 1279 confessus
1707 1225 1773 1279 ab
1801 1225 1914 1291 illo,

317 1333 566 1394 tempore
596 1322 787 1377 eodem
821 1321 874 1374 in
907 1319 1141 1374 futurum
1179 1317 1478 1372 rediturum
1521 1333 1581 1373 se
1619 1319 1914 1387 promittit,

313 1431 366 1478 et
390 1421 540 1476 εει-ω
568 1419 732 1472 ﬁlium
758 1415 995 1471 futurum
1025 1414 1167 1470 Deus
1187 1413 1253 1468 ad
1281 1411 1552 1468 Abraham
1579 1412 1790 1466 locutus
1811 1421 1913 1466 est.

311 1512 454 1569 Idem
487 1519 675 1582 postea
705 1509 776 1564 de
804 1509 972 1563 rebus
1013 1508 1142 1576 ipsis
1183 1507 1430 1562 eumdem
1472 1507 1556 1560 vir
1584 1506 1652 1560 ab
1677 1521 1742 1561 eo
1773 1505 1916 1560 visus

313 1607 620 1678 alloquitur.
651 1604 955 1658 Demulatio
988 1611 1191 1656 tantum
1227 1602 1287 1655 ﬁt
1315 1600 1592 1655 nominum
1615 1642 1629 1664 ,
1659 1600 1787 1654 nihil
1831 1607 1912 1654 ta-

322 1715 444 1755 men
469 1699 536 1754 de
562 1697 914 1752 confessione
941 1694 1194 1750 decessit.
1219 1693 1405 1750 Virum
1447 1695 1588 1748 enim
1616 1693 1746 1748 licet
1788 1707 1918 1747 con-

310 1801 584 1864 spectum,
639 1791 912 1846 Abraham
963 1798 1143 1844 tamen
1198 1785 1277 1858 (a)
1333 1788 1614 1842 Dominum
1675 1786 1918 1842 adoravit

2025 571 2216 628 ciendo
2241 571 2528 644 signiﬁcat.
2548 572 2634 647 (ἀ)
2655 574 2766 630 Viri
2802 575 2998 632 deinde
3029 573 3098 632 de
3123 573 3426 649 conSpectis
3452 578 3624 636 tribus

2025 663 2132 720 duo
2154 663 2352 720 abeunt
2375 685 2388 720 :
2411 663 2506 722 sed
2535 666 2626 737 qui
2656 667 2878 736 residet,
2911 676 2966 723 et
2992 669 3254 725 Dominus
3279 677 3331 725 et
3354 663 3494 726 Deus
3518 677 3619 726 εει.

2024 756 2209 827 Neque
2234 758 2405 812 solum
2435 758 2692 815 Dominus
2720 768 2776 816 et
2800 761 2942 816 Deus
2970 769 3053 817 est
3072 803 3087 830 ,
3121 761 3215 818 sed
3242 772 3298 818 et
3321 760 3486 832 judex
3516 772 3618 819 est.

2025 853 2187 911 Stans
2235 855 2378 910 enim
2430 862 2556 910 ante
2601 851 2883 911 Dominum
2938 857 3209 913 Abraham
3255 857 3408 924 dixit,
3455 857 3622 914 Nulla

2025 947 2176 1000 modo
2203 958 2255 1000 tu
2282 948 2439 1017 facies
2465 946 2560 1000 hac
2586 948 2809 1017 verbum,
2836 949 3065 1005 occidere
3078 955 3283 1023 justum
3305 966 3419 1004 cum
3437 951 3619 1020 impia,

2025 1049 2070 1094 et
2126 1041 2412 1113 eritjustus
2456 1042 2586 1095 sicut
2630 1043 2838 1114 impius.
2893 1041 3255 1115 Nequaquam,
3290 1045 3376 1114 qui
3412 1045 3623 1117 judicas

2025 1147 2224 1187 omnem
2256 1140 2468 1199 terram,
2497 1132 2657 1200 facies
2696 1132 2792 1186 Itac
2810 1134 3072 1206 judicium
3102 1135 3121 1206 (
3146 1133 3272 1189 Gen.
3304 1150 3470 1200 xvnt,
3494 1134 3621 1204 25).

2023 1222 2162 1278 Toto
2184 1223 2346 1293 igitur
2370 1239 2625 1280 sermone
2651 1240 2751 1280 suo
2782 1225 3056 1280 Abraham
3104 1225 3296 1292 ﬁdem,
3347 1227 3416 1282 ob
3462 1241 3621 1296 quam

2019 1314 2345 1385 justilicatus
2376 1324 2482 1380 est,
2501 1314 2680 1381 docet,
2700 1314 2982 1371 Dominum
3015 1332 3171 1371 suum
3196 1333 3261 1372 ex
3290 1316 3460 1371 tribus
3482 1317 3626 1386 agni-

2023 1415 2158 1472 tum,
2189 1417 2240 1462 et
2272 1408 2446 1461 solum
2469 1408 2775 1476 adoratum,
2805 1418 2859 1464 et
2880 1407 2960 1481 (I)
2993 1410 3278 1465 Dominum
3310 1409 3378 1481 (ε)
3411 1409 3634 1464 confes--

2023 1513 2114 1554 sus
2143 1497 2469 1566 etjudicem.

2091 1589 2181 1645 28.
2211 1588 2380 1644 Unum
2412 1606 2475 1645 ea:
2506 1590 2697 1656 tribus,
2728 1605 2828 1644 non
2859 1600 2961 1645 tres
2991 1590 3044 1644 in
3073 1606 3174 1645 una
3205 1591 3468 1646 Abraham
3498 1591 3627 1645 udo;

2021 1693 2122 1737 rat.
2159 1679 2451 1736 Discrimen
2478 1683 2612 1737 inter
2651 1684 2813 1737 visum
2844 1683 2974 1751 Lat,
3009 1693 3055 1737 et
3093 1685 3257 1738 visum
3283 1684 3524 1744 Abrahae.
3553 1705 3625 1727 ~—

2025 1775 2102 1829 Ac
2140 1788 2206 1828 ne
2251 1772 2391 1828 forte
2436 1773 2712 1830 existimes
2764 1773 2816 1828 in
2873 1776 3028 1829 unius
3073 1774 3433 1843 confessione,
3464 1777 3633 1830 trium-

314 1889 333 1957 (
355 1885 484 1942 Gen.
515 1899 676 1949 svnt,
701 1885 740 1938 2
765 1926 780 1950 ,
835 1882 909 1956 '5)
965 1891 1408 1938 :sacramentum
1461 1881 1672 1936 scilicet
1720 1878 1914 1934 futura:
1946 1883 1994 1943 B
2021 1867 2260 1924 omnium
2299 1867 2560 1934 virorum,
2603 1869 2694 1938 qui
2748 1869 2906 1923 simul
2946 1868 3295 1936 videbantur,
3342 1869 3633 1924 honorem-

306 1978 699 2049 corporationis
728 1988 1048 2047 agnoscens.
1074 1973 1185 2028 Nec
1211 1981 1388 2027 tamen
1414 1980 1574 2027 tanta:
1604 1972 1727 2026 ﬁdei
1758 1972 1910 2025 testi-

309 2073 489 2128 monio
514 2070 719 2137 caruit;
753 2070 980 2125 Domino
1013 2069 1064 2123 in
1112 2067 1424 2138 Evangeliis
1454 2066 1670 2121 dicente
1691 2107 1706 2132 ,
1739 2065 1912 2120 Abra-

307 2168 427 2222 ham
474 2176 631 2236 pater
677 2172 858 2219 vester
907 2160 984 2232 (b)
1042 2161 1352 2222 laetabatur,
1402 2167 1463 2213 ut
1511 2158 1720 2213 videret
1767 2157 1909 2212 diem

308 2275 485 2317 meum
524 2276 536 2312 :
561 2263 618 2312 et
641 2256 808 2322 vidit,
831 2262 885 2311 et
913 2253 1128 2309 laetatus
1159 2260 1242 2308 est
1267 2254 1284 2323 (
1309 2251 1466 2307 Joan.
1500 2265 1595 2306 vni
1615 2294 1630 2315 .
1664 2251 1792 2320 56).
1820 2249 1914 2305 Vir

310 2369 432 2425 ergo
460 2360 786 2420 conSpectus
815 2349 1110 2405 rediturum
1151 2361 1211 2403 se
1246 2356 1496 2419 tempore
1520 2345 1712 2401 eodem
1743 2344 1907 2416 polli-

310 2453 477 2500 cetur.
512 2441 788 2498 Contuere
831 2440 1140 2511 sponsiOnis
1179 2438 1432 2494 eﬂ‘ectum
1465 2455 1479 2492 :
1510 2445 1785 2493 memento
1832 2443 1913 2491 ta«

309 2551 428 2592 men
461 2537 636 2588 virum
677 2548 803 2588 esse
843 2531 934 2600 qui
979 2531 1262 2603 Spondeat.
1289 2529 1425 2597 Quid
1465 2545 1595 2599 ergo
1637 2528 1910 2596 Scriptura

311 2628 454 2694 dicit,
481 2625 552 2680 Et
575 2624 831 2690 Dominus
855 2624 1077 2678 uisitauit
1109 2622 1297 2677 Soram
1326 2620 1486 2694 (Gen.
1520 2635 1642 2688 xxi,
1680 2619 1788 2689 i)?
1820 2617 1913 2674 Vir

308 2733 439 2789 ergo
464 2719 569 2772 iste
592 2715 850 2771 Dominus
871 2721 976 2778 est,
998 2712 1246 2768 efﬁciens
1267 2711 1409 2782 quod
1440 2711 1748 2782 spopondit.
1773 2703 1910 2777 Quid

310 2820 488 2868 autem
517 2809 802 2878 sequitur?
824 2807 894 2861 Et
922 2808 1044 2878 fecit
1075 2805 1215 2861 Deus
1252 2805 1400 2861 Sorte
1429 2806 1560 2859 sicut
1602 2803 1801 2857 locutus
1837 2811 1914 2858 est

313 2903 524 2977 (υἱώ).
559 2901 656 2956 Vir
680 2902 731 2956 in
756 2900 1025 2970 loquendo
1055 2907 1416 2968 nuncupatus,
1446 2896 1828 2967 Dominus”
1858 2896 1912 2949 in

314 2996 626 3052 visitatione
645 2991 996 3063 signiﬁcatus,
1027 2991 1165 3045 Deus
1189 2991 1513 3062 praedicatur
1541 2991 1593 3043 in
1625 2988 1784 3042 facit).
1809 2988 1916 3042 Lo-

312 3099 491 3146 cutuin
515 3097 666 3145 certe
692 3089 864 3142 virum
893 3102 998 3141 non
1033 3086 1247 3156 ignoras
1273 3125 1287 3149 ,
1314 3084 1404 3153 qui
1432 3082 1661 3138 Abrahae
1690 3091 1747 3137 et
1769 3083 1916 3136 visus

312 3192 474 3240 estet
508 3185 739 3238 locutus.
772 3182 939 3236 Deum
985 3178 1258 3250 quomodo
1306 3178 1608 3248 ignorabis,
1638 3177 1913 3246 Scriptura

2014 1960 2314 2025 contineri;
2345 1968 2602 2014 contuere
2630 1959 2759 2030 quid
2794 1960 3097 2030 conspectis
3142 1960 3353 2016 duobus
3394 1961 3484 2031 qui
3508 1963 3618 2015 dis-

2012 2065 2287 2110 cesserant
2309 2053 2409 2108 Lot
2433 2053 2630 2108 dixerit
2660 2069 2672 2106 :
2706 2053 2788 2123 (ι’)
2822 2051 2887 2105 Et
2917 2062 2972 2106 ut
3001 2052 3126 2106 vidit
3163 2051 3292 2120 Lat,
3333 2054 3622 2107 exsurrexit

2016 2147 2212 2201 obviam
2241 2146 2367 2209 illis,
2399 2154 2445 2198 et
2469 2144 2700 2198 adoravit
2731 2145 2782 2197 in
2811 2144 2996 2214 faciem
3032 2145 3086 2197 in
3118 2153 3306 2198 terram
3337 2160 3357 2198 :
3384 2153 3430 2198 et
3457 2145 3587 2198 dixit
3607 2183 3624 2210 ,

2018 2238 2174 2302 Ecce,
2200 2238 2416 2302 domini,
2435 2237 2665 2290 divertite
2684 2236 2735 2290 in
2758 2236 2967 2290 domum
2987 2237 3135 2308 pueri
3156 2237 3307 2292 vestri
3323 2235 3474 2306 (Gen.
3497 2251 3615 2302 XIX,

2017 2333 2043 2386 1
2067 2374 2080 2398 ,
2109 2332 2145 2384 2
2175 2334 2216 2399 ).
2249 2331 2348 2385 llic
2377 2330 2640 2400 pluralem
2673 2328 2895 2384 retinuit
2926 2329 3376 2400 significationem
3395 2330 3622 2399 simplex

2015 2424 2152 2480 visio
2186 2425 2500 2496 angelorum
2523 2467 2538 2492 ,
2572 2424 2679 2479 illic
2715 2424 3042 2493 singularem
3089 2422 3352 2480 honorem
3395 2425 3630 2494 patriar-

2015 2519 2132 2574 ειιτε
2163 2519 2295 2574 lidcs
2323 2518 2630 2575 conﬁtetur.
2667 2516 2765 2573 Hic
2809 2519 3008 2573 divina:
3051 2518 3346 2587 Scriptura:
3396 2517 3622 2572 historia

2015 2613 2150 2668 duos
2182 2613 2248 2668 de
2279 2613 2450 2667 tribus
2479 2622 2684 2666 tantum
2729 2612 2949 2681 angelos
2976 2609 3147 2664 fuisse
3173 2608 3480 2679 signiﬁcat,
3510 2609 3622 2662 illic

2017 2705 2301 2759 Dominum
2332 2715 2385 2758 et
2409 2705 2575 2758 Deum
2601 2703 2878 2773 praedicat.
2900 2702 2991 2757 Ait
3027 2701 3173 2754 enim
3203 2717 3216 2756 :
3243 2698 3314 2752 Et
3347 2698 3480 2753 dixit
3507 2697 3620 2751 Do-

2016 2800 2185 2852 minus
2213 2798 2490 2862 Abraham,
2512 2797 2682 2865 Quare
2708 2796 2821 2849 risit
2845 2795 2998 2858 Sara,
3025 2794 3220 2858 dicens,
3243 2793 3321 2865 (2)
3343 2792 3480 2863 Erga
3505 2807 3616 2845 vere

2017 2893 2254 2964 paritura
2293 2890 2449 2943 sum?
2477 2905 2569 2960 ego
2582 2895 2749 2941 autem
2778 2885 2852 2959 (g)
2876 2886 3039 2940 senui.
3086 2883 3353 2953 Numquid
3382 2883 3620 2952 impossi-

2017 2987 2117 3040 bile
2138 2994 2209 3039 est
2232 2984 2340 3056 93
2365 2982 2442 3054 (lt)
2475 2997 2506 3034 a
2530 2981 2638 3035 Deo
2665 2979 2910 3033 verbum?
2941 2976 3008 3031 In
3035 2987 3259 3046 tempore
3277 2975 3374 3028 hac
3404 2980 3625 3028 revertar

2017 3080 2084 3130 ad
2107 3088 2154 3130 te
2183 3077 2234 3129 in
2264 3078 2531 3146 futurum,
2557 3081 2602 3125 et
2632 3071 2726 3125 erit
2750 3069 2897 3123 Sara,
2923 3069 3064 3138 ﬁlius
3086 3066 3105 3139 (
3125 3066 3252 3121 Gen.
3291 3079 3449 3127 xvm,
3482 3065 3550 3121 15
3571 3073 3618 3118 et

2017 3169 2209 3238 seqq.).
2232 3167 2408 3221 Tenet
2455 3178 2584 3234 ergo
2633 3162 2915 3231 Scriptura
2943 3159 3187 3213 ordinem
3219 3155 3492 3224 veritatis,
3525 3167 3628 3210 nec

314 3275 526 3341 eadem,
574 3290 695 3346 qua:
745 3277 916 3329 virum
965 3247 1211 3337 dixerat,
1245 3247 1410 3326 Deum
1439 3273 1764 3326 conﬁtente?
1800 3271 1916 3340 Ipsa
1947 3278 1993 3342 ρ
2026 3264 2283 3333 pluralem
2311 3258 2756 3328 signiﬁcationem
2789 3254 2841 3308 in
2873 3267 2938 3308 eo
2965 3252 3056 3322 qui
3100 3260 3153 3306 et
3187 3251 3327 3305 Deus
3355 3258 3410 3303 et
3438 3247 3624 3302 Domi-

315 3371 457 3426 enini
487 3369 655 3430 dixit,
683 3366 748 3420 Et
770 3366 1004 3434 concepit
1039 3375 1088 3418 et
1113 3365 1307 3434 peperit
1345 3362 1480 3419 Sara
1505 3364 1725 3417 Abrahw
1748 3362 1918 3432 ﬁlium

313 3462 365 3516 in
393 3469 651 3516 senectute
669 3475 790 3524 sua,
811 3470 859 3514 et
885 3461 936 3512 in
959 3468 1187 3529 tempore
1215 3458 1347 3510 sicut
1377 3457 1455 3510 lac
1468 3466 1583 3510 situs
1609 3464 1680 3510 est
1705 3456 1784 3508 illi
1810 3453 1922 3508 Do-

315 3557 479 3611 minus
500 3553 749 3627 (lbidem,
776 3553 858 3620 ἃ).
887 3551 992 3606 Sed
1020 3553 1102 3605 vir
1139 3562 1424 3604 venturum
1456 3564 1515 3604 se
1560 3549 1770 3602 locutus
1811 3557 1915 3603 est.

316 3647 505 3703 Virum
535 3645 700 3700 crede
732 3653 973 3710 tantum,
1009 3642 1112 3697 nisi
1135 3643 1226 3712 qui
1257 3642 1431 3707 venit,
1462 3650 1517 3696 et
1557 3641 1696 3695 Deus
1722 3650 1777 3695 et
1811 3641 1915 3694 Do-

314 3742 492 3797 minus
514 3749 617 3795 est.
646 3740 872 3793 Causam
903 3749 1179 3806 compara.
1209 3735 1304 3791 Vir
1340 3743 1490 3791 certe
1534 3736 1604 3789 ob
1644 3734 1696 3789 id
1726 3734 1801 3805 (ε)
1829 3750 1921 3790 ve-

314 3835 450 3900 niet,
478 3841 540 3890 tit
566 3834 700 3890 Sara
732 3842 786 3888 et
810 3831 1082 3902 concipiat
1107 3841 1162 3886 et
1193 3831 1383 3900 pariat,
1409 3829 1596 3884 Fidem
1617 3829 1787 3884 disce.
1817 3829 1922 3882 Do-

314 3928 495 3984 minus
513 3931 570 3983 et
598 3926 741 3982 Deus
763 3922 833 3980 ob
859 3925 962 3979 hoc
983 3923 1152 3990 venit,
1177 3933 1233 3978 ut
1265 3924 1396 3979 Sara
1435 3929 1491 3977 et
1513 3922 1829 3992 conciperet
1858 3929 1914 3976 et

315 4031 552 4093 pareret.
583 4017 641 4074 In
683 4025 945 4089 potestate
993 4017 1088 4073 Dei
1119 4019 1198 4071 vir
1234 4015 1446 4071 locutus
1491 4023 1575 4070 est
1602 4032 1615 4068 :
1643 4015 1696 4070 in
1726 4013 1920 4070 eﬁ‘ectu

389 4184 469 4257 (i)
489 4183 556 4238 Et
581 4180 751 4237 Deum
779 4185 1064 4252 confessus.

394 4319 469 4392 (a)
502 4317 674 4392 Editi,
705 4315 869 4372 Deum
893 4314 1128 4392 adoravit
1147 4356 1163 4380 ,
1190 4317 1523 4392 repugnante
1542 4381 1551 4392 ‘
1573 4322 1728 4364 sacro
1759 4316 1919 4392 textu

317 4381 460 4448 cum"
481 4405 613 4445 mss.
644 4388 922 4459 Reuuguat
953 4395 1008 4442 et
1033 4387 1142 4459 hoc
1166 4426 1182 4450 ,
1213 4383 1355 4459 quod
1391 4381 1622 4459 Hilarius
1647 4421 1662 4446 ,
1689 4381 1914 4459 cuiu-vox

317 4464 464 4518 Deus
489 4449 1001 4530 simpliciter'posita
1030 4449 1424 4530 lfatrein;_sicut
1453 4452 1702 4530 Dominus
1725 4449 1917 4504 Filium

315 4545 496 4598 sonat,
525 4524 648 4588 inde
666 4524 881 4588 coniicit
907 4527 1176 4598 Abraham
1217 4524 1415 4598 Christi
1457 4524 1920 4598 futurainucorpm

317 4591 584 4662 rationem
633 4603 936 4673 agnovisse.
964 4597 1038 4673 De
1061 4595 1268 4673 eadem‘
1291 4596 1498 4673 visione
1526 4591 1915 4673 Tertulliaiius,

319 4661 389 4733 de
409 4677 586 4731 Carne
617 4661 840 4736 Christi,
873 4688 927 4724 n.
973 4671 1038 4733 ϐ,
1072 4684 1178 4722 non
1220 4667 1433 4722 diversa
1462 4666 1694 4732 loquitur
1727 4681 1741 4719 :
1775 4661 1920 4736 Inter

317 4749 546 4811 Angelos
577 4745 694 4800 illos
720 4735 834 4814 ipse
849 4741 1102 4795 Dominus
1137 4738 1624 4814 apparuitAbraltte
1644 4736 1754 4814 sine
1784 4735 1919 4814 nati-7

319 4807 474 4874 vitate
501 4835 618 4871 cum
644 4807 863 4870 carne...
888 4814 974 4878 qui
998 4814 1100 4875 iam
1126 4819 1242 4862 tunc
1267 4817 1316 4862 et
1337 4809 1530 4876 alloqui
1561 4817 1616 4878 et
1637 4807 1850 4860 liberare
1871 4813 1919 4858 et

319 4889 558 4957 iudicare
588 4888 866 4940 humanum
888 4877 1046 4957 genus
1068 4879 1316 4957 ediscebat
1339 4881 1390 4932 in
1412 4881 1579 4932 carnis
1600 4877 1793 4942 habitu,
1816 4893 1919 4930 non

319 4951 463 5016 nam
490 4959 680 5025 adhuc,
709 4958 827 5028 quia
856 4951 1081 5009 nondum
1110 4951 1389 5005 morituras.

396 5051 475 5125 (b)
503 5049 729 5106 Carnut.
761 5047 957 5116 aliique
985 5043 1224 5100 nonnulli
1259 5053 1386 5095 mss.
1417 5040 1707 5093 exsultavit.

398 5149 470 5216 (ο)
493 5146 549 5201 In
574 5143 810 5207 excusis,
836 5142 988 5216 venit.
1016 5140 1205 5195 Melius
1234 5135 1287 5189 in
1321 5149 1449 5215 mss.
1477 5133 1657 5186 veniet.
1687 5131 1923 5186 Institui-

323 5206 415 5275 ιιιιζ
444 5206 589 5272 enim
617 5213 949 5283 comparatio
979 5212 1117 5265 inter
1143 5224 1266 5283 eum
1294 5206 1381 5273 qui
1412 5215 1690 5258 venturum
1714 5219 1771 5283 se
1796 5218 1920 5270 pro-

323 5290 572 5345 miserat.
599 5277 923 5347 Geufxvm,
950 5283 1018 5337 10
1040 5322 1056 5346 ,
1082 5290 1190 5334 tum
1217 5277 1297 5330 vir
1325 5283 1672 5347 conspectus,
1702 5282 1758 5347 et
1797 5289 1921 5347 eum

321 5359 419 5428 qui
441 5359 653 5414 venisse
676 5345 938 5428 narratur.
964 5345 1098 5410 Gen.
1127 5351 1276 5416 iuni
1302 5357 1356 5403 et
1375 5346 1430 5412 6.
1454 5362 1558 5401 non
1575 5349 1685 5416 jam
1709 5346 1805 5414 vir,
1829 5345 1923 5400 sed

327 5427 581 5487 Dominus
604 5435 662 5483 et
693 5427 832 5482 Deus
860 5433 1220 5495 nuncupatus.

403 5521 486 5596 (ά)
507 5522 667 5586 Editi,
694 5519 815 5574 viris
841 5516 1022 5570 deinde
1043 5513 1326 5586 conspectis
1349 5510 1511 5566 tribus
1535 5509 1928 5566 :emendantur

330 5610 397 5649 ex
428 5609 559 5648 IIISS.

406 5665 480 5737 (ε)
503 5661 671 5726 Editi,
686 5671 745 5737 _e_t
768 5659 932 5737 Deum
949 5660 1222 5737 confessus
1243 5664 1316 5737 est
1342 5654 1642 5737 “judicent
1657 5669 1674 5707 :
1693 5651 1930 5737 rcniten:

331 5720 480 5791 tibiis
512 5720 868 5802 nmsfl‘ieque
898 5720 1168 5802 Abraham
1203 5730 1255 5779 in
1285 5720 1566 5795 Scriptura
1597 5724 1762 5778 Deum
1785 5763 1801 5790 ,
1831 5720 1927 5777 sed

333 5807 617 5868 Dominum
645 5798 954 5859 constanter
987 5798 1285 5869 proﬁtetur.

411 5877 497 5952 (ί)
525 5878 604 5936 ita
629 5863 1000 5947 castigatiores
1048 5884 1180 5927 mss.
1205 5869 1275 5926 At
1303 5866 1465 5937 editi,
1509 5873 1555 5923 et
1584 5865 1706 5921 vidit
1734 5863 1853 5935 Lot,
1883 5871 1930 5918 et

1967 5609 1972 5613 -
2033 5581 2131 5634 viri
2164 5581 2374 5634 locutus
2412 5585 2528 5630 erat

2024 3369 2128 3410 nus
2161 3352 2559 3423 agnoscebatur
2588 3346 2893 3402 admiscens
2915 3386 2928 3411 ,
2963 3358 3138 3413 neque
3168 3341 3372 3412 angelis
3415 3338 3626 3392 duobus

2024 3449 2304 3512 honorem,
2335 3446 2423 3514 qui
2453 3443 2563 3497 Deo
2590 3449 2796 3495 tantum
2822 3437 2998 3493 fuerat
3023 3435 3250 3496 delatus,
3283 3430 3625 3501 impertiens.

2023 3543 2129 3597 Lot
2173 3539 2386 3610 quidem
2433 3536 2684 3591 dominos
2723 3533 2886 3598 dicit,
2929 3530 3023 3586 sed
3075 3529 3350 3599 Seriplura
3400 3523 3625 3595 angelos

2025 3643 2316 3702 nuncupat.
2347 3631 2460 3685 Illic
2489 3627 2722 3684 hominis
2751 3624 2990 3681 ollicium
3021 3631 3136 3687 est,
3171 3621 3330 3677 isthic
3351 3617 3625 3675 confessio

2030 3737 2476 3876 ve;3?l:omiitus
2505 3831 2538 3868 a
2565 3811 2808 3878 Domino,
2839 3807 3032 3863 Filius.
3057 3833 3128 3846 -—
3155 3803 3362 3860 Dehinc
3389 3799 3544 3855 adest
3570 3799 3627 3854 in

2027 3911 2324 3971 Sodomam
2355 3917 2410 3964 et
2431 3905 2788 3962 Gomorrliam
2815 3901 2945 3971 justi
2973 3914 3126 3969 poena
3154 3895 3362 3967 judicii.
3398 3893 3464 3947 Et
3494 3892 3624 3964 quid

2027 4007 2243 4064 tandem
2266 4001 2525 4060 momenti
2554 4000 2606 4054 in
2628 4013 2696 4055 eo
2725 3995 2842 4053 est?
2863 3992 3116 4050 Dominus
3143 3988 3360 4062 sulphur
3383 3995 3430 4043 et
3452 3986 3624 4059 ignem

2101 4168 2180 4243 (2)
2211 4166 2322 4239 Ego
2349 4181 2479 4220 uere.

2024 4303 2314 4359 surrexit...
2356 4302 2411 4355 in
2457 4309 2592 4354 terra
2621 4313 2638 4352 :
2663 4309 2840 4370 graece
2868 4299 2943 4370 τῷ
2979 4294 3246 4370 προσώπῳ
3275 4290 3361 4370 ἐπῇ
3382 4295 3473 4370 τήν

2028 4374 2233 4430 Deinde
2259 4375 2443 4442 legens
2467 4360 2700 4442 Hilarius
2723 4383 2845 4442 ecce
2867 4360 3081 4442 domini,
3106 4360 3618 4442 consentientia'ha-

2025 4446 2118 4500 bet
2147 4435 2511 4514 graeca'simul
2549 4450 2608 4514 et
2645 4439 2830 4514 latina
2856 4437 3125 4514 exempla.
3170 4435 3620 4514 Augustinusota-

2026 4503 2644 4581 men‘JSerni.7,prtefert
2665 4525 2776 4581 ecce
2797 4503 3144 4581 clamine_,'u_ec
3166 4503 3614 4581 usquamnvidli‘sse

2024 4571 2234 4641 videtur
2273 4600 2384 4638 ecce
2408 4571 2620 4636 domini
2659 4597 2678 4634 :
2710 4577 2788 4632 sic
2819 4579 2961 4630 enim
2996 4575 3157 4628 habet
3197 4571 3346 4626 num.
3383 4572 3416 4626 6
3450 4571 3620 4626 :Cunt

2025 4659 2127 4712 duo
2157 4659 2471 4710 mitterentur
2491 4653 2558 4706 ad
2581 4652 2864 4707 Sadamam
2890 4651 3193 4717 apparentes
3221 4643 3369 4711 fratri
3400 4641 3621 4717 Abt-alta:

1948 4719 1998 4778 Ι)
2025 4729 2144 4795 Lat,
2177 4739 2222 4780 et
2252 4729 2357 4794 ipse
2377 4724 2606 4796 agnoscit
2624 4724 2687 4796 in
2708 4722 2778 4774 eis
2803 4713 3153 4796 diuinitatetn;
3176 4723 3222 4768 et
3245 4713 3518 4796 cumanos
3545 4714 3619 4796 vi:

2028 4785 2166 4864 deal,
2200 4785 2448 4852 Douta'uit
2479 4795 2704 4862 appellat
2737 4808 2754 4845 :
2785 4790 2939 4864 et_ille
2967 4789 3021 4842 in
3045 4785 3206 4864 tribus
3239 4785 3534 4864 Dominum.
3568 4791 3618 4864 et

2028 4873 2080 4925 in
2108 4855 2302 4923 duabus
2328 4869 2414 4922 ille
2437 4855 2714 4921 Dominum
2742 4859 2913 4916 :adeo
2937 4869 2994 4914 ut
3024 4873 3088 4912 ex
3113 4857 3214 4910 hoc
3241 4855 3294 4909 in
3313 4871 3430 4910 eam
3463 4855 3622 4925 abeat

2029 4921 2381 5001 sententiain,
2418 4955 2536 5010 qua:
2579 4946 2754 5010 tuetur
2784 4949 2914 5010 non“
2942 4928 3226 5010 Doiniuum
3273 4927 3444 5007 ipsum
3468 4966 3482 4989 ,
3523 4921 3621 4978 sed

2029 5015 2247 5084 angelos
2278 5013 2329 5066 in
2360 4997 2553 5080 quibus
2585 5007 2851 5084 insideret
2883 5001 3141 5084 [Mittin-tl?
3184 4997 3497 5084 apparuisse
3523 5011 3616 5076 pa-

2031 5066 2296 5143 triarchis,
2343 5066 2428 5151 qiti
2475 5097 2576 5151 non
2606 5075 2927 5151 portantibus
2953 5114 2966 5137 ,
2995 5070 3082 5124 sed
3119 5066 3379 5151 insidenti
3402 5066 3621 5149 gloriam

2032 5137 2476 5209 ddbimLVid'esis
2524 5137 2764 5220 ejusdem
2810 5146 2902 5200 lib.
2955 5158 2994 5197 ιι
3037 5151 3224 5196 contra
3244 5137 3615 5202 Maximinum,

2031 5241 2081 5281 c.
2111 5225 2200 5287 26,
2226 5239 2373 5276 num.
2399 5222 2451 5277 6.

2107 5279 2266 5370 (g)'In
2295 5293 2553 5362 vulgatis,
2585 5305 2700 5361 qua:
2741 5290 2854 5362 jam
2883 5287 3048 5340 senui.
3083 5280 3262 5346 Abest~
3297 5295 3410 5350 qua:
3457 5279 3564 5348 iam
3593 5291 3625 5333 a

2031 5383 2161 5422 mss.
2197 5373 2251 5423 et
2277 5379 2450 5432 graeco
2483 5370 2651 5417 textu.

2105 5419 2182 5511 (lt)
2389 5433 2533 5511 Pan,
2560 5432 2686 5498 Deo,
2721 5429 2921 5511 om'isso
2943 5444 2993 5481 a.
3029 5425 3082 5479 In
3112 5422 3270 5507 editis
3283 5420 3489 5511 aliisna
3507 5419 3623 5511 Da-

2032 5493 2188 5562 mino'.
2225 5493 2418 5560 Verius
2450 5493 2683 5558 iii-mssa
2714 5519 2744 5554 a
2781 5498 2889 5553 Deo
2923 5515 2940 5553 :
2982 5512 3088 5567 quo
3130 5497 3194 5561 is,
3226 5495 3316 5567 qui
3350 5496 3399 5567 in
3429 5493 3620 5567 habitu

2570 5574 2661 5646 Η
2687 5581 2740 5646 ct
2766 5572 2820 5636 3,
2855 5560 3050 5638 quique
3087 5560 3193 5637 ii,
3229 5560 3342 5646 3_et
3368 5564 3460 5646 .1},
3494 5560 3613 5646 Da-

2032 5651 2199 5704 minus
2226 5648 2523 5717 appellatus
2553 5635 2663 5717 est,
2689 5635 2827 5697 Deus
2855 5635 3067 5710 quoque
3089 5635 3214 5692 esse
3243 5635 3578 5717 signiﬁcetur
3595 5645 3622 5717 ξ

2033 5720 2125 5788 qui
2154 5705 2348 5788 scapus
2374 5730 2454 5772 est
2484 5705 2691 5788 Hilarii,
2722 5705 2956 5788 grtecuu.
2982 5705 3215 5788 textum,
3240 5705 3382 5788 napi:
3411 5711 3485 5788 ιςῶ
3513 5709 3624 5776 Θεῷ

2034 5777 2263 5860 proprie.
2289 5789 2431 5860 αρυά
2472 5787 2657 5853 Deum,
2677 5777 2842 5855 quasi
2872 5783 3018 5854 παρά
3058 5785 3150 5835 τοῦ
3192 5777 3328 5836 Θεοῦ
3363 5777 3626 5845 interpre-

2034 5863 2218 5919 tantis.
