4216 6254
512 303 616 359 119

1714 279 1963 340 SANCTI
2004 278 2263 338 HlLARll
2302 275 2614 337 EPISCOPI

3718 284 3826 340 120

509 419 645 492 pluit
684 432 718 473 a
761 413 987 471 Domino
1016 410 1174 481 (Gen.
1206 401 1320 474 χιχ,
1350 403 1469 476 ει).
1508 402 1581 459 Ut
1624 400 1884 456 Dominus
1926 413 1955 492 a
1997 397 2103 492 Do-
2130 399 2179 461 Α
2208 395 2482 492 Abraham
2508 397 2704 492 etADeu
2759 397 2906 492 lsaae
2937 406 2991 492 et
3019 396 3162 492 Deus
3190 398 3361 456 Jacob
3391 406 3665 471 repertus.
3692 400 3810 456 An-

511 489 694 576 tnino;
728 507 803 564 ita
836 520 944 562 non
966 501 1222 560 discrevit
1246 507 1452 554 natura:
1475 494 1715 558 nomine,
1740 506 1876 564 quos
1910 489 2116 561 signiti-

515 603 733 660 catione
780 600 912 673 (non
960 595 1116 650 unius
1157 586 1427 664 personae)
1475 585 1814 643 distinxerat.
1862 582 2115 654 Legimus

516 710 751 766 namque
780 693 833 748 in
869 689 1181 760 Evangelio,
1211 687 1372 742 Pater
1403 698 1509 738 non
1534 680 1743 752 judicat
1768 694 2111 750 quemquam,

516 789 615 848 sed
649 800 811 844 omne
841 783 1102 853 judicium
1145 779 1294 835 dedit
1330 776 1468 834 Filio
1501 775 1682 850 (Joan.
1713 791 1769 840 v,
1801 772 1917 844 22).
1961 771 2120 828 Dedit

514 897 645 952 ergo
679 877 957 940 Dominus,
982 873 1122 944 quod
1153 871 1414 926 Dominus
1438 868 1648 937 accepit
1671 883 1700 921 a
1729 865 1976 920 Domino.

588 973 679 1029 '50.
710 969 845 1023 Eum
873 977 926 1021 ut
953 965 1118 1022 Deum
1141 963 1267 1018 vidit
1292 960 1454 1016 Iacob
1485 975 1574 1014 nec
1600 958 1990 1013 solitarium.-—
2013 953 2120 1011 Sed

519 1064 612 1137 qui
640 1060 895 1131 accepisti
929 1060 981 1113 in
1017 1055 1244 1111 Domino
1281 1061 1337 1110 et
1366 1053 1595 1108 Domino
1620 1049 1824 1121 judieis
1854 1046 2123 1118 cognitio-

519 1170 668 1221 nem,
707 1149 1042 1222 cognominis
1085 1146 1325 1216 ejusdem
1370 1143 1426 1198 in
1471 1143 1579 1198 Deo
1611 1150 1665 1197 et
1708 1141 1817 1194 Deo
1854 1151 2122 1208 cognosce

519 1247 878 1306 consortium.
913 1243 1080 1298 Jacob
1117 1239 1405 1296 discedens
1440 1238 1511 1291 ob
1553 1246 1756 1292 metum
1797 1234 1977 1289 fratris
2014 1232 2118 1299 sui,

521 1340 801 1398 somnians
841 1336 1048 1392 viderat
1079 1335 1279 1390 scalam
1311 1332 1588 1387 fundatam
1631 1329 1685 1384 in
1717 1338 1862 1384 terra
1893 1335 1949 1382 et
1989 1340 2122 1381 eon-

525 1435 821 1504 tingentem
845 1430 1068 1493 coelum,
1102 1436 1157 1482 et
1189 1441 1284 1496 per
1322 1440 1442 1480 eam
1482 1419 1880 1477 adscendeutes
1937 1427 1993 1473 et
2025 1417 2122 1472 de-

524 1525 852 1584 scendentes
895 1520 1121 1591 angelos
1152 1518 1269 1583 Dei,
1300 1525 1355 1572 et
1398 1515 1686 1570 Dominmn
1729 1510 2126 1567 incumbentem

525 1632 691 1688 super
717 1630 857 1678 eam,
889 1612 1098 1682 sibique
1124 1623 1314 1664 omnes
1346 1605 1780 1671 benedictioncs,
1803 1617 1937 1674 quas
1953 1603 2123 1657 Abra-

525 1709 612 1765 hae
641 1716 695 1762 ct
716 1693 865 1762 Isaac
893 1703 1140 1769 dederat,
1173 1699 1574 1770 impertientem
1606 1696 1758 1768 (Gen.
1789 1696 2010 1764 χχνιιι).
2045 1693 2126 1748 Ad

2219 489 2370 561 gelus
2395 490 2541 546 enim
2570 490 2783 548 Domini
2804 490 2976 563 Moysi
3004 490 3072 545 de
3093 492 3230 547 rubo
3261 493 3532 563 apparuit,
3559 493 3828 549 Dominus

2216 585 2284 640 de
2313 584 2446 640 rubo
2469 586 2710 656 loquitur
2739 602 2752 639 :
2784 600 2974 642 vocem
3003 586 3158 657 cujus
3191 587 3598 658 intelligendam
3637 588 3833 644 existi-

2220 696 2356 745 mas,
2389 690 2568 736 utrum
2610 681 2728 752 ejus
2755 683 2844 752 qui
2877 681 3025 737 visus
3056 693 3160 749 est,
3199 699 3269 738 an
3304 682 3536 753 alicujus
3561 683 3828 738 alterius?
3885 737 3901 745 ,

2222 771 2320 826 llic
2351 772 2616 827 mendacii
2671 773 2822 829 locus
2862 774 3041 829 nullus
3077 784 3181 830 est.
3223 774 3312 828 Ait
3339 776 3485 829 enim
3520 774 3828 845 Scriptura,

2220 866 2476 938 Apparuit
2526 875 2696 921 autem
2742 868 2823 922 illi
2863 869 3077 937 angelus
3109 866 3321 922 Domini
3357 870 3412 922 in
3447 869 3663 939 ﬂamma
3692 868 3833 939 ignis

2221 963 2284 1014 de
2310 962 2434 1016 rubo
2459 959 2652 1032 (Exod.
2685 977 2766 1025 ιιι,
2799 960 2877 1032 2).
2921 961 2990 1017 Ει
3031 977 3263 1028 rursum,
3306 960 3518 1016 Vocavit
3561 978 3677 1016 eum
3717 959 3834 1016 Do-

2224 1055 2390 1110 minus
2415 1055 2479 1110 de
2515 1056 2641 1109 rubo
2664 1096 2678 1119 ,
2715 1055 2953 1127 Moyses,
2991 1056 3215 1127 Moyses.
3251 1055 3316 1110 Et
3343 1056 3604 1126 respondit
3632 1073 3652 1110 :
3683 1054 3826 1123 Quid

2221 1150 2333 1204 est?
2359 1147 2427 1202 Et
2447 1148 2576 1203 dixit
2620 1149 2909 1204 Dominus:
2944 1148 3026 1204 Ne
3064 1151 3340 1204 accesseris
3387 1150 3508 1215 huc,
3543 1150 3684 1205 solve
3711 1151 3818 1205 cal-

2225 1241 2537 1295 ciamentum
2576 1241 2638 1296 de
2675 1243 2888 1312 pedibus
2930 1243 3066 1308 tuis;
3099 1242 3240 1297 locus
3279 1244 3434 1309 enim,
3477 1244 3529 1296 in
3565 1259 3666 1312 quo
3704 1252 3832 1312 stas,

2228 1342 2364 1387 terra
2389 1342 2568 1387 sancta
2589 1342 2680 1388 est.
2707 1334 2776 1389 Et
2808 1334 2939 1388 dixit
2973 1335 3018 1388 ei
3049 1351 3066 1387 :
3096 1333 3208 1404 Ego
3237 1351 3351 1388 sum
3397 1333 3535 1388 Deus
3574 1334 3835 1390 Abraham

2225 1432 2273 1479 et
2302 1421 2443 1478 Deus
2484 1423 2638 1479 Isaac
2676 1435 2723 1480 et
2750 1424 2890 1480 Deus
2932 1424 3096 1480 Iacob
3125 1425 3314 1496 (Ibid.,
3342 1425 3377 1480 4
3407 1438 3454 1481 et
3490 1412 3676 1498 seqq).
3723 1427 3828 1495 Qui

2231 1517 2486 1586 apparuit
2513 1515 2571 1570 in
2604 1516 2758 1584 rubo,
2788 1517 2856 1574 de
2881 1518 3017 1573 rubo
3049 1517 3285 1588 loquitur
3311 1536 3323 1571 :
3347 1529 3402 1573 et
3431 1517 3653 1573 visionis
3684 1519 3836 1575 locus

2231 1623 2371 1663 unus
2396 1617 2451 1664 et
2492 1611 2641 1665 vocis
2670 1619 2782 1676 est;
2827 1626 3004 1682 neque
3034 1611 3193 1676 alius,
3230 1626 3389 1681 quam
3420 1611 3512 1681 qui
3547 1620 3632 1667 est
3659 1611 3831 1679 visus,

2232 1702 2464 1758 auditur.
2499 1705 2600 1773 Qui
2631 1708 2855 1776 angelus
2884 1706 2976 1761 Dei
3003 1715 3087 1761 est
3123 1721 3244 1760 cum
3275 1705 3506 1770 videtur,
3541 1704 3684 1761 idem
3713 1720 3836 1760 rur-

525 1801 672 1857 hunc
698 1808 887 1870 postea
921 1796 1042 1850 talis
1085 1794 1178 1849 Dei
1219 1807 1400 1848 sermo
1437 1799 1520 1846 est
1557 1807 1571 1844 :
1607 1789 1754 1843 Dixit
1792 1798 1963 1841 autem
1993 1786 2133 1841 Deus
2163 1785 2210 1845 B
2239 1811 2356 1850 sum
2386 1812 2507 1852 cum
2531 1797 2747 1854 auditur
2776 1808 2862 1854 est
2889 1799 3184 1862 Dominus;
3220 1799 3335 1868 ipse
3365 1813 3494 1854 vero
3525 1795 3609 1870 (b)
3644 1798 3829 1853 Domi-

528 1899 598 1954 ad
625 1896 811 1964 Iacob,
839 1910 1052 1965 surgens
1079 1891 1334 1947 adscende
1373 1891 1427 1944 in
1457 1889 1627 1943 iocum
1653 1886 1855 1951 Bethel,
1883 1896 1928 1941 et
1957 1886 2133 1939 habita

528 1991 621 2058 ibi,
644 2000 692 2045 et
723 1994 806 2060 {ac
834 1987 904 2041 ibi
933 1985 1180 2040 altarium
1206 1981 1340 2047 Deo,
1371 1981 1460 2053 qui
1494 1981 1736 2052 apparuit
1773 1979 1865 2034 tibi
1890 1994 2007 2032 cum
2043 1979 2131 2048 fu-

531 2101 675 2157 geres
700 2100 731 2137 a
759 2083 893 2154 facie
932 2079 1113 2150 fratris
1155 2079 1229 2132 tui
1261 2075 1414 2148 (Gen.
1448 2090 1623 2138 xxxv,
1658 2073 1736 2142 1).
1782 2072 1919 2128 Deus
1969 2073 2139 2125 hono-

530 2191 648 2232 rem
680 2175 791 2229 Deo
821 2171 1076 2242 postulat,
1103 2180 1157 2226 et
1186 2167 1421 2238 postulat
1447 2181 1569 2222 cum
1610 2163 1832 2220 alterius
1859 2161 2136 2234 significa-

531 2269 681 2326 tione
703 2279 948 2340 personat
978 2281 991 2318 :
1021 2264 1144 2331 Qui,
1177 2262 1372 2333 inquit,
1397 2260 1640 2332 apparuit
1663 2258 1752 2313 tibi
1771 2273 1887 2311 cum
1913 2257 2136 2329 fugeres;

537 2376 610 2418 ne
637 2375 740 2432 qua
770 2372 1020 2430 personae
1059 2356 1304 2427 ejusdem
1341 2353 1590 2409 confusio
1629 2361 1963 2407 nasceretur.
1999 2351 2139 2406 Deus

541 2471 673 2527 ergo
696 2453 779 2511 est
805 2453 896 2525 qui
927 2451 1188 2522 loquitur,
1223 2447 1369 2504 Deus
1405 2455 1461 2503 et
1486 2447 1554 2502 de
1581 2459 1690 2517 quo
1721 2442 1959 2515 loquitur
1992 2460 2004 2496 :
2039 2442 2139 2497 ho-

541 2549 688 2604 noris
724 2544 997 2602 confessio
1023 2559 1052 2598 a
1078 2554 1284 2599 naturae
1312 2540 1532 2596 nomine
1557 2553 1665 2595 non
1693 2537 1972 2606 discernit,
2006 2551 2142 2608 quos

539 2638 865 2712 signiﬁcatio
888 2636 1248 2692 subsistentes
1277 2647 1401 2689 esse
1425 2632 1730 2704 distinguit.

612 2730 705 2786 51.
740 2728 998 2799 Synopsis
1021 2736 1067 2782 et
1088 2742 1275 2796 scapus
1300 2725 1666 2796 praedictarum
1689 2739 1719 2776 a
1743 2739 1953 2778 numero
1979 2723 2146 2780 ‘25.—

545 2823 617 2880 Et
641 2823 770 2878 huic
799 2821 1018 2893 quidem
1048 2821 1170 2875 loco
1200 2819 1447 2891 quaedam
1487 2818 1708 2874 memini
1739 2817 1805 2874 ad
1846 2818 2144 2889 pleniorem

545 2914 944 2971 absolutionem
996 2912 1306 2971 necessaria
1360 2929 1374 2964 :
1418 2909 1514 2966 sed
1556 2907 1853 2964 secundum
1905 2911 2149 2979 proposi-

544 3008 712 3064 tionis
739 3006 1008 3071 ordinem,
1035 3005 1404 3075 responsionis
1425 3016 1639 3073 quoque
1663 3002 1798 3057 ordo
1830 3003 2148 3072 retinendus

549 3111 651 3161 est.
683 3102 870 3173 Itaque
904 3115 1023 3171 quae
1053 3099 1102 3156 ei
1141 3099 1347 3169 reliqua
1385 3105 1535 3163 sunt,
1576 3097 1628 3151 in
1671 3096 1810 3151 libro
1847 3097 2020 3152 altero
2050 3113 2148 3153 suo

2235 1906 2337 1946 nus
2362 1890 2454 1962 qui
2483 1891 2721 1958 auditur,
2754 1892 2894 1947 Deus
2923 1891 3120 1946 deinde
3142 1891 3395 1956 Abrahae,
3420 1892 3570 1946 Isaae
3594 1901 3648 1946 et
3669 1890 3838 1948 Jaeob

2235 1998 2358 2038 esse
2383 1984 2747 2054 cognoscitur.
2781 1984 2914 2038 Cum
2942 1984 3164 2054 angelus
3197 1984 3291 2039 Dei
3321 1983 3539 2049 dicitur,
3568 1998 3672 2039 non
3708 1998 3838 2054 pro-

2237 2076 2384 2147 prius
2406 2075 2505 2130 sibi
2536 2091 2600 2130 ac
2624 2076 2898 2131 solitarius
2927 2090 3047 2130 esse
3074 2084 3435 2139 numstratur;
3469 2073 3541 2147 (c)
3569 2082 3654 2129 est
3677 2073 3820 2129 enim

2239 2169 2462 2240 angelus
2495 2168 2586 2224 Dei
2619 2184 2780 2224 :cum
2820 2168 3081 2225 Dominus
3124 2179 3180 2224 et
3223 2168 3365 2224 Deus
3398 2177 3756 2238 nuncupatur,
3788 2169 3840 2222 in

2241 2261 2449 2318 honore
2493 2271 2703 2318 natura:
2752 2277 2867 2318 sua:
2906 2271 2962 2319 et
3010 2263 3228 2317 nomine
3271 2261 3615 2332 praedicatur.
3660 2260 3843 2316 Habes

2241 2372 2371 2428 ergo
2392 2357 2663 2428 angelum,
2688 2356 2780 2427 qui
2807 2355 2878 2412 de
2907 2355 3041 2413 rubo
3071 2355 3351 2427 apparuit,
3381 2364 3436 2410 et
3469 2354 3751 2410 Dominum
3782 2365 3833 2411 et

2245 2450 2440 2506 Deum.

2317 2544 2409 2599 55.
2442 2541 2650 2614 Moyses
2677 2559 2778 2600 non
2799 2543 2957 2598 semel
2991 2542 3157 2596 Deum
3187 2551 3233 2599 et
3263 2541 3541 2596 Dominum
3573 2541 3843 2614 pradicet.

2251 2635 2472 2707 Uterque
2492 2647 2661 2691 tamen
2689 2653 2821 2692 unus
2842 2645 2916 2692 est
2941 2637 3103 2692 Deus.
3135 2635 3279 2690 Filio
3306 2637 3380 2690 uti
3405 2646 3592 2690 natura
3619 2634 3730 2690 Deo
3751 2634 3848 2690 ho-

2248 2745 2344 2784 nor
2365 2730 2675 2800 postulatur.
2705 2727 2754 2782 F
2757 2729 2875 2783 ilius
2895 2739 2943 2783 et
2965 2729 3192 2801 Angelus
3220 2727 3313 2783 Dei
3344 2739 3388 2782 et
3423 2727 3584 2782 Deus.
3617 2757 3690 2768 —
3717 2728 3850 2784 Per-

2249 2839 2408 2880 curre
2435 2823 2612 2879 adhuc
2644 2821 2813 2895 Moysi
2846 2823 3185 2888 testimonia;
3215 2831 3270 2878 et
3311 2821 3554 2894 intellige
3588 2835 3658 2876 an
3694 2836 3853 2876 occa-

2250 2916 2462 2972 sionem
2488 2915 2726 2986 aliquam
2753 2914 3086 2986 praedicandi
3128 2915 3296 2970 Deum
3339 2924 3393 2969 et
3433 2913 3717 2970 Dominum
3749 2928 3849 2969 ne-

2252 3007 2432 3079 gligat.
2461 3007 2638 3064 Tenes
2667 3021 2862 3078 nempe
2891 3022 2956 3062 ex
2983 3006 3142 3061 dictis
3169 3006 3306 3076 ejus,
3337 3006 3494 3073 Audi,
3525 3005 3709 3073 Israel,
3744 3003 3856 3061 Do-

2254 3103 2423 3156 minus
2465 3101 2605 3155 Deus
2644 3111 2762 3156 tuus
2802 3117 2935 3155 unus
2975 3111 3048 3156 est
3089 3100 3265 3172 (Deut.
3309 3116 3385 3166 γι,
3412 3099 3492 3172 4).
3522 3101 3672 3156 Tene
3710 3115 3857 3156 nunc

549 3196 674 3251 loco
697 3171 1080 3265 exsequemur.
1113 3191 1346 3246 Tantum
1371 3191 1473 3244 hoc
1505 3202 1648 3242 nunc
1679 3188 1730 3242 in
1763 3188 1892 3256 Deo,
1925 3189 2013 3260 qui
2047 3190 2145 3245 ho-
2178 3171 2224 3236 (ἶ
2255 3193 2452 3249 divinae
2500 3194 2646 3249 illius
2674 3193 2942 3248 cantionis
2984 3171 3264 3248 sutedicta
3296 3209 3308 3246 :
3343 3194 3418 3247 ait
3453 3207 3730 3263 namque,
3757 3191 3854 3247 Vi-

549 3302 742 3345 norem
777 3287 890 3343 Deo
927 3286 1184 3358 postulat,
1225 3280 1707 3340 demonstrandum
1733 3280 1853 3351 fuit,
1898 3284 2151 3355 angelum
2255 3285 2388 3352 dele,
2417 3285 2580 3340 uidete
2601 3286 2842 3354 quoniam
2860 3301 2951 3358 ego
2977 3300 3093 3338 sum
3117 3283 3383 3350 Dominus,
3405 3294 3455 3339 et
3480 3301 3582 3339 non
3612 3293 3684 3340 est
3713 3282 3857 3340 Deus

556 3380 670 3447 Dei,
714 3381 804 3451 qui
849 3394 971 3435 cum
1026 3378 1171 3450 Agar
1197 3377 1410 3434 locutus
1447 3383 1612 3444 esset,
1659 3385 1714 3432 et
1747 3375 1912 3433 Deum
1951 3392 2072 3432 esse
2101 3386 2156 3432 et
2258 3388 2443 3450 prazter
2470 3395 2549 3434 me
2577 3376 2754 3451 (Deut.
2787 3394 2956 3440 χχχιι,
2991 3376 3105 3450 59).
3135 3376 3349 3433 Etcum
3380 3378 3559 3433 omnis
3596 3392 3779 3434 sermo
3805 3377 3858 3434 ei

555 3472 868 3540 Dominum,
900 3487 1024 3526 cum
1059 3469 1248 3526 iisdem
1289 3469 1358 3526 de
1396 3469 1560 3526 rebus
1589 3471 1656 3528 ad
1689 3470 1958 3526 Abraham
2005 3471 2156 3525 locu-
2257 3485 2322 3525 ex
2347 3483 2574 3540 persona
2618 3468 2712 3525 Dei
2739 3469 2816 3541 (ιι)
2845 3485 3013 3540 usque
3039 3469 3107 3524 ad
3145 3470 3307 3525 tinem
3336 3470 3606 3525 cantionis
3643 3468 3856 3536 luisset,

556 3574 643 3621 tus
665 3564 782 3636 ipse
809 3565 881 3621 sit
905 3581 917 3616 :
946 3572 1001 3619 et
1026 3562 1223 3628 virum,
1251 3561 1344 3631 qui
1365 3561 1600 3618 Abrahae
1626 3562 1771 3618 visus
1793 3562 1886 3627 sit,
1909 3570 1965 3617 et
1990 3561 2156 3616 Deum
2261 3563 2356 3628 ait,
2389 3561 2665 3617 Laztamini
2699 3561 2813 3616 caeli
2837 3562 2993 3616 simul
3023 3579 3142 3615 cum
3168 3577 3244 3628 eo,
3279 3571 3326 3616 et
3355 3561 3572 3616 adorent
3609 3578 3724 3616 eum
3749 3576 3864 3615 om-

560 3673 687 3714 esse
728 3665 784 3713 et
814 3657 1133 3720 Dominum;
1162 3655 1386 3726 angelos
1417 3664 1598 3711 autem
1629 3655 1788 3721 duos,
1821 3663 2023 3711 etcum
2056 3656 2159 3712 Do-
2266 3672 2355 3710 nes
2384 3654 2455 3727 (ε)
2489 3655 2585 3724 ﬁlii
2610 3653 2728 3708 Dei.
2762 3653 3035 3709 Laztamini
3062 3662 3232 3725 gentes
3267 3671 3384 3708 eum
3421 3655 3612 3726 populo
3653 3655 3785 3723 ejus,
3815 3663 3864 3708 et

558 3751 710 3807 mino
731 3749 901 3817 visos,
931 3760 986 3806 et
1011 3747 1123 3821 94
1148 3749 1216 3802 ab
1254 3763 1322 3804 eo
1361 3747 1428 3803 ad
1455 3747 1556 3804 Lot
1590 3749 1815 3814 missos,
1852 3748 1985 3803 nihil
2015 3748 2160 3804 aliud
2260 3748 2600 3817 honoriﬁcent
2627 3764 2743 3802 eum
2766 3764 2937 3802 omnes
2957 3749 3125 3818 angeli
3153 3745 3250 3800 Dei
3284 3744 3428 3818 (10.,
3457 3747 3569 3817 43).
3606 3747 3715 3818 95
3749 3745 3861 3800 lio-

557 3857 589 3898 a
611 3841 873 3914 propheta
896 3841 1000 3896 nisi
1020 3838 1244 3909 angelos
1275 3839 1614 3909 praedicatos.
1639 3838 1756 3894 Non
1779 3839 1954 3895 solum
1979 3848 2159 3895 autem
2263 3841 2626 3897 noriticandus
2654 3849 2737 3895 est
2761 3855 2792 3894 a
2816 3840 2908 3894 Dei
2932 3839 3139 3911 angelis
3169 3839 3329 3905 Deus,
3359 3838 3582 3894 dicens:
3611 3838 3866 3906 Quoniam

560 3933 629 3989 ad
661 3932 932 3988 Abraham
961 3932 1016 3986 in
1046 3931 1164 3987 Viro
1186 3932 1330 3986 Deus
1356 3929 1559 3999 admit,
1589 3931 1683 3988 sed
1713 3931 1880 3987 etiam
1908 3931 1973 3986 ad
1997 3931 2164 3987 1300b
2265 3954 2357 4008 ego
2377 3952 2487 3990 sum
2515 3935 2780 4000 Dominus,
2807 3944 2977 3989 etnon
2999 3945 3071 3989 est
3099 3933 3234 3988 Deus
3259 3942 3443 4003 praeter
3464 3948 3563 3986 me.
3595 3932 3690 3988 Est
3717 3931 3865 3988 enim

562 4027 620 4081 in
675 4024 896 4080 homine
945 4025 1088 4080 Deus
1141 4024 1310 4080 venit.
1360 4022 1548 4092 Neque
1600 4024 1776 4080 solum
1834 4025 2002 4091 venit,
2069 4024 2162 4080 sed
2266 4027 2586 4099 Unigenitus
2614 4028 2754 4082 Deus
2791 4041 3007 4098 :neque
3035 4035 3342 4080 consortem
3380 4025 3638 4095 unigeniti
3670 4039 3866 4079 nomen

561 4120 799 4174 luctatus
824 4118 1126 4174 ostenditur
1149 4118 1299 4187 (Gen.
1331 4135 1511 4186 χχχιι,
1531 4119 1677 4190 94)’;
1712 4135 1886 4191 neque
1925 4131 2161 4176 tantum-
2268 4122 2502 4177 admittit
2530 4122 2710 4188 (sicuti
2739 4137 2843 4177 non
2876 4122 3066 4190 recipit
3096 4120 3450 4186 iunascihilis,
3485 4121 3537 4174 in
3563 4136 3630 4176 eo
3661 4129 3868 4174 tantum

565 4209 731 4266 modo
761 4210 1015 4277 luctatus,
1057 4209 1154 4265 sed
1195 4211 1358 4265 etiam
1399 4211 1660 4267 adversus
1701 4227 1847 4279 eum,
1892 4227 2013 4266 cum
2058 4226 2167 4282 quo
2269 4215 2412 4286 quod
2443 4225 2523 4271 est
2551 4214 2909 4282 iunascibilis,
2941 4211 3319 4285 participem);
3345 4221 3429 4268 est
3458 4213 3602 4268 enim
3637 4226 3774 4266 unus
3803 4212 3871 4266 ab

566 4302 890 4368 luctabatur,
954 4299 1220 4356 inﬁrmus.
1278 4300 1431 4356 Nune
1496 4301 1563 4357 de
1619 4301 1778 4357 lucta:
1829 4311 2168 4358 sacramento
2273 4323 2401 4362 uno.
2445 4307 2629 4378 Neque
2672 4315 2868 4376 praeter
2911 4306 3284 4360 innascibilem
3330 4306 3494 4360 Deum
3538 4302 3871 4359 innascibilis

570 4396 653 4470 (a)
682 4409 787 4450 non
817 4402 922 4461 est,
943 4409 1117 4465 neque
1147 4394 1199 4448 in
1231 4402 1498 4464 tempore,
1529 4409 1704 4464 neque
1727 4395 1780 4449 in
1812 4394 2170 4461 materia,ali-
2276 4399 2417 4454 Deus
2437 4399 2575 4453 alius
2608 4407 2709 4464 est,
2745 4413 2920 4469 neque
2959 4407 3154 4467 praeter
3192 4395 3526 4466 unigenitum
3558 4395 3721 4449 Deum
3747 4394 3873 4448 uni-

569 4489 696 4561 quid
732 4497 984 4544 tractare.
1021 4488 1167 4544 Deus
1205 4498 1353 4545 certe
1387 4499 1501 4556 est;
1535 4489 1658 4561 quia
1702 4489 1873 4546 Jacob
1910 4490 2170 4546 adversus
2274 4491 2489 4561 genitus
2523 4490 2665 4546 Deus
2704 4489 2990 4559 quisquam
3031 4497 3133 4543 est.
3167 4486 3406 4558 Uterque
3436 4488 3616 4557 itaque
3654 4501 3789 4541 unus
3819 4493 3878 4542 et

568 4583 736 4639 Deum
765 4582 1014 4649 invaluit,
1041 4593 1096 4637 et
1124 4582 1290 4637 lsrael
1322 4583 1488 4638 Deum
1519 4583 1672 4638 vidit.
2195 4565 2251 4626 D
2275 4587 2422 4641 solus
2447 4595 2550 4650 est,
2595 4583 2925 4655 proprietate
2959 4583 3207 4638 videlicet
3237 4581 3290 4636 in
3324 4595 3647 4652 unoquoque
3692 4589 3747 4634 et
3786 4579 3875 4633 in-

639 4677 732 4735 52.
766 4676 936 4748 Moysi
976 4679 1032 4730 in
1070 4678 1198 4730 rubo
1227 4677 1387 4740 visus,
1421 4675 1677 4731 Dominus
1715 4685 1762 4730 et
1795 4675 1933 4730 Deus
1972 4687 2064 4732 est.
2094 4709 2166 4718 —
2276 4675 2647 4734 nascibilitatis
2695 4684 2750 4730 et
2775 4675 3019 4745 originis.
3065 4676 3141 4730 Ac
3175 4675 3253 4729 sic
3289 4683 3516 4744 uterque
3561 4673 3702 4728 Deus
3738 4685 3878 4726 unus

570 4770 863 4828 Videamus
905 4780 1107 4835 autem,
1152 4785 1220 4823 an
1268 4771 1430 4824 etiam
1473 4770 1624 4835 alibi,
1663 4779 1862 4839 praeter
1903 4785 2064 4839 quam
2098 4771 2166 4826 ad
2275 4781 2392 4837 est;
2427 4786 2548 4826 cum
2579 4771 2721 4826 inter
2751 4785 2916 4825 unum
2945 4781 3000 4826 et
3028 4785 3213 4834 unum,
3242 4767 3296 4824 id
3322 4779 3427 4834 est,
3451 4783 3516 4824 ex
3548 4785 3654 4824 uno
3683 4783 3871 4834 unum,

573 4863 720 4935 Agar
742 4905 757 4930 ,
786 4862 872 4917 hic
891 4861 1114 4932 angelus
1145 4861 1238 4916 Dei
1273 4861 1414 4915 Deus
1443 4875 1564 4917 esse
1593 4863 1662 4916 sit
1688 4861 1955 4932 cognitus.
1975 4861 2175 4933 Cogni-
2275 4863 2573 4920 divinitatis
2595 4875 2813 4919 aeterna:
2836 4878 2941 4919 non
2964 4862 3034 4918 sit
3058 4863 3291 4918 secunda
3325 4872 3534 4918 natura.
3557 4860 3880 4920 Adorandus

573 4966 664 5012 tus
691 4956 850 5027 plane
889 4964 992 5011 est.
1030 4952 1216 5026 Neque
1264 4952 1438 5010 solum
1479 4954 1644 5023 Deus,
1687 4953 1783 5009 sed
1821 4954 1984 5010 etiam
2032 4956 2173 5013 Deus
2277 4973 2406 5031 ergo
2449 4968 2534 5015 est
2579 4973 2611 5014 a
2657 4958 2779 5014 tiliis
2811 4957 2929 5025 Dei,
2970 4965 3027 5013 et
3065 4955 3501 5012 honoriﬁcentius
3549 4955 3617 5012 ab
3656 4954 3881 5026 Angelis

649 5136 728 5210 (a)
753 5135 914 5210 Editi,
936 5152 1106 5210 neque
1131 5144 1209 5190 est
1241 5136 1294 5189 in
1325 5143 1550 5210 tempore
1575 5151 1592 5190 :
1625 5143 1824 5210 praeter
1852 5134 2170 5210 ﬁdemmss.

580 5205 870 5264 Estautem
895 5206 983 5262 hic
1001 5205 1902 5276 pletirtamtius.crtjttsexeniplajam
1922 5207 2174 5262 vidimus.

655 5276 734 5349 (b)
763 5279 818 5332 In
849 5280 1098 5349 vulgatis,
1127 5279 1237 5349 ipse
1262 5293 1377 5331 vero
1399 5279 1484 5349 qui
1505 5277 1733 5349 auditur,
1758 5277 2013 5332 Dominus
2039 5277 2176 5333 Deus

581 5347 676 5406 est.
710 5347 908 5402 Deinde
929 5347 1347 5420 Abralue,_lsaac
1373 5359 1420 5402 et
1443 5347 1604 5403 Jacob
1629 5347 1892 5404 Deus’esse
1915 5351 2179 5420 cognosci-

581 5430 683 5475 tur.
713 5420 844 5488 Qua-
871 5421 1029 5475 lcetio
1059 5418 1280 5474 confusa
1309 5429 1640 5475 restauratur
1663 5435 1764 5490 ope
1793 5435 1924 5475 mss.

659 5490 730 5564 (c)
763 5492 925 5555 Editi,
962 5490 1161 5564 Etenim
1183 5491 1280 5545 Dei
1295 5493 1517 5564 angelus
1543 5508 1680 5554 cum,
1705 5502 1834 5554 etc.,
1867 5507 2028 5547 sensu
2058 5507 2180 5561 per-

2353 5139 2425 5212 (e)
2456 5140 2551 5196 Hie
2597 5141 2888 5198 Deuteron.
2941 5141 3091 5197 locus
3131 5141 3184 5196 in
3226 5141 3315 5197 Ps.
3359 5157 3525 5208 van,
3555 5157 3610 5196 n.
3657 5141 3712 5204 4,
3763 5141 3884 5197 aliis

2281 5214 2479 5283 verbis,
2505 5213 2722 5283 alioque
2743 5212 3027 5268 verborum
3052 5213 3244 5268 ordine
3268 5215 3608 5282 exprimitur.
3639 5212 3713 5267 lhi
3736 5213 3883 5267 enim

2286 5281 2462 5352 primo
2491 5283 2608 5338 loco
2626 5281 2864 5354 _habetur
2891 5284 3073 5352 Angeli
3113 5284 3228 5354 Dei,
3268 5281 3373 5338 non
3407 5284 3505 5347 ﬁlii
3536 5283 3664 5349 Dei;
3695 5293 3885 5354 postea

2285 5351 2462 5407 autem
2481 5353 2592 5427 ﬁlii
2615 5351 2736 5418 Dei,
2772 5354 2888 5427 loco
2920 5351 3101 5427 Angeli
3141 5353 3240 5409 Dei
3269 5372 3287 5409 :
3314 5357 3412 5427 cui
3444 5357 3659 5427 lectioni
3689 5351 3885 5427 ευστα-

2284 5433 2446 5499 gatnr
2469 5424 2840 5499 Justinussub
2863 5424 3021 5499 linem
3055 5427 3188 5480 Dial.
3218 5442 3340 5481 cum
3373 5426 3685 5499 Tryphonc,
3717 5426 3887 5499 lavet-

2287 5511 2392 5565 que
2421 5496 2616 5550 Paulus
2645 5497 2777 5551 Heb.
2814 5513 2852 5555 ι.
2883 5497 2934 5551 6.
2969 5497 3139 5565 Quem
3173 5499 3256 5551 hic
3292 5496 3705 5552 tenet'llilarius
3731 5497 3885 5551 ordi-

587 5563 826 5637 turbato,
870 5571 923 5616 et
953 5562 1159 5617 sublata
1193 5562 1509 5637 probatione
1539 5578 1642 5631 qua
1679 5564 1820 5620 Deus
1860 5580 1967 5618 non
1997 5565 2181 5620 solita-
2287 5562 2431 5625 nem.
2452 5577 2666 5622 tenetet
2691 5562 3026 5637 Epiphanius
3050 5568 3184 5622 luer.
3209 5583 3426 5632 Lth,n.
3454 5569 3543 5635 60,
3571 5569 3658 5623 ubi
3683 5567 3882 5623 habet:

588 5633 718 5721 riu’s.
725 5633 1149 5721 demonstratur.
1183 5633 1525 5721 castigantur
1550 5651 1618 5721 ex
1648 5650 1793 5721 m_ss._
1899 5716 1910 5721 _
2285 5639 2520 5721 Adonea:
2541 5639 2709 5721 ipsum
2725 5633 2898 5696 omnes
2922 5642 3020 5711 ﬁlii
3042 5638 3161 5708 Dei,
3193 5651 3241 5694 et
3263 5633 3548 5710 confortent
3573 5657 3688 5698 eum
3707 5656 3884 5695 omnes

592 5760 618 5828 ᾗ
661 5702 989 5830 (513.8cilicet
1012 5703 1304 5774 Unigeniti,
1338 5702 1395 5762 ut
1415 5707 1653 5777 apertius
1677 5707 1983 5765 declaratur
2002 5708 2095 5767 lib.
2120 5724 2176 5779 v,
2275 5711 2449 5783 angeli
2475 5702 2590 5765 Dei.

584 5786 637 5828 ιι.
671 5786 762 5828 δυ.
