4216 6254
316 367 408 424 iii

1496 370 1581 427 DE
1619 371 1986 430 TRINITA'I‘E
2027 373 2227 432 LIBER
2265 377 2352 436 IV.

3509 395 3614 451 1‘22

311 485 424 541 Dei.
458 483 537 540 Ita
568 492 624 541 et
653 483 828 541 honor
849 494 904 540 et
935 485 1211 542 veneratio
1251 486 1363 542 Deo
1393 501 1423 542 a
1456 487 1548 543 Dei
1571 489 1696 545 ﬁliis
1722 500 1778 546 et
1805 493 1914 548 An—
1940 492 1996 554 Α
2020 507 2183 550 cerne
2206 495 2280 566 (e)
2303 496 2370 552 ad
2398 498 2626 571 legentis
2653 501 3063 574 intelligentiam
3093 515 3314 562 unctum
3337 517 3391 565 et
3413 525 3615 582 ungen-

306 578 443 650 gelis
488 578 817 649 postulatur.
863 578 1322 650 Signiﬁcationem
1366 579 1687 648 honorandi,
1723 583 1805 655 (t)
1857 593 1912 640 et

308 686 498 728 eorum
525 671 600 743 (a)
642 686 739 740 per
772 686 909 742 quos
935 681 1015 726 est
1041 672 1387 728 honorandus
1417 675 1678 746 intellige,
1707 676 1913 732 scilicet

308 779 401 835 per
432 763 656 835 angelos
680 775 736 818 et
764 763 903 818 ﬁlios
935 765 1045 828 Dei,
1083 764 1243 820 Deus.
1277 766 1355 821 Ac
1382 782 1451 822 ne
1477 767 1614 822 forte
1647 770 1908 824 honorem

307 858 404 913 Dei
448 874 554 913 non
596 857 864 912 naturalis
891 858 1172 913 existimes
1205 861 1490 930 postulari,
1531 870 1587 916 et
1630 861 1909 918 arbitreris

307 951 415 1007 hoc
453 951 510 1008 in
548 952 668 1007 loco
709 953 931 1021 Moysen
971 951 1039 1007 de
1083 952 1398 1009 honorando
1446 955 1555 1010 Deo
1593 967 1743 1023 patre
1777 972 1907 1012 sen-

305 1044 471 1110 sisse,
496 1059 617 1098 cum
663 1053 841 1098 tamen
873 1044 1038 1116 Pater
1058 1045 1125 1100 sit
1160 1045 1506 1102 honorandus
1542 1048 1596 1102 in
1622 1047 1791 1114 Filio;
1828 1061 1908 1104 ta-

305 1151 438 1192 men
465 1136 919 1200 benedictionem,
943 1153 1105 1208 quam
1133 1137 1206 1209 (b)
1229 1139 1330 1194 sub
1350 1140 1542 1196 eodem
1570 1155 1820 1197 sermone
1840 1141 1907 1196 ad

306 1228 517 1299 Ioseph
547 1228 804 1299 disponit,
847 1229 1089 1285 adverte.
1123 1232 1211 1286 Ait
1240 1231 1382 1287 enim
1414 1249 1426 1284 :
1461 1229 1526 1286 Et
1554 1249 1667 1304 qua:
1703 1243 1912 1303 accepta

306 1330 435 1376 sunt
473 1321 522 1374 ei
565 1321 652 1390 qui
678 1322 916 1390 apparuit
948 1323 1001 1375 iu
1034 1322 1182 1390 rubo,
1210 1327 1410 1378 veniant
1439 1341 1592 1394 super
1629 1336 1780 1393 caput
1819 1323 1909 1379 Jo-

304 1415 432 1483 seph
460 1423 510 1467 et
525 1414 768 1467 uerticem
802 1413 977 1485 (Deut.
1009 1432 1198 1481 xxxiii,
1232 1415 1345 1486 16).
1377 1416 1701 1473 Adorandus
1723 1432 1853 1487 ergo
1877 1431 1906 1470 a

307 1506 403 1562 Dei
439 1504 564 1560 ﬁliis
591 1505 740 1560 Deus
768 1514 876 1572 est,
905 1509 1000 1562 sed
1029 1508 1170 1563 Deus
1195 1509 1285 1579 qui
1311 1519 1365 1564 et
1397 1509 1488 1564 Dei
1513 1509 1651 1564 ﬁlius
1672 1516 1774 1564 est.
1801 1509 1909 1562 Ho-

307 1600 583 1657 norandus
619 1609 802 1654 autem
847 1615 876 1654 a
917 1601 1010 1656 Dei
1051 1601 1258 1673 angelis
1299 1602 1440 1657 Deus
1480 1610 1584 1668 est,
1631 1600 1727 1656 sed
1768 1601 1906 1656 Deus

307 1693 400 1765 qui
433 1694 525 1751 Dei
560 1693 632 1765 (ε)
659 1697 886 1766 angelus
919 1695 1060 1750 Deus
1086 1703 1172 1751 est
1204 1713 1218 1748 :
1253 1693 1377 1764 quia
1406 1693 1474 1748 de
1501 1693 1636 1748 rubo
1656 1694 1908 1763 apparuit

312 1786 406 1842 Dei
434 1788 657 1857 angelus
680 1787 844 1855 Deus,
873 1797 928 1842 ct
955 1804 1073 1858 qua:
1104 1788 1150 1842 ei
1174 1787 1493 1856 complacita
1525 1795 1670 1848 sunt.
1701 1785 1904 1855 Joseph

2017 594 2123 640 tem
2159 604 2170 638 :
2201 586 2472 660 distingue
2511 601 2558 646 te
2598 602 2652 648 et
2691 603 2808 648 tuus
2840 595 2951 650 :ad
2998 612 3156 668 quem
3200 607 3256 655 et
3292 599 3358 656 de
3398 616 3505 672 quo
3543 603 3615 660 sit

2013 691 2214 745 sermo,
2245 679 2581 739 demonstra.
2611 684 2995 756 Superioribus
3022 690 3165 746 enim
3188 690 3348 748 dictis
3372 693 3456 748 hic
3479 709 3610 750 cou-

2014 769 2266 830 fessionis
2296 774 2429 830 ordo
2455 779 2730 847 subjectus
2759 791 2861 837 est.
2898 784 3114 840 Dixerat
3143 802 3374 857 namque
3400 807 3414 844 :
3447 787 3612 845 Sedes

2017 875 2124 933 tua,
2165 869 2326 938 Deus,
2370 873 2424 925 in
2448 874 2695 927 saeculum
2737 877 2935 937 steculi,
2967 880 3110 950 virga
3151 880 3445 937 directionis
3492 891 3614 950 tuae,

2017 963 2157 1032 virga
2190 966 2334 1036 regni
2381 966 2491 1031 tui;
2523 967 2750 1022 dilexisti
2780 972 3066 1042 justitiam,
3101 984 3146 1027 et
3176 975 3331 1029 odisti
3365 977 3611 1044 iniquita-

2014 1064 2113 1110 tem
2149 1057 2338 1127 (lbid.,
2373 1059 2453 1130 7).
2492 1059 2640 1114 Nunc
2661 1077 2874 1133 quoque
2918 1063 3000 1119 his
3045 1065 3241 1135 adjecit
3285 1086 3298 1122 :
3330 1067 3616 1140 PrOpterea

2012 1150 2158 1203 unxit
2184 1161 2250 1216 te,
2284 1150 2447 1217 Deus,
2476 1151 2614 1207 Deus
2639 1163 2773 1208 tuus.
2812 1157 2948 1210 Deus
2976 1173 3104 1228 ergo
3127 1159 3276 1230 regni
3303 1162 3510 1226 mterni,
3542 1163 3612 1218 oh

2011 1241 2265 1296 meritum
2293 1242 2504 1298 dilecta:
2529 1244 2749 1313 justitize
2777 1255 2834 1301 et
2864 1261 3071 1315 perosa:
3100 1250 3416 1320 iniquitatis,
3444 1268 3472 1306 a
3501 1254 3612 1310 Deo

2013 1347 2118 1388 suo
2145 1347 2338 1391 unctus
2366 1347 2469 1392 est.
2504 1338 2769 1410 Numquid
2804 1342 3211 1411 intelligentiam
3250 1355 3487 1402 nostram
3514 1349 3614 1404 ali-

2009 1443 2113 1498 qua
2166 1430 2362 1485 saltem
2411 1434 2686 1488 nominum
2735 1434 3016 1491 intervalla
3064 1437 3435 1495 confundunt?
3479 1440 3611 1498 Nam

2009 1523 2270 1579 discretio
2318 1534 2526 1580 tantum
2580 1542 2824 1597 personze
2869 1531 2920 1584 in
2965 1539 3013 1584 te
3049 1541 3104 1587 et
3140 1542 3259 1586 tuus
3303 1537 3472 1604 posita
3504 1545 3607 1604 est,

2011 1618 2064 1671 in
2113 1618 2260 1673 nullo
2308 1628 2486 1676 tamen
2533 1631 2739 1678 naturae.
2783 1623 3032 1680 di5tiucla
3076 1627 3435 1684 confessione.
3467 1629 3613 1686 Tuus

2009 1711 2153 1768 enim
2182 1713 2408 1767 relatum
2431 1724 2517 1769 est
2537 1715 2602 1770 ad
2635 1726 2932 1784 auctorem,
2969 1728 3014 1772 te
3039 1734 3167 1774 vero
3189 1721 3254 1775 ad
3278 1721 3394 1791 ejus
3421 1724 3511 1794 qui
3541 1739 3608 1779 ex

2008 1814 2229 1860 auctore
2266 1815 2349 1860 est
2378 1807 2845 1876 signiﬁcationem.
2879 1811 2970 1865 Est
3009 1813 3152 1866 enim
3190 1814 3328 1868 Deus
3357 1831 3424 1869 ex
3460 1817 3595 1881 Deo,

306 1892 430 1933 cum
487 1879 897 1936 benediceretur
939 1889 1211 1946 optantur.
1256 1877 1374 1933 Non
1418 1877 1537 1934 ideo
1581 1894 1686 1932 non
1739 1879 1898 1944 Deus,

2015 1900 2268 1966 propheta
2319 1899 2512 1954 eodem
2556 1901 2747 1955 ordine
2771 1902 3065 1958 conﬁtente
3100 1920 3113 1957 :
3151 1905 3310 1960 Unxit
3337 1915 3408 1972 te,
3441 1877 3605 1977 Deus,

306 1973 430 2042 quia
457 1972 681 2042 angelus
715 1973 809 2028 Dei
839 1981 955 2038 est;
987 1987 1159 2042 neque
1186 1985 1398 2026 rursum
1429 1971 1651 2040 angelus
1681 1969 1774 2024 Dei
1801 1985 1908 2024 non

307 2064 532 2128 idcirco,
577 2067 701 2136 quia
750 2065 892 2121 Deus
920 2075 1044 2120 est:
1085 2063 1180 2120 sed
1225 2063 1519 2134 signiﬁcata
1562 2078 1908 2132 personarum

307 2157 683 2228 intelligentia,
707 2166 761 2213 et
791 2158 872 2230 (ιι)
904 2157 1160 2212 distincto
1192 2156 1629 2212 innascibilitatis
1654 2157 1908 2211 nativita-

309 2251 480 2320 tisque
520 2264 708 2317 sensu,
741 2264 804 2304 ac
843 2247 1181 2304 manifestata
1219 2256 1684 2304 sacramentorum
1712 2249 1910 2305 coales-

307 2344 444 2400 tium
464 2344 896 2414 dispensatione,
921 2360 1025 2398 non
1054 2343 1352 2399 solitarium
1389 2345 1552 2399 Deum
1585 2343 1766 2398 docuit
1793 2343 1912 2414 Opi-

309 2436 563 2502 nandum,
590 2451 715 2491 cum
760 2437 1010 2506 angelum
1051 2444 1107 2491 et
1143 2436 1308 2491 ﬁlium
1353 2437 1446 2491 Dei
1497 2436 1688 2504 Deum,
1727 2437 1820 2491 Dei
1855 2447 1910 2492 et

306 2528 479 2601 angeli
507 2538 566 2583 et
597 2528 693 2584 ﬁlii
721 2527 1046 2584 adorabunt.

379 2623 468 2679 54.
507 2623 578 2678 Ει
625 2622 745 2678 haec
791 2622 1006 2694 quidem
1051 2621 1118 2678 de
1163 2620 1333 2694 Moysi
1377 2622 1528 2678 libris
1581 2637 1840 2693 responsa
1877 2639 1907 2678 a

307 2715 462 2771 nobis
489 2716 618 2779 sint,
652 2715 738 2770 vel
770 2715 949 2785 potius
974 2713 1186 2786 Moyses
1218 2715 1333 2784 ipse
1366 2713 1710 2784 responderit
1739 2732 1753 2773 :
1783 2715 1905 2785 quia

300 2821 370 2866 eo
399 2807 639 2863 haeretici
671 2816 892 2862 auctore
921 2807 1026 2871 usi,
1057 2822 1153 2877 per
1183 2806 1342 2861 unius
1372 2807 1466 2862 Dei
1493 2805 1904 2863 confessionem

305 2910 495 2972 putent
525 2901 832 2972 persuaderi
862 2915 1038 2970 posse,
1066 2916 1134 2956 ne
1164 2901 1304 2957 Deus
1332 2915 1452 2956 esse
1478 2901 1568 2957 Dei
1599 2901 1738 2957 ﬁlius
1762 2917 1904 2973 prae-

304 2992 553 3059 dicetur;
581 2991 695 3064 96
721 3001 909 3048 contra
937 2991 1176 3048 auctoris
1203 2992 1285 3047 sui
1326 2993 1690 3048 testimonium
1728 2994 1902 3064 impii,

304 3099 424 3141 cum
452 3085 670 3156 quando
698 3085 789 3140 ille
816 3100 984 3140 unum
1016 3085 1184 3139 Deum
1219 3081 1505 3150 conﬁtens,
1539 3101 1644 3140 non
1676 3085 1903 3142 destite-

303 3180 373 3236 rit
399 3180 467 3236 de
500 3180 590 3234 Dei
614 3177 726 3234 ﬁlio
752 3178 952 3235 docere
972 3179 1117 3250 quod
1143 3179 1283 3234 Deus
1308 3188 1410 3234 est.
1437 3177 1542 3234 Sed
1569 3194 1904 3252 consequens

2012 1985 2152 2042 Deus
2190 1999 2328 2044 tuus.
2358 1989 2473 2044 Non
2519 2001 2601 2046 est
2638 2003 2815 2048 autem
2858 2002 2982 2048 ante
3017 1995 3387 2051 innascibilem
3441 1998 3606 2056 Deum

2015 2081 2157 2137 Deus
2188 2083 2348 2148 ullus,
2399 2083 2518 2152 ipso
2547 2084 2762 2140 dicente
2799 2104 2811 2139 :
2848 2085 3025 2141 Estote
3064 2089 3192 2141 mihi
3231 2099 3400 2155 testes,
3437 2101 3483 2145 et
3516 2108 3610 2163 ego

2013 2174 2172 2239 testis,
2206 2174 2327 2228 dicit
2355 2175 2603 2230 Dominus
2629 2176 2789 2245 Deus,
2825 2189 2870 2232 et
2891 2196 3017 2251 puer
3039 2197 3180 2234 meus
3201 2199 3348 2252 quem
3371 2183 3531 2255 elegi,
3554 2194 3611 2238 ut

2010 2266 2186 2320 sciatis
2214 2277 2262 2320 et
2307 2268 2526 2323 credatis
2569 2280 2616 2324 et
2656 2269 2954 2343 intelligatis
2985 2274 3225 2344 quoniam
3267 2292 3360 2347 ego
3394 2292 3527 2342 sum,
3565 2285 3612 2333 et

2009 2371 2128 2414 ante
2154 2376 2236 2413 me
2265 2378 2366 2415 non
2392 2372 2463 2416 est
2499 2363 2634 2417 alius
2665 2363 2824 2431 Deus,
2860 2376 2906 2420 et
2936 2377 3050 2435 post
3091 2384 3170 2422 me
3208 2385 3308 2423 non
3335 2371 3430 2424 erit
3457 2369 3606 2444 (Esa.

2009 2468 2159 2514 mu,
2196 2453 2306 2524 10).
2341 2452 2418 2525 (2)
2452 2455 2581 2525 Ejus
2603 2456 2786 2525 igitur,
2818 2456 2889 2530 (ι’)
2916 2459 3006 2528 qui
3036 2461 3153 2515 sine
3182 2461 3335 2517 initio
3365 2472 3475 2526 est,
3510 2464 3607 2519 de-

2010 2553 2309 2600 monstrata
2332 2554 2416 2600 est
2435 2546 2702 2617 dignitas;
2736 2559 2788 2603 et
2815 2550 2934 2617 ejus
2962 2552 3050 2621 qui
3083 2567 3148 2606 ex
3177 2554 3479 2610 innascibili
3502 2567 3604 2626 est,

2010 2636 2186 2692 honor
2215 2647 2568 2693 conservatus
2597 2649 2681 2695 est
2712 2659 2724 2696 :
2762 2639 2922 2695 Uttin
2951 2653 3019 2708 te,
3059 2643 3202 2697 enim
3263 2643 3422 2710 Deus,
3471 2644 3608 2702 Deus

2016 2739 2155 2785 tuus.
2188 2729 2245 2786 ld
2277 2731 2446 2795 enim,
2474 2732 2616 2802 quod
2663 2733 2735 2787 ait
2781 2743 2917 2801 tuus,
2961 2734 3027 2788 ad
3066 2735 3401 2791 nativitatem
3441 2738 3610 2794 refer—

2010 2834 2117 2890 tur,
2156 2835 2414 2880 caeterum
2465 2840 2572 2880 uon
2631 2826 2847 2895 perimit
2897 2835 3140 2882 naturam
3189 2829 3350 2900 (Vide
3388 2830 3477 2884 lib.
3528 2847 3605 2898 xi,

2009 2933 2064 2971 η.
2104 2917 2191 2983 18,
2220 2917 2366 2988 etc.).
2399 2917 2468 2974 Et
2496 2917 2701 2974 idcirco
2733 2919 2871 2973 Deus
2893 2920 3009 2989 ejus
3039 2933 3142 2987 est,
3173 2922 3294 2992 quia
3329 2937 3394 2977 ex
3417 2938 3482 2978 eo
3512 2939 3608 2979 na-

2010 3017 2094 3064 tus
2124 3010 2176 3064 in
2202 3009 2368 3065 Deum
2392 3019 2494 3066 est.
2520 3009 2633 3065 Non
2667 3019 2846 3066 tamen
2879 3027 2975 3082 per
3010 3014 3083 3080 id,
3108 3013 3248 3084 quod
3275 3012 3438 3069 Pater
3467 3015 3606 3072 Deus

2008 3110 2110 3167 est,
2153 3115 2258 3154 non
2309 3111 2364 3156 et
2402 3100 2572 3156 Filius
2620 3103 2759 3156 Deus
2802 3114 2886 3157 est
2918 3122 2930 3156 :
2966 3102 3126 3158 Unxit
3171 3104 3313 3160 enim
3360 3115 3425 3171 te,
3472 3105 3608 3161 Deus

2007 3191 2149 3246 Deus
2193 3205 2310 3246 tuus
2338 3209 2358 3247 :
2386 3193 2665 3264 designata
2696 3193 2943 3249 videlicet
2971 3206 3026 3249 et
3065 3197 3323 3263 auctoris,
3355 3206 3409 3252 et
3434 3212 3498 3252 ex
3542 3212 3608 3253 eo

305 3282 387 3327 est
436 3271 764 3343 multiplices
809 3271 878 3328 de
933 3271 1124 3328 eodem
1178 3271 1560 3341 prepbetarum
1607 3275 1904 3330 sententias
1931 3273 1976 3337 C
2009 3284 2177 3354 geniti
2207 3283 2624 3354 signiﬁcatione,
2659 3300 2768 3340 uno
2803 3285 3102 3357 eodemque
3139 3289 3285 3342 dicto
3319 3296 3608 3359 utrumque

306 3364 569 3436 proferre.

372 3458 465 3514 55.
503 3459 608 3528 Qui
633 3461 883 3530 propheta
912 3458 1108 3514 Filium
1133 3469 1179 3514 et
1207 3458 1368 3514 Deum
1397 3460 1596 3526 doceat,
1618 3469 1665 3514 et
1691 3480 1722 3515 a
1751 3459 1910 3518 Patre

307 3564 559 3609 secernat.
587 3550 713 3607 Filii
754 3569 848 3607 cur
884 3563 1025 3624 pater
1067 3551 1207 3606 Deus
1233 3554 1319 3608 sit.
1347 3583 1418 3593 -—
1444 3552 1620 3609 Tenes
1655 3554 1853 3610 dictum
1888 3573 1901 3612 :

308 3645 466 3711 Audi,
491 3644 680 3710 Israel,
713 3644 964 3700 Dominus
989 3645 1127 3700 Deus
1155 3655 1270 3699 tuus
1298 3663 1429 3700 unus
1461 3654 1532 3700 est
1566 3662 1585 3700 :
1610 3656 1769 3719 atque
1800 3651 1901 3706 uli-

306 3753 432 3794 nam
490 3749 638 3795 recte
694 3749 930 3795 teneres.
983 3738 1087 3795 Sed
1136 3741 1432 3797 secundum
1489 3759 1706 3800 sensum
1758 3756 1906 3801 tuum

304 3831 434 3887 dicti
479 3831 780 3902 prophetici
823 3846 1008 3901 qmcro
1041 3833 1328 3887 rationem.
1359 3833 1450 3889 Ait
1475 3837 1617 3891 enim
1666 3837 1715 3892 in
1760 3837 1905 3907 psal—

305 3925 410 3981 mis
439 3942 453 3979 :
500 3923 660 3982 (luxit
686 3935 754 3992 te,
781 3923 952 3990 Deus,
982 3921 1122 3981 Deus
1149 3935 1266 3980 tuus
1288 3925 1462 3999 (Psal.
1490 3945 1635 3996 XLIV,
1671 3928 1748 4001 8).
1792 3931 1910 3988 Dis-

380 4088 460 4162 (ᾖ)
489 4088 555 4162 ξι
578 4091 690 4162 ejus
721 4103 810 4162 per
838 4087 1008 4162 cujus.

383 4161 463 4234 (Ξ)
490 4157 627 4222 Eius
666 4160 822 4231 igitur
861 4157 948 4229 qui
985 4158 1093 4234 sine
1132 4157 1394 4234 nativitate
1431 4167 1525 4234 est,
1567 4158 1910 4234 demonstrata

307 4228 530 4304 persona
551 4240 648 4298 est,
683 4228 829 4296 mox,
862 4228 959 4300 pro
989 4229 1044 4282 id
1085 4230 1217 4282 enim
1257 4228 1393 4298 quod
1429 4230 1520 4296 ait,
1556 4239 1639 4285 est
1683 4232 1737 4284 id
1773 4233 1910 4302 quod

387 4366 464 4438 (a)
488 4366 562 4422 Ita
592 4366 708 4432 Er.,
745 4363 892 4435 Lips.
927 4373 979 4419 et
1023 4364 1147 4438 Par.
1195 4380 1314 4433 qua:
1356 4363 1518 4419 lectio
1559 4364 1712 4419 nobis
1752 4366 1908 4423 valde

310 4437 562 4508 suspecta
597 4447 702 4504 est,
735 4452 855 4491 cum
886 4451 983 4492 nec
1015 4437 1434 4508 satiseongruat
1465 4438 1908 4508 cumsubnexis,

311 4506 424 4566 nec
445 4510 709 4564 habeatur
735 4509 836 4563 nisi
871 4508 921 4560 in
962 4506 1358 4577 recentioribus
1397 4522 1527 4562 mss.
1561 4506 1691 4562 Nam
1726 4508 1779 4562 in
1814 4525 1908 4577 po-

311 4581 543 4637 tioribus
593 4581 764 4634 tribus
817 4578 997 4643 Colb.,
1064 4576 1253 4641 Carm,
1305 4577 1494 4644 Corb.,
1541 4577 1752 4644 Germ.,
1812 4576 1916 4636 Re-

311 4653 470 4723 mig.,
503 4659 636 4716 etc.,
667 4651 846 4722 legere
877 4660 974 4723 est,
1009 4658 1054 4702 et
1083 4649 1195 4723 eius
1235 4666 1324 4720 per
1340 4653 1497 4723 _cujus
1527 4650 1726 4723 (potest
1759 4652 1916 4706 intel—

308 4718 417 4795 ligi
431 4725 648 4779 tacitum
678 4718 898 4795 uerbum
926 4718 1193 4795 honorem)
1223 4718 1297 4774 est
1329 4718 1676 4776 honorandus.
1712 4722 1768 4777 In
1812 4740 1912 4780 ius.

309 4793 477 4852 ϐόε-ι).
507 4793 758 4849 secandis
786 4793 1283 4864 ciuriishadscriptum
1306 4802 1407 4857 est,
1441 4802 1485 4845 et
1511 4795 1623 4864 ejus
1655 4810 1744 4861 per
1769 4812 1916 4864 quem

312 4879 387 4923 est
425 4866 778 4939 honorandus.
806 4863 865 4918 In
897 4862 1278 4939 V’indocinensi
1305 4873 1486 4939 autem
1513 4862 1787 4939 exstatLet'
1806 4869 1920 4939 ejus

316 4957 411 5012 per
439 4955 569 5008 quos
594 4948 665 5012 est
695 4934 1046 5012 honorandus.
1083 4933 1283 5012 Deinde
1311 4935 1362 5012 in
1391 4935 1680 5012 vetustiore
1706 4933 1914 5012 [ti-iniig.

314 5004 598 5076 mendose,
620 5009 900 5078 intelligere
917 5005 1185 5078 scilicetur
1199 5005 1422 5078 Angelus
1439 5013 1486 5057 et
1506 5004 1552 5058 F
1556 5005 1675 5058 ilius
1698 5005 1816 5078 Diei.
1842 5004 1920 5062 Ex

314 5083 517 5153 quibus
550 5095 653 5134 non
683 5076 1025 5153 incommode
1051 5076 1326 5153 coniicere
1349 5077 1920 5153 liceret,_sigi_iiﬁc_a_tio-

317 5145 437 5209 nem
458 5151 751 5206 honorandi
776 5166 839 5205 ex
861 5149 932 5202 eis
953 5163 1190 5222 perque}
1213 5157 1304 5222 est
1307 5145 1643 5202 honorandus
1667 5148 1918 5222 intellige,

316 5225 522 5295 scilicet
547 5233 602 5276 ut
634 5221 867 5295 Angelus
893 5215 1112 5295 et'ﬁlius
1136 5215 1232 5271 Dei
1257 5216 1421 5295 Deus.

393 5293 476 5367 (b)
506 5295 562 5349 In
612 5289 938 5367 iiuo'codiee
981 5289 1277 5367 Vati_c._s_ub
1320 5289 1496 5367 eodem
1537 5291 1758 5367 nomine:
1785 5291 1921 5367 Tum

317 5359 736 5424 in'r'ecentiore
779 5363 989 5430 Remig.
1041 5359 1108 5433 ad
1153 5359 1359 5414 Tlieod.
1406 5359 1567 5415 Jacob
1612 5363 1678 5415 ad
1728 5363 1923 5433 Ioseph

320 5438 576 5509 disponit.
625 5437 901 5509 Sincerior
942 5440 1024 5488 est
1067 5432 1228 5509 lectio
1270 5441 1616 5509 cmterorum.
1669 5432 1922 5509 StibjeCta

325 5503 474 5568 enim
509 5509 673 5563 verba
722 5503 1122 5560 Deuteronomii
1167 5512 1321 5575 sunt;
1366 5505 1611 5575 quamvis
1655 5505 1720 5560 ad
1759 5507 1922 5562 bene-

323 5584 620 5639 dictionem
645 5577 814 5633 Jacob
837 5578 974 5632 Gen.
1004 5589 1154 5639 χιιι,
1184 5571 1272 5638 26,
1303 5571 1565 5631 alludunt.

400 5653 472 5722 (ε)
503 5652 580 5706 Ita
605 5663 736 5704 mss.
765 5649 835 5722 A_t
863 5646 1016 5722 editi,
1039 5644 1477 5722 Angelusﬂestjui
1503 5649 1563 5702 de
1580 5651 1724 5705 rubo.
1758 5648 1848 5706 Sic
1869 5655 1925 5722 et

327 5715 654 5780 Ambrosius
687 5723 738 5775 in
782 5719 926 5776 Psal.
962 5732 1111 5778 xuii.
1145 5732 1200 5770 ιι.
1233 5715 1320 5780 15,
1353 5715 1544 5773 Filium
1587 5722 1637 5775 in
1677 5722 1810 5775 rubo
1841 5718 1923 5772 vi-

327 5813 448 5852 sum
472 5794 641 5849 fuisse
670 5792 911 5853 declarat
937 5790 1018 5852 his
1051 5785 1231 5854 verbis
1255 5786 1425 5854 ;_Quis
1453 5801 1526 5844 est
1561 5792 1614 5845 in
1643 5793 1766 5846 rubo
1789 5793 1925 5846 visus

334 5846 652 5938 ﬁliisﬁliis
680 5846 1049 5935 primogenitus
1078 5846 1172 5912 Dei
1211 5846 1371 5930 nisi},
1401 5862 1490 5931 qui
1513 5863 1581 5917 ait
1616 5879 1640 5924 ;¹
1669 5862 1782 5934 Ego
1812 5878 1925 5938 sum

2009 3376 2162 3432 illum
2209 3377 2262 3432 iu
2293 3386 2499 3432 naturtc
2528 3377 2772 3447 ejusdem
2805 3379 2883 3450 (g)
2925 3388 2980 3435 et
3015 3380 3289 3451 dignitatis
3333 3397 3609 3454 nuncupa-

2013 3471 2162 3526 tione
2186 3470 2492 3525 constituit.

2079 3562 2188 3633 97
2201 3561 2289 3618 56.
2323 3560 2519 3616 Filium
2545 3561 2719 3618 Patris
2739 3564 2939 3636 qualem
2957 3563 3144 3620 Esaias
3166 3566 3608 3636 prodierit—Vc-

2008 3671 2128 3712 rum
2152 3673 2220 3712 ne
2242 3656 2378 3712 forte
2409 3673 2471 3713 ex
2503 3673 2568 3713 eo
2589 3659 2752 3730 arripi
2783 3661 2957 3730 impiae
2988 3663 3305 3718 assertionis
3325 3664 3491 3732 possit
3514 3678 3608 3717 oc-

2012 3749 2176 3814 casio,
2199 3749 2340 3817 quod
2373 3750 2573 3804 dictum
2604 3760 2706 3814 est,
2743 3751 3001 3819 Quoniam
3031 3770 3120 3821 ego
3145 3771 3279 3818 sum,
3313 3763 3362 3807 et
3387 3763 3504 3808 aute
3530 3771 3612 3808 me

2011 3850 2206 3895 nonest
2234 3839 2374 3894 Deus
2395 3842 2550 3906 alius,
2571 3852 2616 3895 et
2639 3854 2750 3912 post
2779 3859 2857 3897 me
2879 3860 2977 3897 non
3001 3845 3092 3897 erit
3116 3843 3284 3909 (Esai,
3308 3859 3457 3910 xuii,
3477 3844 3565 3916 10)
3591 3863 3606 3910 ;

2013 3944 2284 4007 tamquam
2318 3953 2413 4007 per
2461 3937 2513 3991 id
2555 3953 2662 3991 non
2715 3947 2768 3992 et
2821 3937 2987 3992 Filius
3020 3936 3160 3993 Deus
3200 3938 3290 4004 sit,
3321 3939 3446 4008 quia
3492 3948 3614 4009 post

2016 4095 2109 4156 ait,
2140 4103 2190 4146 et
2227 4093 2386 4162 paulo
2417 4102 2558 4164 post,
2591 4092 2710 4160 quia
2738 4108 2800 4147 ex
2844 4090 2955 4146 Deo
2996 4104 3146 4148 natus
3183 4092 3394 4165 legitur,
3427 4107 3526 4164 pro
3553 4109 3616 4148 ea:

2017 4181 2074 4220 eo
2106 4172 2276 4219 natus.

2013 4369 2153 4446 Deus
2185 4378 2383 4446 patrum
2406 4381 2718 4446 uestrorum,
2755 4371 2893 4426 Deus
2924 4372 3204 4439 Abraham,
3251 4371 3391 4430 Deus
3429 4375 3580 4431 Isaac
3600 4420 3616 4446 ,

2013 4440 2156 4520 Deus
2184 4441 2367 4494 Iacob.
2393 4441 2521 4495 Ideo
2542 4459 2597 4496 se
2612 4443 2979 4520 demonstravit
3005 4445 3244 4520 humanis
3275 4440 3615 4520 adspectiltus,

2015 4514 2137 4583 quia
2162 4521 2404 4566 venturus
2426 4522 2534 4566 erat
2558 4523 2610 4565 ut
2641 4513 2704 4566 ab
2733 4514 2967 4568 omnibus
2997 4515 3271 4570 videretur.

2093 4605 2172 4679 (d)
2209 4606 2265 4660 in
2313 4605 2494 4672 editis,
2523 4606 2785 4662 distinctio
2819 4607 3116 4662 :mendum
3163 4610 3306 4679 quod
3351 4613 3619 4684 castigant

1943 4685 1996 4745 D
2022 4692 2154 4732 mss.

2098 4748 2167 4820 (e)
2198 4749 2346 4824 Lips.
2371 4758 2426 4805 et
2444 4749 2601 4824 Pan,
2621 4750 2880 4824 discernat
2902 4751 3110 4824 legentis
3135 4751 3472 4824 intelligentia
3498 4772 3516 4809 :
3535 4771 3622 4812 re-

2028 4822 2350 4876 luctantibus
2406 4822 2524 4875 aliis
2579 4822 2745 4875 libris.
2807 4821 2880 4876 Ita
2943 4821 3318 4877 'l‘ertullianns'
3357 4826 3621 4882 adversus

2025 4892 2286 4949 Praxeam
2313 4908 2366 4947 η.
2397 4893 2488 4957 15,
2517 4893 2836 4948 Ambrosius
2863 4894 2955 4948 lib.
2992 4911 3004 4947 i
3032 4894 3099 4947 tle
3121 4893 3251 4948 Fide
3277 4911 3325 4949 c.
3358 4896 3412 4960 5,
3446 4909 3499 4951 ει
3526 4898 3620 4954 alii

2028 4963 2220 5020 Patres
2257 4965 2308 5018 in
2343 4966 2444 5018 hoc
2495 4964 2796 5018 Psalmistm
2838 4965 2957 5019 loco
2999 4965 3133 5019 duos
3176 4977 3361 5035 aperte
3387 4968 3621 5024 discerni

2028 5035 2342 5090 observant.
2374 5035 2732 5090 Luculentum
2763 5044 2843 5090 est
2887 5052 2994 5105 prze
3025 5038 3236 5090 czrteris
3277 5038 3404 5090 illud
3436 5039 3621 5094 lrenaﬁ

2030 5106 2127 5180 lib.
2166 5123 2242 5180 ιιι,
2293 5122 2342 5161 c.
2392 5106 2425 5161 6
2457 5125 2468 5159 :
2499 5106 2748 5176 Utrosque
2792 5105 2890 5162 Dei
2929 5108 3273 5180 appellatione
3314 5109 3622 5180 significavit

2031 5175 2268 5251 Spiritus
2295 5188 2523 5251 sanctus,
2557 5189 2606 5251 et
2649 5175 2763 5232 eum
2793 5180 2878 5249 qui
2907 5175 3114 5251 ungitur
3141 5175 3382 5247 Filium;
3421 5175 3467 5234 et
3508 5198 3622 5236 eum

2026 5251 2114 5317 qui
2147 5250 2290 5318 ungit
2313 5289 2334 5319 η
2362 5249 2417 5302 id
2445 5257 2539 5316 est,
2570 5249 2800 5306 Patrem.

2099 5339 2169 5410 (f)
2217 5338 2356 5416 E-diti
2397 5349 2625 5416 excepto
2665 5341 2812 5416 Pan,
2844 5344 2930 5410 qui
2959 5343 3066 5416 sine
3096 5343 3356 5398 nativitate
3379 5353 3453 5399 est
3485 5362 3504 5399 .'
3532 5347 3622 5416 qui

2029 5408 2207 5465 ιιιηιειι
2250 5408 2408 5477 infra,
2453 5411 2614 5479 n.57,
2647 5411 2714 5467 de
2755 5408 2912 5468 Patre
2958 5413 3179 5481 habent,
3212 5417 3297 5486 qui
3338 5417 3449 5470 sine
3477 5408 3622 5472 iuilio

2025 5491 2247 5536 wternus
2271 5490 2363 5536 est.

2106 5573 2186 5650 (g)
2206 5573 2325 5650 Yat.
2354 5575 2468 5629 bas.
2498 5574 2690 5650 codex,
2726 5577 2777 5650 in
2814 5585 3012 5650 natura:
3042 5581 3271 5650 ejusdem
3300 5581 3549 5650 dignitate
3577 5590 3624 5635 et

2031 5643 2243 5700 Domini
2263 5648 2642 5716 nuncupatione
2663 5666 2680 5702 :
2705 5647 2880 5700 minus
2909 5643 3138 5704 sincere.
3168 5651 3242 5704 Ex
3269 5643 3377 5706 hoc
3393 5653 3624 5707 maxime

2032 5717 2151 5772 loco
2181 5723 2326 5787 patet
2351 5735 2509 5787 quam
2553 5719 2696 5786 apud
2737 5719 2992 5773 llilarium
3027 5722 3131 5774 vim
3166 5720 3360 5777 habeat
3393 5724 3626 5778 voeabu-

2032 5788 2139 5864 lum
2168 5786 2454 5858 dignitatis,
2485 5789 2627 5861 quod
2655 5789 2935 5845 divinitatis
2960 5790 3080 5848 loco
3111 5791 3394 5850 manifeste
3417 5792 3502 5849 hic
3533 5808 3627 5864 po-

1997 5893 2006 5927 ;
2033 5860 2197 5916 nitur.
