4216 6254
584 344 689 399 1Ξό

1776 343 2021 403 SANCTI
2062 343 2314 402 HILABII
2352 343 2658 404 EPISCOPI

3775 347 3874 403 124

583 459 753 516 Deum
780 501 794 529 ,
845 469 972 516 ante
999 474 1156 529 quem
1196 458 1339 515 Deus
1380 459 1562 514 nullus
1610 460 1703 528 sit,
1751 460 1928 515 nullus
1964 470 2177 530 quoque
2203 463 2251 522 Α
2284 460 2548 529 professio
2563 459 3055 529 est.Aitnamque:
3088 458 3340 525 Quoniam
3367 458 3442 512 sic
3462 455 3588 512 dicit
3624 457 3878 514 Dominus

580 559 768 623 postea
797 551 938 608 Deus
965 549 1177 606 futurus
1207 550 1277 604 sit
1302 568 1313 603 :
1345 550 1506 609 totius
1535 550 1606 605 ob
1641 550 1692 604 id
1723 550 1850 606 dicti
1876 552 2011 606 ratio
2039 558 2179 606 trac-

573 643 741 698 tanda
766 652 869 698 est.
924 643 1064 697 Deus
1092 641 1208 712 ipse
1233 644 1500 698 sermonis
1529 643 1610 697 sui
1650 644 1802 698 testis
1845 654 1923 700 est
1946 684 1962 710 ,
1993 643 2088 700 sed
2123 651 2178 698 et

583 751 716 805 puer
744 735 860 805 ejus
883 735 1095 790 electus
1124 750 1233 790 una
1263 750 1384 791 cum
1431 751 1496 791 eo
1529 736 1678 790 testis
1711 746 1824 801 est,
1860 737 2024 792 Deum
2053 745 2178 792 ante

581 841 642 881 se
669 843 773 880 non
803 840 946 891 esse,
979 841 1154 896 neque
1187 836 1308 896 post
1355 843 1414 882 se
1447 829 1703 882 futurum.
1747 827 2034 882 Sufficiens
2063 828 2181 899 qui-

579 921 702 976 dem
734 921 833 976 sibi
887 921 1002 991 ipse
1047 921 1197 976 testis
1223 930 1306 976 est
1332 941 1345 974 :
1370 921 1464 976 sed
1506 921 1809 977 testimonio
1839 922 1908 976 de
1955 936 2014 976 se
2044 938 2142 976 suo
2163 962 2178 986 ,

582 1014 946 1069 testimonium
975 1016 1122 1084 pueri
1146 1030 1304 1082 quem
1336 1014 1497 1084 elegit
1523 1015 1825 1070 admiscuit.
1855 1015 2028 1070 Unum
2051 1030 2181 1085 ergo

582 1105 746 1162 duum
780 1105 1144 1161 testimonium
1168 1116 1271 1173 est,
1303 1107 1506 1161 nullum
1528 1117 1654 1162 ante
1674 1121 1733 1162 se
1765 1107 1930 1162 Deum
1947 1120 2087 1172 esse;
2115 1122 2182 1162 ex

581 1213 650 1254 eo
677 1199 818 1252 enim
841 1199 1019 1254 omnia
1051 1209 1174 1253 sunt
1207 1216 1220 1252 :
1255 1215 1429 1269 neque
1469 1208 1590 1268 post
1619 1215 1678 1253 se
1717 1201 1880 1253 Deum
1914 1199 2180 1264 futurum;

582 1307 690 1346 non
731 1291 915 1361 utique
943 1306 1008 1346 ex
1050 1305 1109 1347 se
1137 1307 1240 1346 non
1277 1291 1464 1346 fuisse.
1500 1291 1629 1346 Erat
1657 1293 1799 1347 enim
1835 1291 1948 1360 jam
1975 1307 2106 1360 puer
2129 1291 2181 1346 in

586 1382 893 1438 testimonio
925 1384 1097 1438 Patris
1126 1384 1239 1438 haec
1270 1384 1516 1453 loquens,
1550 1399 1683 1452 puer
1711 1382 1764 1438 in
1798 1384 2038 1438 tribules
2078 1399 2182 1452 qua

583 1475 726 1545 gigni
778 1474 1008 1529 habebat
1045 1475 1271 1529 electus.
1301 1475 1535 1544 ldipsum
1571 1475 1647 1529 ita
1670 1475 1722 1530 in
1755 1475 2057 1545 Evangeliis
2083 1475 2180 1530 de-

587 1575 897 1622 monstrat:
936 1565 1076 1639 Ecce
1131 1582 1261 1636 puer
1309 1581 1461 1621 meus
1516 1583 1676 1636 quem
1729 1567 1903 1636 elegi,
1956 1566 2185 1622 dilectus

585 1673 760 1723 tuens,
794 1658 846 1711 in
887 1673 992 1724 quo
1036 1658 1656 1730 coittplacuit(l)auima
1697 1675 1816 1714 mea
1844 1658 2056 1732 (Matth.
2087 1676 2182 1725 xu,

589 1750 700 1821 18).
733 1749 847 1805 Non
878 1760 960 1805 cst
981 1765 1108 1820 ergo
1129 1762 1254 1806 ante
1285 1765 1370 1806 me
1397 1751 1534 1805 alius
1555 1751 1713 1815 Deus,
1743 1759 1798 1806 et
1825 1763 1942 1820 post
1965 1766 2052 1807 me
2078 1769 2183 1806 non

2281 552 2422 608 Deus
2449 563 2657 608 sanctus
2681 553 2793 626 98
2820 551 3021 620 Israel,
3072 552 3159 623 qui
3185 552 3306 622 fecit
3345 565 3459 621 quae
3484 563 3698 607 ventura
3723 562 3877 608 sunt:

2280 644 2601 719 lnterrogate
2621 659 2701 698 me
2724 646 2786 698 de
2805 641 2932 714 [iliis
2953 644 3129 698 vestris
3155 653 3200 698 et
3229 643 3293 699 de
3326 643 3554 715 ﬁliabus,
3589 654 3634 699 et
3663 646 3726 700 de
3752 659 3877 714 ope-

2279 739 2419 794 ribus
2462 752 2712 792 manuum
2772 749 3002 792 mearum
3043 737 3283 791 mandate
3311 738 3459 791 mihi.
3501 737 3610 811 Ego
3644 738 3743 808 feci
3772 745 3879 791 ter-

2280 846 2425 895 ram,
2476 840 2524 884 et
2569 831 2822 884 hominem
2855 846 3007 900 super
3035 845 3145 884 eam
3175 871 3190 894 ,
3245 844 3337 899 ego
3367 829 3600 884 omnibus
3627 829 3881 884 sideribus

2285 924 2521 997 prwcepi,
2545 938 2636 996 ego
2666 923 2905 976 sttscitabi
2935 937 3105 996 regem
3131 937 3243 975 cum
3263 921 3491 994 justitia,
3521 933 3567 976 et
3593 938 3766 976 omnes
3788 923 3882 977 vita

2283 1017 2394 1086 ejus
2421 1025 2586 1068 rectas.
2629 1014 2726 1067 Hic
2745 1015 3017 1082 wdi/iaubit
3046 1015 3297 1069 civitatem
3327 1029 3510 1074 meam.
3539 1020 3589 1068 et
3613 1014 3881 1082 captivita-

2285 1117 2384 1163 tem
2408 1108 2567 1175 plebis
2586 1123 2712 1162 mea:
2739 1115 3012 1175 convertet,
3045 1125 3147 1162 non
3169 1123 3284 1162 cum
3310 1108 3541 1180 prwmio,
3573 1123 3732 1173 neque
3765 1121 3883 1161 cum

2285 1200 2597 1266 muneribus,
2631 1200 2753 1255 dicit
2782 1199 3034 1254 Dominus
3071 1200 3321 1255 Sabaoth.
3353 1198 3632 1253 Laborabit
3674 1196 3884 1271 Egyp-

2286 1303 2386 1357 tus,
2410 1303 2456 1346 et
2479 1302 2732 1347 mercatus
2760 1292 3088 1363 Afthiopum,
3123 1292 3193 1366 (c)
3223 1301 3272 1347 et
3305 1293 3520 1348 Sabain.
3565 1290 3671 1346 Viri
3695 1285 3898 1346 excelsi

2285 1386 2352 1438 ad
2373 1394 2420 1438 te
2445 1385 2753 1450 transibunt,
2787 1394 2833 1440 et
2863 1387 2937 1440 tui
2963 1395 3112 1439 erunt
3141 1385 3271 1438 servi
3290 1427 3302 1449 ,
3330 1391 3379 1438 et
3403 1394 3514 1453 post
3543 1392 3591 1437 te
3615 1392 3884 1452 sequentur

2285 1480 2486 1551 alligati
2506 1481 2740 1546 vinculis,
2770 1490 2815 1534 et
2846 1479 3131 1533 adorabunt
3146 1489 3212 1544 te,
3244 1487 3290 1531 et
3318 1478 3433 1530 inte
3452 1475 3883 1544 deprecabuntur;

2285 1574 2524 1641 quoniam
2564 1573 2614 1624 in
2643 1585 2688 1624 te
2714 1579 2785 1624 est
2814 1569 2973 1635 Deus,
3007 1580 3052 1622 et
3079 1583 3179 1623 non
3215 1578 3286 1622 est
3315 1567 3455 1622 Deus
3482 1576 3666 1639 prazter
3702 1576 3766 1620 te.
3803 1565 3885 1620 Ta

2235 1728 2239 1734 ι
2287 1665 2424 1717 enim
2459 1677 2510 1715 es
2553 1661 2709 1728 Deus,
2744 1671 2789 1717 et
2820 1662 3186 1716 nesciebamus.
3237 1658 3381 1714 Deus
3424 1658 3593 1713 Israel
3635 1659 3881 1714 salvator.

2289 1753 2594 1810 Erubescent
2623 1763 2670 1808 et
2693 1751 2900 1821 pudebit
2923 1769 3096 1808 omnes
3117 1753 3205 1822 qui
3227 1751 3564 1805 adversantur
3579 1751 3650 1813 ei,
3675 1758 3722 1802 et
3742 1749 3886 1802 ibunt

586 1844 690 1897 erit
716 1859 729 1896 :
756 1851 973 1898 mterntc
1017 1843 1262 1898 videlicet
1291 1852 1348 1898 et
1389 1842 1790 1900 indemutabilis
1818 1843 2032 1900 virtutis
2060 1844 2180 1900 inll-
2213 1849 2261 1913 B
2289 1865 2406 1904 cum
2433 1849 2735 1918 confusione
2768 1847 2935 1917 (Esai,
2968 1861 3095 1912 XLV,
3133 1847 3192 1901 Η
3240 1855 3286 1900 et
3335 1844 3488 1912 seq.).
3524 1841 3690 1898 Estne
3712 1843 3886 1900 adhuc

584 1937 804 1991 nitatem
829 1935 882 1990 in
911 1953 996 2002 eo,
1032 1936 1172 2006 quod
1192 1947 1317 1992 ante
1338 1945 1392 1992 et
1416 1946 1600 2007 postea
1644 1938 1783 1992 Deus
1806 1947 2003 2009 praeter
2032 1953 2091 1993 se
2118 1939 2188 1994 sit

586 2032 786 2097 nullus,
809 2029 1103 2087 ostendens
1135 2048 1147 2083 :
1181 2045 1349 2102 puero
1369 2043 1545 2087 tamen
1573 2048 1692 2098 suo,
1718 2040 1774 2087 ut
1801 2033 1852 2088 in
1881 2033 2185 2090 testimonio

585 2138 704 2191 suo,
732 2125 802 2177 ita
829 2133 884 2179 et
912 2127 962 2177 in
994 2125 1234 2190 nomine,
1260 2125 1545 2180 collocato.

657 2218 749 2275 '57.
785 2217 928 2272 Osca:
949 2219 1092 2274 locus
1128 2235 1222 2288 pro
1251 2217 1377 2274 Filii
1400 2220 1602 2274 deitate.
1637 2218 1786 2274 Patri
1808 2219 2004 2286 nullus,
2045 2219 2186 2275 Filio

589 2309 771 2376 Pater,
809 2309 952 2365 nobis
981 2309 1140 2364 Pater
1167 2320 1212 2364 et
1240 2309 1288 2364 F
1288 2311 1409 2365 ilius
1436 2319 1509 2365 est
1530 2309 1838 2367 Deus.—Et
1881 2311 1984 2366 hoc
2009 2311 2184 2381 ipsum

588 2410 896 2472 promptum
925 2414 1091 2457 estex
1121 2417 1352 2472 persona
1383 2403 1550 2472 ipsius
1569 2403 1803 2460 discere.
1825 2403 1913 2458 Ait
1943 2404 2090 2458 enim
2119 2403 2186 2459 ad

587 2493 726 2551 Osee
762 2495 1114 2565 prophetam,
1173 2494 1298 2549 Non
1344 2512 1600 2566 apponam
1639 2497 1809 2550 adhuc
1859 2506 1913 2551 ut
1943 2498 2187 2552 miserear

586 2587 760 2640 domui
789 2585 985 2655 Israel,
1027 2588 1116 2642 sed
1143 2589 1276 2641 enim
1307 2590 1580 2642 adversam
1606 2589 1913 2643 adversabor
1942 2591 2048 2644 illis
2078 2606 2096 2644 :
2123 2591 2187 2660 ﬁ-

588 2678 778 2732 liorum
815 2688 984 2756 autem
1010 2678 1041 2733 J
1052 2680 1152 2733 uda
1182 2679 1458 2734 miserebor
1477 2721 1492 2747 ,
1522 2689 1569 2734 et
1594 2681 1760 2736 salvos
1786 2697 1872 2736 eos
1902 2683 2094 2753 faciam
2132 2684 2187 2738 in

589 2771 812 2826 Domino
861 2772 974 2827 Deo
1002 2773 1234 2842 ipsorum
1261 2772 1277 2844 (
1306 2772 1453 2828 Osete
1478 2789 1527 2842 t,
1558 2774 1612 2838 6,
1663 2775 1693 2828 7
1723 2773 1766 2846 ).
1812 2775 1952 2844 Ergo
1984 2774 2059 2846 (2)
2092 2775 2187 2830 ab-

588 2865 766 2918 solute
792 2863 864 2936 (a)
892 2865 1048 2920 Pater
1076 2865 1243 2920 Deum
1264 2866 1460 2921 Filium
1489 2874 1782 2936 nuncupat,
1801 2867 1851 2921 in
1869 2883 1976 2938 quo
1995 2876 2050 2922 et
2078 2868 2188 2923 cic-

586 2957 665 3027 git
687 2971 784 3010 nos
805 2966 930 3013 ante
958 2967 1194 3025 tempora
1222 2960 1497 3014 saecularia
1525 2958 1744 3031 (Ep/tes.
1769 2977 1808 3026 ι,
1833 2960 1911 3032 4).
1939 2961 2183 3030 Ipsorum

588 3047 790 3102 idcirco
814 3049 911 3115 ait,
935 3050 1058 3119 quia
1090 3049 1230 3104 Deus
1260 3049 1595 3105 innascibilis
1617 3066 1645 3105 a
1667 3051 1818 3128 nullo
1845 3061 1948 3118 est,
1979 3068 2183 3122 nosque

589 3138 726 3195 Filio
757 3141 809 3195 in
844 3141 1211 3197 Itaareditatem
1243 3158 1272 3195 a
1298 3143 1406 3198 Deo
1438 3154 1585 3210 patre
1612 3144 1899 3200 donamur.
1931 3144 2183 3214 Legimus

2289 1943 2482 2012 aliquis
2507 1940 2823 1996 temeritatis
2851 1939 3040 1994 locus?
3081 1947 3171 1992 aut
3203 1937 3310 1992 ulla
3344 1936 3528 2001 relicta
3558 1945 3639 1990 est
3668 1937 3886 2006 ignora-

2290 2034 2450 2088 tionis
2478 2036 2690 2089 occasio
2722 2051 2734 2086 :
2766 2033 2868 2088 nisi
2899 2033 2951 2088 id
2977 2041 3180 2086 tantum
3206 2031 3474 2101 reliquum
3503 2030 3595 2095 sit,
3630 2038 3685 2084 ttt
3707 2027 3890 2099 imple-

2289 2137 2370 2183 tas
2406 2127 2645 2196 professa
2678 2142 2736 2183 se
2764 2126 2988 2197 prodat?
3021 2127 3158 2181 Deus
3184 2140 3247 2180 ex
3279 2133 3389 2195 quo”
3417 2123 3592 2179 omnia
3624 2133 3775 2190 sunt,
3797 2124 3887 2192 qui

2288 2219 2466 2274 omnia
2495 2219 2573 2293 (cl)
2605 2217 2909 2274 mandando
2939 2216 3228 2293 fecit,factl
3261 2231 3425 2285 opera
3457 2215 3556 2270 sibi
3576 2221 3886 2277 assumens,

2289 2327 2394 2366 non
2424 2313 2606 2382 utique
2632 2309 2940 2371 efficienda,
2967 2309 3065 2364 nisi
3091 2307 3317 2363 dixisset
3345 2313 3403 2361 ut
3418 2307 3629 2372 fierent,
3656 2311 3887 2360 testatur

2288 2421 2469 2476 regem
2504 2420 2600 2475 per
2624 2421 2682 2459 se
2711 2403 2788 2474 (4)
2817 2405 3110 2459 excitatum
3156 2404 3354 2472 justutn
3382 2443 3396 2463 .
3446 2409 3501 2457 et
3531 2400 3887 2456 aedificantem

2288 2500 2388 2554 sibi
2425 2501 2532 2555 Deo
2554 2500 2850 2563 civitatem,
2877 2508 2930 2552 et
2960 2497 3128 2568 plebis
3148 2495 3508 2566 captivitatem
3530 2503 3884 2560 avertentem,

2287 2611 2394 2651 non
2425 2601 2545 2650 cum
2581 2595 2801 2663 prmmio
2824 2607 3000 2662 neque
3028 2601 3148 2646 cum
3171 2591 3516 2653 muneribus;
3544 2589 3712 2661 gratia
3743 2595 3886 2644 enim

2288 2703 2479 2743 omnes
2503 2686 2792 2740 salvamur.
2824 2681 3026 2741 Deinde
3052 2685 3122 2738 ita
3155 2684 3409 2753 loquitur,
3439 2689 3560 2736 cum
3588 2687 3712 2751 post
3741 2682 3888 2737 labo~

2288 2793 2401 2835 rem
2435 2778 2674 2850 Egypti,
2730 2778 2781 2832 id
2829 2785 2938 2843 est,
2971 2776 3154 2832 saeculi
3197 2776 3278 2848 (5)
3317 2775 3676 2830 calamitatem
3710 2774 3804 2846 (ε),
3835 2779 3890 2830 et

2289 2883 2555 2928 mercatus
2595 2869 2907 2941 [Ethiopum
2952 2875 3007 2923 et
3038 2868 3235 2923 Sabain
3279 2867 3376 2923 viri
3408 2867 3606 2922 excelsi
3651 2865 3716 2921 ad
3765 2881 3888 2922 cum

2290 2966 2613 3021 transibunt.
2640 2965 2704 3019 Et
2725 2964 2814 3034 qui
2832 2963 3045 3017 tandem
3070 2961 3459 3018 existimandus
3483 2959 3632 3014 labor
3648 2958 3888 3032 ASgypti,

2287 3067 2342 3114 et
2364 3067 2630 3112 mercatus
2659 3055 2970 3123 [Etliiopum
2989 3051 3288 3109 ctSabain?
3317 3053 3682 3108 Recordemur
3701 3051 3891 3107 Orien-

2287 3152 2357 3205 tis
2381 3150 2563 3220 Magos
2591 3147 2880 3202 adorantes
2925 3145 3206 3201 Dominum
3247 3153 3303 3198 et
3335 3153 3697 3207 munerantes,
3727 3151 3782 3197 et
3816 3143 3892 3196 la-

591 3236 847 3307 ttamque',
880 3235 1045 3292 Posce
1079 3255 1111 3291 a
1140 3255 1241 3302 me,
1273 3247 1321 3292 et
1364 3239 1492 3293 dabo
1525 3239 1612 3293 tibi
1650 3249 1820 3313 gentes
1846 3240 1924 3312 (5)
1969 3241 2182 3295 heredi.
2213 3232 2257 3296 C
2289 3244 2473 3300 borem
2509 3239 2756 3296 veniendi
2786 3251 2951 3308 usque
2976 3240 3026 3293 in
3057 3239 3371 3293 Bethlehem
3395 3238 3550 3292 Judm
3576 3239 3706 3294 tanti
3735 3238 3892 3292 itine-

590 3338 746 3384 tatem
771 3328 847 3402 (ὑ)
885 3344 1027 3384 tuam
1055 3329 1228 3402 (Psal.
1255 3346 1312 3394 tt,
1345 3329 1421 3402 8).
1459 3332 1567 3387 Deo
1595 3333 1738 3386 enim
1783 3347 1847 3386 ex
1877 3347 1983 3402 quo
2007 3333 2187 3388 omnia

591 3429 718 3474 sunt
748 3422 886 3476 Deus
917 3423 1094 3476 nullus
1123 3430 1226 3489 est,
1257 3423 1345 3493 qui
1377 3424 1493 3478 sine
1517 3424 1669 3477 initio
1699 3433 1933 3478 internus
1958 3432 2061 3480 est.
2097 3425 2183 3479 Fi-

592 3512 668 3569 lio
707 3523 886 3568 autem
921 3515 1060 3569 Deus
1109 3515 1274 3572 Pater
1312 3527 1430 3581 est;
1482 3533 1548 3571 ex
1587 3529 1652 3572 co
1687 3518 1829 3572 enim
1860 3519 2000 3572 Deus
2031 3527 2188 3574 natus

592 3615 696 3662 est.
727 3607 890 3663 Nobis
921 3620 1100 3663 autem
1127 3619 1181 3664 et
1226 3609 1384 3664 Pater
1415 3610 1555 3665 Deus
1585 3618 1696 3676 est,
1730 3618 1784 3664 et
1827 3608 1996 3665 Filius
2050 3611 2188 3668 Deus

591 3707 674 3755 est
703 3716 716 3753 :
749 3699 905 3754 Patre
931 3698 999 3754 de
1030 3700 1168 3756 Filio
1197 3699 1489 3756 conﬁtente
1517 3701 1659 3771 quod
1695 3701 1832 3755 Deus
1863 3711 2048 3756 noster
2077 3701 2181 3766 sit,

593 3792 732 3849 Filio
759 3794 827 3848 de
866 3794 1025 3850 Patre
1061 3794 1288 3850 docente
1323 3794 1464 3865 quod
1495 3795 1633 3849 Deus
1660 3794 1816 3849 nobis
1843 3795 1911 3848 sit
1941 3811 1953 3846 :
1979 3793 2088 3850 Deo
2119 3803 2190 3848 ta-

593 3901 716 3940 men
744 3885 881 3942 Filio
909 3901 940 3940 a
979 3887 1159 3954 Patre,
1203 3887 1255 3942 id
1287 3896 1399 3950 cst,
1444 3903 1561 3957 ipso
1612 3886 1945 3941 iunaseibilis
1980 3887 2191 3943 virtutis

594 3993 704 4033 sua:
731 3980 966 4045 nomine,
997 3989 1321 4050 nuncupato.
1349 3977 1414 4036 Et
1439 3980 1554 4034 lucc
1575 3979 1790 4050 quidem
1831 3978 1896 4032 ad
1928 3979 2090 4034 Osee.

667 4069 759 4126 58.
810 4070 1174 4127 Testimonium
1223 4073 1537 4128 luculentum
1581 4087 1645 4129 ea:
1685 4074 1862 4130 Esaia.
1915 4073 2190 4146 Magorum

596 4163 830 4219 adoratio
873 4167 1139 4237 praedicta.
1184 4166 1284 4234 Qui
1314 4167 1523 4237 [uerunt
1564 4169 1722 4239 magi.
1754 4199 1822 4208 —
1848 4167 1949 4223 Per
1978 4163 2187 4223 Esaiam

597 4263 775 4312 autem
806 4272 964 4327 quam
992 4259 1238 4313 absoluta
1285 4259 1376 4314 Dei
1411 4262 1578 4330 patris
1620 4261 1689 4316 de
1737 4259 1963 4316 Domino
2009 4269 2193 4318 nostro

697 4413 748 4482 l)
765 4412 964 4469 Anima!
981 4429 1125 4470 mete.

633 4502 647 4510 ·
667 4485 746 4554 (‘2)
781 4485 1021 4541 Absoluta
1047 4488 1200 4542 deest
1222 4486 1276 4543 in
1299 4499 1400 4543 ms.
1428 4485 1628 4543 Veron.

690 4555 746 4629 3)
771 4557 798 4611 1
805 4575 840 4612 rt
865 4559 1230 4614 hereditatem.

671 4694 748 4768 (a)
775 4695 931 4778 Apud
960 4697 1083 4751 Par.
1115 4705 1170 4751 et
1202 4697 1256 4778 in
1285 4695 1564 4778 nonnullis
1588 4710 1718 4778 mss.
1752 4695 2020 4778 omittitur
2043 4693 2194 4749 abso-

598 4766 733 4832 lute,
754 4770 897 4836 quod
925 4779 1029 4833 est,
1062 4777 1248 4835 aperte
1278 4775 1331 4818 et
1357 4767 1562 4834 absque
1584 4766 1689 4820 ulla
1712 4767 2081 4836 ambiguitate.

671 4856 746 4931 (ὁ)
796 4857 1076 4931 Εάίρίνίη
1127 4858 1492 4924 htcrcditatem,
1538 4855 1926 4914 dissidentibus
1965 4873 2094 4914 tnss.
2140 4868 2195 4915 ct

599 4929 779 4985 Trent.
805 4929 860 4983 2.
888 4930 1028 4984 Psal.

671 5021 740 5094 (ι’)
765 5023 1020 5099 Quamvis
1050 5031 1115 5076 ex
1143 5028 1511 5099 grarcotextu,
1536 5025 1619 5099 κᾳί
1648 5021 1691 5099 οξ
1722 5021 1946 5099 Σαςαεῖμ
1971 5019 2149 5099 ἄνδρες
2174 5064 2189 5091 ,

600 5091 817 5166 planum
851 5097 918 5148 sit
957 5109 1142 5166 vocem
1174 5091 1367 5148 Sabain
1400 5093 1589 5147 referri
1628 5091 2146 5166 adisuhscquentem
2175 5136 2190 5160 ,

603 5159 709 5220 non
735 5165 801 5220 ad
846 5165 1234 5236 praecedentem
1269 5181 1281 5218 :
1312 5179 1430 5219 eam
1461 5173 1638 5219 tamen
1672 5165 1740 5220 ab
1772 5159 1974 5220 llilar'io
2007 5167 2071 5220 ad
2101 5182 2194 5221 vo-

601 5235 852 5292 Cahulum
896 5248 1146 5291 mercatus
1191 5237 1410 5290 relatam
1444 5249 1563 5289 esse
1595 5251 1702 5290 non
1752 5235 1972 5291 dubium
2002 5249 2084 5292 est
2125 5251 2191 5292 ex

601 5309 875 5376 subjectis.
904 5308 1266 5363 Tertullianus
1291 5307 1547 5362 adversus
1584 5307 1840 5362 Praxeam
1875 5307 2044 5376 n.13,
2069 5323 2190 5363 cum

605 5378 803 5434 Hilario
827 5381 1191 5444 consentiens,
1223 5379 1367 5447 quod
1405 5394 1470 5432 ex
1503 5379 1693 5434 eodem
1725 5380 1896 5433 Esaia:
1925 5379 2042 5434 loco
2076 5395 2195 5448 pro-

603 5451 692 5505 bet
713 5449 850 5506 duos
877 5467 998 5506 esse
1025 5451 1114 5520 qui
1147 5467 1307 5504 unum
1342 5450 1433 5504 Dei
1464 5465 1656 5504 nomen
1677 5450 1974 5518 obtineant,
2002 5453 2101 5505 hoc
2129 5451 2196 5506 ab

602 5538 670 5577 eo
690 5522 958 5590 dissentit,
981 5522 1121 5592 quod
1155 5522 1315 5592 legat,
1343 5531 1393 5576 et
1416 5521 1608 5576 Sabain
1629 5522 1743 5576 viri.

673 5618 756 5686 (ιι)
786 5616 932 5683 Lips.
969 5624 1026 5671 et
1052 5615 1176 5670 Par.
1208 5630 1272 5670 ex
1297 5615 1535 5686 margine
1565 5617 1653 5669 Er.
1682 5616 1944 5670 mandato.

677 5689 748 5759 (ε)
779 5688 852 5742 Ita
878 5689 1197 5742 vetustiores
1239 5687 1382 5742 libri.
1415 5687 1518 5744 Alii
1554 5702 1698 5754 vero,
1731 5689 1904 5741 siccati
1929 5693 2199 5758 captivita-

609 5766 749 5900 ’,ῃξῇ
770 5827 827 5885 In
849 5827 1081 5886 ms.Vat.
1108 5827 1248 5897 bas”
1271 5827 1324 5884 iu
1347 5828 1926 5905 ρτίιισὶρὶοιαρονιοιξυο
1946 5828 2204 5905 Egypt“

2211 4488 2416 4586 υ(⁵

2291 3337 2365 3391 ris
2405 3336 2710 3390 metiamur.
2767 3331 2833 3404 (Ῑ)
2868 3332 2921 3385 In
2963 3332 3258 3401 principum
3291 3330 3434 3384 enim
3487 3331 3670 3386 labore
3724 3330 3891 3385 totius

2291 3428 2510 3499 Egypti
2541 3428 2692 3481 labor
2714 3425 3117 3480 demonstratus
3143 3434 3246 3479 est.
3278 3423 3444 3494 Magis
3475 3437 3705 3494 namque
3745 3422 3888 3477 divi-

2290 3535 2374 3576 me
2404 3520 2614 3575 virtutis
2644 3518 2987 3587 operatioues
3019 3517 3151 3572 falsa
3173 3531 3354 3573 rerum
3379 3517 3562 3586 specie
3581 3517 3891 3572 mentienti-

2289 3613 2411 3681 bus,
2461 3611 2777 3683 potissimus
2832 3609 3011 3678 impiae
3061 3609 3340 3679 religionis
3387 3609 3560 3662 honor
3610 3623 3640 3662 a
3694 3607 3893 3662 saeculo

2293 3705 2440 3760 omni
2471 3703 2838 3759 deferebatur.
2883 3701 3076 3756 Iisdem
3120 3701 3284 3772 Magis
3311 3709 3367 3755 et
3409 3709 3648 3755 mercatu
3680 3699 3894 3755 Ethio-

2295 3801 2422 3866 pum
2453 3806 2505 3850 et
2533 3794 2754 3860 Sabain,-
2785 3794 2936 3858 auri,
2981 3801 3031 3846 et
3068 3794 3271 3855 thuris,
3326 3803 3379 3848 et
3409 3791 3642 3864 myrrhasI
3671 3805 3893 3847 munera

2295 3886 2662 3943 deferentibus
2693 3904 2705 3939 :
2736 3884 2881 3955 quod
2901 3884 3114 3955 quidem
3141 3883 3372 3953 iilipsum
3394 3891 3450 3940 et
3472 3885 3610 3939 alios
3633 3884 3895 3954 propheta

2295 3981 2661 4052 praemonuit,
2717 3979 2942 4034 dicens:
2977 3977 3031 4031 In
3092 3987 3384 4048 cattSpectu
3438 3977 3556 4046 ejus
3613 3977 3896 4046 procideut

2297 4073 2605 4143 Ethiopes,
2629 4080 2683 4127 ct
2701 4071 2901 4126 inimici
2925 4070 3042 4140 ejus
3065 4069 3252 4124 limum
3273 4068 3498 4140 lingem.
3533 4065 3704 4140 Reges
3722 4063 3897 4122 Thar-

2297 4167 2372 4222 sis
2402 4180 2624 4220 munera
2648 4163 2894 4228 oﬂ'erent,
2927 4176 3080 4232 reges
3102 4162 3340 4217 Arabum
3372 4168 3428 4216 et
3453 4143 3648 4215 Sabain
3672 4169 3896 4214 munera

2298 4258 2589 4325 adducent,
2605 4267 2660 4312 et
2687 4255 2900 4311 dabitur
2919 4254 2971 4311 ei
2998 4254 3065 4311 de
3091 4267 3224 4310 auro
3243 4249 3628 4324 Arabia:(Psal.
3652 4266 3804 4318 Lm,
3835 4248 3893 4314 9',

2365 4415 2444 4482 (4)
2476 4414 2816 4472 Suscitatum.

2476 4415 2816 4472 Suscitatum.

2421 4415 2444 4559 ἶ
2469 4485 2850 4556 Captivitatem.

2299 4696 2571 4759 corrupte.
2604 4685 2703 4741 Hic
2718 4685 2784 4740 de
2805 4683 2969 4756 Magis
2993 4683 3278 4759 duotradit
3295 4683 3546 4759 Hilarius,
3573 4695 3666 4737 eos
3689 4680 3899 4759 scilicet

2299 4771 2350 4816 et
2377 4751 2646 4830 principes
2679 4758 2860 4817 fuisse,
2891 4751 2953 4810 et
2984 4758 3202 4825 magica:
3244 4757 3344 4830 arti
3375 4752 3618 4830 deditus;
3649 4752 3790 4830 quod
3817 4751 3897 4804 al-

2301 4825 2469 4888 terum
2505 4825 2682 4899 plures
2705 4843 2766 4883 ex
2793 4830 3028 4898 antiquis
3058 4843 3179 4882 cum
3208 4841 3274 4880 eo
3310 4826 3556 4899 docuisse
3573 4825 3684 4899 jam
3708 4825 3897 4899 obser-

2299 4914 2478 4959 vatum
2500 4895 2578 4956 est
2599 4902 2650 4956 in
2676 4909 2789 4955 not.
2808 4900 2874 4955 ad
2893 4895 2942 4953 cI
2974 4903 2996 4953 l
3026 4913 3223 4953 comm.
3251 4899 3302 4951 in
3331 4897 3543 4959 Matth.,
3563 4913 3618 4949 u.
3643 4898 3696 4950 5.
3723 4895 3898 4963 Reges

2298 4987 2510 5046 quoque
2536 4989 2628 5028 eos
2658 4973 2821 5046 fuisse
2855 4971 3043 5025 scribit
3072 4968 3677 5046 Tertullianus,llb.nm
3707 4975 3896 5046 contra

2297 5035 2463 5102 Marc.
2494 5061 2546 5100 n.
2583 5047 2672 5110 15,
2707 5044 2792 5098 tibi
2824 5049 3171 5098 enarrntttrus
3197 5041 3324 5094 illud
3361 5042 3519 5109 psal.,
3571 5035 3896 5110 RegesAi-a-

2297 5119 2436 5184 bum,
2467 5126 2599 5180 etc.,
2632 5109 2844 5184 subjicit
2869 5154 2881 5176 ,
2932 5111 3071 5166 Nam
3101 5122 3146 5165 et
3195 5111 3377 5184 Magos
3406 5127 3547 5183 reges
3587 5109 3765 5184 [tabuit
3791 5111 3898 5178 fere

2301 5182 2616 5244 Oriens.Cui
2647 5182 2917 5242 eousetttit
2950 5182 3332 5254 Hieronymus,
3357 5182 3556 5254 comm.
3582 5182 3644 5254 in
3683 5182 3811 5232 ltau.
3842 5191 3892 5231 c.

2296 5261 2350 5314 ἓ.
2384 5259 2473 5316 Sic
2503 5271 2557 5315 et
2598 5256 2864 5314 Ca-sarius
2889 5256 3114 5323 Arelat.,
3157 5252 3209 5307 in
3240 5253 3536 5323 appendice
3573 5252 3894 5307 Sermonqu

2301 5331 2582 5400 Augustini
2609 5371 2623 5393 ,
2675 5329 2849 5400 Serui.
2912 5328 3014 5400 159
3044 5369 3057 5392 ,
3096 5343 3163 5400 Διι.
3198 5326 3254 5400 ,5
3286 5323 3437 5400 :__llli_
3455 5323 3597 5396 Magi
3625 5333 3898 5400 tres-reges

2304 5391 2464 5473 fuisse
2487 5391 2749 5455 dicuntur.
2781 5399 2938 5473 Unde
2958 5391 3278 5453 PitScltasiUS
3308 5391 3608 5473 Radbertus
3629 5397 3678 5473 in
3705 5391 3893 5473 Matth.

2304 5464 2342 5528 it
2370 5490 2382 5525 :
2416 5471 2596 5541 Magos
2629 5487 2772 5541 reges
2800 5471 3043 5537 extitisse,
3077 5483 3222 5522 nemo
3252 5468 3337 5541 qui
3360 5467 3603 5541 historias
3627 5464 3747 5534 legit
3775 5479 3900 5541 geu-

2305 5545 2472 5599 tilium
2502 5531 2724 5615 ignora}.
2744 5544 2859 5615 Qua
2902 5531 3113 5615 ratione
3149 5531 3468 5615 explicatur,
3501 5539 3590 5615 qui
3613 5531 3804 5615 omnes
3824 5531 3898 5615 de

2304 5603 2595 5687 Sabaitt'ad
2627 5603 3174 5687 Christuni‘vetterint
3200 5603 3360 5678 {quia
3397 5603 3672 5687 nimirtnn,
3697 5608 3778 5687 uti
3805 5603 3899 5684 dc-

2302 5688 2472 5741 clarat
2506 5685 2758 5748 Hilarius,
2798 5685 2848 5738 iu
2882 5682 3068 5738 Matth.
3108 5697 3156 5735 c.
3205 5695 3316 5746 λιν,
3351 5691 3405 5733 tt.
3430 5681 3500 5732 7:
3534 5678 3726 5746 Populi
3754 5678 3900 5744 prin-

2303 5773 2420 5830 ceps
2445 5757 2684 5830 subjecta:
2709 5755 2804 5813 sibi
2832 5754 3175 5811 universitatis
3205 5765 3388 5808 nomen
3415 5763 3724 5820 causamque
3762 5762 3900 5811 com-

2303 5829 2563 5904 plectitur.
