4216 6254
369 354 476 409 ηδ

1601 353 1686 410 DE
1714 351 2094 410 TlllNlTATE
2133 351 2335 409 LIBER
2368 354 2454 413 IV.

3567 365 3669 418 1‘36

363 471 479 538 10).
529 469 610 543 (a)
654 471 712 526 in
758 469 923 540 Mtgis
981 470 1160 539 itaque
1194 470 1305 541 99
1353 478 1405 523 et
1434 469 1768 534 muneribus,
1815 468 1967 524 labor
1993 467 2048 529 Α
2071 469 2332 539 sequitur,
2364 467 2430 523 In
2459 480 2506 524 te
2533 479 2604 524 est
2640 469 2799 537 Deus,
2829 484 2936 526 non
2963 474 3138 527 solum
3159 487 3284 527 eum
3314 475 3406 544 qui
3438 483 3675 546 [tt-testans

365 563 590 635 Egypti
617 571 671 617 et
703 571 980 617 mercatus
997 559 1315 631 (Ethiopum
1345 569 1400 615 ct
1426 559 1620 616 Sabaiu
1645 559 1966 624 ostenditur,

365 657 576 712 scilicet
604 654 791 712 mundi
821 669 974 710 error
999 653 1165 724 Magis
1180 651 1550 719 adorantibus,
1574 661 1626 707 et
1643 652 1814 708 eiecta
1841 665 1972 722 gen-

369 751 502 806 tiunt
537 763 760 804 munera
789 746 1014 802 adorato
1040 748 1109 804 ab
1136 745 1220 800 his
1249 745 1474 800 Domino
1503 743 1705 799 oblata.

442 843 532 900 59.
565 842 799 909 Apostoli
825 841 921 895 uiri
947 840 1155 895 excelsi.
1178 869 1249 880 —
1273 839 1484 895 Excelsi
1513 848 1690 892 autem
1714 836 1847 901 viri,
1879 835 1969 906 qui

368 935 436 990 ad
465 951 591 991 eum
621 933 898 989 transituri
927 942 1076 999 sunt,
1106 940 1265 1002 atque
1289 946 1411 985 eum
1439 930 1601 984 vincti
1644 936 1966 998 sequentur,

368 1029 462 1097 qui
492 1029 703 1082 tandem
732 1027 820 1080 isti
845 1037 994 1091 sunt,
1027 1040 1134 1078 non
1165 1026 1215 1077 in
1237 1023 1469 1078 obscuro
1497 1032 1598 1076 cst.
1636 1021 1863 1089 Respice
1902 1018 1970 1073 ad

377 1121 661 1192 Evangelia
691 1137 706 1183 ;
739 1119 932 1175 Petrus
981 1118 1268 1174 Dominum
1314 1131 1469 1172 suum
1505 1125 1788 1171 secuturus
1828 1128 1968 1183 prie-

373 1215 608 1284 cingitur
638 1210 816 1284 (Joan.
868 1225 978 1275 xxi,
1027 1208 1104 1280 7).
1147 1209 1360 1264 Intuere
1393 1210 1680 1278 Apostolus
1720 1224 1733 1260 :
1781 1219 1970 1262 servus

375 1306 573 1361 Christi
605 1305 799 1360 Paulus
823 1304 874 1358 in
910 1303 1140 1358 vinculis
1159 1303 1420 1372 gloriatur
1445 1301 1689 1374 (Philem.
1709 1300 1770 1370 ι).
1801 1300 1865 1353 Ει
1887 1299 1967 1353 vi-

369 1397 596 1453 deamus
619 1412 688 1450 an
712 1397 919 1451 vinctus
947 1393 1145 1450 Christi
1175 1394 1302 1449 Jesu
1331 1409 1417 1460 ea,
1448 1409 1566 1462 quae
1599 1394 1734 1472 Deus
1762 1391 1828 1446 de
1857 1391 1968 1445 filio

347 1505 469 1544 .suo
511 1490 620 1543 Deo
648 1488 827 1543 fuerat
853 1488 1084 1551 locutus,
1113 1487 1435 1556 impleverit.
1470 1484 1866 1550 Precabuntur,
1887 1485 1969 1537 iu-

359 1583 506 1652 nuit,
535 1581 780 1652 quoniam
815 1581 868 1634 in
893 1589 940 1634 te
966 1588 1038 1634 est
1071 1577 1208 1634 Deus
1254 1577 1420 1650 (Esai.
1461 1593 1584 1640 va,
1612 1576 1721 1646 14).
1763 1578 1965 1630 Dictum

373 1675 550 1744 itaque
575 1674 643 1726 ab
667 1673 930 1743 Apostolo
961 1685 1310 1742 recognosce,
1349 1679 1404 1726 et
1431 1671 1762 1741 recognitum
1810 1668 1966 1722 intel-

372 1767 476 1836 lige
505 1784 518 1820 :
552 1766 691 1821 Deus
719 1767 770 1820 in
802 1765 1007 1822 Christo
1048 1775 1157 1820 erat
1200 1765 1449 1819 mundum
1490 1764 1822 1818 reconcilians
1871 1761 1968 1815 sibi

2076 569 2180 624 est,
2211 560 2306 615 sed
2319 559 2480 616 etiam
2506 574 2626 616 eum
2663 562 2820 633 100
2834 563 2921 633 qui
2953 562 3034 636 (i)
3066 576 3275 619 maneat
3326 566 3378 618 in
3403 576 3669 635 prasente

2073 650 2412 708 demonstrat
2441 672 2454 707 :
2482 652 2810 709 habitantem
2841 656 2908 709 ab
2940 656 3078 710 eoin
3112 672 3219 726 quo
3238 657 3440 712 habitet
3463 657 3669 713 discet-9

2075 758 2232 809 nens,
2263 759 2509 814 persona
2535 755 2710 801 tamen
2743 755 2943 802 tantum
2966 747 3345 815 distinctione,
3371 765 3477 805 non
3508 766 3672 818 gene-

2073 836 2182 892 ris:
2216 837 2358 892 Deus
2382 839 2527 893 enim
2559 840 2610 892 in
2641 855 2708 895 eo
2738 849 2856 894 est:
2885 848 2941 895 et
2980 841 3034 896 in
3065 857 3172 911 quo
3193 853 3275 897 est
3307 844 3479 912 Deus,
3533 845 3673 900 Deus

2073 940 2176 986 est.
2201 930 2317 986 Non
2346 934 2490 986 enim
2521 934 2662 988 Deus
2688 934 2740 988 in
2772 933 3000 988 diversa:
3029 945 3190 1004 atque
3219 937 3408 992 aliena:
3433 955 3460 991 a
3485 952 3545 994 se
3578 955 3671 994 na-

2075 1033 2207 1079 tura:
2237 1025 2545 1081 habitacqu
2571 1036 2674 1091 eat,
2706 1027 2798 1081 scd
2834 1028 2884 1082 in
2911 1041 3011 1082 suo
3031 1027 3102 1100 (e)
3123 1039 3284 1094 atque
3309 1045 3374 1084 ex
3407 1045 3464 1084 se
3489 1032 3672 1100 genito

2074 1129 2273 1173 manet.
2309 1119 2446 1174 Deus
2467 1120 2519 1173 in
2538 1119 2666 1183 Deo,
2691 1120 2815 1189 quia
2838 1136 2902 1174 ex
2931 1121 3041 1175 Deo
3066 1123 3204 1176 Deus
3227 1131 3328 1177 est.
3363 1117 3443 1176 Tu
3462 1139 3513 1176 es
3534 1125 3670 1178 enim

2072 1209 2228 1275 Deus,
2254 1220 2300 1265 et
2318 1210 2686 1276 nesciebamus,
2711 1211 2848 1265 Deus
2866 1211 3030 1266 Israel
3051 1214 3274 1267 salvator
3297 1211 3395 1286 (Is.
3412 1230 3533 1277 ην,
3556 1215 3666 1283 15).

2142 1305 2235 1360 Η.
2279 1303 2416 1359 Filio
2441 1307 2765 1360 adversantes
2794 1306 3103 1360 erubescent.
3145 1305 3189 1360 F
3192 1308 3334 1360 ilium
3358 1309 3444 1378 qui
3472 1318 3620 1378 negat
3647 1349 3662 1373 ,

2073 1396 2282 1451 Patrem
2315 1398 2611 1453 inhonorat.
2655 1427 2710 1439 -
2732 1397 3026 1467 Negantem
3060 1409 3112 1452 te
3140 1401 3304 1454 Deum
3333 1399 3387 1453 in
3422 1401 3550 1467 Deo,
3576 1415 3666 1454 SB!-

2070 1505 2241 1560 quens
2269 1504 2447 1544 sermo
2476 1489 2716 1545 confutet
2741 1508 2753 1543 :
2785 1493 2860 1544 ait
2888 1493 3054 1555 enim,
3082 1489 3396 1544 Erubeseent
3421 1534 3436 1556 ,
3476 1501 3522 1545 et
3565 1503 3661 1559 pu-

2071 1581 2204 1636 debit
2228 1597 2400 1635 omnes
2424 1583 2509 1651 qui
2537 1582 2873 1635 adversantur
2902 1583 2968 1644 ei,
2998 1592 3044 1636 et
3083 1583 3225 1636 ibunt
3251 1599 3365 1636 cum
3398 1585 3662 1652 confusio-

2071 1691 2134 1729 ne
2161 1673 2350 1747 (Ibid.,
2383 1674 2472 1746 ib)
2500 1689 2511 1727 :
2541 1675 2607 1747 (Ι)
2644 1675 2926 1729 Decretum
2961 1674 3063 1729 hoc
3089 1675 3141 1728 in
3167 1675 3496 1743 impietatem
3523 1686 3664 1732 luam

2074 1769 2168 1822 Dei
2190 1776 2291 1823 est.
2319 1767 2642 1821 Adversaris
2666 1768 2808 1822 enim
2834 1767 3069 1829 Christo,
3101 1766 3170 1822 de
3197 1783 3303 1834 quo
3327 1775 3378 1821 te
3402 1767 3667 1838 professio

367 1860 438 1933 (il
467 1859 587 1916 Cor.
643 1877 697 1926 ν,
731 1860 846 1932 i9).
884 1860 1087 1915 Dehinc
1131 1860 1411 1930 sequitur,
1457 1857 1524 1911 Et
1565 1873 1665 1911 non
1711 1866 1787 1912 est
1829 1855 1966 1910 Dens
1995 1853 2044 1914 B
2075 1869 2309 1930 paternae
2355 1858 2503 1912 vocis
2529 1857 2797 1926 objurgat.
2836 1858 2973 1911 Deus
3000 1866 3086 1911 est
3125 1858 3300 1921 enim,
3343 1873 3501 1928 quem
3545 1873 3666 1912 esse

367 1966 552 2026 praeter
577 1965 643 2008 te.
677 1952 881 2020 Quibus
906 1952 1164 2007 continuo
1207 1951 1348 2006 idem
1382 1949 1674 2020 Apostolus
1700 1949 1794 2013 ait,
1827 1963 1965 2005 unus

366 2055 450 2101 est
486 2047 628 2100 enim
681 2045 940 2100 Dominus
971 2054 1156 2100 noster
1189 2043 1346 2098 Jesus
1372 2042 1619 2096 Christus
1670 2057 1763 2110 per
1805 2057 1964 2111 quom

367 2144 546 2195 omnia
576 2139 624 2210 (l
651 2139 772 2194 Cor.
817 2155 932 2205 vttt,
959 2141 1010 2208 6)
1045 2157 1056 2191 :
1088 2148 1143 2194 et
1182 2137 1360 2192 nullus
1381 2145 1574 2206 prutter
1600 2151 1721 2191 cum
1751 2137 1965 2192 videtur

368 2233 501 2287 alius
522 2247 664 2298 esse,
699 2233 820 2304 quia
860 2248 996 2286 unus
1026 2240 1131 2286 est.
1177 2229 1360 2286 Tertio
1403 2245 1616 2300 quoque
1661 2229 1768 2295 ait,
1810 2228 1883 2282 Tn
1914 2247 1966 2286 es

355 2323 528 2390 Deus,
558 2332 606 2378 ει
634 2324 998 2379 nesciebamus.
1029 2323 1134 2380 Sed
1166 2339 1232 2378 ex
1273 2333 1619 2394 persecutore
1648 2321 1722 2394 (ὁ)
1765 2320 1964 2379 Eccle-

367 2423 462 2478 sitc
483 2421 619 2476 dixit
652 2435 667 2476 :
704 2415 937 2486 Quorum
963 2427 1131 2488 patres
1152 2460 1166 2485 ,
1197 2435 1259 2474 ex
1286 2419 1466 2491 quibus
1496 2417 1749 2482 Christus,
1779 2419 1866 2488 qui
1892 2427 1968 2473 est

366 2529 517 2584 super
546 2513 718 2567 omnia
748 2509 892 2566 Deus
922 2511 1097 2582 (Rom.
1122 2523 1199 2575 ιχ,
1232 2510 1308 2583 5).
1355 2510 1417 2564 lli
1450 2510 1610 2580 igitur
1654 2509 1819 2563 vincti
1851 2509 1966 2565 lucc

368 2603 735 2678 predieabunt
764 2622 776 2658 :
809 2603 1008 2658 excelsi
1038 2602 1308 2668 videlicet,
1340 2601 1467 2656 etin
1499 2600 1784 2656 duodecim
1811 2601 1962 2654 thro-

368 2697 766 2767 nisjudieaturi
811 2696 887 2766 (ε)
933 2696 1106 2750 tribus
1136 2695 1326 2763 Israel,
1378 2702 1432 2748 et
1487 2693 1770 2749 Dominum
1805 2707 1962 2748 suum

366 2789 629 2845 doctrina:
655 2798 710 2842 et
737 2787 1002 2857 passionis
1029 2802 1141 2842 ante
1168 2787 1429 2858 martyrio
1454 2787 1711 2842 secuturi.

436 2881 527 2937 ιο.
557 2879 714 2934 Pater
743 2882 806 2933 de
832 2896 886 2933 se
911 2881 1056 2944 dicit,
1091 2879 1208 2934 Non
1251 2889 1334 2934 est
1375 2879 1513 2934 Deus
1543 2891 1739 2948 praeter
1784 2893 1890 2944 me,
1919 2887 1965 2932 et

365 2975 429 3028 de
473 2972 653 3042 Filio,
703 2973 818 3029 Non
859 2983 943 3028 est
999 2973 1140 3027 Deus
1184 2983 1378 3042 prtcter
1417 2984 1490 3029 te.
1542 2971 1710 3027 Filius
1750 2988 1964 3044 persona

366 3083 470 3121 non
511 3082 694 3138 genere
742 3083 774 3119 a
813 3076 958 3137 patre
995 3066 1262 3120 discretus.
1304 3095 1375 3108 -—
1418 3066 1556 3121 Deus
1601 3081 1730 3135 ergo
1771 3067 1822 3120 in
1857 3067 1965 3120 Deo

363 3169 446 3213 eat
479 3177 491 3210 :
522 3167 577 3212 ct
615 3159 667 3212 in
697 3171 808 3228 quo
835 3164 916 3212 est
949 3157 1120 3224 Deus,
1153 3158 1294 3212 Deus
1323 3167 1425 3212 est.
1472 3157 1537 3212 Et
1563 3157 1832 3227 quomodo
1861 3173 1964 3212 non

2072 1959 2125 2005 tu
2160 1950 2325 2006 Deum
2368 1949 2622 2018 dettegas.
2678 1951 2918 2018 Deoegas
2940 1963 3069 2005 vero
3098 1951 3197 2004 sub
3224 1949 3405 2016 specie
3447 1950 3666 2006 honoris

2071 2043 2164 2098 Dei
2197 2044 2456 2114 (Patris),
2486 2043 2744 2110 dicentis,
2780 2042 2902 2097 Non
2931 2053 3006 2096 est
3039 2045 3174 2098 alius
3202 2041 3344 2098 Deus
3374 2055 3556 2114 preter
3587 2063 3666 2100 me

2071 2136 2232 2210 (Ibid.
2260 2178 2274 2203 ,
2305 2139 2419 2206 18).
2445 2137 2551 2192 Sed
2585 2136 2915 2192 confundere
2964 2146 3020 2192 et
3065 2138 3326 2192 erubesco
3355 2155 3368 2191 :
3399 2147 3504 2192 non
3543 2147 3667 2208 eget

2068 2232 2248 2287 delato
2273 2247 2304 2284 a
2334 2240 2386 2286 te
2415 2231 2617 2286 honore
2647 2229 2977 2286 innascibilis
3024 2229 3188 2294 Deus,
3217 2231 3443 2298 gloriam
3468 2229 3606 2286 hanc
3635 2246 3663 2285 a

2070 2335 2122 2382 te
2149 2323 2456 2384 solitudinis
2481 2339 2591 2380 sua:
2633 2337 2738 2378 non
2771 2322 3032 2393 postulat,
3071 2335 3180 2378 non
3209 2322 3473 2378 desiderat
3526 2323 3666 2377 hanc

2068 2419 2337 2491 opinionis
2368 2428 2472 2472 tute
2499 2417 2940 2488 intelligentiam;
2971 2425 3026 2470 ut
3052 2416 3123 2471 ob
3146 2418 3248 2473 hoc
3275 2417 3416 2487 quod
3443 2417 3662 2485 dixerit,

2070 2511 2192 2567 Non
2219 2521 2291 2568 est
2321 2511 2460 2567 Dens
2487 2521 2672 2578 praeter
2700 2527 2796 2575 me,
2816 2524 3112 2579 cumquem
3129 2524 3194 2564 ex
3212 2525 3271 2564 se
3293 2513 3473 2580 genuit
3494 2511 3662 2566 Deum

2066 2604 2320 2674 abneges.
2341 2607 2417 2658 Ac
2443 2619 2510 2657 ne
2535 2603 2638 2657 sibi
2664 2603 2785 2666 hoc,
2809 2601 2875 2655 ad
2893 2600 3225 2656 divinitatem
3247 2601 3368 2656 Filii
3385 2601 3669 2657 destruen-

2067 2696 2212 2761 dam,
2239 2695 2506 2764 peculiare
2531 2694 2609 2764 (g)
2625 2691 2895 2756 deferres;
2920 2690 3284 2761 Unigenitisui
3310 2691 3538 2761 glOriam
3566 2692 3665 2748 ito-

2069 2803 2201 2844 noro
2229 2787 2476 2858 perfecta:
2503 2785 2797 2840 divinitatis
2826 2786 3102 2854 implevit,
3134 2784 3340 2849 dicens,
3377 2783 3440 2837 Et
3467 2800 3567 2838 non
3593 2792 3670 2860 est

2013 2875 2016 2878 Α
2068 2881 2208 2936 Deus
2260 2890 2444 2950 pra’ter
2488 2891 2553 2933 te.
2603 2877 2740 2946 Quid
2788 2884 3064 2947 exarquata
3109 2875 3491 2930 discriminas?
3539 2877 3668 2946 quid

2066 2979 2373 3041 comparata
2401 2969 2698 3025 discernis?
2730 2969 3010 3038 Proprium
3043 2967 3135 3022 Dei
3169 2966 3281 3021 lilio
3301 2976 3402 3033 est,
3436 2981 3504 3021 ne
3534 2983 3666 3036 pra:-

2067 3072 2152 3119 ter
2178 3079 2301 3119 eum
2335 3064 2474 3116 Deus
2493 3062 2592 3128 sit;
2625 3059 2898 3132 proprium
2927 3059 3034 3114 Deo
3063 3060 3198 3129 patri
3227 3067 3310 3112 est
3329 3099 3344 3125 ,
3377 3073 3444 3112 ne
3463 3057 3668 3128 absque

2067 3173 2133 3212 eo
2165 3158 2303 3212 Deus
2317 3156 2597 3226 quisquam
2627 3156 2695 3208 sit
2729 3172 2742 3207 :
2770 3152 2948 3208 verbis
2979 3153 3069 3207 Dei
3101 3153 3169 3207 de
3191 3153 3297 3207 Deo
3325 3163 3499 3207 utere.
3521 3150 3667 3207 Cou-

363 3261 439 3305 est
470 3245 610 3304 Deus
630 3257 818 3320 prarter
839 3259 917 3315 te;
946 3265 1067 3306 cum
1097 3248 1146 3306 in
1178 3249 1365 3305 eodem
1393 3251 1532 3304 Deus
1560 3249 1672 3304 sit?
1697 3247 1960 3318 Usurpas,
1989 3240 2035 3305 C
2071 3251 2221 3304 litere
2245 3251 2336 3314 ita,
2365 3255 2418 3303 et
2445 3263 2664 3318 precare
2708 3261 2886 3316 regem
2919 3263 2932 3300 :
2965 3245 3217 3314 Quoniam
3246 3245 3300 3298 in
3329 3256 3376 3299 te
3400 3256 3470 3299 est
3506 3244 3667 3311 Deus,

364 3360 396 3394 o
425 3342 701 3409 itaet-elice,
733 3343 798 3397 ad
821 3343 1215 3399 confessionem
1245 3339 1468 3397 solitarii
1502 3343 1591 3397 Dei
1625 3345 1810 3414 patris.
1843 3344 1966 3399 Non

362 3445 440 3490 est
472 3435 610 3490 Deus
637 3446 824 3506 preter
869 3450 948 3489 me
979 3451 997 3490 :
1027 3435 1300 3507 quomodo
1341 3451 1407 3491 ex
1451 3420 1829 3506 pradicatione
1872 3438 1966 3495 Dei

369 3528 533 3598 patris
559 3527 810 3596 dicentis,
845 3526 969 3583 Non
999 3540 1072 3583 est
1102 3525 1243 3582 Deus
1274 3538 1458 3598 praeter
1479 3537 1546 3590 te.
1571 3529 1771 3584 dictutn
1796 3532 1967 3585 luter-

369 3618 688 3686 pretabcris,
721 3619 765 3674 si
810 3635 904 3689 per
929 3610 981 3674 id
1013 3620 1155 3689 quod
1183 3618 1384 3674 dictum
1411 3628 1516 3686 est,
1551 3611 1672 3675 Non
1713 3631 1786 3676 est
1827 3619 1964 3677 Deus

363 3722 549 3781 prater
577 3728 657 3764 me
685 3710 864 3782 (Deut.
893 3727 1069 3778 xxxii,
1115 3711 1232 3783 39),
1259 3710 1530 3767 allirmare
1558 3712 1860 3777 contendis,
1895 3727 1962 3768 ne

364 3806 454 3860 Dei
484 3803 628 3859 ﬁlius
656 3805 794 3858 Deus
824 3805 929 3858 sit?
957 3804 1024 3857 Et
1047 3805 1132 3859 cui
1162 3819 1290 3874 ergo
1319 3803 1461 3858 Deus
1489 3803 1695 3877 (Pater)
1727 3802 1955 3872 dixerit,

360 3893 482 3950 Non
509 3905 583 3949 est
611 3891 746 3949 Dens
766 3903 950 3966 praeter
969 3903 1016 3948 te
1032 3895 1058 3949 ξ)
1083 3895 1352 3966 subjicere
1373 3896 1514 3950 enim
1542 3895 1628 3950 hic
1649 3895 1742 3951 tibi
1776 3910 1963 3966 perso-

358 4006 480 4045 nam
505 3989 732 4044 solitarii
761 3988 840 4061 (d)
870 4005 976 4044 non
1003 3989 1203 4044 licebit.
1233 3989 1488 4045 Dominus
1519 3991 1663 4046 enim
1685 3990 1818 4044 dixit
1847 3991 1961 4061 regi

355 4097 517 4152 quem
541 4083 816 4146 excitavit,
845 4097 908 4136 ex
934 4096 1163 4152 persona
1193 4082 1430 4136 virorum
1462 4083 1799 4138 excelsorum
1829 4083 1960 4138 ado-

357 4175 591 4230 rantium
616 4184 669 4230 et
697 4175 1136 4246 deprecantium,
1171 4174 1428 4241 Quoniam
1475 4176 1530 4229 in
1577 4185 1625 4230 te
1673 4185 1745 4230 est
1792 4173 1953 4233 Deus.

357 4270 674 4326 Solitariam
703 4285 792 4325 res
821 4270 920 4325 ista
952 4285 1058 4324 non
1110 4269 1323 4339 recipit.
1357 4267 1423 4322 In
1462 4278 1510 4323 te
1547 4271 1688 4323 enim
1718 4285 1960 4340 praesen-

355 4372 490 4434 tem,
512 4366 679 4421 veluti
705 4365 772 4419 ad
799 4373 957 4436 quem
984 4364 1056 4420 sit
1081 4377 1285 4431 sermo,
1308 4362 1592 4435 signiﬁcat.
1609 4365 1763 4435 Quod
1781 4375 1962 4425 autem

428 4502 511 4576 (1)
539 4501 735 4557 Manet.

453 4639 507 4709 tr)
531 4639 692 4694 Solus
718 4637 888 4694 codex
919 4636 1040 4691 Vat.
1068 4635 1207 4702 bas.,
1238 4634 1293 4690 in
1323 4636 1470 4709 donis
1489 4635 1680 4709 itaque.

455 4705 509 4780 ὁ)
543 4710 598 4765 id
623 4719 726 4771 est,
758 4711 842 4780 qui
871 4711 969 4780 fuit
998 4716 1307 4780 persecutor.
1336 4705 1454 4780 iam
1488 4707 1620 4780 alias
1650 4707 1958 4764 observavi-

357 4775 948 4852 tuus'prtcpositionem
982 4775 1054 4852 ea;
1077 4778 1144 4852 ad
1171 4775 1606 4852 signiﬁcandum
1649 4788 1846 4834 statum
1894 4793 1958 4837 ac

358 4850 579 4920 tempus
629 4850 964 4920 pra-teritum
1020 4850 1218 4904 ililario
1274 4865 1393 4903 es.~e
1440 4853 1709 4904 usitatam.
1759 4852 1852 4908 Sic
1889 4853 1957 4907 de

355 4922 577 4978 Christo
604 4925 654 4976 in
683 4924 822 4977 servi
862 4926 1084 4976 fortnam
1117 4920 1391 4991 esinanito
1421 4933 1564 4988 saepe
1594 4923 1829 4991 loquitur
1853 4964 1865 4984 ,
1899 4940 1959 4977 ea:

356 4993 472 5049 Deo
498 4995 672 5059 homo,
703 5010 820 5061 pro,
844 5009 960 5047 cum
990 5002 1115 5047 esset
1148 4990 1311 5054 Deus,
1339 4994 1508 5061 factus
1548 5003 1618 5044 est
1649 4990 1816 5047 homo.
1863 4994 1959 5048 ilic

355 5076 540 5120 autem
589 5067 639 5118 itt
688 5065 912 5134 vulgatis
961 5075 1013 5118 et
1063 5064 1112 5116 in
1143 5072 1251 5116 uno
1291 5064 1464 5116 solum
1517 5064 1818 5119 recentiore
1853 5082 1954 5119 ms.

355 5135 512 5192 Colit.
545 5138 804 5191 insertum
835 5147 937 5197 est,
969 5137 1134 5206 factus
1152 5136 1347 5206 doctor_.

433 5206 508 5277 (ε)
544 5208 706 5271 Editi,
735 5204 1004 5260 duodecim
1025 5206 1184 5258 tribus
1211 5221 1231 5259 :
1260 5204 1650 5274 refragantibus
1669 5220 1808 5277 mss.

430 5276 510 5350 (ά)
539 5277 640 5332 Hic
664 5280 820 5342 enim,
842 5279 919 5332 uti
949 5277 1331 5350 I‘et‘tttiiiattus,
1354 5278 1615 5350 adversus
1668 5276 1952 5350 Praxcatn,

357 5364 413 5404 η.
440 5347 537 5414 l5,
570 5353 622 5405 in
669 5351 917 5404 eumdem
948 5349 1122 5402 locum
1153 5351 1249 5412 ait,
1278 5349 1508 5411 dicendo,
1549 5347 1682 5401 Deus
1711 5348 1764 5401 in
1788 5357 1854 5411 te,
1885 5357 1953 5415 et,

361 5418 440 5474 Tu
463 5419 625 5484 Deus,
653 5421 784 5474 duos
811 5421 1080 5490 proponit;
1101 5418 1339 5488 quierat,
1363 5428 1410 5472 et
1440 5419 1491 5472 in
1519 5435 1618 5488 quo
1637 5428 1783 5482 erat;
1806 5418 1955 5474 Chri-

357 5505 514 5556 stum,
548 5503 594 5546 et
617 5491 872 5559 Spiritum
899 5509 910 5544 :
937 5492 1024 5544 tibi
1056 5491 1309 5557 Spiritui»
1338 5491 1548 5544 Patrem
1573 5490 1843 5561 intelligit.

433 5561 509 5632 (e)
539 5563 593 5616 In
623 5577 724 5617 ms.
756 5561 913 5618 Carn.
949 5571 1099 5631 atque
1130 5561 1182 5614 in
1213 5577 1266 5634 se
1292 5562 1458 5634 genito
1485 5577 1504 5615 :
1532 5563 1688 5634 male.
1721 5564 1832 5615 Cur
1858 5574 1956 5634 au-

358 5627 548 5703 tetit‘in
571 5650 639 5689 eo
667 5642 910 5698 maneat,
938 5627 1023 5686 sic
1045 5627 1331 5703 exponitur
1355 5631 1404 5684 in
1438 5627 1572 5700 paul.
1604 5646 1773 5695 cxxtt,
1800 5650 1852 5686 tt.
1887 5632 1951 5686 Ξῖ

355 5702 497 5764 Deus
527 5707 660 5760 enim
683 5721 746 5760 ea:
776 5706 882 5760 Deo
904 5707 1122 5774 genitus,
1152 5719 1251 5757 non
1273 5702 1411 5758 abest
1430 5720 1517 5772 per
1536 5712 1774 5760 naturam
1805 5704 1868 5757 ab
1897 5719 1954 5758 eo

351 5790 419 5830 σιτ
443 5791 544 5846 quo
574 5778 776 5847 genitus
801 5775 1120 5847 conﬁtendtg
1141 5783 1216 5829 est
1245 5789 1263 5830 :
1294 5787 1415 5830 cum
1443 5785 1638 5847 cauerat
1657 5776 1829 5831 absint
1859 5791 1956 5846 per

351 5844 1032 5921 naturae'discrepautiaut.
1066 5844 1234 5905 Filius
1278 5847 1458 5919 itaque
1486 5845 1646 5918 digna
1690 5863 1786 5922 per
1813 5844 1873 5905 se
1899 5855 1957 5907 et

2067 3353 2114 3396 et
2145 3359 2246 3396 non
2275 3352 2346 3394 est
2379 3341 2512 3394 Deus
2546 3351 2728 3409 prwter
2759 3350 2823 3393 te.
2860 3338 2937 3392 Tu
2963 3339 3096 3392 enim
3127 3355 3177 3391 cs
3209 3337 3366 3403 Deus,
3403 3350 3448 3391 et
3477 3338 3670 3393 nescie-

2067 3437 2265 3502 bamus,
2296 3433 2433 3488 Deus
2466 3433 2628 3487 Israel
2650 3435 2894 3487 salvator.
2921 3431 3087 3487 Caret
3112 3431 3192 3503 (It)
3218 3432 3545 3485 contumelia
3571 3430 3669 3484 lto-

2069 3529 2215 3582 noris
2244 3525 2502 3591 officium,
2532 3531 2705 3595 neque
2735 3522 3088 3580 oilensioncm
3122 3523 3286 3578 habet
3313 3522 3668 3578 confessionis

2067 3623 2412 3692 exemplum;
2455 3621 2687 3677 maxime
2717 3635 2841 3674 cum
2874 3617 3182 3674 adversatio
3203 3617 3320 3688 ejus
3352 3616 3506 3687 plena
3534 3633 3667 3671 con-

2067 3717 2291 3771 fusionis
2321 3715 2390 3770 sit
2419 3725 2472 3770 et
2505 3714 2743 3785 pudoris.
2774 3713 3070 3768 Immorare
3117 3712 3209 3766 Dei
3237 3710 3448 3772 verbis,
3499 3709 3666 3763 conii-

2067 3816 2179 3862 tere
2209 3807 2300 3861 Dei
2331 3806 2583 3870 vocibus;
2615 3815 2668 3860 et
2685 3804 2808 3875 fuge
2829 3802 3160 3858 confusionis
3181 3800 3663 3856 denuntiationem.

2066 3899 2234 3955 Deum
2281 3899 2424 3955 enim
2459 3899 2549 3952 Dei
2590 3898 2755 3953 lilium
2786 3895 3098 3966 abnegando
3124 3936 3137 3959 ,
3191 3911 3296 3948 non
3340 3904 3446 3947 tam
3497 3893 3663 3948 Deum

2067 4005 2336 4065 tamquam
2369 3992 2451 4064 (2)
2486 3991 2784 4047 solitarium
2819 3990 2879 4060 (i)
2921 3991 3107 4060 gloria:
3141 3989 3345 4044 honore
3376 3987 3668 4043 venerabe-

2066 4090 2162 4155 ris,
2189 4103 2348 4160 quam
2377 4087 2588 4142 Patrem
2622 4085 2740 4140 Filii
2771 4085 3184 4139 inhonoratione
3198 4092 3531 4138 Contemnes.
3565 4081 3670 4136 Ho-

2069 4182 2215 4236 noris
2267 4178 2427 4235 ﬁdem
2473 4178 2774 4235 innascibili
2825 4175 2934 4233 Dco
2962 4176 3256 4245 conﬁtere,
3297 4175 3440 4246 quod
3474 4185 3668 4247 prtetcr

2069 4293 2192 4332 eum
2221 4276 2360 4331 Deus
2389 4273 2566 4330 nullus
2594 4273 2665 4329 sit
2695 4291 2708 4328 :
2742 4272 3019 4346 unigenito
3059 4273 3170 4330 Deo
3212 4271 3476 4344 pra'dica,
3524 4268 3666 4341 quod

2070 4368 2274 4438 absque
2295 4381 2362 4422 eo
2391 4367 2530 4422 Deus
2553 4381 2660 4423 non
2689 4366 2780 4422 sit.

2131 4503 2214 4580 (ε)
2240 4504 2509 4562 Solitarlo.

1985 4648 2039 4710 ι)
2064 4639 2338 4695 sufficiens
2367 4647 2449 4693 est
2475 4637 2736 4710 habitatio
2763 4635 2937 4710 Patris
2973 4635 3135 4710 :Aqui
3158 4634 3210 4688 in
3250 4633 3466 4710 caeteris
3497 4633 3660 4710 etiam

2064 4712 2289 4771 habitat.
2312 4720 2574 4780 quatenus
2588 4705 2724 4764 Filio
2749 4708 3018 4777 conjuncti
3044 4705 3094 4761 in
3121 4706 3238 4780 ipso
3260 4705 3662 4773 quodammodo

2064 4777 2430 4844 continentur,-
2462 4791 2519 4834 ut
2553 4782 2827 4850 eleganter
2855 4780 3052 4834 ibidem
3083 4777 3398 4850 explicatur.

2139 4854 2212 4924 (ι’)
2240 4853 2356 4906 Vat.
2384 4854 2496 4907 bas.
2531 4849 2855 4924 ms.rdictnm
2882 4854 2975 4904 hoc
2998 4867 3017 4904 :
3050 4852 3235 4924 minus
3256 4849 3413 4924 bene.

2139 4917 2215 4991 (ᾖ)
2250 4925 2388 4978 Idem
2430 4926 2620 4985 codex.
2655 4923 2944 4991 defenderet
2971 4939 2990 4977 :
3019 4933 3189 4991 neque
3221 4919 3309 4974 hic
3335 4917 3656 4973 audiendus.

2139 4943 2151 4988 ί
2198 4943 2216 5034 ζ
2250 4943 2388 4978 Ille")
2430 4943 2620 4985 COUCX.
2655 4943 2944 4991 aclenaeret
2971 4943 2990 4977 .'
3019 4943 3189 4991 neque
3221 4943 3309 4974 IIIU
3335 4943 3656 4973 διιυιιςιιυυδ.

2135 4943 2214 5069 (ΖΙ
2245 4995 2538 5069 Neqttehic
2560 4995 2768 5069 videtur
2793 4997 3056 5069 sincerior
3087 4991 3371 5062 praedictus
3397 5006 3500 5044 ms.
3534 5005 3656 5044 cum

2064 5066 2162 5137 pro
2187 5066 2520 5137 contumelia,
2549 5066 2766 5120 exhibet
2792 5066 3052 5119 calnnmia
3075 5079 3094 5118 :
3123 5071 3178 5118 et
3204 5079 3325 5116 tttox
3355 5077 3502 5130 pana
3531 5075 3653 5115 con-

2067 5136 2305 5208 fusionis,
2343 5153 2438 5201 pro
2467 5136 2616 5206 plena
2643 5138 2976 5208 canfnsionis.

2137 5208 2212 5281 (i)
2253 5205 2536 5281 Editicum
2566 5205 2767 5278 aliquot
2807 5225 2938 5262 mss.
2964 5207 3215 5281 solitario.
3248 5205 3508 5281 malumus
3533 5217 3656 5257 cum

2063 5279 2276 5334 caeteris
2305 5279 2614 5344 solitariam,
2643 5283 2788 5348 prius
2815 5281 3057 5334 restituta
3083 5279 3340 5348 particula
3364 5285 3653 5348 tamquam,

2062 5366 2222 5421 quam
2272 5348 2479 5415 Lipsius
2521 5347 2724 5420 absque
2750 5347 3446 5417 auctoritateexpunxerat.
3501 5347 3658 5421 Pater

2063 5417 2242 5476 autem
2271 5417 2794 5486 inhonoratum—dum
2827 5421 2918 5475 lilii
2950 5423 3233 5490 degeneris
3279 5426 3430 5487 pater
3458 5417 3654 5490 pracdi~

2059 5502 2215 5547 catur
2238 5535 2253 5557 ,
2305 5500 2362 5544 ιιι
2390 5505 2533 5558 same
2565 5492 2800 5546 insinuat
2836 5488 3282 5546 uoster—Hilarius
3309 5533 3322 5554 ,
3373 5505 3434 5543 ac
3468 5488 3656 5557 probat

2062 5562 2412 5630 Augustinus,
2443 5561 2618 5616 Serm.
2672 5564 2796 5629 139,
2850 5581 2903 5615 η.
2938 5561 2972 5615 5
2996 5603 3011 5626 ,
3061 5578 3270 5616 necnon
3310 5559 3650 5622 Ambrosius,

2061 5633 2151 5687 lib.
2185 5647 2202 5692 ι
2232 5635 2299 5689 de
2332 5632 2461 5686 Fide
2488 5649 2538 5686 c.
2575 5637 2628 5699 ti,
2671 5635 2753 5688 vel
2784 5635 2908 5688 dum
2939 5634 3227 5702 aliquando
3250 5633 3364 5687 sine
3392 5631 3565 5684 Verbo
3594 5643 3656 5681 ac

2059 5705 2320 5773 sapientia
2357 5703 2546 5771 fuisse,
2576 5706 2818 5775 adeoque
2849 5703 3065 5759 aliunde
3095 5709 3354 5760 rationem
3383 5709 3656 5756 mutuatus

2058 5791 2181 5905 isse
2208 5781 2492 5908 assggi‘tur,
2524 5786 2580 5834 ut
2616 5776 2850 5835 ostendit
2879 5776 3226 5845 Athanasius,
3248 5777 3399 5839 Orat.
3445 5787 3481 5840 tt
3507 5779 3657 5842 cont.

2106 5864 2179 5908 r..
2211 5864 2264 5908 Ι).
2410 5863 2425 5908 ὲ

2057 5853 2179 5919 Ar.,
2208 5864 2264 5922 p.
2298 5851 2442 5925 551;,
