4216 6254
565 365 668 424 127

1757 361 2001 421 SANCTI
2041 362 2297 420 "ILARII
2338 362 2644 422 EPISCOPI

3770 365 3874 422 128

635 483 788 558 ιοι
818 481 910 538 42.
947 480 1074 537 Filii
1099 481 1353 536 divinitati
1381 481 1741 552 adstipulatur
1767 480 2037 536 Jeremias.
2067 481 2171 548 Qui
2195 488 2245 545 Α
2274 496 2431 553 puero
2456 497 2570 548 suo,
2601 487 2646 535 et
2664 479 2835 535 Israel
2861 479 3048 536 dilecto
3077 497 3171 535 suo
3200 497 3218 535 :
3245 489 3357 551 post
3383 480 3479 535 hoc
3507 495 3663 552 super
3684 490 3876 535 terram

562 574 702 632 Deus
725 591 882 644 super
910 585 1098 630 terram
1124 575 1283 630 visus.
1316 573 1490 630 Filius
1526 584 1573 630 et
1598 575 1650 628 in
1679 575 1806 644 legis
1835 575 2026 628 latione
2045 583 2092 627 et
2117 574 2170 628 in

560 668 731 722 carnis
771 667 1118 736 assumptione
1166 681 1299 719 unus
1368 664 1647 720 Mediator.
1701 662 1859 720 Pater
1903 675 1950 718 et
1999 663 2171 720 Filius

561 774 741 813 unum.
773 787 845 800 —-
875 756 1010 812 Audi
1040 757 1184 812 enim
1215 764 1409 827 prmter
1446 757 1666 830 Moysen
1699 767 1753 813 et
1783 756 1995 811 Esaiam
2014 797 2030 824 ,
2060 767 2170 811 tum

564 851 726 907 tertio
769 850 821 905 td
867 851 1041 920 ipsum
1073 866 1289 923 quoque
1320 863 1374 907 et
1406 849 1483 924 (a)
1527 852 1815 907 leremiam
1845 851 2130 906 docentem
2154 891 2169 918 ,

563 957 686 1000 cum
717 943 892 1000 dicit:
927 943 1030 998 Hic
1080 944 1217 999 Deus
1257 955 1426 1000 noster
1455 955 1559 1010 est,
1608 957 1655 1000 et
1696 962 1800 1000 non
1839 946 2172 1016 deputabitur

564 1039 700 1094 alter
727 1036 796 1090 ad
825 1053 958 1092 eum.
997 1036 1098 1104 Qui
1123 1038 1314 1092 invenit
1340 1055 1541 1092 onmem
1571 1038 1705 1092 viam
1726 1038 1972 1103 scientite,
2007 1045 2054 1092 et
2083 1037 2175 1090 de-

565 1130 642 1185 dit
683 1146 796 1184 ram
822 1126 987 1183 Jacob
1034 1145 1191 1199 puero
1236 1146 1360 1198 suo,
1394 1139 1439 1184 et
1488 1128 1657 1184 Israel
1683 1129 1869 1184 dilecto
1899 1145 2012 1182 suo.
2046 1127 2173 1182 Post

576 1224 672 1274 hoc
698 1237 852 1292 super
873 1231 1062 1275 terram
1084 1223 1220 1275 visus
1241 1231 1336 1286 est,
1365 1231 1412 1276 et
1433 1222 1564 1275 inter
1595 1221 1825 1275 homines
1847 1227 2174 1274 conversatus

566 1319 638 1366 est
669 1309 920 1383 (Baruch.
959 1327 1038 1378 ιιι,
1068 1312 1138 1368 ’56
1184 1319 1232 1365 et
1257 1313 1446 1383 seqq.).
1482 1312 1694 1366 Dixerat
1719 1310 1863 1366 enim
1883 1311 1994 1377 jam
2016 1323 2176 1379 supe-

567 1402 701 1468 rius,
735 1401 798 1455 Et
831 1402 983 1456 homo
1013 1413 1106 1468 est,
1140 1413 1187 1457 et
1213 1404 1326 1473 quis
1354 1412 1622 1472 cognoscet
1653 1418 1766 1456 eum
1789 1402 1815 1455 .9
1845 1399 2024 1456 Habes
2045 1415 2174 1469 ergo

570 1497 742 1552 Deum
774 1496 825 1550 in
853 1495 1008 1551 terris
1029 1497 1226 1564 visum,
1248 1505 1304 1552 et
1326 1497 1465 1552 inter
1487 1496 1733 1552 homines
1758 1507 2170 1552 conversatum:

567 1599 626 1646 et
653 1590 870 1662 requiro
913 1591 1182 1661 quomodo
1228 1591 1639 1661 intelligendum
1671 1591 1971 1657 existimes,
2007 1589 2176 1644 Deum

569 1697 718 1737 nemo
759 1683 884 1736 vidit
923 1699 1191 1754 umquam,
1225 1684 1326 1737 nisi
1355 1684 1646 1754 unigenitns
1683 1684 1853 1753 ﬁlius,
1897 1683 1985 1754 qui
2018 1693 2092 1736 est
2121 1683 2176 1736 in

572 1775 694 1829 sinu
722 1773 898 1829 Patris
939 1773 1120 1847 (Joan.
1155 1791 1210 1841 ι,
1247 1775 1367 1847 18);
1400 1791 1521 1831 cum
1542 1775 1806 1831 Jeremias
1842 1776 2007 1830 Dettm
2039 1791 2174 1846 pra:-

2272 574 2410 629 visus
2451 586 2556 641 est,
2604 583 2652 630 et
2689 575 2822 629 inter
2850 574 3093 630 'homines
3123 584 3447 630 conversatus
3484 583 3576 630 est.
3611 574 3763 631 Unus
3793 583 3877 632 est

2273 665 2415 720 enim
2442 666 2702 721 Mediator
2727 667 2817 721 Dei
2841 675 2895 722 et
2918 667 3216 731 hominum,
3245 667 3386 723 Deos
3407 676 3461 721 et
3491 668 3646 739 102
3672 667 3834 724 homo
3858 684 3874 724 :

2273 760 2408 814 etin
2455 759 2587 828 legis
2633 759 2864 826 latione,
2893 761 3039 816 et-in
3070 761 3314 830 corporis
3355 763 3725 832 assumptione
3755 777 3876 818 meo

2273 851 2470 907 diator.
2505 851 2657 907 Alius
2687 851 2846 924 igitur
2875 853 2938 908 ad
2970 868 3091 908 eum
3130 868 3235 908 non
3277 852 3584 923 deputatur.
3611 852 3762 909 Unus
3793 861 3880 910 est

2273 944 2416 998 enim
2460 943 2546 999 hic
2573 945 2623 998 in
2669 945 2834 999 Deum
2867 960 2932 1000 ex
2977 946 3089 1001 Deo
3133 956 3320 1012 natus,
3369 960 3464 1015 per
3490 961 3650 1017 quem
3693 955 3877 1002 creata

2275 1047 2398 1090 sunt
2427 1037 2604 1090 omnia
2635 1037 2686 1091 in
2720 1038 2858 1092 coelo
2885 1047 2946 1092 ct‘
2970 1039 3021 1092 in
3055 1046 3220 1104 terra,
3252 1051 3348 1108 per
3374 1055 3530 1108 quem
3555 1048 3797 1108 tempora
3821 1049 3878 1096 et

2275 1128 2468 1183 sarcula
2497 1127 2632 1183 facta
2666 1137 2808 1183 sunt.
2843 1129 3037 1184 Totum
3066 1131 3209 1184 enim
3243 1128 3503 1200 quidquid
3525 1139 3629 1194 est,
3663 1145 3730 1186 cx
3758 1131 3876 1201 ejus

2274 1219 2592 1289 Operatione
2618 1219 2861 1274 subsistit
2894 1218 2985 1291 (c).
3030 1220 3127 1275 llic
3153 1235 3280 1291 ergo
3303 1235 3441 1275 unus
3468 1229 3550 1275 est
3577 1221 3875 1292 disponens

2275 1311 2340 1366 ad
2369 1313 2639 1370 Abraham
2661 1355 2675 1378 ,
2711 1314 2937 1383 loquens
2957 1313 3024 1368 ad
3064 1313 3313 1385 Moysen,
3345 1323 3550 1370 testans
3576 1316 3640 1369 ad
3674 1317 3870 1384 Israel,

2277 1420 2498 1462 manens
2521 1407 2571 1462 in
2607 1407 2900 1478 prophetis,
2934 1423 3028 1478 per
3055 1409 3314 1479 virginem
3342 1420 3501 1463 natus
3526 1409 3606 1480 (l)
3649 1425 3715 1465 ex
3744 1411 3872 1480 Spi-

2275 1499 2380 1554 ritu
2410 1497 2490 1572 (d)
2523 1511 2714 1555 sancto
2735 1541 2748 1565 ,
2795 1500 3145 1555 adversantes
3175 1499 3330 1556 nobis
3378 1501 3731 1572 inimicusque
3761 1502 3874 1556 vir-

2276 1598 2418 1645 tutes
2445 1590 2589 1660 ligno
2619 1591 2885 1661 passionis
2911 1591 3156 1662 attigeris,
3173 1591 3467 1646 mortemin
3484 1589 3694 1646 inferno
3721 1592 3867 1661 peri-

2276 1707 2450 1758 mens,
2501 1691 2616 1762 spei
2667 1702 2865 1748 nostra:
2911 1694 3068 1748 tidem
3103 1694 3498 1749 resurrectione
3522 1694 3873 1765 conﬁrmans,

2277 1792 2676 1861 corruptionem
2706 1792 2885 1848 carnis
2917 1793 3162 1848 humanae
3195 1793 3362 1862 gloria
3389 1794 3633 1864 corporis
3662 1795 3744 1849 sui
3776 1810 3874 1862 pe-

569 1865 736 1934 dicet,
764 1867 855 1938 qui
884 1877 938 1922 et
966 1869 1113 1924 visus
1136 1869 1188 1923 in
1217 1870 1374 1924 terris
1401 1879 1503 1934 est,
1531 1879 1584 1926 et
1612 1869 1756 1925 inter
1781 1870 2028 1925 homines
2051 1885 2176 1925 con-

2279 1883 2500 1938 timeus.
2551 1883 2631 1938 Ad
2664 1883 2805 1940 hunc
2847 1899 2977 1954 ergo
3020 1899 3125 1939 non
3170 1884 3515 1953 deputabitur
3556 1883 3716 1939 alius.
3763 1885 3877 1943 Soli

576 1971 824 2015 versatus
866 1961 991 2016 est?
1019 1960 1178 2016 Pater
1199 1970 1348 2017 certe
1389 1977 1496 2016 non
1527 1963 1626 2016 nisi
1653 1960 1726 2033 (b)
1756 1962 1855 2018 soli
1881 1963 2018 2019 Filio
2046 1963 2176 2017 visi-

575 2051 704 2107 bilis
723 2061 828 2107 est.
845 2052 976 2120 Quis
1003 2067 1134 2123 ergo
1162 2055 1260 2108 iste
1289 2064 1370 2109 est
1389 2055 1477 2124 qui
1495 2063 1578 2109 est
1600 2054 1743 2109 visus
1757 2061 2174 2110 etconversatus

572 2145 714 2202 inter
740 2145 1034 2202 homines?
1067 2147 1208 2203 Deus
1236 2157 1384 2204 certe
1415 2157 1600 2204 noster
1626 2157 1738 2215 est,
1783 2157 1839 2204 et
1865 2149 2092 2205 visibilis
2117 2150 2171 2207 in

573 2240 792 2295 homine
813 2249 868 2295 et
893 2241 1297 2297 contrectabilis
1329 2241 1491 2297 Deus.
1520 2241 1583 2296 Et
1609 2241 1922 2312 pr0phetam
1946 2241 2174 2312 loquen-

572 2341 680 2390 tem
699 2335 939 2407 intellige
965 2354 978 2391 :
1007 2334 1127 2390 Non
1149 2335 1477 2409 deputabitur
1489 2336 1620 2391 alter
1637 2335 1706 2390 ad
1721 2353 1854 2391 eum.
1872 2335 1929 2391 Si
1948 2335 2168 2407 quieris,

572 2428 888 2499 quomodo?
933 2428 1057 2483 audi
1097 2444 1215 2500 quae
1266 2439 1604 2498 sequuntur:
1655 2444 1721 2484 ne
1751 2443 1848 2500 per
1890 2428 1942 2483 id
1985 2444 2090 2482 non
2121 2435 2175 2483 et

573 2517 717 2575 Patri
750 2520 1022 2591 proprium
1043 2535 1166 2577 esse
1189 2521 1463 2576 existimes
1492 2520 1634 2592 quod
1657 2519 1856 2576 dictum
1871 2529 1955 2576 est
1977 2537 1990 2574 :
2011 2519 2170 2582 Audi,

573 2611 766 2680 Israel,
801 2612 1051 2669 Dominus
1079 2613 1218 2669 Deus
1240 2625 1356 2669 tuus
1376 2631 1508 2669 unus
1535 2623 1606 2669 est
1629 2612 1806 2686 (Deut.
1837 2629 1909 2682 Vl,
1932 2611 2012 2684 4).
2047 2613 2172 2668 Haec

572 2704 714 2760 enim
745 2705 845 2760 sibi
885 2707 1163 2762 coluerent
1192 2726 1204 2761 :
1241 2705 1365 2761 Non
1410 2707 1736 2780 deputabitur
1763 2708 1892 2761 alter
1917 2707 1986 2760 ad
2015 2723 2126 2760 eum
2151 2723 2170 2761 :

570 2799 660 2870 qui
698 2800 886 2853 invenit
922 2817 1122 2855 omnem
1151 2803 1282 2856 viam
1322 2802 1577 2867 scientim,
1611 2811 1656 2856 et
1682 2801 1821 2856 dedit
1857 2817 1968 2856 eam
2005 2798 2170 2855 Iacob

647 2912 725 2986 (l)
760 2913 842 2970 Ex
867 2916 1049 2988 spiritu
1077 2925 1282 2973 tantum
1304 2918 1358 2972 in
1387 2929 1574 2973 nostro
1602 2934 1704 2974 ms.

648 3007 724 3077 (a)
751 3008 850 3077 Qui
880 3018 1200 3081 postremam
1233 3011 1521 3067 editionem
1555 3013 1675 3067 l’ar.
1707 3012 2042 3082 procuravit,
2075 3012 2162 3065 hic

574 3080 779 3136 Baruch
831 3080 950 3137 luco
1000 3083 1144 3137 vocis
1191 3083 1469 3137 Jeremiam
1509 3080 1823 3138 substituit:
1867 3084 2006 3138 idem
2037 3097 2165 3138 vero

573 3168 770 3207 nomen
803 3167 923 3208 mox
958 3156 1244 3223 repetitum
1275 3157 1559 3210 immutare
1589 3171 1693 3210 non
1724 3155 1988 3211 meminit.

646 3222 724 3294 (b)
762 3223 860 3279 Hic
884 3222 1131 3280 addimus
1158 3227 1256 3280 soli
1295 3227 1614 3281 auctoritate
1639 3228 1878 3280 omnium
1912 3241 2043 3282 mss.
2075 3225 2166 3280 Hi-

577 3295 698 3368 l_arii
748 3297 1030 3368 sententias
1075 3296 1143 3353 de
1199 3297 1369 3352 Patris
1426 3297 1787 3352 invisibilitatc
1844 3297 2167 3368 suffragatur

573 3365 1081 3450 Tertullianns,lih.
1229 3370 1349 3451 adv.
1399 3368 1656 3422 Marcion.
1711 3386 1764 3422 ιι.
1959 3365 2167 3462 Primam
2195 3400 2238 3462 Ο

575 3439 767 3491 nemini
796 3439 977 3502 visum,
1009 3440 1198 3503 inquit,
1230 3443 1380 3493 etiam
1409 3456 1676 3493 commune
1699 3442 1964 3493 testabitur
1989 3440 2156 3494 Evau-
2195 3439 2240 3462 “

574 3508 798 3579 g_elium,
827 3512 1025 3564 dicente
1055 3510 1298 3566 Christo:
1331 3510 1500 3564 Nemo
1545 3512 1778 3579 cognovit
1828 3510 2035 3566 Patrem
2073 3513 2172 3564 nisi

577 3577 628 3652 If
629 3578 793 3634 ilius:
838 3580 946 3649 ipse
990 3582 1122 3635 enim
1159 3591 1204 3635 et
1234 3583 1385 3635 veteri
1429 3577 1747 3636 Testamento
1779 3584 2166 3652 pronuntiarut,

577 3647 743 3704 Deum
778 3647 924 3705 nemo
950 3652 1154 3715 videbit,
1188 3661 1232 3705 et
1264 3655 1412 3715 vivet,
1443 3652 1648 3706 Patrem
1679 3647 1979 3707 inuisibilem
2009 3655 2174 3707 deter-

582 3722 820 3794 minans,
853 3723 906 3775 in
943 3724 1090 3794 cujus
1117 3730 1417 3778 auctoritate
1446 3733 1493 3778 et
1531 3725 1733 3778 nomine
1766 3726 1874 3794 ipse
1899 3734 2005 3778 erat
2033 3723 2173 3778 Deus

576 3793 664 3863 qui
684 3793 945 3864 videbatur
961 3793 1054 3849 Dei
1079 3795 1456 3864 ﬁlius.Videsis
1471 3795 1744 3862 eumdem,
1762 3793 1884 3849 adv.
1913 3795 2170 3850 Praxeaiu

579 3862 645 3936 ιι.
687 3862 769 3919 14.
800 3865 890 3921 Sic
934 3862 1267 3936 Ambrosius,
1303 3867 1353 3920 in
1403 3865 1599 3920 Lucam
1635 3867 1773 3924 :Aut
1821 3868 2172 3936 acquiescatur

577 3934 733 4008 igitur
754 3951 951 3989 necesse
975 3945 1067 3999 est,
1102 3938 1145 3990 si
1168 3935 1333 3991 Deum
1360 3936 1566 4008 Patrem
1597 3954 1742 3991 nemo
1765 3934 2169 4008 vidit—umquam,

581 3993 777 4060 Filium
799 4008 961 4059 visunt
989 3993 1094 4061 esse
1122 4009 1174 4061 in
1201 4009 1354 4062 veteri
1379 4007 1719 4063 Testamento.
1751 4008 1825 4063 Ita
1854 4019 1907 4064 et
1937 3993 2176 4063 Pruden;

585 4075 722 4157 tius,
741 4075 942 4144 ApOth.
977 4079 1210 4157 vers._79,
1246 4082 1386 4134 inter
1402 4080 1504 4157 alia
1527 4081 1635 4157 ait;
1664 4077 1968 4157 Cernipotis
1989 4089 2061 4134 est
2085 4082 2176 4151 qui

581 4150 809 4219 nascitur
837 4163 855 4200 :
883 4157 936 4219 at
978 4165 1078 4201 non
1107 4150 1312 4203 innatus
1341 4153 1478 4203 cerni
1518 4151 1652 4219 potis
1679 4160 1772 4204 est.
1806 4150 2010 4217 Quibus
2045 4150 2177 4205 cen-

579 4218 748 4291 sentit
769 4217 1345 4291 Jusdnus,pial.cum
1377 4217 1870 4291 Tryph.,favetque
1899 4220 2169 4289 Clemens,

581 4286 783 4343 Strom.
812 4304 889 4351 iv,
921 4304 973 4356 p.
1018 4289 1141 4344 557.
1180 4290 1382 4344 Horum
1421 4286 1689 4346 sententia
1720 4286 1952 4347 maxime
1992 4286 2178 4348 nititur

581 4357 669 4412 his
693 4358 955 4432 Johannis
983 4360 1190 4416 verbis:
1223 4359 1386 4414 Deum
1427 4377 1574 4417 nemo
1601 4364 1724 4416 vidit
1751 4379 2013 4432 umquam.
2041 4363 2174 4419 Nam

579 4443 781 4504 vocent
815 4428 987 4497 Deus,
1044 4432 1255 4501 quoties
1297 4433 1614 4504 simpliciter
1658 4428 1897 4503 ponitur,
1947 4435 2015 4490 de
2066 4435 2177 4490 Deo

580 4498 742 4573 Patre
769 4498 1106 4570 interpretari
1138 4505 1318 4558 solent
1347 4498 1584 4573 priorum
1615 4498 1932 4561 séculoruin
1964 4507 2169 4562 Patres.

581 4571 719 4628 Hinc
747 4573 1139 4630 concludebant
1164 4571 1358 4630 Filium
1390 4577 1477 4645 qui
1509 4577 1654 4631 visos
1682 4576 1786 4641 sit,
1819 4592 1850 4630 a
1887 4577 2046 4632 Patre
2085 4579 2175 4646 qui

583 4657 872 4718 numquam
905 4647 1072 4708 visus,
1101 4646 1263 4718 alium
1291 4662 1431 4702 esse.
1463 4647 1569 4703 Sed
1596 4647 1740 4718 quod
1764 4647 1839 4700 illi
1865 4647 1930 4701 ad
1956 4648 2177 4703 distinc-

584 4713 782 4785 tionem
809 4731 1156 4785 personarum
1181 4717 1556 4782 observarunt,
1585 4713 1930 4772 d'etorserunt
1949 4719 2176 4774 subinde

2275 1985 2418 2040 enim
2449 1985 2562 2040 hinc
2591 1985 2867 2057 unigenito
2893 1985 3005 2040 Deo
3037 1985 3255 2056 propria
3281 1993 3426 2048 sunt,
3457 1993 3512 2040 et
3533 2001 3672 2041 unus
3699 1985 3786 2042 hie
3816 1986 3873 2044 in

2277 2084 2378 2140 hac
2429 2086 2687 2156 peculiari
2715 2087 2967 2140 virtutum
2999 2100 3214 2140 suarum
3262 2085 3593 2143 beatitudine
3622 2096 3778 2142 natus
3806 2103 3875 2143 ex

2280 2188 2388 2243 Deo
2413 2196 2515 2244 est.
2548 2187 2661 2242 Non
2685 2188 2822 2243 alter
2842 2187 2907 2241 ad
2931 2203 3054 2243 eum
3077 2187 3220 2242 Deus
3244 2187 3530 2258 deputatur
3553 2206 3566 2242 :
3595 2203 3699 2244 non
3729 2189 3873 2244 enim

2277 2305 2342 2346 ex
2378 2289 2478 2343 alia
2505 2288 2802 2343 substantia
2828 2331 2842 2355 ,
2889 2287 2982 2344 sed
3015 2304 3080 2343 ex
3110 2287 3222 2342 Deo
3256 2288 3398 2344 Deus
3425 2295 3526 2343 est.
3555 2287 3695 2344 Nihil
3722 2290 3774 2344 in
3805 2305 3876 2345 eo

2277 2393 2455 2463 itaque
2476 2408 2695 2457 novum,
2722 2390 2852 2446 nihil
2875 2399 3214 2456 extraneum,
3243 2390 3373 2445 nihil
3399 2404 3585 2446 recens
3607 2398 3710 2446 est.
3737 2390 3872 2448 Cum

2277 2492 2419 2548 enim
2447 2491 2598 2547 audit
2634 2491 2828 2552 lsrael.
2858 2489 3001 2562 quod
3031 2490 3134 2544 sibi
3169 2491 3306 2544 Deus
3337 2505 3475 2546 unus
3505 2492 3611 2558 sit,
3655 2501 3710 2547 et
3732 2491 3873 2548 Filio

2281 2595 2375 2650 Dei
2407 2595 2518 2650 Deo
2543 2608 2649 2650 non
2681 2593 2816 2648 alter
2847 2592 2988 2647 Deus
3027 2591 3332 2661 deputetur,
3365 2595 3438 2664 re)
3498 2602 3554 2648 ut
3600 2593 3741 2648 Deos
3770 2594 3867 2660 sit;

2279 2695 2526 2751 absolute
2556 2703 2708 2764 pater
2728 2694 2870 2748 Deus
2893 2703 2945 2751 et
2987 2692 3128 2748 ﬁlius
3172 2693 3315 2749 Deus
3359 2707 3524 2748 unum
3573 2703 3722 2755 sunt.
3764 2709 3869 2750 non

2279 2797 2476 2854 unione
2499 2793 2567 2868 (f)
2595 2809 2858 2866 personae,
2875 2793 2969 2850 sed
2991 2793 3307 2850 substantia:
3329 2793 3535 2850 unitate
3562 2812 3576 2850 :
3609 2794 3734 2868 quia
3762 2795 3871 2852 tilio

2267 3009 2376 3064 [nec
2405 3009 2479 3081 (in
2513 3017 2649 3061 terra
2688 3006 2945 3081 visusest)
2974 3015 3148 3076 aperte
3175 3005 3401 3081 declarat
3428 3022 3442 3058 :
3477 3004 3576 3081 IIic
3604 3007 3832 3081 enim_est_
3855 3049 3870 3075 ,

2271 3081 2357 3151 qui
2387 3077 2696 3151 corpoream
2725 3077 2985 3151 nobiscum
3020 3077 3668 3151 consuetudinemhabuit.
3718 3077 3870 3134 Unde

2272 3148 2328 3208 et
2368 3167 2397 3205 a
2429 3148 2614 3204 oestro
2661 3149 2864 3203 Hilario
2904 3163 3026 3202 mox
3070 3149 3268 3202 dicitur
3312 3148 3523 3202 visibilis
3565 3151 3619 3203 in
3667 3151 3873 3204 homine

2277 3218 2598 3292 (assumpto)
2625 3231 2674 3276 et
2705 3219 3076 3292 contrectabilis
3100 3216 3266 3292 Deus.
3295 3218 3396 3292 Ubi
3425 3220 3586 3292 editio
3645 3221 3766 3276 Par.
3790 3237 3870 3292 ex

2275 3288 2858 3349 Nivelliana'tneudose
2901 3306 3010 3362 pra:
3041 3305 3098 3344 se
3141 3288 3344 3344 terebat
3382 3290 3646 3346 invisibilis
3684 3293 3736 3346 in
3777 3291 3874 3348 lto-

2276 3383 2430 3420 mme.

2347 3437 2419 3509 (c)
2442 3436 2646 3492 Eadem
2673 3436 2784 3509 fere
2811 3433 2971 3488 habet
2999 3432 3320 3501 rescriptum
3341 3433 3407 3488 ad
3434 3433 3704 3491 Liberium
3726 3434 3870 3507 apud

2273 3507 2562 3568 Athanas.,
2587 3523 2640 3576 p.
2669 3507 2795 3562 244.

2347 3580 2426 3649 (τι)
2473 3575 2659 3635 Plures
2707 3578 2888 3648 proba:
2918 3584 3058 3632 nota:
3086 3590 3214 3631 mss.
3247 3592 3312 3632 ex
3341 3575 3570 3650 Spiritu,
3602 3592 3700 3634 nec
3737 3577 3874 3649 adji-

2275 3651 2425 3705 ciunt
2451 3662 2646 3704 saneto.

2347 3720 2418 3794 (ε)
2451 3721 2506 3776 ln
2551 3721 2822 3776 nonnullis
2862 3718 3253 3776 recentioribus
3296 3733 3427 3773 mss.
3501 3729 3555 3773 ut
3621 3721 3874 3776 redimens

2280 3791 2418 3848 Deus
2444 3794 2510 3848 sit
2536 3810 2549 3846 :
2581 3794 2871 3863 glossema.

2350 3863 2422 3936 (f)
2454 3862 2598 3936 Quia
2619 3881 2718 3918 vox
2749 3865 2868 3936 unio
2897 3862 3093 3936 sirpius
3124 3863 3374 3927 recurrit,
3397 3865 3620 3936 omnino
3651 3877 3875 3936 necesse

2277 3945 2360 3989 est
2390 3935 2494 3988 vim
2527 3935 2671 3989 illius
2714 3935 2878 4004 probe
2920 3935 3116 3989 habere
3160 3944 3516 4002 perspectam.
3561 3935 3877 4003 Respondet

2277 4015 2456 4059 autem
2490 4006 2654 4079 verbo
2683 4021 2858 4076 graeco
2888 4008 3044 4079 μονὰς
3064 4048 3076 4069 ,
3110 4005 3481 4079 significatque
3522 4005 3868 4079 solitudinem

2276 4090 2342 4133 ac
2385 4075 2828 4148 singularitatem.
2882 4075 2936 4131 in
2986 4079 3087 4132 hoc
3126 4075 3317 4148 dill'ert
3350 4077 3420 4130 ab
3465 4078 3696 4144 unitate,
3731 4077 3873 4147 quod

2278 4148 2448 4202 unitas
2477 4147 2542 4203 ad
2575 4159 2817 4203 naturam
2838 4190 2852 4208 .
2883 4151 3003 4202 unio
3034 4157 3211 4202 autem
3256 4147 3322 4202 ad
3367 4163 3626 4218 personas
3654 4163 3872 4214 semper

2279 4218 2347 4273 ab
2392 4219 2594 4274 Hilario
2641 4220 2904 4275 referatur
2934 4237 2946 4273 :
2979 4229 3140 4290 atque
3171 4219 3241 4272 ita
3275 4233 3617 4290 propugnans
3659 4220 3713 4274 in
3756 4219 3869 4275 Deo

2280 4289 2576 4354 unitatem,
2628 4291 2824 4346 acriter
2879 4289 3120 4360 explodit
3175 4289 3466 4344 unionem.’
3510 4290 3678 4359 Hujus
3725 4294 3874 4346 vocis

2278 4372 2468 4418 auctor
2489 4362 2700 4417 videtur
2717 4362 3002 4433 Sabellius,
3027 4377 3198 4433 eaque
3219 4375 3369 4433 suam
3391 4361 3628 4417 heresim
3651 4375 3875 4432 expres-

2280 4433 2435 4489 sisse.
2472 4433 2624 4489 Unde
2652 4433 2744 4504 lib.
2772 4431 2839 4486 de
2861 4433 3062 4504 Synod.
3096 4431 3149 4486 ri.
3173 4432 3264 4498 26,
3290 4433 3496 4488 hwresis
3519 4433 3725 4488 unionis
3740 4433 3876 4504 sim-

2283 4504 2493 4574 pliciter
2535 4503 2835 4572 appellatur
2869 4503 2968 4558 :et
3013 4505 3102 4573 qui
3133 4504 3180 4558 ei
3228 4504 3424 4559 addicti
3451 4512 3641 4570 erant,
3674 4519 3702 4556 a
3733 4503 3871 4559 Pru-

2281 4575 2472 4646 dentia
2512 4574 2771 4646 unioniue
2805 4574 3046 4645 inscripti
3087 4576 3356 4646 leguntur,
3386 4575 3587 4644 Apoth.
3636 4575 3774 4646 ante,
3814 4590 3870 4630 v.

2284 4645 2405 4700 178.
2456 4645 2542 4717 Ita.
2579 4645 2815 4717 Sulpicio
2865 4644 3002 4701 teste
3032 4661 3088 4717 p.
3129 4644 3258 4706 955.
3289 4645 3592 4717 Qrientales
3633 4645 3876 4714 suspica-

2283 4717 2479 4788 bantur
2506 4715 2688 4788 Gallos
2722 4715 3273 4788 trionymam'solitarii
3305 4716 3398 4770 Dei
3427 4717 3669 4771 unionem
3694 4733 3873 4771 secun-

582 4784 768 4840 Ariani
793 4784 899 4849 ,ut
931 4787 1040 4856 jam
1073 4789 1410 4852 monuimus,
1439 4789 1504 4842 ad
1551 4787 1916 4842 diversitatem
1961 4800 2177 4844 natura-
2202 4786 2257 4846 D
2281 4787 2404 4840 dum
2442 4786 2725 4842 Sabellium
2751 4784 3046 4843 credidisse.
3081 4787 3217 4844 Galli
3256 4798 3434 4843 autem
3467 4788 3698 4843 concilio
3725 4787 3878 4842 Pari-

583 4872 724 4929 rum.
761 4857 954 4916 Filius.
992 4857 1238 4929 inquiunt
1265 4860 1404 4929 apud
1447 4861 1825 4929 Augustinum,
1850 4860 2027 4916 Serm.
2068 4876 2173 4926 vn,

587 4943 639 4981 ιι.
674 4927 708 4981 4
736 4945 749 4981 :
776 4930 912 4983 visus
937 4937 1010 4981 est
1037 4927 1281 4983 Patribus
1301 4970 1316 4993 ,
1357 4928 1516 4983 Pater
1536 4927 1656 4984 'non
1683 4940 1756 4984 est
1787 4932 1925 4985 visus
1950 4947 1970 4985 :
2009 4931 2183 4986 invisi-

586 4998 702 5069 bilis
745 5009 791 5054 et
820 4999 1031 5053 visibilis
1079 4999 1276 5054 diversa
1320 5008 1505 5054 natura
1546 5011 1651 5068 est,
1700 5009 1805 5056 etc.
1850 5002 2011 5069 Quasi
2053 5017 2181 5059 vero

588 5068 755 5143 Filius
796 5072 1092 5143 secundum
1125 5071 1358 5125 divinam
1391 5082 1632 5127 naturam
1665 5087 1770 5128 non
1803 5068 1954 5143 irque
1991 5075 2179 5129 invisi-

589 5141 810 5215 bilissit
852 5157 915 5197 ac
949 5142 1153 5215 Pater:
1189 5153 1246 5197 ut
1275 5144 1465 5197 merito
1508 5141 1991 5215 Augustinus,'lib.
2037 5161 2073 5198 ιι
2112 5147 2180 5201 de

588 5211 780 5298 Tr‘iirit.
809 5230 859 5298 (ξ.
901 5211 991 5297 t4,
1022 5213 1414 5298 delirantesneos
1445 5211 1628 5298 vocet,
1655 5216 1748 5298 qui
1775 5213 1968 5270 Filium
2009 5219 2061 5270 in
2087 5234 2181 5298 sua

588 5283 870 5338 substantia
890 5287 1050 5339 visum
1073 5285 1266 5339 volunt.
1293 5286 1495 5354 Quibus
1515 5283 1718 5341 deliriis
1746 5297 1803 5341 ut
1823 5303 2037 5342 omnem
2060 5288 2179 5342 adi-

593 5365 727 5428 tum,
760 5357 1140 5425 prmcluderet,
1189 5357 1297 5410 visa
1349 5359 1772 5427 patriarcharum
1822 5359 1979 5428 paulo
2024 5360 2182 5414 aliter

591 5427 860 5496 explicare
889 5429 1083 5498 erepit,
1119 5443 1276 5500 quam
1306 5429 1541 5500 solerent
1568 5429 1662 5489 alii
1693 5427 1906 5494 Patres,
1942 5444 2178 5500 negans,

592 5509 849 5570 quantum
894 5500 1090 5572 potuit,
1121 5499 1314 5555 Filium
1350 5499 1411 5555 iis
1441 5503 1619 5571 potius
1648 5501 1991 5571 apparuisse,
2020 5499 2181 5572 quam

595 5585 853 5642 personas
876 5573 1030 5626 alias.
1062 5570 1231 5638 Quem
1274 5570 1454 5627 tamen
1494 5588 1602 5642 pra:
1638 5570 1884 5627 manibus
1925 5570 2183 5629 habemus

593 5640 886 5709 Scriptura:
908 5643 1082 5698 locum
1113 5657 1306 5712 urgens
1337 5640 1596 5699 adversus
1619 5643 2086 5711 Maximinum,lib.
2121 5661 2180 5713 ιι,

593 5725 651 5786 ε.
691 5713 792 5779 26,
838 5728 894 5767 ιι.
931 5715 1024 5779 15,
1067 5727 1191 5786 e_um
1226 5713 1295 5786 de
1331 5713 1470 5786 Filio
1503 5715 1964 5786 interpretandum
2005 5716 2181 5772 docet.

597 5781 769 5858 Nam,
801 5792 1037 5858 ut_q.notat
1075 5781 1672 5858 GregoriltsNazianzf,
1703 5786 1796 5858 ρι’.
1835 5801 2026 5852 ιιιιινι,
2049 5787 2184 5858 quod

599 5869 698 5906 non
731 5853 793 5907 de
841 5853 1025 5920 Putre,
1057 5852 1145 5906 sed
1185 5852 1246 5907 de
1277 5853 1416 5910 Filio
1453 5873 1614 5911 sermo
1658 5852 1922 5920 habeatur;
1965 5852 2184 5928 adiectio

2284 4860 2447 4913 siensi
2467 4859 2678 4927 Fragm.
2697 4874 2770 4922 xl,
2792 4875 2844 4912 ιι.
2859 4860 2914 4922 2,
2931 4861 3236 4914 rescribunt
3251 4874 3310 4915 se
3323 4859 3579 4914 detestari
3595 4859 3875 4913 secundum

2285 4929 2502 4985 Sabellii
2517 4929 2862 4999 blasp/temius
2878 4931 3042 5000 ipsam
3059 4931 3554 4984 unionemJlursum
3573 4929 3871 4999 aSulpicio,

2285 5017 2339 5071 p.
2363 5000 2492 5068 242,
2522 5002 2775 5057 scribitur
2801 5001 3061 5056 Photinus
3087 5019 3119 5055 a
3140 5001 3369 5056 Sabellio
3393 5001 3448 5054 in
3467 5002 3656 5060 unione
3676 5003 3877 5056 dissen-

2283 5073 2445 5137 tiens,
2475 5075 2594 5144 quia
2645 5073 2762 5128 scil.
2805 5088 2908 5127 non
2956 5072 3162 5144 unicam
3211 5074 3262 5126 in
3288 5073 3550 5144 Trinitate
3591 5087 3874 5140 personam

2285 5142 2559 5212 praedicat.
2609 5144 2810 5199 Eodem
2828 5159 2988 5200 sensu
3019 5159 3048 5198 a
3087 5143 3318 5198 Maximo
3348 5142 3596 5210 Tanrin.,
3641 5144 3788 5198 hom.
3821 5159 3871 5210 ι,

2284 5215 2353 5270 de
2402 5216 2460 5271 S.
2511 5215 2765 5280 Eusebio,
2801 5224 3090 5285 usurpatur
3121 5215 3334 5270 unionis
3375 5217 3737 5270 vocabulum:
3767 5229 3876 5285 quo

2327 5287 2491 5340 ariter
2521 5288 2598 5339 usi
2649 5298 2774 5340 sunt
2813 5287 3059 5341 Gelasius
3089 5287 3189 5345 lib.
3225 5285 3292 5340 de
3329 5286 3539 5341 duabus
3579 5287 3782 5341 naturis
3822 5296 3878 5340 et

2341 5357 2519 5428 igilius
2539 5357 2753 5429 :l‘apsit.
2788 5357 2880 5412 lib.
2929 5374 2966 5414 ιι
3002 5368 3185 5413 contra
3217 5357 3442 5429 Eutych.
3471 5358 3538 5413 ad
3565 5360 3876 5427 exprimen-

2290 5425 2412 5482 dam
2446 5429 2498 5482 in
2526 5425 2743 5500 Christo
2776 5445 3019 5494 persona:
3062 5425 3517 5500 singularitatem,
3553 5425 3713 5500 quam
3750 5430 3877 5496 quia

2291 5499 2580 5564 resintebat
2607 5499 2896 5567 Sabellius,
2914 5502 2981 5556 ab
2997 5499 3210 5556 Arianis
3237 5499 3394 5569 epist.
3420 5499 3484 5554 ad
3509 5499 3876 5556 Alexandrum

2291 5569 2585 5625 Alexandr.
2615 5574 2855 5643 arguitur
2882 5573 3024 5643 quod
3056 5573 3292 5625 unionem
3319 5572 3521 5643 dividit,
3553 5571 3654 5626 hoc
3683 5582 3790 5643 est,
3821 5579 3879 5624 ut

2288 5643 2672 5710 interpretatur
2698 5639 2954 5712 Hilarius,
2984 5643 3076 5699 lib.
3103 5657 3174 5705 v1,
3207 5643 3324 5708 n.7,
3348 5640 3620 5697 Christum
3642 5642 3875 5696 eumdem

2289 5713 2456 5787 divisit
2475 5714 2530 5767 in
2560 5712 2790 5787 Virgine.
2821 5713 2914 5770 His
2941 5715 3150 5787 accedit
3172 5713 3531 5787 Hieronymus
3553 5715 3715 5787 epist.
3744 5728 3874 5787 sxu.

2287 5783 2664 5858 adlEustocltzt
2688 5797 2718 5858 ξι
2747 5799 2857 5858 quo
2881 5785 3084 5843 Chrisu
3109 5797 3280 5854 mater
3304 5783 3626 5858 praedicatur
3645 5785 3716 5839 ad
3734 5786 3880 5858 simi-

2288 5854 2555 5914 litudinem
2605 5853 2698 5910 Dei
2745 5853 2930 5916 unione
2974 5853 3194 5928 fecunda
3227 5873 3244 5909 :
3275 5853 3397 5926 quia
3439 5853 3692 5917 nimirum
3739 5855 3878 5912 sicut
