4216 6254
555 230 657 289 155
1744 223 1992 286 SANCTI
2031 224 2286 284 HILARII
2337 224 2642 282 EPISCOPI
3752 222 3852 282 £56

550 342 621 398 ad
647 341 921 416 imaginem
950 341 1295 401 Dei.—Sed
1344 355 1635 415 sequamur
1682 343 1927 401 ordinem
1960 344 2148 400 lectio-
2174 344 2491 407 Anomen:
2539 352 2595 402 et
2641 342 2734 399 ubi
2781 341 3111 414 nuncupatio
3154 349 3241 399 est
3280 339 3499 414 generis
3543 339 3729 406 alieni,
3781 340 3856 395 ibi

555 433 657 500 nis,
692 445 752 490 ut
775 437 976 493 veritas
1004 451 1220 507 semper
1246 435 1346 492 sibi
1389 436 1671 493 cohaerens
1711 452 1816 493 non
1845 430 2152 494 demutetur
2251 439 2590 495 existimatur
2621 438 2820 496 veritas
2847 438 3088 511 ejusdem
3118 437 3338 510 generis
3383 453 3489 493 non
3538 438 3737 493 inesse.
3787 436 3860 492 Et

555 525 884 585 olfendiculo
912 528 1182 585 falsitatis.
1212 527 1280 583 Et
1310 529 1430 602 fecit
1451 528 1591 585 Deus
1613 530 1905 598 hominem;
1927 530 1995 585 ad
2022 531 2153 585 ima-

556 621 727 693 ginem
767 620 865 676 Dei
903 622 1023 693 fecit
1060 637 1178 676 eum
1208 621 1364 691 (Gen.
1402 639 1441 687 ι,
1470 621 1588 696 2'7).
1628 622 1811 696 Imago
1852 624 2156 680 communis

558 720 681 767 est:
713 711 855 768 Deus
882 712 948 768 ad
976 711 1265 785 imaginem
1300 713 1396 771 Dei
1423 712 1698 771 hominem
1740 714 1886 772 fecit.
1928 715 2030 783 Qui
2059 730 2155 771 ve-

562 820 684 862 rum
734 805 905 862 Deum
953 806 1120 864 ﬁlium
1168 808 1262 864 Dei
1288 807 1541 879 denegat,
1568 824 1752 881 qumt‘o
1781 808 1849 865 ad
1876 808 2028 880 cujus
2062 807 2158 864 Dei

562 898 851 971 imaginem
881 914 911 955 a
939 899 1049 956 Deo
1079 898 1277 956 factum
1311 901 1586 959 hominem
1635 901 1914 974 intelligat.
1966 900 2158 957 Memi-

564 994 707 1051 nerit
737 1001 915 1050 tamen
943 1008 1161 1066 semper
1183 1010 1278 1066 per
1303 993 1499 1052 Filium
1526 995 1742 1063 omnia;
1784 1010 1853 1051 ne
1891 994 2028 1050 forte
2052 994 2163 1050 bte-

567 1084 735 1143 retica
766 1084 1123 1158 intelligentia
1154 1087 1526 1158 operationem
1552 1086 1657 1142 sibi
1699 1086 1788 1143 Dei
1819 1086 1984 1157 patris
2005 1100 2167 1155 coap-

571 1185 667 1234 tet.
700 1177 759 1234 Si
786 1178 948 1249 igitur
974 1178 1042 1235 ad
1071 1178 1360 1251 imaginem
1391 1180 1482 1235 Dei
1506 1178 1670 1250 patris
1691 1194 1788 1251 per
1808 1178 1976 1233 ﬁlium
1998 1177 2164 1232 Deum

572 1270 735 1327 homo
758 1272 1027 1341 conditur,
1051 1274 1302 1329 conditur
1331 1288 1542 1344 quoque
1572 1270 1640 1327 ad
1671 1271 1960 1343 imaginem
2006 1267 2126 1325 Filii
2150 1285 2166 1325 :

571 1362 695 1434 quia
743 1379 905 1420 nemo
953 1363 1089 1420 Filio
1137 1363 1341 1421 dictum
1402 1363 1631 1433 denegat
1684 1361 1751 1416 ad
1798 1361 2075 1432 imaginem
2122 1369 2171 1413 et

573 1458 961 1514 similitudinem
1012 1468 1258 1515 nostram.
1308 1457 1503 1514 Tenuit
1558 1471 1686 1528 ergo
1732 1471 1912 1512 sermo
1956 1454 2172 1511 divinus

573 1551 837 1608 rationem
870 1551 1112 1607 veritatis
1140 1550 1195 1605 in
1222 1549 1398 1616 dictis,
1443 1562 1604 1621 quam
1637 1563 1772 1620 opus
1816 1547 2071 1618 explebat
2116 1547 2170 1602 in

575 1644 731 1702 factis
763 1664 776 1700 ι
809 1656 866 1701 ιιι
891 1645 1163 1701 hominem
1192 1644 1258 1700 ad
1285 1644 1572 1716 imaginem
1607 1642 1701 1699 Dei
1733 1643 1872 1698 Deus
1895 1642 2171 1712 ﬁguraret,

2252 531 2469 603 quidem
2504 530 2617 603 jam
2662 532 2910 604 superior
2942 533 3079 590 liber
3114 531 3430 588 inanitatem
3473 531 3636 603 hujus
3674 546 3856 603 quaes-

2256 623 2419 679 tionis
2448 623 2702 680 ostendit.
2744 624 2804 680 iu
2850 624 3042 697 angelo
3084 625 3228 682 enim
3275 623 3441 681 ofﬁcii
3489 625 3669 697 potius
3698 639 3856 697 quam

2257 727 2466 773 natura:
2493 717 2849 790 intelligentia
2876 727 2980 775 est.
3011 718 3077 774 Et
3114 718 3376 790 propheta
3405 718 3540 773 mihi
3566 718 3722 775 testis
3749 726 3854 784 est,

2259 808 2482 867 dicens:
2518 811 2621 878 Qui
2659 812 2783 884 facit
2820 812 3029 884 angelos
3074 827 3195 867 suos
3231 810 3467 882 spiritus,
3508 821 3557 866 et
3601 811 3858 865 ministros

2260 920 2381 960 suos
2431 905 2600 978 ignem
2649 915 2878 962 urentem
2948 904 3118 977 (Psal.
3168 920 3281 972 cut,
3330 903 3412 977 ιι).
3463 902 3640 962 Utens
3702 904 3862 975 igitur

2263 996 2403 1066 ignis
2426 994 2506 1070 (ἐ)
2561 997 2653 1053 ille
2713 998 2944 1054 ministri
2993 996 3069 1070 (ὁ)
3112 995 3230 1067 ejus
3297 1005 3424 1052 sunt
3468 1014 3484 1052 :
3535 1006 3591 1053 et
3639 998 3864 1053 veniens

2265 1089 2529 1160 spiritus,
2618 1090 2798 1162 angeli
2884 1090 3004 1161 ejus
3083 1099 3230 1147 sunt.
3323 1090 3427 1147 Per
3511 1088 3631 1147 haec
3720 1090 3866 1147 enim

2268 1182 2598 1250 nuntiorum,
2627 1184 2718 1256 qui
2749 1184 2926 1256 angeli
2969 1191 3369 1255 nuncupantur,
3399 1197 3463 1239 ac
3492 1182 3866 1239 ministrorum

2269 1275 2574 1332 ostenditur
2601 1275 2684 1332 vel
2718 1285 2928 1343 natura,
2962 1277 3047 1332 vel
3076 1276 3265 1332 virtus.
3295 1274 3382 1331 Fit
3421 1290 3550 1347 ergo
3578 1275 3669 1331 hic
3710 1275 3873 1347 spiri-

2273 1380 2359 1424 tus
2382 1370 2625 1441 angelus,
2654 1368 2737 1426 vel
2766 1369 2852 1427 bic
2880 1370 3016 1442 ignis
3044 1386 3205 1428 urens
3224 1370 3473 1427 minister
3500 1370 3592 1427 Dei
3619 1388 3633 1424 :
3676 1379 3733 1426 et
3758 1374 3874 1425 haec

2274 1472 2462 1519 natura
2490 1480 2679 1521 eorum
2723 1466 2920 1535 accipit
2962 1465 3132 1521 nuntii
3179 1476 3232 1521 et
3261 1466 3345 1537 (ὅ)
3386 1464 3617 1523 ministri
3642 1463 3717 1537 (c)
3755 1463 3875 1519 ofﬁ-

2275 1557 2438 1612 cium.
2471 1555 2671 1612 Volens
2700 1556 2860 1628 igitur
2888 1557 2996 1625 lex,
3032 1558 3195 1614 immo
3227 1573 3325 1628 per
3352 1556 3525 1627 legem
3559 1557 3722 1622 Deus,
3756 1571 3880 1626 per-

2276 1663 2465 1704 sonam
2518 1650 2725 1720 paterni
2769 1650 3004 1706 nomiuis
3060 1648 3435 1722 intimare,(d)
3489 1649 3656 1705 Deum
3707 1649 3878 1704 ﬁlium

579 1751 641 1800 ut
669 1742 839 1799 Deum
869 1741 1223 1814 signiﬁcaret,
1257 1756 1358 1797 nec
1393 1739 1677 1796 veritatem
1721 1737 1832 1793 Deo
1862 1735 2130 1791 adimeret
2158 1750 2171 1788 :
2203 1734 2254 1796 B
2278 1743 2527 1814 angelum
2559 1743 2650 1799 Dei
2682 1743 2861 1801 locuta
2888 1753 2993 1811 est,
3021 1743 3074 1799 id
3104 1753 3208 1807 εει.
3256 1744 3503 1798 nuntium
3539 1741 3651 1798 Dei.
3700 1739 3882 1811 Signi-

578 1851 700 1892 cum
732 1844 789 1892 et
835 1838 886 1892 in
936 1834 1320 1892 communione
1363 1830 1613 1903 imaginis
1646 1840 1792 1887 esset
1820 1829 1962 1885 Deus
1990 1843 2174 1897 verus,

579 1928 671 1999 qui
697 1927 752 1984 in
779 1941 946 1998 opere
976 1925 1263 1983 efﬁciendo
1291 1923 1691 1995 intelligebatur
1715 1922 1857 1978 Deus
1884 1921 2049 1977 ﬁlius.

655 2020 746 2078 10.
782 2020 1030 2077 Ηωνειὶοί
1054 2020 1469 2092 perstringuntur
1510 2033 1574 2073 ea:
1615 2018 1787 2073 dictis.
1816 2045 1891 2060 --
1916 2014 1962 2071 0
1990 2013 2183 2085 deSpe-
2214 2040 2223 2047 -

581 2122 717 2174 rata:
746 2114 945 2171 mentis
976 2113 1127 2169 furor
1155 2111 1396 2184 perdite!
1428 2126 1463 2169 o
1490 2110 1655 2167 stulta
1681 2125 1840 2167 cmcze
1891 2106 2183 2179 impietatis

586 2207 898 2265 temeritas!
947 2208 1115 2263 Audis
1151 2206 1320 2264 Deum
1360 2216 1415 2263 et
1455 2205 1644 2270 Deum,
1693 2204 1848 2261 audis
1896 2203 2184 2274 imaginem

586 2311 881 2358 nostram:
928 2300 1058 2373 quid
1108 2310 1164 2355 tu
1212 2299 1435 2371 subjicis
1479 2313 1666 2355 verum
1713 2307 1769 2354 et
1816 2313 1923 2353 non
1960 2295 2187 2352 verum?

587 2393 716 2467 quid
748 2391 946 2449 inseris
978 2392 1276 2448 naturalem
1318 2394 1480 2462 atque
1526 2389 1761 2446 falsum?
1790 2387 1918 2460 quid
1957 2387 2060 2444 sub
2103 2401 2190 2442 re-

588 2485 807 2557 ligionis
833 2485 1052 2541 nomine
1092 2482 1406 2554 religionem
1436 2481 1678 2539 evertis?
1721 2480 1849 2554 quid
1898 2495 1994 2552 per
2023 2493 2187 2536 unum

591 2576 790 2644 Deum,
820 2586 875 2633 et
902 2591 1069 2633 unum
1104 2576 1270 2632 Deum
1297 2591 1505 2639 verum,
1537 2581 1716 2630 tentas
1744 2588 1813 2630 ne
1838 2572 1984 2629 Deus
2029 2586 2192 2627 verus

592 2685 730 2726 unus
755 2669 859 2726 sit?
886 2667 1134 2725 Nondum
1167 2682 1399 2724 vesanus
1427 2667 1650 2737 spiritus
1686 2675 1808 2720 tuos
1837 2664 1996 2720 dictis
2023 2678 2192 2720 evan-

590 2764 781 2836 gelicis
811 2772 973 2834 atque
1002 2763 1314 2834 apostolicis
1341 2761 1570 2830 suﬁ'oco,
1619 2762 1672 2817 iu
1717 2760 1912 2832 quibus
1953 2758 2112 2815 Pater
2140 2768 2196 2815 et

594 2857 765 2914 Filius
810 2872 918 2913 non
952 2872 1203 2927 persona,
1249 2854 1347 2912 sed
1380 2865 1570 2911 natura
1603 2871 1740 2911 unus
1770 2863 1827 2910 et
1865 2868 2025 2909 verus
2054 2853 2195 2909 Deus

596 2960 822 3021 uterque
846 2958 978 3006 est:
1011 2949 1226 3005 interim
1275 2958 1327 3005 te
1373 2948 1463 3005 lex
1510 2948 1628 3004 sola
1673 2952 1886 3004 enecat.
1926 2944 2195 3017 Numquid

595 3047 672 3105 ait
696 3046 865 3102 Deum
891 3060 1079 3103 verum
1119 3056 1169 3100 et
1199 3060 1307 3100 non
1353 3043 1521 3099 Deum
1546 3042 1774 3099 verum?
1802 3040 2067 3112 Numquid
2099 3038 2200 3095 ali-

601 3148 684 3195 ter
708 3139 763 3195 in
793 3149 1022 3207 utroque
1049 3147 1245 3209 prater
1272 3151 1433 3207 quam
1462 3147 1672 3192 natura:
1703 3137 1924 3190 nomine
1952 3147 2048 3188 usa
2079 3132 2197 3187 est?
2224 3128 2270 3193 C

603 3231 772 3288 Deum
813 3240 870 3288 et
916 3232 1081 3287 Deum
1129 3228 1295 3298 dixit,
1323 3243 1444 3301 qua:
1485 3228 1620 3285 dixit
1659 3230 1823 3285 Deum
1873 3243 2061 3284 unum.
2091 3225 2199 3283 Sed

600 3322 728 3396 quid
776 3333 981 3379 tantum
1028 3322 1230 3378 dixisse
1274 3321 1435 3377 dico?
1492 3321 1660 3377 Deum
1709 3336 1895 3376 verum
1948 3328 2004 3375 et
2029 3318 2199 3375 Deum

600 3430 788 3473 verum
836 3430 935 3487 per
978 3413 1259 3470 veritatem
1305 3413 1555 3486 imaginis
1600 3412 1932 3491 prmdicavit.
1965 3411 2074 3470 Usa
2120 3421 2205 3469 est

603 3508 660 3566 in
706 3508 1103 3580 nuncupatione
1167 3508 1395 3579 primum
1448 3516 1657 3562 natura:
1702 3506 1920 3562 nomine
1969 3523 1983 3559 :
2036 3506 2204 3560 utitur

604 3601 861 3672 deinceps
891 3600 945 3656 in
995 3614 1193 3671 genere
1221 3598 1445 3655 veritate
1476 3608 1705 3655 naturae.
1752 3596 1887 3654 Cum
1928 3598 2071 3653 enim
2112 3597 2202 3668 qui

604 3694 689 3763 ﬁt,
717 3692 1022 3752 secundum
1054 3693 1345 3765 imaginem
1388 3700 1606 3749 creatur
1631 3689 1933 3762 utriuSque,
1966 3706 2072 3746 non
2103 3704 2202 3761 po-

605 3797 713 3847 test
732 3787 812 3862 (l)
856 3804 965 3845 non
1008 3802 1076 3846 ex
1121 3802 1255 3843 vero
1283 3786 1363 3860 (α)
1409 3784 1732 3853 consistere,
1774 3784 1919 3857 quod
1979 3794 2206 3855 uterque

606 3879 751 3938 Deus
776 3896 937 3938 verus
966 3880 1056 3936 sit.

681 3974 772 4030 il.
800 3972 972 4029 Filius
997 3982 1056 4028 ut
1086 3989 1304 4044 persona
1323 3971 1457 4028 alius
1481 3988 1514 4027 a
1539 3968 1721 4039 Patre,
1748 3968 1964 4043 angelus
1991 3967 2092 4027 Dei
2130 3970 2211 4026 di-

608 4072 723 4123 ctus
749 4074 855 4131 est;
888 4062 1028 4119 Deus
1052 4078 1170 4120 vero
1196 4073 1253 4118 ut
1276 4065 1413 4119 idem
1439 4073 1644 4119 natura.
1674 4062 1779 4120 Cur
1817 4065 1984 4119 dictus
2022 4063 2088 4118 sit
2116 4080 2212 4118 an-

608 4159 754 4233 gelus
778 4156 893 4213 Dei.
915 4186 989 4199 —
1016 4157 1122 4214 Sed
1155 4172 1439 4229 pergamus
1464 4159 1627 4213 etiam
1672 4172 1816 4213 nunc
1853 4171 1919 4212 eo
1950 4156 2212 4227 praedica-

611 4251 773 4310 tionis
814 4259 1012 4307 nostra:
1057 4248 1270 4317 itinere,
1311 4265 1418 4320 quo
1443 4249 1529 4306 lex
1554 4256 1736 4304 sancta
1767 4247 1836 4304 de
1866 4248 1977 4304 Deo
2006 4247 2209 4304 docuit.

613 4344 850 4423 Angelus
879 4344 973 4400 Dei
998 4343 1068 4400 ad
1095 4343 1238 4416 Agar
1262 4342 1519 4414 loquitur,
1552 4353 1605 4398 et
1638 4342 1777 4399 idem
1809 4341 2048 4414 Angelus
2074 4342 2215 4400 Deus

2280 1834 2586 1892 ﬁcationem
2632 1835 2777 1891 enim
2823 1835 2990 1892 ofﬁcii
3037 1844 3264 1892 testatur
3312 1835 3368 1893 itt
3415 1835 3644 1891 nuntio:
3676 1844 3883 1889 natura:

2281 1938 2462 1985 autem
2494 1926 2776 1984 veritatem
2803 1928 3146 1985 conﬁrmavit
3176 1929 3230 1984 in
3279 1928 3516 1994 nomine,
3546 1942 3669 1983 cum
3712 1927 3884 1983 Deum

2284 2022 2437 2078 dixit.
2479 2021 2576 2079 Hic
2618 2034 2797 2080 autem
2831 2038 2972 2079 nunc
3017 2016 3437 2095 dispensationis
3465 2030 3550 2079 est
3591 2021 3745 2088 ordo,
3776 2035 3886 2076 non

2285 2115 2519 2187 generis.
2565 2114 2683 2171 Non
2725 2116 2869 2172 enim
2912 2114 3057 2171 aliud
3104 2130 3264 2186 quam
3314 2115 3529 2171 Patrem
3589 2123 3644 2170 et
3687 2113 3887 2168 Filium

2288 2207 2645 2279 praedicamus
2684 2226 2698 2264 :
2739 2218 2794 2265 et
2825 2210 2896 2264 ita
2928 2218 3177 2264 naturam
3206 2211 3481 2263 nominum
3515 2220 3885 2278 coaequamus,

2289 2311 2349 2357 ut
2373 2301 2655 2358 veritatem
2691 2301 2782 2358 Dei
2813 2310 2993 2358 teneat
3018 2317 3085 2357 ex
3116 2300 3424 2357 innascibili
3472 2300 3583 2356 Deo
3624 2299 3715 2356 Dei
3746 2300 3879 2354 uni-

2290 2394 2454 2466 geniti
2482 2393 2752 2450 nativitas.
2778 2393 2926 2449 Missi
2953 2402 3133 2450 autem
3162 2403 3218 2473 et
3264 2393 3530 2450 mittentis
3565 2392 3894 2464 signiﬁcatio

2292 2485 2383 2543 hic
2410 2500 2515 2543 non
2545 2486 2689 2542 aliud
2718 2501 2876 2559 quam
2916 2485 3133 2542 Patrem
3172 2495 3226 2541 et
3256 2485 3450 2542 Filium
3492 2485 3674 2553 docet,
3725 2493 3896 2540 caele-

2293 2595 2412 2636 rum
2440 2580 2721 2635 veritatem
2749 2593 2855 2635 non
2903 2579 3095 2634 adimit
3131 2586 3358 2641 natura),
3418 2592 3595 2648 neque
3647 2577 3701 2631 in
3751 2574 3897 2631 Filio

2296 2671 2513 2743 perimit
2541 2671 2734 2726 nativa:
2772 2670 3065 2727 divinitatis
3095 2671 3515 2742 proprietatem:
3563 2669 3687 2741 quia
3736 2683 3900 2724 nemo

2297 2763 2534 2835 ambigat
2560 2773 2809 2820 naturam
2848 2764 3085 2820 auctoris
3124 2763 3177 2819 in
3210 2763 3305 2818 lilii
3343 2762 3625 2818 nativitatc
3666 2776 3903 2817 cannas-

2299 2856 2371 2923 ci,
2407 2855 2479 2930 (ε)
2512 2866 2571 2913 ut
2595 2872 2661 2912 ex
2694 2873 2802 2912 uno
2831 2858 3091 2912 consistat
3122 2857 3172 2911 in
3201 2870 3387 2921 unum,
3434 2854 3577 2926 quod
3606 2870 3701 2926 per
3731 2869 3901 2908 unum

2300 2966 2408 3006 non
2457 2949 2799 3007 discernatur
2845 2966 2913 3007 ex
2960 2966 3067 3006 uno
3112 2962 3319 3021 :atquc
3345 2950 3419 3005 ita
3463 2964 3625 3005 unum
3657 2949 3763 3004 sint
3805 2961 3906 3019 per

2301 3043 2443 3115 quod
2475 3059 2613 3099 unus
2635 3060 2699 3101 ex
2729 3059 2836 3100 uno
2866 3053 2972 3099 est.

2377 3136 2465 3192 1‘2.
2502 3135 2743 3193 Hilarius
2782 3137 2902 3208 ﬁdei
2930 3136 3116 3192 ardore
3142 3152 3355 3210 scopum
3380 3135 3596 3192 excedit.
3624 3162 3698 3176 —-
3722 3132 3766 3190 Ο
3797 3132 3904 3188 im-

2303 3227 2515 3298 patiens
2549 3226 2671 3283 ﬁdei
2713 3228 2884 3294 calor,
2930 3237 2987 3284 et
3033 3226 3322 3283 desiderati
3362 3227 3629 3282 sermonis
3673 3222 3908 3281 inconti-

2303 3335 2439 3377 nens
2465 3320 2766 3376 silentium!
2800 3319 2919 3376 Jam
2945 3321 3088 3376 enim
3131 3330 3187 3377 et
3216 3320 3270 3375 in
3318 3320 3581 3388 superiori
3623 3318 3761 3374 libro
3786 3332 3913 3372 mo-

2304 3411 2431 3468 dum
2458 3412 2764 3468 constituta:
2792 3410 3194 3483 prmdicationis
3215 3414 3568 3478 excessimus,
3591 3426 3710 3466 cum
3732 3424 3913 3480 quan-

2304 3503 2376 3559 do
2400 3504 2567 3574 impie
2594 3503 2796 3561 dictum
2826 3519 2990 3559 unum
3013 3504 3179 3560 Deum
3210 3506 3279 3560 ab
3304 3502 3566 3561 haereticis
3588 3511 3905 3573 arguentes.

2304 3604 2362 3653 et
2394 3597 2559 3652 Deum
2581 3606 2743 3668 atque
2772 3597 2937 3654 Deum
2972 3612 3002 3652 a
3031 3596 3214 3670 Moyse
3242 3597 3590 3668 praedicatum
3621 3596 3903 3664 docentes,

2306 3688 2373 3745 ad
2396 3689 2556 3745 ttnius
2580 3688 2676 3745 Dei
2716 3704 2900 3746 veram
2931 3700 2987 3746 ct
3017 3690 3325 3762 religiosam
3371 3689 3763 3747 confessionem
3798 3689 3906 3760 pia,

2306 3783 2553 3854 quamvis
2593 3782 3008 3852 inconsiderata,
3072 3783 3413 3840 festinatione
3470 3782 3904 3840 descendimus:

2310 3886 2368 3933 et
2393 3893 2534 3933 nunc
2575 3892 2788 3950 quoque
2835 3878 3061 3934 alterius
3113 3877 3429 3948 quaestionis
3458 3879 3680 3949 negotio
3710 3877 3905 3932 immo-

2311 3977 2513 4035 rantes,
2561 3985 2670 4026 non
2700 3970 2971 4027 tenuimus
3000 3968 3244 4027 ordinem
3264 3971 3663 4035 constitutum;
3695 3978 3750 4024 et
3772 3966 3903 4023 dum

2314 4060 2383 4118 de
2396 4062 2506 4118 Deo
2522 4078 2655 4119 vero
2670 4063 2761 4119 Dei
2795 4063 2906 4120 filio
2935 4064 3225 4137 loquimur,
3243 4079 3413 4136 usque
3425 4063 3491 4119 ad
3506 4063 3898 4120 confessionem

2316 4156 2412 4212 Dei
2455 4158 2571 4214 veri
2618 4159 2670 4214 in
2709 4158 2869 4216 Patre
2907 4170 2963 4216 et
3005 4158 3146 4215 Filio
3183 4157 3439 4215 ferventis
3468 4158 3689 4229 spiritus
3716 4156 3914 4212 ardore

2318 4251 2685 4324 prorupimus.
2718 4250 2825 4308 Sed
2868 4250 3119 4309 tractatui
3167 4266 3267 4307 suo
3311 4250 3435 4307 ﬁdei
3476 4258 3677 4305 nostrae
3717 4248 3916 4304 veritas

2319 4351 2629 4400 reservetur
2669 4360 2684 4398 :
2722 4359 2843 4415 quae
2891 4359 3013 4401 cum
3054 4343 3305 4400 inchoata
3352 4343 3425 4399 sit
3462 4341 3530 4397 ad
3571 4342 3912 4398 securitatem

614 4448 719 4496 est.
752 4438 860 4497 Sed
889 4439 1028 4496 forte
1058 4437 1262 4494 idcirco
1288 4437 1447 4511 uo
1463 4452 1567 4494 non
1597 4436 1739 4493 Deus
1766 4452 1927 4493 verus
1954 4446 2060 4506 est,
2090 4438 2215 4509 quia
2319 4433 2567 4506 legentis,
2612 4434 2885 4491 tractanda
2932 4444 3109 4493 tamen
3140 4446 3302 4505 atque
3346 4434 3674 4493 absolvenda
3707 4434 3917 4506 plenius

613 4531 837 4605 angelus
860 4531 953 4590 Dei
981 4540 1085 4589 est.
1113 4528 1387 4589 Inferioris
1435 4530 1580 4587 enim
1610 4540 1815 4587 naturae
1854 4528 2068 4586 videtur
2111 4527 2215 4585 hoc
2240 4519 2293 4580 D
2319 4528 2491 4586 estad
2513 4528 2949 4599 desperationem
2979 4529 3421 4588 contradicentis.

687 4717 771 4790 (ᾖ)
800 4713 886 4790 Ea:
914 4728 1148 4790 utroque.

615 4798 644 4860 ί
689 4787 774 4860 (2)
800 4789 892 4843 Illi
913 4789 1154 4844 ministri.

619 4995 745 5125 V‘at.
780 4994 908 5125 lbas.
952 4993 1126 5053 codex
1170 5008 1294 5050 cum
1343 4993 1532 5063 Carm,
1564 4996 1717 5051 'unus
1765 5004 1839 5051 est
1883 4993 2033 5049 homo
2063 5009 2082 5049 :
2107 5008 2215 5051 non

620 5084 659 5127 ι)
679 5083 774 5127 ace
805 5106 820 5122 .

620 5084 820 5142 ptacet.

694 5163 770 5235 (α)
804 5161 898 5218 Er.
926 5159 1074 5234 Lips.
1109 5170 1165 5215 et
1184 5158 1430 5235 Par.,_in
1466 5170 1690 5235 utroque
1714 5177 1736 5216 :
1772 5161 1905 5218 Bad.
1951 5177 2072 5219 cum
2099 5159 2221 5234 pluo

630 5231 781 5291 ribus
813 5246 948 5289 mss.
976 5231 1040 5288 ea:
1068 5242 1301 5300 utroque.
1338 5231 1682 5288 Praeferitnus
1707 5248 1771 5288 ea:
1809 5250 1927 5290 vero
1964 5231 2224 5291 cum've-

627 5303 945 5361 Iustior-ibus
970 5302 1149 5371 Colb.,
1183 5302 1365 5371 Rem.,
1395 5302 1605 5372 Germ.,
1635 5313 1743 5360 etc.

701 5395 778 5469 (li)
808 5395 866 5452 In
889 5395 1140 5469 vulgatis,
1172 5395 1252 5450 illi
1290 5396 1548 5469 gministri,
1578 5408 1707 5461 etc.,
1743 5409 1877 5465 tum,
1925 5399 2005 5455 sui
2051 5408 2223 5454 autem

629 5465 841 5543 spiritus
863 5483 882 5521 :
911 5465 1003 5543 ubi
1030 5465 1094 5543 in_
1114 5482 1251 5543 mss.
1275 5466 1464 5534 Corb.,
1499 5482 1605 5523 uno
1633 5470 1754 5525 Vat.
1784 5482 1837 5527 et
1864 5470 2038 5538 Prat.,
2061 5481 2113 5526 et
2150 5475 2225 5543 [n-

631 5537 770 5595 ciens
795 5539 1006 5615 spiritus
1030 5555 1050 5595 :
1082 5540 1137 5615 in_
1165 5537 1466 5615 aliis‘vero,
1512 5550 1560 5595 et
1587 5543 1790 5615 veniens
1835 5543 2072 5615 spiritus,
2117 5537 2225 5615 hoc

633 5621 740 5686 est,
783 5607 1005 5682 spiritus
1048 5612 1142 5684 qui
1188 5610 1337 5668 venit
1376 5612 1576 5670 missus
1612 5613 1681 5670 ad
1727 5607 1930 5686 aliquid
1974 5607 2228 5672 nuntiati.

634 5683 783 5741 dum.

2398 4712 2476 4789 (3)
2500 4713 2775 4772 Ministerii
2805 4717 3044 4788 ofﬁcium.

2392 4992 2477 5069 (c)_
2498 4994 2615 5051 Duo
2639 5008 2772 5069 mss.
2804 4992 2998 5069 Colb.,
3025 5003 3081 5049 ut
3104 4995 3322 5069 nuntiet,
3368 4995 3640 5052 ministerii
3679 4995 3918 5069 alliciam,

2322 5067 2425 5123 hoc
2454 5067 2762 5123 faventibus
2788 5067 3023 5134 caeteris,
3049 5067 3193 5137 quod
3244 5083 3410 5138 prope
3452 5082 3646 5124 omnes
3685 5067 3925 5123 habeant

2321 5139 2597 5209 ministerii
2644 5138 2885 5209 alliciunt.
2936 5138 3245 5193 Proxumum
3292 5139 3592 5195 Psalmista:
3639 5140 3814 5195 locum
3854 5155 3921 5195 cx

2324 5208 2514 5264 Hilarii
2547 5208 2994 5279 interpretatione
3034 5209 3111 5263 ita
3146 5209 3553 5281 intelligendum
3585 5210 3789 5280 liquet:
3823 5210 3926 5277 Qui

2326 5280 2555 5352 spiritus
2583 5290 2631 5352 et
2674 5280 2845 5351 ignem
2889 5290 3119 5335 urentem
3159 5282 3280 5349 facit
3327 5281 3538 5352 angelos
3579 5291 3629 5336 et
3661 5282 3927 5336 ministros

2327 5349 2467 5406 suos.
2512 5349 2669 5408 Unde
2696 5349 2882 5417 Sumit,
2913 5366 3011 5406 eos
3039 5351 3259 5420 spiritus
3289 5349 3415 5408 nou'
3446 5363 3633 5409 natura
3686 5353 3739 5407 id
3779 5367 3923 5418 esea,

2330 5421 2474 5494 quod
2506 5422 2659 5489 ﬁunt,
2693 5436 2788 5478 seu
2818 5422 2963 5494 quod
2989 5424 3069 5479 cis
3092 5424 3204 5494 jam
3233 5424 3544 5480 constitutis
3569 5424 3925 5480 adventitiutn

2332 5501 2435 5551 εει.

2336 5563 2488 5693 (iugi)
2525 5562 2689 5620 Editi.
2737 5563 2835 5621 Dei
2879 5567 3063 5636 filium.
3109 5565 3439 5625 Concinnius
3481 5582 3615 5626 mss.
3661 5565 3828 5624 Deum
3866 5565 3931 5637 ﬁ-

2509 5668 2797 5782 Exemplar
2818 5708 2981 5769 (ἔπη.
3008 5708 3147 5782 quod
3171 5727 3236 5768 ea:
3258 5728 3383 5769 uno.
