4216 6254
521 254 627 311 143

1628 211 1635 218 ’
1705 247 1954 305 SANCTI
2001 244 2263 306 HILABII
2300 245 2608 305 EPISCOPI

3719 253 3829 312 M5

517 365 751 422 versitas
791 372 908 429 est,
941 363 1031 420 ubi
1068 361 1314 434 ejusdem
1345 369 1552 417 naturre
1588 376 1752 416 unum
1786 371 1946 433 atque
1972 359 2114 417 idem
2141 376 2193 437 Α
2221 359 2349 431 quid
2380 376 2487 418 non
2514 375 2676 417 verus
2702 369 2786 418 est
2826 361 2966 418 Deus
2994 346 3259 431 Abrahae,
3300 372 3356 419 et
3378 363 3520 422 Deus
3549 366 3698 423 isaac
3722 410 3737 432 ,
3770 378 3828 428 et

520 474 719 515 nomen
757 456 877 514 est?
909 458 1049 513 Deus
1078 455 1227 512 visus
1253 463 1355 523 est,
1391 455 1531 510 Deus
1553 453 1624 510 de
1650 454 1766 509 viso
1801 455 1909 508 Deo
1937 453 2111 523 loqui-

518 561 625 608 tur.
661 551 777 608 Non
821 559 998 622 potest
1026 551 1168 605 Deus
1211 549 1314 604 nisi
1344 564 1439 619 per
1479 548 1643 604 Deum
1683 547 1930 617 intelligi,
1959 545 2118 601 siculi

518 663 620 702 nec
655 646 917 702 honorem
960 660 990 698 a
1041 642 1197 699 nobis
1238 643 1379 698 Deus
1420 641 1521 696 nisi
1568 656 1663 711 per
1704 640 1869 695 Deum
1900 639 2113 708 accipit.

514 739 759 812 Namque
795 736 1147 796 honorandus
1178 750 1301 792 esse
1337 751 1445 792 non
1492 732 1852 804 intelligetur,
1885 732 1987 788 nisi
2016 733 2118 789 iste

515 830 762 888 docuerit
809 828 1184 886 honorandum
1223 846 1239 883 :
1272 842 1373 883 nec
1424 828 1563 881 Deus
1607 824 1841 891 scietur,
1880 823 1984 878 nisi
2030 823 2118 879 hic

517 926 660 982 Deus
684 934 854 981 scitus
874 924 964 979 sit.
986 925 1062 995 (α)
1091 919 1626 992 llabetdispensatio
1643 916 1719 987 (ὁ)
1753 925 2119 973 sacramento-

518 1034 638 1075 rum
674 1031 831 1073 suum
854 1016 1120 1072 ordinem.
1147 1014 1228 1069 Ad
1255 1012 1350 1069 Dei
1373 1012 1634 1068 honorem
1662 1025 1759 1082 per
1774 1011 1940 1064 Deum
1953 1007 2119 1064 doce-

514 1127 657 1167 mur.
687 1110 860 1166 Tenet
888 1118 1075 1165 natura
1113 1122 1270 1163 suum
1312 1120 1512 1161 nomen
1542 1120 1557 1159 :
1583 1117 1690 1158 non
1719 1100 1865 1157 aliud
1892 1110 2117 1170 uterque

508 1219 670 1276 quam
700 1204 843 1259 Deus
874 1210 978 1259 est.
1012 1201 1083 1257 Et
1109 1205 1249 1256 inter
1276 1199 1454 1257 Patris
1489 1206 1545 1254 et
1576 1196 1694 1251 Filii
1722 1206 1928 1250 natura:
1958 1192 2116 1248 unius

509 1317 705 1358 nomen
744 1300 899 1372 117
931 1314 1120 1362 unum,
1147 1311 1332 1368 quaero
1369 1292 1640 1366 quomodo
1678 1292 1819 1347 Deus
1859 1289 1931 1363 (c)
1973 1287 2114 1344 ﬁlius

509 1412 540 1451 a
570 1410 629 1452 se
659 1395 832 1465 possit
859 1393 1214 1462 degenerare,
1247 1404 1316 1444 ne
1350 1401 1511 1442 verus
1539 1385 1630 1441 sit.

578 1489 670 1544 21.
694 1487 773 1541 Ad
799 1487 897 1541 hoc
919 1501 1024 1539 non
1048 1482 1232 1554 sufﬁcit
1252 1480 1512 1537 saecularis
1532 1477 1768 1532 doctrina
1794 1482 1885 1529 aut
1911 1472 2027 1529 vita:
2043 1472 2117 1527 in-

506 1580 760 1637 nocentia.
782 1607 854 1619 ——
881 1576 999 1633 Non
1025 1586 1109 1631 est
1133 1574 1204 1630 de
1230 1574 1342 1629 Deo
1371 1571 1621 1627 humanis
1639 1567 1859 1638 judiciis
1874 1566 2113 1621 sentien-

507 1676 657 1731 dum.
686 1673 872 1744 Neque
897 1671 1042 1727 enim
1068 1667 1225 1725 nobis
1253 1682 1316 1723 ea
1352 1674 1545 1720 natura
1577 1672 1691 1729 est,
1725 1668 1785 1716 ut
1807 1675 1868 1716 se
1906 1659 1960 1715 iit
1998 1671 2111 1713 etn-

2225 452 2367 508 Deus
2391 452 2601 509 Jacobi
2648 453 2852 509 Horum
2884 454 3029 511 enim
3062 458 3286 527 angelus
3332 456 3400 513 de
3428 458 3562 513 rubo
3599 460 3826 531 loquens

2223 544 2365 601 Deus
2388 546 2442 601 in
2470 555 2732 603 aeternum
2757 554 2860 603 est.
2890 546 2959 602 Et
2985 562 3053 603 ne
3095 548 3334 618 adoptivi
3366 551 3598 607 nominis
3625 552 3825 609 furcris

2222 638 2597 704 occasionem,
2628 640 2870 709 loquitur
2898 639 2963 693 ad
2988 639 3208 712 Moysen
3236 640 3381 696 Deus
3418 642 3512 698 ille
3533 684 3548 711 ,
3596 646 3687 715 qui
3716 655 3818 700 est.

2220 726 2297 783 lta
2322 729 2469 785 enim
2492 730 2753 801 scriptum
2778 740 2891 786 est:
2919 728 3066 786 Dixit
3106 741 3277 787 autent
3299 732 3554 790 Dominus
3578 736 3648 789 ad
3671 736 3824 810 Moy-

2220 835 2309 873 sen
2331 837 2351 875 :
2379 819 2494 891 Ego
2513 838 2627 875 sum
2650 823 2738 892 qui
2757 839 2890 877 sum.
2912 823 2982 877 Et
3003 824 3157 879 dixit:
3186 824 3277 881 Sic
3303 827 3441 881 dices
3469 828 3593 897 ﬁliis
3620 827 3821 886 Israel:

2224 911 2325 980 Qui
2350 922 2448 983 est,
2480 916 2621 971 misit
2643 933 2723 971 me
2745 917 2815 971 ad
2842 933 2929 972 vos
2970 916 3168 988 (Exodi
3208 934 3268 975 111
3292 961 3307 987 ,
3341 919 3453 991 14).
3485 922 3708 992 Cmptus
3749 923 3821 979 ab

2219 1006 2412 1076 angelo
2440 1006 2539 1063 Dei
2570 1023 2752 1063 sermo
2789 1018 2903 1074 est;
2951 1020 3010 1064 ut
3050 1018 3449 1067 sacramentum
3489 1013 3821 1086 intelligatur

2220 1097 2470 1154 humana:
2518 1101 2709 1157 salutis
2756 1102 2809 1156 iii
2858 1102 3032 1157 Filio:
3086 1103 3227 1159 idem
3260 1105 3404 1161 Deus
3453 1106 3712 1173 Abrahae,
3762 1118 3820 1165 et

2222 1193 2362 1249 Deus
2391 1192 2562 1260 Isaae,
2591 1204 2646 1250 et
2673 1195 2814 1252 Deus
2843 1195 3008 1253 Jacob
3028 1207 3108 1253 est
3133 1213 3149 1264 ;
3178 1208 3240 1254 ut
3263 1199 3315 1254 ei
3345 1210 3551 1256 natura:
3578 1218 3690 1258 sute
3720 1218 3820 1258 no-

2218 1303 2341 1344 men
2369 1290 2468 1347 sit:
2503 1289 2670 1346 mittit
2696 1289 2893 1347 deinde
2935 1290 3002 1347 ad
3055 1291 3223 1349 lsrael
3256 1293 3397 1351 Deus
3418 1337 3434 1362 ,
3481 1297 3570 1367 qui
3614 1307 3728 1365 est;
3756 1307 3817 1355 ut

2215 1396 2346 1439 vere
2371 1382 2759 1455 intelligeretur
2783 1399 2905 1442 esse
2935 1385 3077 1456 quod
3104 1387 3246 1443 Deus
3271 1396 3376 1443 est.

2286 1473 2377 1532 23.
2410 1476 2522 1532 Nec
2546 1477 2739 1549 falsum
2780 1495 2888 1533 esse
2925 1480 3014 1548 qui
3064 1480 3225 1553 legem
3268 1483 3427 1538 dedit.
3474 1514 3548 1525 —
3576 1485 3711 1554 Quid
3745 1486 3813 1542 ad

2217 1566 2333 1623 hinc
2366 1567 2436 1642 (ε)
2467 1568 2712 1625 inelﬁeax
2736 1569 3009 1627 haeretica:
3038 1573 3330 1643 impietatis
3357 1575 3585 1632 stultitia
3614 1594 3813 1636 vesano

2215 1664 2409 1735 spiritu
2451 1665 2731 1734 mentiris,
2765 1676 2820 1722 et
2857 1675 3044 1723 centra
3079 1676 3348 1724 tantorum
3382 1670 3811 1740 patriarcharum

507 1771 697 1826 Ιοεῑθιη
729 1764 1096 1838 οοεηίιίοιιθω
1145 1763 1259 1816 δαῖε
1298 1757 1505 1813 Viribus
1530 1753 1742 1811 εσθαι·
1773 1754 1818 1807 Α
1863 1751 1974 1806 Deo
2001 1748 2112 1805 ἀίε-
2138 1778 2189 1839 Β
2216 1758 2495 1814 scientiam
2532 1760 2953 1832 llsgenerosi
2985 1760 3208 1817 seminis
3239 1763 3420 1819 tritico
3441 1765 3700 1821 urendam
3730 1767 3809 1822 zi-

503 1862 733 1921 ceudum
755 1869 867 1928 est,
898 1857 1028 1931 quid
1053 1858 1122 1913 de
1146 1856 1257 1912 Deo
1276 1851 1690 1923 intelligendum
1710 1850 1780 1905 sit
1805 1865 1817 1902 :
1847 1848 1972 1918 quia
1998 1861 2107 1902 non

505 1960 609 2015 nisi
640 1973 698 2014 se
718 1963 940 2012 auctore
964 1949 1333 2023 cognoscitur.
1350 1946 1507 2002 Adsit
1526 1945 1654 2000 licet
1677 1940 1953 1999 saecularis
1979 1938 2109 1995 doc-

504 2053 661 2108 trinae
711 2048 984 2105 elaborata
1044 2040 1343 2105 institutio,
1398 2036 1537 2093 adsit
1577 2036 1699 2090 vitae
1767 2031 2103 2089 innocentia:

504 2146 624 2202 haec
649 2141 866 2213 quidem
889 2137 1177 2211 proﬁcient
1195 2133 1264 2190 ad
1289 2130 1637 2188 conscientiae
1662 2125 2102 2200 gratulationem,

503 2253 611 2295 non
655 2246 833 2292 tamen
879 2231 1242 2303 cognitionem
1295 2225 1388 2281 Dei
1436 2230 1863 2294 consequentur.
1892 2219 2104 2290 Moyses

500 2331 557 2388 in
584 2330 784 2401 regina:
814 2326 981 2381 ﬁlium
1022 2322 1343 2392 adoptatus,
1385 2326 1441 2374 et
1467 2318 1552 2390 (ά)
1591 2315 1843 2371 omnibus
1891 2312 2101 2384 )Egyp-

496 2426 696 2480 tiorum
718 2416 975 2476 doctrinis
995 2414 1238 2472 eruditus
1260 2412 1396 2485 (Act.
1421 2426 1515 2478 v11,
1538 2406 1658 2482 29.),
1687 2422 1809 2463 cum
1835 2404 2016 2475 utique
2038 2418 2105 2459 ex

501 2526 710 2572 naturae
731 2510 928 2566 affectu
967 2507 1176 2563 llehrmi
1204 2505 1457 2576 injuriam
1486 2512 1663 2557 morte
1689 2497 1928 2571 Egyptii
1956 2496 2105 2552 ultus

499 2615 647 2666 esset
672 2603 871 2679 (Exodi
898 2618 957 2669 ιι,
991 2599 1081 2670 12)
1104 2640 1119 2666 ,
1153 2598 1323 2652 Deum
1350 2605 1530 2651 tamen
1574 2602 1916 2663 paternarum
1946 2588 2104 2644 bene-

494 2699 792 2758 dictionnm
823 2691 1111 2750 nesciebat.
1146 2688 1391 2760 Namque
1419 2688 1493 2743 ob
1533 2694 1734 2741 metum
1773 2680 1939 2738 cat-dis
1970 2693 2099 2751 pro-

498 2793 626 2849 diue
659 2787 954 2859 Atlgypmm
981 2781 1363 2851 derelinquens
1387 2819 1403 2845 ,
1454 2793 1577 2834 cum
1628 2778 1680 2832 in
1714 2785 1856 2831 terra
1887 2772 2097 2829 Madiau

497 2894 685 2958 pastor
713 2881 893 2935 ovium
925 2884 1104 2942 esset,
1134 2875 1311 2946 ignem
1362 2872 1416 2926 in
1463 2870 1597 2925 rubo
1623 2868 1743 2924 sine
1785 2878 2099 2969 concrema-

496 2978 644 3034 tione
667 2974 784 3031 rubi
814 2978 1114 3035 contuens,
1165 2967 1332 3022 Deum
1365 2964 1591 3029 audivit,
1613 2972 1668 3018 et
1697 2975 1893 3016 nomen
1928 2964 2098 3013 inter-

492 3069 723 3142 rogavit,
741 3075 796 3121 et
819 3070 1068 3119 naturam
1089 3058 1342 3130 cognovit
1362 3054 1559 3131 (Exodi
1576 3054 1688 3120 111,1
1713 3062 1760 3109 et
1784 3048 1970 3123 seqq.).
1992 3048 2099 3104 Ne-

2217 1850 2425 1907 zaniam
2454 1863 2602 1906 sator
2624 1862 2922 1908 nocturnus
2947 1851 3262 1909 interseris?
3293 1853 3403 1910 Sed
3435 1854 3481 1909 si
3511 1855 3680 1927 Moysi
3701 1872 3814 1913 cre-

2214 1943 2408 2009 deres,
2444 1944 2696 2000 crederes
2723 1952 2781 2000 et
2811 1944 2921 2000 Deo
2972 1945 3065 2000 Dei
3098 1947 3242 2002 ﬁlio:
3274 1947 3377 2003 nisi
3423 1949 3561 2004 forte
3591 1950 3811 2021 negabis

2215 2036 2358 2107 quod
2394 2038 2464 2094 de
2508 2054 2573 2094 eo
2610 2037 2822 2109 Moyses
2867 2038 3081 2094 locutus
3120 2040 3210 2095 sit.
3238 2041 3390 2109 Quod
3433 2058 3556 2098 cum
3614 2060 3815 2115 negare

2213 2128 2390 2197 voles,
2422 2129 2607 2185 audies
2637 2129 2816 2186 verbis
2862 2130 2988 2187 Dei:
3023 2131 3084 2187 Si
3109 2134 3242 2187 enim
3286 2134 3554 2190 crederetis
3601 2136 3772 2208 Moysi
3794 2179 3810 2204 ,
3875 2204 3884 2213 '

2208 2220 2478 2277 crederetis
2517 2220 2587 2293 (ι’)
2635 2226 2856 2293 forsitan
2881 2235 2930 2279 et
2968 2224 3124 2290 mihi;
3166 2224 3229 2279 de
3252 2242 3332 2281 me
3371 2230 3505 2282 enim
3532 2229 3621 2284 ille
3647 2213 3814 2302 scrip-

2209 2312 2275 2367 sit
2330 2312 2509 2385 (Joan.
2554 2329 2611 2375 v,
2643 2313 2759 2385 46).
2792 2318 2997 2386 Arguet
3025 2324 3078 2372 te
3106 2318 3293 2388 plane,
3336 2329 3528 2390 arguet
3578 2320 3667 2376 ille
3695 2331 3811 2377 toto

2209 2404 2345 2476 legis
2367 2406 2638 2462 volumine
2665 2448 2682 2473 ,
2712 2423 2873 2478 quam
2907 2424 3068 2463 manu
3104 2409 3413 2467 Mediatoris
3464 2427 3562 2484 per
3590 2414 3812 2485 angelos

2208 2497 2525 2571 dispositam
2547 2502 2806 2571 suscepit.
2838 2503 2905 2558 Et
2930 2519 3112 2573 ιιιιιυτε
3134 2520 3204 2559 an
3236 2506 3327 2575 qui
3357 2505 3531 2578 legem
3557 2508 3813 2578 dederit,

2211 2597 2351 2653 Dens
2382 2612 2543 2652 verus
2562 2607 2646 2654 est
2672 2597 2749 2671 (ι)
2774 2641 2790 2665 ,
2842 2614 2964 2654 cum
2995 2600 3178 2671 utique
3219 2600 3480 2657 Mediator
3506 2603 3578 2656 sit
3603 2603 3694 2661 ille
3718 2604 3812 2676 qui

2207 2688 2438 2745 dederit.
2468 2692 2577 2745 Aut
2604 2690 2863 2759 numquid
2913 2706 3021 2747 non
3069 2691 3281 2748 obviam
3332 2694 3443 2750 Deo
3469 2695 3680 2768 Moyses
3709 2712 3810 2768 po-

2207 2781 2392 2852 pulum
2442 2782 2630 2837 eduxit
2676 2782 2742 2838 ad
2794 2793 3034 2838 montem
3083 2782 3282 2857 (Exodi
3325 2802 3415 2842 χιι
3444 2830 3459 2855 ,
3517 2788 3644 2860 l7)?
3700 2789 3813 2846 Aut

2207 2873 2466 2944 numquid
2497 2889 2603 2929 non
2635 2875 2777 2930 Deus
2810 2874 3092 2932 descendit
3132 2879 3184 2933 in
3214 2887 3458 2935 montem
3481 2879 3647 2950 (Ibid.
3676 2880 3810 2954 20)?

2206 2964 2315 3019 Aut
2334 2964 2471 3022 forte
2498 2966 2684 3022 falsum
2711 2966 2813 3022 hoc
2837 2977 2892 3022 et
2910 2967 3221 3038 adoptivum
3245 2971 3421 3041 potius
3445 2971 3528 3045 (2)
3548 2989 3706 3044 quam
3730 2973 3807 3047 (g)

2209 3065 2421 3110 natura:
2439 3072 2549 3112 sua:
2587 3072 2785 3113 nomen
2816 3060 2942 3113 est?
2971 3058 3216 3131 Intelligo
3247 3073 3596 3131 personantes
3626 3065 3809 3133 tubas,

493 3179 601 3237 quc
621 3159 763 3218 enim
790 3157 907 3213 haec
933 3155 1001 3211 de
1025 3154 1152 3221 Deo,
1171 3153 1273 3208 nisi
1303 3166 1397 3222 per
1418 3152 1607 3218 Deum,
1630 3148 1844 3219 cognita
1865 3159 1988 3201 esse
2012 3161 2098 3214 po-
2125 3185 2170 3247 Ο
2206 3156 2260 3204 et
2283 3147 2590 3220 lampadum
2620 3146 2887 3218 ﬂammas,
2927 3159 2983 3208 et
3023 3167 3056 3208 e
3099 3164 3282 3209 monte
3329 3163 3647 3213 aestuantem
3702 3158 3814 3212 lor-

494 3259 744 3315 tuissent.
774 3248 1125 3323 Loquendum
1150 3262 1280 3319 ergo
1292 3261 1399 3303 non
1419 3245 1578 3301 aliter
1596 3243 1665 3299 de
1687 3243 1799 3298 Deo
1818 3249 1922 3305 est,
1935 3252 2095 3309 quam

496 3360 553 3408 ut
582 3355 697 3421 ipse
735 3347 805 3403 ad
847 3343 1258 3414 intelligentiam
1288 3347 1527 3396 nostrain
1559 3337 1629 3394 de
1670 3351 1731 3393 se
1757 3334 1969 3390 locutus
1988 3342 2093 3389 est.

567 3444 663 3503 22.
692 3442 893 3499 Filium
942 3438 1006 3495 de
1039 3437 1166 3494 rubo
1211 3437 1441 3492 locutum
1465 3475 1478 3497 ,
1512 3447 1726 3503 eumque
1776 3446 1950 3486 verum
1988 3444 2098 3484 esse

496 3542 689 3599 Deum.
719 3567 793 3581 —-
823 3534 1060 3606 Angelus
1090 3532 1187 3589 Dei
1216 3538 1336 3596 est,
1360 3528 1453 3600 qui
1494 3528 1546 3582 in
1594 3527 1717 3597 igne
1746 3524 1815 3581 de
1844 3524 1980 3579 rubo
2003 3538 2100 3592 ap-

498 3636 708 3710 paruit:
738 3629 881 3688 etde
909 3627 1048 3685 rubo
1075 3625 1129 3681 in
1160 3626 1285 3696 igne
1327 3623 1465 3678 Deus
1493 3619 1753 3690 loquitur.
1788 3616 1965 3672 Habes
1990 3614 2102 3671 dis-

496 3730 873 3806 pensationem
904 3724 957 3780 in
981 3719 1177 3793 angelo
1196 3760 1210 3786 ,
1253 3715 1378 3788 quia
1407 3716 1460 3771 in
1492 3712 1686 3785 angelo
1714 3710 1950 3767 ofﬁcium
1978 3715 2099 3806 est,

498 3802 605 3882 non
630 3835 818 3882 natura
845 3838 860 3875 :
888 3817 1055 3875 habes
1076 3816 1130 3871 in
1160 3820 1366 3869 naturae
1389 3808 1609 3866 nomine
1634 3807 1825 3871 Deum,
1844 3806 1968 3874 quia
1991 3802 2103 3859 Au-

499 3917 651 3990 gelus
685 3916 779 3971 Dei
826 3912 970 3967 Deus
1007 3917 1112 3965 est.
1145 3905 1255 3962 Sed
1285 3904 1425 3961 forte
1466 3917 1576 3958 non
1605 3913 1768 3956 verus
1791 3905 1896 3955 est.
1928 3895 2099 3952 Num-

576 4030 655 4103 (l)
676 4028 816 4085 Deus
839 4041 986 4081 verus
1023 4024 1108 4078 sit.

576 4169 658 4244 (α)
698 4164 864 4244 Equi.
893 4158 1260 4244 ﬂectere:
1280 4154 1486 4244 Melius
1503 4154 1930 4244 obsesses.
1959 4166 2100 4244 ,Ψδξτ

511 4223 654 4300 Alite
688 4223 860 4297 habet,
893 4230 1118 4286 inseruit
1163 4223 1461 4300 Erasmus;
1495 4223 1879 4300 Higjanua'egg
1911 4240 1930 4278 ;
1956 4233 2013 4277 ιιι
2042 4224 2105 4278 de

688 4289 990 4376 Euangelus
1025 4308 1233 4355 testatus
1275 4309 1348 4352 est
1368 4314 1392 4376 :_
1411 4298 1528 4376 hinc
1554 4289 1724 4351 David
1762 4295 2102 4376 caeliportant

506 4366 775 4456 proﬁtetur
801 4366 863 4432 in,
877 4373 1115 4456 psalmo:
1136 4385 1255 4456 qua;
1280 4368 1441 4452 verba
1460 4370 1519 4456 in
1545 4384 1656 4456 uno
1685 4366 1977 4456 esenlplari
2005 4366 2103 4456 ad:

508 4438 616 4513 dita
647 4469 706 4509 se
732 4438 999 4519 reperisse
1027 4443 1122 4519 ait,
1153 4438 1361 4519 sibique
1388 4440 1559 4497 videri
1587 4451 1785 4519 assuta.
1822 4438 2102 4495 Pertinent

2202 3242 2412 3297 narium
2469 3242 2696 3314 fumum,
2744 3252 2800 3299 et
2839 3245 2906 3301 ad
2952 3245 3239 3303 adventum
3275 3249 3372 3306 Dei
3405 3251 3677 3307 consciam
3708 3251 3813 3308 hu-

2198 3348 2372 3389 mana:
2442 3333 2768 3392 inﬁrmitatis
2845 3336 3297 3406 trepidationem,
3355 3350 3408 3397 et
3476 3357 3507 3396 a
3559 3343 3806 3413 populo,

2201 3432 2357 3480 orato
2392 3424 2459 3480 ad
2494 3424 2824 3497 loquendum
2856 3426 2937 3500 (It)
2969 3429 3152 3501 Moyse
3176 3471 3192 3495 ,
3215 3431 3519 3488 confessam
3550 3434 3649 3489 sub
3672 3448 3809 3492 voce

2207 3518 2302 3574 Dei
2351 3528 2580 3575 mortem
2609 3517 2806 3589 (Exodi
2836 3537 2936 3590 xx,
2964 3522 3079 3593 i9).
3115 3522 3256 3589 Tibi,
3283 3524 3562 3593 hiet-elice,
3587 3541 3694 3582 ttun
3721 3534 3814 3582 est

2209 3610 2352 3666 Deus
2373 3627 2556 3677 verus,
2580 3628 2687 3683 quo
2709 3612 2875 3670 lsrael
2904 3623 3110 3670 tantum
3156 3616 3410 3687 loquente
3436 3618 3575 3673 mori
3610 3619 3809 3687 timuit,

2204 3714 2258 3760 et
2286 3719 2473 3760 vocem
2502 3705 2618 3777 ejus
2650 3708 2884 3764 humana
2928 3708 3215 3765 inﬁrmitas
3245 3725 3350 3766 non
3382 3712 3537 3768 tulit?
3562 3712 3685 3770 Tibi
3730 3713 3814 3770 id-

2204 3801 2353 3858 eirco
2379 3801 2523 3858 Deus
2554 3818 2663 3859 non
2688 3810 2801 3873 est,
2834 3804 2961 3875 quia
2993 3814 3051 3860 ut
3101 3804 3321 3862 audires
3352 3804 3419 3879 (i)
3463 3816 3521 3864 et
3546 3808 3758 3865 videres
3790 3848 3809 3877 ,

2209 3910 2305 3966 per
2331 3894 2700 3951 inﬁrmitatem
2727 3895 2963 3953 hominis
2992 3907 3076 3954 cst
3121 3896 3369 3955 locutus?
3407 3899 3621 3973 Moyses
3650 3914 3813 3956 mon-

2282 4010 2361 4084 (2)
2388 4010 2436 4067 Α
2461 4026 2563 4068 ms.
2594 4011 2751 4069 abest
2775 4029 2953 4086 quam.

2211 4150 2281 4227 tio
2308 4169 2422 4207 cum
2450 4151 2611 4208 Jacob
2629 4155 2769 4225 juste
2791 4157 2990 4212 locutus
3019 4164 3115 4222 est,
3137 4157 3225 4227 qui
3248 4156 3404 4212 etiam
3425 4165 3546 4213 ante
3564 4174 3775 4227 assump
3791 4188 3811 4203 -

2211 4224 2397 4279 tionem
2424 4226 2593 4279 carnis
2615 4224 2664 4281 et
2693 4228 2831 4281 visus
2869 4237 2961 4293 est,
2986 4237 3035 4281 et
3080 4224 3163 4282 via
3184 4226 3284 4284 Dei
3326 4227 3471 4284 Deus
3510 4224 3811 4286 adorandus

2209 4306 2358 4363 esset,
2385 4304 2432 4350 et
2451 4306 2600 4366 parta
2621 4314 2721 4351 non
2751 4307 2828 4353 est
2858 4299 2921 4353 de
2948 4296 3079 4354 Deo.
3113 4299 3211 4355 Hic
3239 4315 3342 4356 non
3372 4303 3506 4356 satis
3530 4302 3637 4357 sibi
3664 4303 3810 4360 cavit

2208 4380 2237 4419 a
2271 4367 2451 4442 verbis
2481 4368 2880 4442 interpolatoris
2910 4371 3140 4442 pessime
3172 4372 3391 4427 otnniun
3416 4372 3661 4442 digestis.

2281 4437 2361 4508 (rt)
2393 4436 2617 4517 Veteres
2642 4438 2764 4494 libri
2791 4436 2943 4517 Cotti.
2974 4452 3033 4517 et
3050 4441 3213 4497 Carn.
3241 4485 3255 4511 ,
3286 4436 3515 4517 omnium
3553 4442 3812 4517 Egyptia-

505 4508 636 4584 sane
658 4508 736 4579 ad
770 4508 1146 4578 illustrandum
1169 4508 1388 4594 locum,
1418 4527 1578 4594 quem
1611 4510 1856 4581 proxime
1880 4524 1947 4564 ex
1982 4524 2103 4564 νει·
2127 4570 2180 4594 ἢ
2205 4523 2355 4561 rum:
2410 4508 2682 4594 dissident
2715 4525 2743 4563 a
2771 4512 2949 4566 verbis
3006 4508 3273 4581 Actuum,
3331 4516 3472 4569 omni
3515 4508 3809 4588 sapientia,

508 4601 593 4656 bis
611 4593 834 4653 Joannis
854 4604 918 4646 ac
947 4586 1181 4643 Mattlnei
1206 4586 1608 4639 illustravitnus.
1739 4651 1769 4662 __
1936 4632 1974 4662 γ’
1999 4650 2010 4661 ν

587 4648 670 4742 (ὖὶ
691 4648 869 4742 Edidi
916 4665 1353 4742 Wa.me:"°'“"3
1401 4651 1887 4742 ιαεΐαητηξζάφέἐη
1912 4648 2099 4742 ῇέῗρέε

510 4720 895 4804 hides—putuit
940 4724 1254 4804 particulam
1283 4726 1372 4777 ad.
1400 4722 1524 4804 $913
1559 4722 1724 4804 editio
1755 4720 1876 4804 Par:
1903 4721 2105 4804 deinde

507 4788 957 4868 baltei—ducimur;
984 4814 1079 4869 prn
1105 4797 1367 4869 dos-mur.
1390 4797 1457 4847 At
1481 4793 1619 4862 apud
1651 4791 1779 4869 Er.,_
1796 4791 1865 4843 ad
1892 4788 1992 4846 Dei
2012 4791 2106 4846 Ito-

508 4862 685 4938 ἦῆοξιίι
732 4893 821 4947 ριν
867 4862 1043 4947 optigt
1063 4886 1151 4947 qut
1179 4879 1229 4923 et
1272 4866 1373 4919 uita
1399 4873 1470 4920 est
1496 4874 1542 4918 et
1572 4872 1721 4947 porta
1743 4862 2004 4947 docemur,
2034 4878 2105 4947 ex

510 4934 856 5026 glossemate.
885 4940 1048 4999 Verbi
1076 4934 1244 5026 doceo.
1266 4952 1389 5026 cum
1421 4934 1901 5026 prmpt'tsjtipneqd
1939 4934 2105 5026 inulla

510 5004 1299 5094 fuisse”.suntexemp'a-
1329 5004 1461 5094 Νὲηῖι
1490 5004 2103 5094 Ρ⁵³¹ηὲι¹ῆέιξξκιί¹ῗτὲν

513 5076 711 5153 dicitur
735 5091 804 5145 ad
842 5086 1177 5142 humilitatem
1197 5076 1307 5135 nos
1340 5090 1386 5135 et
1430 5078 1868 5153 mansuetudinem
1893 5076 2099 5131 docens.

515 5148 729 5225 “desis
753 5161 858 5216 alia
882 5158 936 5214 iu
961 5166 1087 5232 not._
1106 5153 1171 5206 ad
1199 5160 1355 5232 tract.
1380 5150 1515 5232 psa'l.
1540 5163 1728 5210 cum,
1752 5148 1909 5232 nni.
1971 5218 1984 5232 _
2049 5219 2061 5232 ο

590 5218 667 5309 (ὁ).
696 5234 821 5309 van-
848 5232 962 5286 bas.
985 5226 1181 5309 εοάρκ»
1206 5218 1565 5309 alter}???
1595 5218 2020 5309 eses-991999
2047 5219 2101 5309 is

515 5291 815 5372 ms‘.V'lind.,
848 5316 954 5361 uno
985 5298 1156 5373 Vatic.
1185 5304 1240 5350 et
1267 5294 1406 5364 apud
1435 5292 1567 5346 Bad.
1590 5291 2022 5373 denegaret'l'ttm
2047 5292 2100 5373 i_n

515 5360 618 5437 iiii:
648 5360 814 5433 εὸτιιῖ
831 5390 861 5428 a
883 5360 1119 5443 secunda
1138 5360 1336 5443 manu,
1370 5381 1433 5418 ne
1454 5379 1569 5443 non_
1584 5360 1731 5443 uerus
1747 5362 1912 5443 sit‘,__in
1937 5360 2095 5443 Vind.

512 5432 814 5523 Meiter...
836 5445 917 5501 sit.
937 5441 1085 5523 _Nihil
1115 5435 1447 5500 mutandum,
1477 5433 1675 5523 sed-lita
1690 5432 2099 5523 intelligeitdttm

513 5503 769 5581 ἷιῖάᾱιὶέ.
801 5515 951 5588 quasi
976 5526 1033 5569 ut
1058 5527 1160 5566 non
1185 5523 1365 5588 verus:
1394 5506 1537 5588 quod
1566 5503 1769 5588 llilttrio
1796 5503 2102 5559 familiaris-

515 5574 729 5651 simum.
758 5574 1183 5658 'Postnsuerus
1217 5581 1310 5658 sit,
1341 5574 1616 5658 subiungit
1662 5574 1918 5658 Erasinus
1941 5616 1956 5638 .
1987 5591 2103 5630 cum

512 5644 841 5736 iiéi’i’hipitq
868 5652 1290 5736 diuininltonoris‘,
1323 5661 1524 5736 natura:
1542 5644 1605 5736 in
1626 5644 1891 5736 se
1906 5658 2103 5736 protes-

510 5723 618 5793 iata
643 5733 710 5788 sit
734 5723 959 5787 ueritate.
1004 5723 1156 5780 Hanc
1183 5731 1355 5779 autem
1383 5730 1497 5792 post
1519 5728 1898 5777 sacramentum
1922 5723 1974 5773 in
2002 5723 2104 5773 ini-

2125 4570 2181 4632 D
2204 4582 2549 4653 grzece‘na'mn
2568 4583 2738 4653 σοφίᾳ.

2279 4647 2357 4732 ςε)
2384 4649 2499 4705 Vat.
2521 4640 2648 4707 bas:
2670 4640 2863 4722 c'odex,
2888 4654 3072 4726 infelix
3090 4654 3344 4712 lueretij
3368 4658 3603 4715 stultitia:
3621 4676 3808 4717 vesano

2208 4731 2416 4791 spiritu.

2306 4790 2359 4865 f)
2385 4794 2795 4918 AliestJ‘orsitan
2820 4812 2849 4850 a
2877 4800 3175 4856 vetustiore
3201 4817 3305 4857 ms.
3334 4800 3489 4858 Coll).

2306 4868 2357 4918 al
2391 4864 2486 4918 llic
2521 4880 2551 4918 a
2593 4866 2768 4918 dimus
2796 4884 2948 4918 atram
2993 4872 3312 4918 auctoritate
3357 4884 3489 4918 velut

2340 4864 2357 4933 )
2391 4864 2486 4939 ille
2521 4864 2768 4939 addimus
2796 4884 2948 4939 quam
2993 4872 3312 4929 auctoritate
3357 4873 3551 4929 vetusti
3600 4874 3805 4932 codicis

2209 4934 2267 4991 S.
2292 4934 2523 5013 Petrijn
2553 4934 2832 5013 Vaticano.
2856 4940 2958 5009 Qui
2996 4946 3275 5013 exemplar
3298 4945 3637 5001 Carnutense
3677 4958 3805 5004 ante

2215 5022 2387 5062 annos
2404 5007 2520 5085 ,700
2549 5007 2893 5085 recognovit,
2922 5007 3171 5068 eamdem
3199 5016 3515 5085 particulam
3542 5017 3595 5071 iu
3621 5032 3688 5073 eo
3713 5032 3805 5072 su-

2214 5080 2556 5150 perscripsit,
2583 5083 2724 5137 unde
2751 5082 2983 5140 obtinuit
3013 5087 3064 5140 in
3089 5080 3214 5142 uno'
3237 5101 3368 5142 mss.
3400 5088 3556 5146 Colb.
3599 5087 3657 5144 in
3678 5089 3803 5146 aliis

2211 5161 2389 5204 autem
2423 5150 2571 5206 libris
2599 5153 2879 5208 omittitur.

2231 5289 2244 5302 .
2283 5221 2364 5304 (lt)
2398 5222 2727 5304 ln'vulgatis,
2761 5224 2951 5299 Moysi.
2976 5226 3194 5304 Rectius
3222 5230 3428 5304 inmss.
3458 5229 3662 5304 Moyse,
3691 5231 3802 5289 sci-

2210 5289 2432 5373 licet'ali
2454 5289 2708 5373 lsraelitis
2728 5289 2881 5373 orato
2906 5308 2964 5373 ut
2987 5300 3101 5368 ipse
3118 5315 3214 5370 pro
3241 5302 3319 5358 eis
3336 5289 3798 5373 loqttereiur'Deo,

2210 5376 2277 5416 ne
2309 5364 2476 5419 territi
2509 5366 2599 5419 Dei
2628 5380 2759 5420 voce
2783 5364 3084 5425 interirent.

2281 5434 2345 5505 (i)
2378 5434 2435 5489 In
2462 5450 2562 5490 ius.
2589 5435 2753 5509 Corb.
2783 5454 2847 5494 ac
2882 5444 3060 5509 paucis
3101 5443 3223 5498 aliis
3247 5484 3261 5505 ,
3314 5454 3362 5499 et
3387 5446 3613 5501 viveres:
3638 5446 3801 5504 lectio

2205 5520 2311 5588 non
2344 5508 2663 5588 spernenda.
2697 5508 2811 5565 Huc
2835 5508 2937 5588 sibi
2969 5514 3108 5588 vult:
3134 5512 3217 5570 An
3248 5515 3337 5571 ille
3362 5558 3378 5584 ,
3409 5532 3568 5588 quem
3602 5520 3652 5573 in
3684 5532 3800 5574 ma-

2198 5576 2396 5648 jestate
2436 5576 2743 5658 loquentem
2792 5583 2977 5640 audire
3027 5585 3203 5640 timuit
3251 5576 3479 5658 populus
3518 5589 3652 5658 legis
3680 5631 3697 5658 ,
3727 5604 3797 5647 ne

2205 5658 2524 5729 moreretur,
2560 5650 2654 5704 tibi
2682 5652 2828 5710 Deus
2855 5670 2962 5729 non
2988 5663 3105 5729 est,
3134 5650 3265 5729 quia
3278 5650 3390 5728 jam
3408 5659 3478 5715 ad
3506 5650 3796 5716 inﬁrmita-

2204 5727 2310 5777 tem
2333 5729 2483 5780 tuam
2514 5735 2574 5779 se
2597 5725 3013 5782 accommodans
3042 5728 3094 5782 in
3136 5725 3439 5787 humilitate
3483 5733 3663 5789 carnis
3698 5732 3794 5790 tibi
