  <div class='ocr_page' id='page_1' title='image "/cluster/home/n/w/nwhite01/storage/ocr_20150623/10/hvd.32044096580386/078.png"; bbox 0 0 4216 6254; ppageno 0'>
   <div class='ocr_carea' id='block_1_1' title="bbox 399 342 506 401">
    <p class='ocr_par' dir='ltr' id='par_1_1' title="bbox 399 342 506 401">
     <span class='ocr_line' id='line_1_1' title="bbox 399 342 506 401; baseline -0.019 0"><span class='ocrx_word' id='word_1_1' title='bbox 399 342 506 401; x_wconf 67' lang='grc'><strong>145</strong></span> 
     </span>
    </p>
   </div>
   <div class='ocr_carea' id='block_1_2' title="bbox 1624 350 2489 413">
    <p class='ocr_par' dir='ltr' id='par_1_2' title="bbox 1624 350 2489 413">
     <span class='ocr_line' id='line_1_2' title="bbox 1624 350 2489 413; baseline 0.009 -8"><span class='ocrx_word' id='word_1_2' title='bbox 1624 350 1713 407; x_wconf 83' lang='lat' dir='ltr'><strong>DE</strong></span> <span class='ocrx_word' id='word_1_3' title='bbox 1751 350 2127 411; x_wconf 79' lang='lat' dir='ltr'><strong>TRINITATE</strong></span> <span class='ocrx_word' id='word_1_4' title='bbox 2158 353 2365 411; x_wconf 81' lang='lat' dir='ltr'><strong>LIBER</strong></span> <span class='ocrx_word' id='word_1_5' title='bbox 2422 355 2489 413; x_wconf 71' lang='grc' dir='ltr'><strong>ν.</strong></span> 
     </span>
    </p>
   </div>
   <div class='ocr_carea' id='block_1_3' title="bbox 3600 369 3705 428">
    <p class='ocr_par' dir='ltr' id='par_1_3' title="bbox 3600 369 3705 428">
     <span class='ocr_line' id='line_1_3' title="bbox 3600 369 3705 428; baseline 0.019 -2"><span class='ocrx_word' id='word_1_6' title='bbox 3600 369 3705 428; x_wconf 78' lang='grc' dir='ltr'>ιιδ</span> 
     </span>
    </p>
   </div>
   <div class='ocr_carea' id='block_1_4' title="bbox 399 462 3705 554">
    <p class='ocr_par' dir='ltr' id='par_1_4' title="bbox 399 462 3705 554">
     <span class='ocr_line' id='line_1_4' title="bbox 399 462 3705 554; baseline 0.006 -33"><span class='ocrx_word' id='word_1_7' title='bbox 399 471 511 521; x_wconf 89' lang='lat' dir='ltr'><strong>tem</strong></span> <span class='ocrx_word' id='word_1_8' title='bbox 541 463 671 521; x_wconf 88' lang='lat' dir='ltr'><strong>adiit</strong></span> <span class='ocrx_word' id='word_1_9' title='bbox 710 465 731 538; x_wconf 90' lang='lat'><strong>(</strong></span> <span class='ocrx_word' id='word_1_10' title='bbox 764 462 901 520; x_wconf 77' lang='lat' dir='ltr'><strong>Ibid.</strong></span> <span class='ocrx_word' id='word_1_11' title='bbox 947 465 1018 521; x_wconf 71' lang='grc'><strong>24</strong></span> <span class='ocrx_word' id='word_1_12' title='bbox 1040 466 1089 540; x_wconf 85' lang='grc'><strong>);</strong></span> <span class='ocrx_word' id='word_1_13' title='bbox 1123 466 1429 523; x_wconf 88' lang='lat' dir='ltr'><strong>divinorum</strong></span> <span class='ocrx_word' id='word_1_14' title='bbox 1476 477 1531 523; x_wconf 89' lang='lat' dir='ltr'><strong>et</strong></span> <span class='ocrx_word' id='word_1_15' title='bbox 1566 469 1866 526; x_wconf 67' lang='lat' dir='ltr'><strong>caelestium</strong></span> <span class='ocrx_word' id='word_1_16' title='bbox 1907 485 1995 526; x_wconf 87' lang='lat' dir='ltr'><strong>sa-</strong></span> <span class='ocrx_word' id='word_1_17' title='bbox 2026 474 2074 533; x_wconf 80' lang='grc' dir='ltr'><strong>Α</strong></span> <span class='ocrx_word' id='word_1_18' title='bbox 2105 470 2272 528; x_wconf 90' lang='lat' dir='ltr'><strong>Deum</strong></span> <span class='ocrx_word' id='word_1_19' title='bbox 2297 473 2386 530; x_wconf 87' lang='lat' dir='ltr'><strong>lex</strong></span> <span class='ocrx_word' id='word_1_20' title='bbox 2423 482 2568 531; x_wconf 90' lang='lat' dir='ltr'><strong>esset</strong></span> <span class='ocrx_word' id='word_1_21' title='bbox 2587 474 2802 544; x_wconf 87' lang='lat' dir='ltr'><strong>locuta;</strong></span> <span class='ocrx_word' id='word_1_22' title='bbox 2835 485 2893 532; x_wconf 92' lang='lat' dir='ltr'><strong>ut</strong></span> <span class='ocrx_word' id='word_1_23' title='bbox 2922 488 3168 535; x_wconf 90' lang='lat' dir='ltr'><strong>naturam</strong></span> <span class='ocrx_word' id='word_1_24' title='bbox 3198 482 3436 537; x_wconf 84' lang='lat' dir='ltr'><strong>nominis</strong></span> <span class='ocrx_word' id='word_1_25' title='bbox 3455 497 3552 554; x_wconf 88' lang='lat' dir='ltr'><strong>per</strong></span> <span class='ocrx_word' id='word_1_26' title='bbox 3575 499 3705 542; x_wconf 89' lang='lat' dir='ltr'><strong>auc-</strong></span> 
     </span>
    </p>
   </div>
   <div class='ocr_carea' id='block_1_5' title="bbox 389 559 2000 632">
    <p class='ocr_par' dir='ltr' id='par_1_5' title="bbox 389 559 2000 632">
     <span class='ocr_line' id='line_1_5' title="bbox 389 559 2000 632; baseline 0.003 -19"><span class='ocrx_word' id='word_1_27' title='bbox 389 568 801 614; x_wconf 80' lang='lat' dir='ltr'><strong>cramentorum</strong></span> <span class='ocrx_word' id='word_1_28' title='bbox 849 560 1214 630; x_wconf 77' lang='lat' dir='ltr'><strong>cognitionem</strong></span> <span class='ocrx_word' id='word_1_29' title='bbox 1264 559 1618 632; x_wconf 73' lang='lat' dir='ltr'><strong>quadraginta</strong></span> <span class='ocrx_word' id='word_1_30' title='bbox 1679 559 1889 617; x_wconf 87' lang='lat' dir='ltr'><strong>dierum</strong></span> <span class='ocrx_word' id='word_1_31' title='bbox 1937 576 2000 618; x_wconf 92' lang='lat' dir='ltr'><strong>ac</strong></span> 
     </span>
    </p>
   </div>
   <div class='ocr_carea' id='block_1_6' title="bbox 395 650 2003 725">
    <p class='ocr_par' dir='ltr' id='par_1_6' title="bbox 395 650 2003 725">
     <span class='ocr_line' id='line_1_6' title="bbox 395 650 2003 725; baseline 0.002 -20"><span class='ocrx_word' id='word_1_32' title='bbox 395 651 639 706; x_wconf 88' lang='lat' dir='ltr'><strong>noctium</strong></span> <span class='ocrx_word' id='word_1_33' title='bbox 664 660 909 721; x_wconf 87' lang='lat' dir='ltr'><strong>tempore</strong></span> <span class='ocrx_word' id='word_1_34' title='bbox 932 650 1161 721; x_wconf 88' lang='lat' dir='ltr'><strong>adeptus</strong></span> <span class='ocrx_word' id='word_1_35' title='bbox 1201 660 1314 718; x_wconf 90' lang='lat' dir='ltr'><strong>est,</strong></span> <span class='ocrx_word' id='word_1_36' title='bbox 1338 654 1517 707; x_wconf 83' lang='lat' dir='ltr'><strong>omnia</strong></span> <span class='ocrx_word' id='word_1_37' title='bbox 1550 653 1844 710; x_wconf 87' lang='lat' dir='ltr'><strong>secundum</strong></span> <span class='ocrx_word' id='word_1_38' title='bbox 1879 668 2003 725; x_wconf 90' lang='lat' dir='ltr'><strong>spe-</strong></span> 
     </span>
    </p>
   </div>
   <div class='ocr_carea' id='block_1_7' title="bbox 395 742 2002 817">
    <p class='ocr_par' dir='ltr' id='par_1_7' title="bbox 395 742 2002 817">
     <span class='ocr_line' id='line_1_7' title="bbox 395 742 2002 817; baseline 0.002 -18"><span class='ocrx_word' id='word_1_39' title='bbox 395 742 537 799; x_wconf 89' lang='lat' dir='ltr'><strong>ciem</strong></span> <span class='ocrx_word' id='word_1_40' title='bbox 585 751 820 798; x_wconf 74' lang='lat' dir='ltr'><strong>ostensa:</strong></span> <span class='ocrx_word' id='word_1_41' title='bbox 850 743 953 798; x_wconf 84' lang='lat' dir='ltr'><strong>sibi</strong></span> <span class='ocrx_word' id='word_1_42' title='bbox 986 744 1041 798; x_wconf 91' lang='lat' dir='ltr'><strong>in</strong></span> <span class='ocrx_word' id='word_1_43' title='bbox 1089 754 1274 799; x_wconf 91' lang='lat' dir='ltr'><strong>monte</strong></span> <span class='ocrx_word' id='word_1_44' title='bbox 1320 745 1567 801; x_wconf 85' lang='lat' dir='ltr'><strong>veritatis</strong></span> <span class='ocrx_word' id='word_1_45' title='bbox 1614 746 1869 813; x_wconf 78' lang='lat' dir='ltr'><strong>instituit,</strong></span> <span class='ocrx_word' id='word_1_46' title='bbox 1905 762 2002 817; x_wconf 91' lang='lat' dir='ltr'><strong>per</strong></span> 
     </span>
    </p>
   </div>
   <div class='ocr_carea' id='block_1_8' title="bbox 395 836 2000 907">
    <p class='ocr_par' dir='ltr' id='par_1_8' title="bbox 395 836 2000 907">
     <span class='ocr_line' id='line_1_8' title="bbox 395 836 2000 907; baseline 0.002 -16"><span class='ocrx_word' id='word_1_47' title='bbox 395 836 817 892; x_wconf 85' lang='lat' dir='ltr'><strong>familiaritatem</strong></span> <span class='ocrx_word' id='word_1_48' title='bbox 855 836 1130 907; x_wconf 86' lang='lat' dir='ltr'><strong>loquentis</strong></span> <span class='ocrx_word' id='word_1_49' title='bbox 1156 836 1224 891; x_wconf 91' lang='lat' dir='ltr'><strong>ad</strong></span> <span class='ocrx_word' id='word_1_50' title='bbox 1271 852 1330 891; x_wconf 89' lang='lat' dir='ltr'><strong>se</strong></span> <span class='ocrx_word' id='word_1_51' title='bbox 1359 837 1486 903; x_wconf 88' lang='lat' dir='ltr'><strong>Dei,</strong></span> <span class='ocrx_word' id='word_1_52' title='bbox 1527 838 1757 907; x_wconf 78' lang='lat' dir='ltr'><strong>gloriam</strong></span> <span class='ocrx_word' id='word_1_53' title='bbox 1784 839 2000 894; x_wconf 83' lang='lat' dir='ltr'><strong>clarita-</strong></span> 
     </span>
    </p>
   </div>
   <div class='ocr_carea' id='block_1_9' title="bbox 397 914 1999 1000">
    <p class='ocr_par' dir='ltr' id='par_1_9' title="bbox 397 914 1999 1000">
     <span class='ocr_line' id='line_1_9' title="bbox 397 914 1999 1000; baseline 0.002 -18"><span class='ocrx_word' id='word_1_54' title='bbox 397 914 470 983; x_wconf 78' lang='lat' dir='ltr'><strong>iis</strong></span> <span class='ocrx_word' id='word_1_55' title='bbox 516 928 953 998; x_wconf 85' lang='lat' dir='ltr'><strong>inconspicabilis</strong></span> <span class='ocrx_word' id='word_1_56' title='bbox 999 930 1260 1000; x_wconf 86' lang='lat' dir='ltr'><strong>sumpsit,</strong></span> <span class='ocrx_word' id='word_1_57' title='bbox 1307 937 1362 983; x_wconf 90' lang='lat' dir='ltr'><strong>ct</strong></span> <span class='ocrx_word' id='word_1_58' title='bbox 1407 931 1769 1000; x_wconf 86' lang='lat' dir='ltr'><strong>corruptivam</strong></span> <span class='ocrx_word' id='word_1_59' title='bbox 1820 932 1999 987; x_wconf 82' lang='lat' dir='ltr'><strong>vultus</strong></span> 
     </span>
    </p>
   </div>
   <div class='ocr_carea' id='block_1_10' title="bbox 396 1019 2000 1092">
    <p class='ocr_par' dir='ltr' id='par_1_10' title="bbox 396 1019 2000 1092">
     <span class='ocr_line' id='line_1_10' title="bbox 396 1019 2000 1092; baseline 0.002 -18"><span class='ocrx_word' id='word_1_60' title='bbox 396 1020 479 1074; x_wconf 90' lang='lat' dir='ltr'><strong>sui</strong></span> <span class='ocrx_word' id='word_1_61' title='bbox 510 1020 746 1091; x_wconf 82' lang='lat' dir='ltr'><strong>speciem</strong></span> <span class='ocrx_word' id='word_1_62' title='bbox 778 1019 872 1075; x_wconf 84' lang='lat' dir='ltr'><strong>lux</strong></span> <span class='ocrx_word' id='word_1_63' title='bbox 922 1020 1279 1077; x_wconf 84' lang='lat' dir='ltr'><strong>intolerabilis</strong></span> <span class='ocrx_word' id='word_1_64' title='bbox 1309 1021 1498 1077; x_wconf 80' lang='lat' dir='ltr'><strong>vicina:</strong></span> <span class='ocrx_word' id='word_1_65' title='bbox 1553 1023 1854 1092; x_wconf 88' lang='lat' dir='ltr'><strong>majestatis</strong></span> <span class='ocrx_word' id='word_1_66' title='bbox 1906 1023 2000 1078; x_wconf 87' lang='lat' dir='ltr'><strong>itu-</strong></span> 
     </span>
    </p>
   </div>
   <div class='ocr_carea' id='block_1_11' title="bbox 394 1112 1997 1186">
    <p class='ocr_par' dir='ltr' id='par_1_11' title="bbox 394 1112 1997 1186">
     <span class='ocr_line' id='line_1_11' title="bbox 394 1112 1997 1186; baseline 0.006 -23"><span class='ocrx_word' id='word_1_67' title='bbox 394 1112 580 1182; x_wconf 86' lang='lat' dir='ltr'><strong>plevit,</strong></span> <span class='ocrx_word' id='word_1_68' title='bbox 612 1112 777 1167; x_wconf 90' lang='lat' dir='ltr'><strong>Deum</strong></span> <span class='ocrx_word' id='word_1_69' title='bbox 828 1121 1100 1179; x_wconf 82' lang='lat' dir='ltr'><strong>testatur,</strong></span> <span class='ocrx_word' id='word_1_70' title='bbox 1132 1114 1202 1183; x_wconf 84' lang='lat' dir='ltr'><strong>de</strong></span> <span class='ocrx_word' id='word_1_71' title='bbox 1260 1114 1370 1169; x_wconf 87' lang='lat' dir='ltr'><strong>Deo</strong></span> <span class='ocrx_word' id='word_1_72' title='bbox 1418 1115 1692 1186; x_wconf 88' lang='lat' dir='ltr'><strong>loquitur,</strong></span> <span class='ocrx_word' id='word_1_73' title='bbox 1738 1114 1805 1170; x_wconf 86' lang='lat' dir='ltr'><strong>ad</strong></span> <span class='ocrx_word' id='word_1_74' title='bbox 1855 1115 1997 1172; x_wconf 87' lang='lat' dir='ltr'><strong>hunc</strong></span> 
     </span>
    </p>
   </div>
   <div class='ocr_carea' id='block_1_12' title="bbox 396 1206 1996 1278">
    <p class='ocr_par' dir='ltr' id='par_1_12' title="bbox 396 1206 1996 1278">
     <span class='ocr_line' id='line_1_12' title="bbox 396 1206 1996 1278; baseline 0.002 -17"><span class='ocrx_word' id='word_1_75' title='bbox 396 1206 731 1262; x_wconf 88' lang='lat' dir='ltr'><strong>adorandum</strong></span> <span class='ocrx_word' id='word_1_76' title='bbox 760 1220 882 1262; x_wconf 89' lang='lat' dir='ltr'><strong>cum</strong></span> <span class='ocrx_word' id='word_1_77' title='bbox 935 1206 1118 1261; x_wconf 75' lang='lat' dir='ltr'><strong>ltetitia</strong></span> <span class='ocrx_word' id='word_1_78' title='bbox 1167 1208 1406 1277; x_wconf 86' lang='lat' dir='ltr'><strong>gentium</strong></span> <span class='ocrx_word' id='word_1_79' title='bbox 1449 1208 1670 1278; x_wconf 85' lang='lat' dir='ltr'><strong>angelos</strong></span> <span class='ocrx_word' id='word_1_80' title='bbox 1705 1208 1795 1264; x_wconf 87' lang='lat' dir='ltr'><strong>Dei</strong></span> <span class='ocrx_word' id='word_1_81' title='bbox 1828 1208 1996 1264; x_wconf 88' lang='lat' dir='ltr'><strong>advo-</strong></span> 
     </span>
    </p>
   </div>
   <div class='ocr_carea' id='block_1_13' title="bbox 396 1298 1997 1369">
    <p class='ocr_par' dir='ltr' id='par_1_13' title="bbox 396 1298 1997 1369">
     <span class='ocr_line' id='line_1_13' title="bbox 396 1298 1997 1369; baseline 0.002 -17"><span class='ocrx_word' id='word_1_82' title='bbox 396 1307 507 1363; x_wconf 85' lang='lat' dir='ltr'><strong>cat,</strong></span> <span class='ocrx_word' id='word_1_83' title='bbox 534 1298 693 1369; x_wconf 87' lang='lat' dir='ltr'><strong>hujus</strong></span> <span class='ocrx_word' id='word_1_84' title='bbox 722 1298 942 1369; x_wconf 85' lang='lat' dir='ltr'><strong>placitas</strong></span> <span class='ocrx_word' id='word_1_85' title='bbox 982 1299 1395 1354; x_wconf 85' lang='lat' dir='ltr'><strong>benedictiones</strong></span> <span class='ocrx_word' id='word_1_86' title='bbox 1424 1299 1625 1369; x_wconf 82' lang='lat' dir='ltr'><strong>Joscph</strong></span> <span class='ocrx_word' id='word_1_87' title='bbox 1653 1301 1841 1356; x_wconf 81' lang='lat' dir='ltr'><strong>vertici</strong></span> <span class='ocrx_word' id='word_1_88' title='bbox 1897 1301 1997 1355; x_wconf 89' lang='lat' dir='ltr'><strong>im-</strong></span> 
     </span>
    </p>
   </div>
   <div class='ocr_carea' id='block_1_14' title="bbox 390 1389 1995 1465">
    <p class='ocr_par' dir='ltr' id='par_1_14' title="bbox 390 1389 1995 1465">
     <span class='ocr_line' id='line_1_14' title="bbox 390 1389 1995 1465; baseline 0.002 -21"><span class='ocrx_word' id='word_1_89' title='bbox 390 1400 648 1460; x_wconf 87' lang='lat' dir='ltr'><strong>precatur</strong></span> <span class='ocrx_word' id='word_1_90' title='bbox 670 1389 850 1465; x_wconf 75' lang='lat' dir='ltr'><strong>(Deut.</strong></span> <span class='ocrx_word' id='word_1_91' title='bbox 881 1406 1055 1446; x_wconf 82' lang='lat' dir='ltr'><strong>xxqu</strong></span> <span class='ocrx_word' id='word_1_92' title='bbox 1079 1432 1095 1457; x_wconf 90' lang='lat'><strong>,</strong></span> <span class='ocrx_word' id='word_1_93' title='bbox 1143 1389 1269 1463; x_wconf 66' lang='lat'><strong>£6):</strong></span> <span class='ocrx_word' id='word_1_94' title='bbox 1301 1401 1356 1447; x_wconf 91' lang='lat' dir='ltr'><strong>et</strong></span> <span class='ocrx_word' id='word_1_95' title='bbox 1402 1400 1521 1462; x_wconf 87' lang='lat' dir='ltr'><strong>post</strong></span> <span class='ocrx_word' id='word_1_96' title='bbox 1571 1390 1688 1447; x_wconf 68' lang='lat' dir='ltr'><strong>haec</strong></span> <span class='ocrx_word' id='word_1_97' title='bbox 1717 1392 1834 1447; x_wconf 86' lang='lat' dir='ltr'><strong>solo</strong></span> <span class='ocrx_word' id='word_1_98' title='bbox 1861 1405 1995 1447; x_wconf 87' lang='lat' dir='ltr'><strong>con-</strong></span> 
     </span>
    </p>
   </div>
   <div class='ocr_carea' id='block_1_15' title="bbox 389 1483 1995 1556">
    <p class='ocr_par' dir='ltr' id='par_1_15' title="bbox 389 1483 1995 1556">
     <span class='ocr_line' id='line_1_15' title="bbox 389 1483 1995 1556; baseline 0.001 -17"><span class='ocrx_word' id='word_1_99' title='bbox 389 1497 551 1540; x_wconf 86' lang='lat' dir='ltr'><strong>cesso</strong></span> <span class='ocrx_word' id='word_1_100' title='bbox 578 1484 649 1540; x_wconf 79' lang='lat' dir='ltr'><strong>ei-</strong></span> <span class='ocrx_word' id='word_1_101' title='bbox 660 1484 902 1552; x_wconf 89' lang='lat' dir='ltr'><strong>nomine,</strong></span> <span class='ocrx_word' id='word_1_102' title='bbox 931 1483 1094 1541; x_wconf 86' lang='lat' dir='ltr'><strong>audet</strong></span> <span class='ocrx_word' id='word_1_103' title='bbox 1122 1485 1405 1556; x_wconf 83' lang='lat' dir='ltr'><strong>quisquam</strong></span> <span class='ocrx_word' id='word_1_104' title='bbox 1436 1498 1637 1555; x_wconf 87' lang='lat' dir='ltr'><strong>negare</strong></span> <span class='ocrx_word' id='word_1_105' title='bbox 1661 1483 1807 1555; x_wconf 85' lang='lat' dir='ltr'><strong>quod</strong></span> <span class='ocrx_word' id='word_1_106' title='bbox 1832 1498 1995 1540; x_wconf 87' lang='lat' dir='ltr'><strong>verus</strong></span> 
     </span>
    </p>
   </div>
   <div class='ocr_carea' id='block_1_16' title="bbox 390 1579 529 1632">
    <p class='ocr_par' dir='ltr' id='par_1_16' title="bbox 390 1579 529 1632">
     <span class='ocr_line' id='line_1_16' title="bbox 390 1579 529 1632; baseline -0.007 0"><span class='ocrx_word' id='word_1_107' title='bbox 390 1579 529 1632; x_wconf 83' lang='lat' dir='ltr'><strong>est?</strong></span> 
     </span>
    </p>
   </div>
   <div class='ocr_carea' id='block_1_17' title="bbox 461 1668 1993 1742">
    <p class='ocr_par' dir='ltr' id='par_1_17' title="bbox 461 1668 1993 1742">
     <span class='ocr_line' id='line_1_17' title="bbox 461 1668 1993 1742; baseline 0.001 -19"><span class='ocrx_word' id='word_1_108' title='bbox 461 1668 552 1725; x_wconf 60' lang='grc' dir='ltr'><strong>Ἠ.</strong></span> <span class='ocrx_word' id='word_1_109' title='bbox 584 1670 807 1727; x_wconf 85' lang='lat' dir='ltr'><strong>Summa</strong></span> <span class='ocrx_word' id='word_1_110' title='bbox 831 1688 1007 1728; x_wconf 85' lang='lat' dir='ltr'><strong>eorum</strong></span> <span class='ocrx_word' id='word_1_111' title='bbox 1025 1687 1141 1742; x_wconf 67' lang='lat' dir='ltr'><strong>quae</strong></span> <span class='ocrx_word' id='word_1_112' title='bbox 1169 1671 1320 1727; x_wconf 80' lang='lat' dir='ltr'><strong>hocce</strong></span> <span class='ocrx_word' id='word_1_113' title='bbox 1344 1670 1476 1727; x_wconf 83' lang='lat' dir='ltr'><strong>libro</strong></span> <span class='ocrx_word' id='word_1_114' title='bbox 1506 1672 1754 1726; x_wconf 76' lang='lat' dir='ltr'><strong>hactenus</strong></span> <span class='ocrx_word' id='word_1_115' title='bbox 1776 1670 1993 1741; x_wconf 79' lang='lat' dir='ltr'><strong>probata</strong></span> 
     </span>
    </p>
   </div>
   <div class='ocr_carea' id='block_1_18' title="bbox 389 1764 1991 1837">
    <p class='ocr_par' dir='ltr' id='par_1_18' title="bbox 389 1764 1991 1837">
     <span class='ocr_line' id='line_1_18' title="bbox 389 1764 1991 1837; baseline 0.002 -18"><span class='ocrx_word' id='word_1_116' title='bbox 389 1772 529 1819; x_wconf 84' lang='lat' dir='ltr'><strong>sunt.</strong></span> <span class='ocrx_word' id='word_1_117' title='bbox 558 1794 630 1805; x_wconf 92' lang='lat'><strong><em>—</em></strong></span> <span class='ocrx_word' id='word_1_118' title='bbox 667 1764 823 1821; x_wconf 85' lang='lat' dir='ltr'><strong>Nunc</strong></span> <span class='ocrx_word' id='word_1_119' title='bbox 847 1765 970 1837; x_wconf 83' lang='lat' dir='ltr'><strong>quia</strong></span> <span class='ocrx_word' id='word_1_120' title='bbox 1018 1765 1165 1820; x_wconf 90' lang='lat' dir='ltr'><strong>omni</strong></span> <span class='ocrx_word' id='word_1_121' title='bbox 1213 1764 1317 1821; x_wconf 89' lang='lat' dir='ltr'><strong>hoc</strong></span> <span class='ocrx_word' id='word_1_122' title='bbox 1364 1781 1617 1822; x_wconf 90' lang='lat' dir='ltr'><strong>sermone</strong></span> <span class='ocrx_word' id='word_1_123' title='bbox 1668 1776 1856 1821; x_wconf 90' lang='lat' dir='ltr'><strong>nostro</strong></span> <span class='ocrx_word' id='word_1_124' title='bbox 1896 1765 1991 1823; x_wconf 87' lang='lat' dir='ltr'><strong>de-</strong></span> 
     </span>
    </p>
   </div>
   <div class='ocr_carea' id='block_1_19' title="bbox 2104 563 3708 645">
    <p class='ocr_par' dir='ltr' id='par_1_19' title="bbox 2104 563 3708 645">
     <span class='ocr_line' id='line_1_19' title="bbox 2104 563 3708 645; baseline 0.009 -27"><span class='ocrx_word' id='word_1_125' title='bbox 2104 563 2376 621; x_wconf 89' lang='lat' dir='ltr'><strong>toritatem</strong></span> <span class='ocrx_word' id='word_1_126' title='bbox 2422 565 2551 622; x_wconf 89' lang='lat' dir='ltr'><strong>dicti</strong></span> <span class='ocrx_word' id='word_1_127' title='bbox 2584 568 2884 638; x_wconf 81' lang='lat' dir='ltr'><strong>prophetici</strong></span> <span class='ocrx_word' id='word_1_128' title='bbox 2924 582 3186 642; x_wconf 88' lang='lat' dir='ltr'><strong>negaret,</strong></span> <span class='ocrx_word' id='word_1_129' title='bbox 3214 572 3452 645; x_wconf 88' lang='lat' dir='ltr'><strong>adjecit,</strong></span> <span class='ocrx_word' id='word_1_130' title='bbox 3485 574 3708 632; x_wconf 81' lang='lat' dir='ltr'><strong>Benedi-</strong></span> 
     </span>
    </p>
   </div>
   <div class='ocr_carea' id='block_1_20' title="bbox 2102 655 3705 737">
    <p class='ocr_par' dir='ltr' id='par_1_20' title="bbox 2102 655 3705 737">
     <span class='ocr_line' id='line_1_20' title="bbox 2102 655 3705 737; baseline 0.009 -28"><span class='ocrx_word' id='word_1_131' title='bbox 2102 664 2216 709; x_wconf 87' lang='lat' dir='ltr'><strong>cent</strong></span> <span class='ocrx_word' id='word_1_132' title='bbox 2240 666 2288 711; x_wconf 87' lang='lat' dir='ltr'><strong>te</strong></span> <span class='ocrx_word' id='word_1_133' title='bbox 2323 655 2491 712; x_wconf 85' lang='lat' dir='ltr'><strong>Deum</strong></span> <span class='ocrx_word' id='word_1_134' title='bbox 2536 674 2708 714; x_wconf 82' lang='lat' dir='ltr'><strong>verum</strong></span> <span class='ocrx_word' id='word_1_135' title='bbox 2739 659 2911 732; x_wconf 87' lang='lat' dir='ltr'><strong>(Esai.</strong></span> <span class='ocrx_word' id='word_1_136' title='bbox 2943 678 3069 728; x_wconf 82' lang='lat' dir='ltr'><strong>va,</strong></span> <span class='ocrx_word' id='word_1_137' title='bbox 3099 662 3225 735; x_wconf 69' lang='lat'><strong>16):</strong></span> <span class='ocrx_word' id='word_1_138' title='bbox 3256 673 3316 720; x_wconf 87' lang='lat' dir='ltr'><strong>ut</strong></span> <span class='ocrx_word' id='word_1_139' title='bbox 3335 680 3431 737; x_wconf 89' lang='lat' dir='ltr'><strong>per</strong></span> <span class='ocrx_word' id='word_1_140' title='bbox 3456 665 3509 721; x_wconf 88' lang='lat' dir='ltr'><strong>id</strong></span> <span class='ocrx_word' id='word_1_141' title='bbox 3540 684 3705 724; x_wconf 90' lang='lat' dir='ltr'><strong>unum</strong></span> 
     </span>
    </p>
   </div>
   <div class='ocr_carea' id='block_1_21' title="bbox 2105 746 3706 825">
    <p class='ocr_par' dir='ltr' id='par_1_21' title="bbox 2105 746 3706 825">
     <span class='ocr_line' id='line_1_21' title="bbox 2105 746 3706 825; baseline 0.009 -24"><span class='ocrx_word' id='word_1_142' title='bbox 2105 746 2273 802; x_wconf 87' lang='lat' dir='ltr'><strong>Deum</strong></span> <span class='ocrx_word' id='word_1_143' title='bbox 2297 748 2475 804; x_wconf 81' lang='lat' dir='ltr'><strong>locata</strong></span> <span class='ocrx_word' id='word_1_144' title='bbox 2510 750 2589 806; x_wconf 81' lang='lat' dir='ltr'><strong>iex</strong></span> <span class='ocrx_word' id='word_1_145' title='bbox 2613 762 2758 808; x_wconf 87' lang='lat' dir='ltr'><strong>esset</strong></span> <span class='ocrx_word' id='word_1_146' title='bbox 2784 795 2800 819; x_wconf 93' lang='lat'><strong>,</strong></span> <span class='ocrx_word' id='word_1_147' title='bbox 2837 764 3091 825; x_wconf 88' lang='lat' dir='ltr'><strong>essetque</strong></span> <span class='ocrx_word' id='word_1_148' title='bbox 3121 757 3173 810; x_wconf 91' lang='lat' dir='ltr'><strong>in</strong></span> <span class='ocrx_word' id='word_1_149' title='bbox 3204 755 3316 811; x_wconf 84' lang='lat' dir='ltr'><strong>filio</strong></span> <span class='ocrx_word' id='word_1_150' title='bbox 3342 757 3438 813; x_wconf 88' lang='lat' dir='ltr'><strong>Dei</strong></span> <span class='ocrx_word' id='word_1_151' title='bbox 3469 758 3579 815; x_wconf 90' lang='lat' dir='ltr'><strong>Deo</strong></span> <span class='ocrx_word' id='word_1_152' title='bbox 3605 775 3706 816; x_wconf 90' lang='lat' dir='ltr'><strong>no-</strong></span> 
     </span>
    </p>
   </div>
   <div class='ocr_carea' id='block_1_22' title="bbox 2102 842 3701 918">
    <p class='ocr_par' dir='ltr' id='par_1_22' title="bbox 2102 842 3701 918">
     <span class='ocr_line' id='line_1_22' title="bbox 2102 842 3701 918; baseline 0.008 -24"><span class='ocrx_word' id='word_1_153' title='bbox 2102 853 2227 895; x_wconf 88' lang='lat' dir='ltr'><strong>tnen</strong></span> <span class='ocrx_word' id='word_1_154' title='bbox 2260 842 2437 911; x_wconf 86' lang='lat' dir='ltr'><strong>potius</strong></span> <span class='ocrx_word' id='word_1_155' title='bbox 2463 858 2624 912; x_wconf 88' lang='lat' dir='ltr'><strong>quam</strong></span> <span class='ocrx_word' id='word_1_156' title='bbox 2654 843 2858 899; x_wconf 82' lang='lat' dir='ltr'><strong>veritas</strong></span> <span class='ocrx_word' id='word_1_157' title='bbox 2878 886 2892 911; x_wconf 91' lang='lat'><strong>,</strong></span> <span class='ocrx_word' id='word_1_158' title='bbox 2922 860 3029 900; x_wconf 92' lang='lat' dir='ltr'><strong>uno</strong></span> <span class='ocrx_word' id='word_1_159' title='bbox 3057 845 3139 918; x_wconf 79' lang='grc' dir='ltr'><strong>(ά)</strong></span> <span class='ocrx_word' id='word_1_160' title='bbox 3162 856 3370 904; x_wconf 88' lang='lat' dir='ltr'><strong>tantum</strong></span> <span class='ocrx_word' id='word_1_161' title='bbox 3414 864 3546 905; x_wconf 90' lang='lat' dir='ltr'><strong>vero</strong></span> <span class='ocrx_word' id='word_1_162' title='bbox 3590 851 3701 908; x_wconf 88' lang='lat' dir='ltr'><strong>Deo</strong></span> 
     </span>
    </p>
   </div>
   <div class='ocr_carea' id='block_1_23' title="bbox 2102 930 3703 1011">
    <p class='ocr_par' dir='ltr' id='par_1_23' title="bbox 2102 930 3703 1011">
     <span class='ocr_line' id='line_1_23' title="bbox 2102 930 3703 1011; baseline 0.01 -28"><span class='ocrx_word' id='word_1_163' title='bbox 2102 930 2474 1001; x_wconf 78' lang='lat' dir='ltr'><strong>intelligendo.</strong></span> <span class='ocrx_word' id='word_1_164' title='bbox 2522 934 2589 989; x_wconf 86' lang='lat' dir='ltr'><strong>Et</strong></span> <span class='ocrx_word' id='word_1_165' title='bbox 2637 934 2777 992; x_wconf 76' lang='lat' dir='ltr'><strong>forte</strong></span> <span class='ocrx_word' id='word_1_166' title='bbox 2796 938 3171 994; x_wconf 88' lang='lat' dir='ltr'><strong>contradicere</strong></span> <span class='ocrx_word' id='word_1_167' title='bbox 3193 955 3291 994; x_wconf 81' lang='lat' dir='ltr'><strong>nus</strong></span> <span class='ocrx_word' id='word_1_168' title='bbox 3321 940 3482 997; x_wconf 89' lang='lat' dir='ltr'><strong>dictis</strong></span> <span class='ocrx_word' id='word_1_169' title='bbox 3509 945 3638 1011; x_wconf 89' lang='lat' dir='ltr'><strong>tuis,</strong></span> <span class='ocrx_word' id='word_1_170' title='bbox 3667 958 3703 999; x_wconf 90' lang='grc' dir='ltr'>ο</span> 
     </span>
    </p>
   </div>
   <div class='ocr_carea' id='block_1_24' title="bbox 2101 1024 3698 1101">
    <p class='ocr_par' dir='ltr' id='par_1_24' title="bbox 2101 1024 3698 1101">
     <span class='ocr_line' id='line_1_24' title="bbox 2101 1024 3698 1101; baseline 0.008 -22"><span class='ocrx_word' id='word_1_171' title='bbox 2101 1024 2287 1091; x_wconf 87' lang='lat' dir='ltr'><strong>stulte,</strong></span> <span class='ocrx_word' id='word_1_172' title='bbox 2313 1027 2629 1093; x_wconf 87' lang='lat' dir='ltr'><strong>arbitraris,</strong></span> <span class='ocrx_word' id='word_1_173' title='bbox 2673 1038 2730 1082; x_wconf 92' lang='lat' dir='ltr'><strong>ut</strong></span> <span class='ocrx_word' id='word_1_174' title='bbox 2780 1044 3037 1101; x_wconf 75' lang='lat' dir='ltr'><strong>negemus</strong></span> <span class='ocrx_word' id='word_1_175' title='bbox 3063 1046 3229 1086; x_wconf 89' lang='lat' dir='ltr'><strong>unum</strong></span> <span class='ocrx_word' id='word_1_176' title='bbox 3282 1033 3449 1087; x_wconf 89' lang='lat' dir='ltr'><strong>Deum</strong></span> <span class='ocrx_word' id='word_1_177' title='bbox 3484 1049 3698 1091; x_wconf 86' lang='lat' dir='ltr'><strong>verum.</strong></span> 
     </span>
    </p>
   </div>
   <div class='ocr_carea' id='block_1_25' title="bbox 2100 1118 3698 1200">
    <p class='ocr_par' dir='ltr' id='par_1_25' title="bbox 2100 1118 3698 1200">
     <span class='ocr_line' id='line_1_25' title="bbox 2100 1118 3698 1200; baseline 0.008 -28"><span class='ocrx_word' id='word_1_178' title='bbox 2100 1118 2218 1174; x_wconf 84' lang='lat' dir='ltr'><strong>Non</strong></span> <span class='ocrx_word' id='word_1_179' title='bbox 2251 1121 2409 1190; x_wconf 89' lang='lat' dir='ltr'><strong>plane</strong></span> <span class='ocrx_word' id='word_1_180' title='bbox 2449 1137 2711 1193; x_wconf 81' lang='lat' dir='ltr'><strong>negamus</strong></span> <span class='ocrx_word' id='word_1_181' title='bbox 2756 1125 3052 1181; x_wconf 88' lang='lat' dir='ltr'><strong>secundum</strong></span> <span class='ocrx_word' id='word_1_182' title='bbox 3083 1135 3134 1181; x_wconf 90' lang='lat' dir='ltr'><strong>te</strong></span> <span class='ocrx_word' id='word_1_183' title='bbox 3183 1126 3261 1199; x_wconf 85' lang='lat' dir='ltr'><strong>(id</strong></span> <span class='ocrx_word' id='word_1_184' title='bbox 3284 1138 3389 1196; x_wconf 85' lang='lat' dir='ltr'><strong>est,</strong></span> <span class='ocrx_word' id='word_1_185' title='bbox 3431 1126 3589 1184; x_wconf 88' lang='lat' dir='ltr'><strong>sicuti</strong></span> <span class='ocrx_word' id='word_1_186' title='bbox 3619 1128 3698 1200; x_wconf 90' lang='lat' dir='ltr'><strong>tu)</strong></span> 
     </span>
    </p>
   </div>
   <div class='ocr_carea' id='block_1_26' title="bbox 2099 1211 3699 1289">
    <p class='ocr_par' dir='ltr' id='par_1_26' title="bbox 2099 1211 3699 1289">
     <span class='ocr_line' id='line_1_26' title="bbox 2099 1211 3699 1289; baseline 0.005 -23"><span class='ocrx_word' id='word_1_187' title='bbox 2099 1211 2429 1289; x_wconf 81' lang='lat' dir='ltr'><strong>confitendo.</strong></span> <span class='ocrx_word' id='word_1_188' title='bbox 2459 1213 2586 1269; x_wconf 71' lang='lat' dir='ltr'><strong>llaec</strong></span> <span class='ocrx_word' id='word_1_189' title='bbox 2603 1214 2750 1269; x_wconf 91' lang='lat' dir='ltr'><strong>enim</strong></span> <span class='ocrx_word' id='word_1_190' title='bbox 2785 1215 2920 1272; x_wconf 84' lang='lat' dir='ltr'><strong>fides</strong></span> <span class='ocrx_word' id='word_1_191' title='bbox 2949 1226 3133 1273; x_wconf 89' lang='lat' dir='ltr'><strong>nostra</strong></span> <span class='ocrx_word' id='word_1_192' title='bbox 3162 1259 3178 1284; x_wconf 96' lang='lat'><strong>,</strong></span> <span class='ocrx_word' id='word_1_193' title='bbox 3201 1217 3319 1274; x_wconf 68' lang='lat' dir='ltr'><strong>haec</strong></span> <span class='ocrx_word' id='word_1_194' title='bbox 3343 1220 3699 1288; x_wconf 85' lang='lat' dir='ltr'><strong>conscientia,</strong></span> 
     </span>
    </p>
   </div>
   <div class='ocr_carea' id='block_1_27' title="bbox 2099 1302 3701 1381">
    <p class='ocr_par' dir='ltr' id='par_1_27' title="bbox 2099 1302 3701 1381">
     <span class='ocr_line' id='line_1_27' title="bbox 2099 1302 3701 1381; baseline 0.006 -23"><span class='ocrx_word' id='word_1_195' title='bbox 2099 1302 2188 1358; x_wconf 83' lang='lat' dir='ltr'><strong>hic</strong></span> <span class='ocrx_word' id='word_1_196' title='bbox 2217 1318 2396 1359; x_wconf 88' lang='lat' dir='ltr'><strong>sermo</strong></span> <span class='ocrx_word' id='word_1_197' title='bbox 2423 1314 2525 1360; x_wconf 90' lang='lat' dir='ltr'><strong>est.</strong></span> <span class='ocrx_word' id='word_1_198' title='bbox 2550 1306 2658 1361; x_wconf 88' lang='lat' dir='ltr'><strong>Sed</strong></span> <span class='ocrx_word' id='word_1_199' title='bbox 2687 1307 3033 1381; x_wconf 76' lang='lat' dir='ltr'><strong>intelligimus</strong></span> <span class='ocrx_word' id='word_1_200' title='bbox 3058 1309 3228 1365; x_wconf 85' lang='lat' dir='ltr'><strong>Deum</strong></span> <span class='ocrx_word' id='word_1_201' title='bbox 3258 1326 3442 1377; x_wconf 89' lang='lat' dir='ltr'><strong>unum,</strong></span> <span class='ocrx_word' id='word_1_202' title='bbox 3468 1320 3525 1366; x_wconf 88' lang='lat' dir='ltr'><strong>et</strong></span> <span class='ocrx_word' id='word_1_203' title='bbox 3550 1328 3701 1367; x_wconf 85' lang='lat' dir='ltr'><strong>eum-</strong></span> 
     </span>
    </p>
   </div>
   <div class='ocr_carea' id='block_1_28' title="bbox 2098 1395 3703 1474">
    <p class='ocr_par' dir='ltr' id='par_1_28' title="bbox 2098 1395 3703 1474">
     <span class='ocr_line' id='line_1_28' title="bbox 2098 1395 3703 1474; baseline 0.005 -23"><span class='ocrx_word' id='word_1_204' title='bbox 2098 1395 2220 1451; x_wconf 82' lang='lat' dir='ltr'><strong>dem</strong></span> <span class='ocrx_word' id='word_1_205' title='bbox 2247 1397 2417 1453; x_wconf 89' lang='lat' dir='ltr'><strong>Deum</strong></span> <span class='ocrx_word' id='word_1_206' title='bbox 2447 1414 2653 1454; x_wconf 90' lang='lat' dir='ltr'><strong>verum.</strong></span> <span class='ocrx_word' id='word_1_207' title='bbox 2685 1398 2797 1455; x_wconf 86' lang='lat' dir='ltr'><strong>Nec</strong></span> <span class='ocrx_word' id='word_1_208' title='bbox 2846 1401 3120 1458; x_wconf 81' lang='lat' dir='ltr'><strong>confessio</strong></span> <span class='ocrx_word' id='word_1_209' title='bbox 3147 1411 3332 1459; x_wconf 89' lang='lat' dir='ltr'><strong>nostra</strong></span> <span class='ocrx_word' id='word_1_210' title='bbox 3370 1404 3703 1474; x_wconf 84' lang='lat' dir='ltr'><strong>periclitatur</strong></span> 
     </span>
    </p>
   </div>
   <div class='ocr_carea' id='block_1_29' title="bbox 2096 1486 3700 1567">
    <p class='ocr_par' dir='ltr' id='par_1_29' title="bbox 2096 1486 3700 1567">
     <span class='ocr_line' id='line_1_29' title="bbox 2096 1486 3700 1567; baseline 0.006 -24"><span class='ocrx_word' id='word_1_211' title='bbox 2096 1486 2153 1544; x_wconf 89' lang='lat' dir='ltr'><strong>in</strong></span> <span class='ocrx_word' id='word_1_212' title='bbox 2182 1490 2424 1556; x_wconf 90' lang='lat' dir='ltr'><strong>nomine,</strong></span> <span class='ocrx_word' id='word_1_213' title='bbox 2456 1507 2576 1558; x_wconf 85' lang='lat' dir='ltr'><strong>quae</strong></span> <span class='ocrx_word' id='word_1_214' title='bbox 2620 1492 2672 1547; x_wconf 91' lang='lat' dir='ltr'><strong>in</strong></span> <span class='ocrx_word' id='word_1_215' title='bbox 2704 1505 2893 1549; x_wconf 88' lang='lat' dir='ltr'><strong>natura</strong></span> <span class='ocrx_word' id='word_1_216' title='bbox 2942 1492 3015 1567; x_wconf 92' lang='lat' dir='ltr'><strong>(e)</strong></span> <span class='ocrx_word' id='word_1_217' title='bbox 3043 1494 3164 1550; x_wconf 83' lang='lat' dir='ltr'><strong>Filii</strong></span> <span class='ocrx_word' id='word_1_218' title='bbox 3211 1511 3377 1551; x_wconf 87' lang='lat' dir='ltr'><strong>unum</strong></span> <span class='ocrx_word' id='word_1_219' title='bbox 3407 1507 3462 1551; x_wconf 90' lang='lat' dir='ltr'><strong>et</strong></span> <span class='ocrx_word' id='word_1_220' title='bbox 3509 1513 3700 1553; x_wconf 88' lang='lat' dir='ltr'><strong>verum</strong></span> 
     </span>
    </p>
   </div>
   <div class='ocr_carea' id='block_1_30' title="bbox 2096 1581 3700 1663">
    <p class='ocr_par' dir='ltr' id='par_1_30' title="bbox 2096 1581 3700 1663">
     <span class='ocr_line' id='line_1_30' title="bbox 2096 1581 3700 1663; baseline 0.007 -27"><span class='ocrx_word' id='word_1_221' title='bbox 2096 1581 2264 1637; x_wconf 88' lang='lat' dir='ltr'><strong>Deum</strong></span> <span class='ocrx_word' id='word_1_222' title='bbox 2307 1584 2585 1653; x_wconf 77' lang='lat' dir='ltr'><strong>prtcdicat.</strong></span> <span class='ocrx_word' id='word_1_223' title='bbox 2639 1586 2794 1643; x_wconf 87' lang='lat' dir='ltr'><strong>Disce</strong></span> <span class='ocrx_word' id='word_1_224' title='bbox 2835 1590 3197 1645; x_wconf 79' lang='lat' dir='ltr'><strong>confessionis</strong></span> <span class='ocrx_word' id='word_1_225' title='bbox 3238 1598 3344 1645; x_wconf 83' lang='lat' dir='ltr'><strong>tua:</strong></span> <span class='ocrx_word' id='word_1_226' title='bbox 3389 1591 3700 1663; x_wconf 89' lang='lat' dir='ltr'><strong>intelligen-</strong></span> 
     </span>
    </p>
   </div>
   <div class='ocr_carea' id='block_1_31' title="bbox 2096 1673 3699 1754">
    <p class='ocr_par' dir='ltr' id='par_1_31' title="bbox 2096 1673 3699 1754">
     <span class='ocr_line' id='line_1_31' title="bbox 2096 1673 3699 1754; baseline 0.007 -25"><span class='ocrx_word' id='word_1_227' title='bbox 2096 1673 2226 1730; x_wconf 87' lang='lat' dir='ltr'><strong>tiam</strong></span> <span class='ocrx_word' id='word_1_228' title='bbox 2247 1716 2261 1742; x_wconf 93' lang='lat'><strong>,</strong></span> <span class='ocrx_word' id='word_1_229' title='bbox 2291 1686 2345 1730; x_wconf 93' lang='lat' dir='ltr'><strong>et</strong></span> <span class='ocrx_word' id='word_1_230' title='bbox 2391 1693 2555 1732; x_wconf 89' lang='lat' dir='ltr'><strong>unum</strong></span> <span class='ocrx_word' id='word_1_231' title='bbox 2595 1693 2658 1733; x_wconf 88' lang='lat' dir='ltr'><strong>ac</strong></span> <span class='ocrx_word' id='word_1_232' title='bbox 2687 1694 2875 1735; x_wconf 90' lang='lat' dir='ltr'><strong>verum</strong></span> <span class='ocrx_word' id='word_1_233' title='bbox 2908 1682 3071 1737; x_wconf 88' lang='lat' dir='ltr'><strong>Deum</strong></span> <span class='ocrx_word' id='word_1_234' title='bbox 3101 1697 3404 1754; x_wconf 78' lang='lat' dir='ltr'><strong>cognosce,</strong></span> <span class='ocrx_word' id='word_1_235' title='bbox 3437 1693 3494 1738; x_wconf 91' lang='lat' dir='ltr'><strong>ut</strong></span> <span class='ocrx_word' id='word_1_236' title='bbox 3534 1701 3699 1741; x_wconf 90' lang='lat' dir='ltr'><strong>unum</strong></span> 
     </span>
    </p>
   </div>
   <div class='ocr_carea' id='block_1_32' title="bbox 2094 1768 3701 1847">
    <p class='ocr_par' dir='ltr' id='par_1_32' title="bbox 2094 1768 3701 1847">
     <span class='ocr_line' id='line_1_32' title="bbox 2094 1768 3701 1847; baseline 0.006 -26"><span class='ocrx_word' id='word_1_237' title='bbox 2094 1781 2159 1823; x_wconf 86' lang='lat' dir='ltr'><strong>ac</strong></span> <span class='ocrx_word' id='word_1_238' title='bbox 2184 1783 2369 1823; x_wconf 87' lang='lat' dir='ltr'><strong>verum</strong></span> <span class='ocrx_word' id='word_1_239' title='bbox 2403 1768 2569 1825; x_wconf 90' lang='lat' dir='ltr'><strong>Deum</strong></span> <span class='ocrx_word' id='word_1_240' title='bbox 2596 1770 2682 1841; x_wconf 91' lang='lat' dir='ltr'><strong>pie</strong></span> <span class='ocrx_word' id='word_1_241' title='bbox 2723 1771 3001 1841; x_wconf 81' lang='lat' dir='ltr'><strong>praedices.</strong></span> <span class='ocrx_word' id='word_1_242' title='bbox 3032 1772 3198 1842; x_wconf 81' lang='lat' dir='ltr'><strong>Rapis</strong></span> <span class='ocrx_word' id='word_1_243' title='bbox 3241 1776 3386 1829; x_wconf 90' lang='lat' dir='ltr'><strong>enim</strong></span> <span class='ocrx_word' id='word_1_244' title='bbox 3412 1774 3481 1829; x_wconf 90' lang='lat' dir='ltr'><strong>ad</strong></span> <span class='ocrx_word' id='word_1_245' title='bbox 3509 1775 3701 1847; x_wconf 88' lang='lat' dir='ltr'><strong>impie-</strong></span> 
     </span>
    </p>
   </div>
   <div class='ocr_carea' id='block_1_33' title="bbox 388 1859 3698 1937">
    <p class='ocr_par' dir='ltr' id='par_1_33' title="bbox 388 1859 3698 1937">
     <span class='ocr_line' id='line_1_33' title="bbox 388 1859 3698 1937; baseline 0.003 -26"><span class='ocrx_word' id='word_1_246' title='bbox 388 1864 746 1918; x_wconf 85' lang='lat' dir='ltr'><strong>mnnstratum</strong></span> <span class='ocrx_word' id='word_1_247' title='bbox 773 1859 1165 1924; x_wconf 79' lang='lat' dir='ltr'><strong>existimamus,</strong></span> <span class='ocrx_word' id='word_1_248' title='bbox 1200 1859 1405 1914; x_wconf 87' lang='lat' dir='ltr'><strong>nullam</strong></span> <span class='ocrx_word' id='word_1_249' title='bbox 1435 1860 1803 1930; x_wconf 90' lang='lat' dir='ltr'><strong>interpositam</strong></span> <span class='ocrx_word' id='word_1_250' title='bbox 1826 1860 1985 1916; x_wconf 89' lang='lat' dir='ltr'><strong>intel-</strong></span> <span class='ocrx_word' id='word_1_251' title='bbox 2017 1866 2063 1928; x_wconf 85' lang='grc' dir='ltr'><strong><em>Β</em></strong></span> <span class='ocrx_word' id='word_1_252' title='bbox 2094 1868 2255 1916; x_wconf 86' lang='lat' dir='ltr'><strong>tatem</strong></span> <span class='ocrx_word' id='word_1_253' title='bbox 2281 1871 2424 1915; x_wconf 87' lang='lat' dir='ltr'><strong>tuam</strong></span> <span class='ocrx_word' id='word_1_254' title='bbox 2467 1862 2741 1931; x_wconf 74' lang='lat' dir='ltr'><strong>religionis</strong></span> <span class='ocrx_word' id='word_1_255' title='bbox 2770 1873 2971 1919; x_wconf 83' lang='lat' dir='ltr'><strong>nostra:</strong></span> <span class='ocrx_word' id='word_1_256' title='bbox 3015 1866 3436 1935; x_wconf 83' lang='lat' dir='ltr'><strong>prolessionem:</strong></span> <span class='ocrx_word' id='word_1_257' title='bbox 3464 1877 3519 1922; x_wconf 90' lang='lat' dir='ltr'><strong>et</strong></span> <span class='ocrx_word' id='word_1_258' title='bbox 3554 1867 3698 1937; x_wconf 88' lang='lat' dir='ltr'><strong>quod</strong></span> 
     </span>
    </p>
   </div>
   <div class='ocr_carea' id='block_1_34' title="bbox 384 1945 1989 2017">
    <p class='ocr_par' dir='ltr' id='par_1_34' title="bbox 384 1945 1989 2017">
     <span class='ocr_line' id='line_1_34' title="bbox 384 1945 1989 2017; baseline 0.004 -16"><span class='ocrx_word' id='word_1_259' title='bbox 384 1945 621 2017; x_wconf 74' lang='lat' dir='ltr'><strong>ﬁgentia:</strong></span> <span class='ocrx_word' id='word_1_260' title='bbox 643 1949 906 2003; x_wconf 87' lang='lat' dir='ltr'><strong>rationem</strong></span> <span class='ocrx_word' id='word_1_261' title='bbox 939 1948 1140 2017; x_wconf 87' lang='lat' dir='ltr'><strong>fuisse,</strong></span> <span class='ocrx_word' id='word_1_262' title='bbox 1184 1959 1242 2005; x_wconf 91' lang='lat' dir='ltr'><strong>ut</strong></span> <span class='ocrx_word' id='word_1_263' title='bbox 1288 1952 1427 2006; x_wconf 89' lang='lat' dir='ltr'><strong>Deus</strong></span> <span class='ocrx_word' id='word_1_264' title='bbox 1454 1966 1611 2006; x_wconf 89' lang='lat' dir='ltr'><strong>verus</strong></span> <span class='ocrx_word' id='word_1_265' title='bbox 1638 1960 1690 2007; x_wconf 90' lang='lat' dir='ltr'><strong>et</strong></span> <span class='ocrx_word' id='word_1_266' title='bbox 1725 1953 1866 2007; x_wconf 89' lang='lat' dir='ltr'><strong>Deus</strong></span> <span class='ocrx_word' id='word_1_267' title='bbox 1889 1952 1989 2007; x_wconf 89' lang='lat' dir='ltr'><strong>fal-</strong></span> 
     </span>
    </p>
   </div>
   <div class='ocr_carea' id='block_1_35' title="bbox 383 2046 1984 2117">
    <p class='ocr_par' dir='ltr' id='par_1_35' title="bbox 383 2046 1984 2117">
     <span class='ocr_line' id='line_1_35' title="bbox 383 2046 1984 2117; baseline 0.006 -20"><span class='ocrx_word' id='word_1_268' title='bbox 383 2058 479 2099; x_wconf 90' lang='lat' dir='ltr'><strong>sus</strong></span> <span class='ocrx_word' id='word_1_269' title='bbox 511 2046 564 2099; x_wconf 91' lang='lat' dir='ltr'><strong>in</strong></span> <span class='ocrx_word' id='word_1_270' title='bbox 596 2060 812 2101; x_wconf 86' lang='lat' dir='ltr'><strong>sensum</strong></span> <span class='ocrx_word' id='word_1_271' title='bbox 838 2048 1087 2103; x_wconf 80' lang='lat' dir='ltr'><strong>humana:</strong></span> <span class='ocrx_word' id='word_1_272' title='bbox 1117 2050 1313 2104; x_wconf 89' lang='lat' dir='ltr'><strong>mentis</strong></span> <span class='ocrx_word' id='word_1_273' title='bbox 1343 2049 1627 2117; x_wconf 89' lang='lat' dir='ltr'><strong>incideret,</strong></span> <span class='ocrx_word' id='word_1_274' title='bbox 1660 2064 1782 2105; x_wconf 88' lang='lat' dir='ltr'><strong>cum</strong></span> <span class='ocrx_word' id='word_1_275' title='bbox 1815 2052 1984 2107; x_wconf 91' lang='lat' dir='ltr'><strong>Deum</strong></span> 
     </span>
    </p>
   </div>
   <div class='ocr_carea' id='block_1_36' title="bbox 381 2139 1983 2212">
    <p class='ocr_par' dir='ltr' id='par_1_36' title="bbox 381 2139 1983 2212">
     <span class='ocr_line' id='line_1_36' title="bbox 381 2139 1983 2212; baseline 0.004 -18"><span class='ocrx_word' id='word_1_276' title='bbox 381 2150 434 2194; x_wconf 89' lang='lat' dir='ltr'><strong>et</strong></span> <span class='ocrx_word' id='word_1_277' title='bbox 466 2139 633 2195; x_wconf 89' lang='lat' dir='ltr'><strong>Deum</strong></span> <span class='ocrx_word' id='word_1_278' title='bbox 662 2182 677 2206; x_wconf 94' lang='lat'><strong>,</strong></span> <span class='ocrx_word' id='word_1_279' title='bbox 706 2152 758 2196; x_wconf 90' lang='lat' dir='ltr'><strong>et</strong></span> <span class='ocrx_word' id='word_1_280' title='bbox 795 2140 1082 2197; x_wconf 89' lang='lat' dir='ltr'><strong>Dominum</strong></span> <span class='ocrx_word' id='word_1_281' title='bbox 1129 2152 1183 2198; x_wconf 91' lang='lat' dir='ltr'><strong>et</strong></span> <span class='ocrx_word' id='word_1_282' title='bbox 1232 2142 1515 2198; x_wconf 90' lang='lat' dir='ltr'><strong>Dominum</strong></span> <span class='ocrx_word' id='word_1_283' title='bbox 1562 2144 1646 2199; x_wconf 85' lang='lat' dir='ltr'><strong>lex</strong></span> <span class='ocrx_word' id='word_1_284' title='bbox 1674 2144 1851 2199; x_wconf 84' lang='lat' dir='ltr'><strong>locuta</strong></span> <span class='ocrx_word' id='word_1_285' title='bbox 1873 2144 1983 2212; x_wconf 88' lang='lat' dir='ltr'><strong>sit;</strong></span> 
     </span>
    </p>
   </div>
   <div class='ocr_carea' id='block_1_37' title="bbox 381 2235 1985 2308">
    <p class='ocr_par' dir='ltr' id='par_1_37' title="bbox 381 2235 1985 2308">
     <span class='ocr_line' id='line_1_37' title="bbox 381 2235 1985 2308; baseline 0.004 -19"><span class='ocrx_word' id='word_1_286' title='bbox 381 2248 563 2304; x_wconf 87' lang='lat' dir='ltr'><strong>neque</strong></span> <span class='ocrx_word' id='word_1_287' title='bbox 594 2236 646 2289; x_wconf 92' lang='lat' dir='ltr'><strong>in</strong></span> <span class='ocrx_word' id='word_1_288' title='bbox 678 2235 986 2291; x_wconf 86' lang='lat' dir='ltr'><strong>nominibus</strong></span> <span class='ocrx_word' id='word_1_289' title='bbox 1030 2237 1344 2308; x_wconf 88' lang='lat' dir='ltr'><strong>naturisque</strong></span> <span class='ocrx_word' id='word_1_290' title='bbox 1393 2237 1750 2307; x_wconf 82' lang='lat' dir='ltr'><strong>signiﬁcatam</strong></span> <span class='ocrx_word' id='word_1_291' title='bbox 1801 2237 1985 2296; x_wconf 89' lang='lat' dir='ltr'><strong>diver-</strong></span> 
     </span>
    </p>
   </div>
   <div class='ocr_carea' id='block_1_38' title="bbox 375 2325 1986 2404">
    <p class='ocr_par' dir='ltr' id='par_1_38' title="bbox 375 2325 1986 2404">
     <span class='ocr_line' id='line_1_38' title="bbox 375 2325 1986 2404; baseline 0.002 -22"><span class='ocrx_word' id='word_1_292' title='bbox 375 2326 599 2382; x_wconf 85' lang='lat' dir='ltr'><strong>sitatem</strong></span> <span class='ocrx_word' id='word_1_293' title='bbox 631 2325 797 2384; x_wconf 90' lang='lat' dir='ltr'><strong>fuisse</strong></span> <span class='ocrx_word' id='word_1_294' title='bbox 821 2369 835 2393; x_wconf 90' lang='lat'><strong>,</strong></span> <span class='ocrx_word' id='word_1_295' title='bbox 868 2344 936 2385; x_wconf 90' lang='lat' dir='ltr'><strong>ne</strong></span> <span class='ocrx_word' id='word_1_296' title='bbox 967 2346 1073 2385; x_wconf 91' lang='lat' dir='ltr'><strong>non</strong></span> <span class='ocrx_word' id='word_1_297' title='bbox 1119 2330 1417 2386; x_wconf 86' lang='lat' dir='ltr'><strong>secundum</strong></span> <span class='ocrx_word' id='word_1_298' title='bbox 1463 2331 1623 2404; x_wconf 78' lang='lat'><strong>119</strong></span> <span class='ocrx_word' id='word_1_299' title='bbox 1665 2345 1862 2388; x_wconf 80' lang='lat' dir='ltr'><strong>nomen</strong></span> <span class='ocrx_word' id='word_1_300' title='bbox 1895 2347 1986 2387; x_wconf 88' lang='lat' dir='ltr'><strong>na-</strong></span> 
     </span>
    </p>
   </div>
   <div class='ocr_carea' id='block_1_39' title="bbox 380 2424 1983 2495">
    <p class='ocr_par' dir='ltr' id='par_1_39' title="bbox 380 2424 1983 2495">
     <span class='ocr_line' id='line_1_39' title="bbox 380 2424 1983 2495; baseline 0.006 -23"><span class='ocrx_word' id='word_1_301' title='bbox 380 2430 522 2474; x_wconf 73' lang='lat' dir='ltr'><strong>tura:</strong></span> <span class='ocrx_word' id='word_1_302' title='bbox 549 2430 604 2475; x_wconf 92' lang='lat' dir='ltr'><strong>et</strong></span> <span class='ocrx_word' id='word_1_303' title='bbox 634 2432 826 2477; x_wconf 88' lang='lat' dir='ltr'><strong>natura</strong></span> <span class='ocrx_word' id='word_1_304' title='bbox 855 2424 1094 2478; x_wconf 87' lang='lat' dir='ltr'><strong>nominis</strong></span> <span class='ocrx_word' id='word_1_305' title='bbox 1142 2435 1322 2494; x_wconf 88' lang='lat' dir='ltr'><strong>posset</strong></span> <span class='ocrx_word' id='word_1_306' title='bbox 1351 2424 1609 2495; x_wconf 79' lang='lat' dir='ltr'><strong>intelligi;</strong></span> <span class='ocrx_word' id='word_1_307' title='bbox 1651 2439 1773 2480; x_wconf 90' lang='lat' dir='ltr'><strong>cum</strong></span> <span class='ocrx_word' id='word_1_308' title='bbox 1810 2426 1983 2482; x_wconf 90' lang='lat' dir='ltr'><strong>virtus</strong></span> 
     </span>
    </p>
   </div>
   <div class='ocr_carea' id='block_1_40' title="bbox 382 2511 1980 2588">
    <p class='ocr_par' dir='ltr' id='par_1_40' title="bbox 382 2511 1980 2588">
     <span class='ocr_line' id='line_1_40' title="bbox 382 2511 1980 2588; baseline 0.004 -20"><span class='ocrx_word' id='word_1_309' title='bbox 382 2511 480 2569; x_wconf 83' lang='lat' dir='ltr'><strong>Dei</strong></span> <span class='ocrx_word' id='word_1_310' title='bbox 504 2556 520 2578; x_wconf 90' lang='lat'><strong>,</strong></span> <span class='ocrx_word' id='word_1_311' title='bbox 549 2523 793 2584; x_wconf 82' lang='lat' dir='ltr'><strong>potestas</strong></span> <span class='ocrx_word' id='word_1_312' title='bbox 826 2516 949 2583; x_wconf 90' lang='lat' dir='ltr'><strong>Dei,</strong></span> <span class='ocrx_word' id='word_1_313' title='bbox 985 2532 1073 2573; x_wconf 87' lang='lat' dir='ltr'><strong>res</strong></span> <span class='ocrx_word' id='word_1_314' title='bbox 1102 2518 1215 2584; x_wconf 87' lang='lat' dir='ltr'><strong>Dei,</strong></span> <span class='ocrx_word' id='word_1_315' title='bbox 1250 2533 1449 2573; x_wconf 88' lang='lat' dir='ltr'><strong>nomen</strong></span> <span class='ocrx_word' id='word_1_316' title='bbox 1478 2518 1569 2574; x_wconf 91' lang='lat' dir='ltr'><strong>Dei</strong></span> <span class='ocrx_word' id='word_1_317' title='bbox 1617 2518 1669 2573; x_wconf 91' lang='lat' dir='ltr'><strong>in</strong></span> <span class='ocrx_word' id='word_1_318' title='bbox 1699 2530 1766 2574; x_wconf 84' lang='lat' dir='ltr'><strong>eo</strong></span> <span class='ocrx_word' id='word_1_319' title='bbox 1797 2527 1980 2588; x_wconf 90' lang='lat' dir='ltr'><strong>esset,</strong></span> 
     </span>
    </p>
   </div>
   <div class='ocr_carea' id='block_1_41' title="bbox 379 2608 1980 2683">
    <p class='ocr_par' dir='ltr' id='par_1_41' title="bbox 379 2608 1980 2683">
     <span class='ocr_line' id='line_1_41' title="bbox 379 2608 1980 2683; baseline 0.004 -21"><span class='ocrx_word' id='word_1_320' title='bbox 379 2624 541 2679; x_wconf 87' lang='lat' dir='ltr'><strong>quem</strong></span> <span class='ocrx_word' id='word_1_321' title='bbox 574 2608 741 2664; x_wconf 91' lang='lat' dir='ltr'><strong>Deum</strong></span> <span class='ocrx_word' id='word_1_322' title='bbox 772 2610 858 2667; x_wconf 84' lang='lat' dir='ltr'><strong>lex</strong></span> <span class='ocrx_word' id='word_1_323' title='bbox 882 2611 1240 2680; x_wconf 69' lang='lat' dir='ltr'><strong>praedicabat:</strong></span> <span class='ocrx_word' id='word_1_324' title='bbox 1284 2611 1364 2683; x_wconf 87' lang='lat' dir='ltr'><strong>(a)</strong></span> <span class='ocrx_word' id='word_1_325' title='bbox 1397 2627 1516 2683; x_wconf 77' lang='lat' dir='ltr'><strong>qua:</strong></span> <span class='ocrx_word' id='word_1_326' title='bbox 1562 2613 1860 2669; x_wconf 89' lang='lat' dir='ltr'><strong>secundum</strong></span> <span class='ocrx_word' id='word_1_327' title='bbox 1889 2628 1980 2669; x_wconf 91' lang='lat' dir='ltr'><strong>sa-</strong></span> 
     </span>
    </p>
   </div>
   <div class='ocr_carea' id='block_1_42' title="bbox 376 2700 1980 2777">
    <p class='ocr_par' dir='ltr' id='par_1_42' title="bbox 376 2700 1980 2777">
     <span class='ocr_line' id='line_1_42' title="bbox 376 2700 1980 2777; baseline 0.005 -22"><span class='ocrx_word' id='word_1_328' title='bbox 376 2700 646 2755; x_wconf 85' lang='lat' dir='ltr'><strong>cramenti</strong></span> <span class='ocrx_word' id='word_1_329' title='bbox 668 2702 967 2774; x_wconf 88' lang='lat' dir='ltr'><strong>evangelici</strong></span> <span class='ocrx_word' id='word_1_330' title='bbox 1015 2704 1448 2762; x_wconf 85' lang='lat' dir='ltr'><strong>distributionem</strong></span> <span class='ocrx_word' id='word_1_331' title='bbox 1476 2748 1490 2773; x_wconf 89' lang='lat'><strong>,</strong></span> <span class='ocrx_word' id='word_1_332' title='bbox 1535 2706 1601 2761; x_wconf 90' lang='lat' dir='ltr'><strong>ad</strong></span> <span class='ocrx_word' id='word_1_333' title='bbox 1634 2721 1880 2777; x_wconf 79' lang='lat' dir='ltr'><strong>persona:</strong></span> <span class='ocrx_word' id='word_1_334' title='bbox 1909 2709 1980 2763; x_wconf 89' lang='lat' dir='ltr'><strong>si-</strong></span> 
     </span>
    </p>
   </div>
   <div class='ocr_carea' id='block_1_43' title="bbox 374 2793 1981 2864">
    <p class='ocr_par' dir='ltr' id='par_1_43' title="bbox 374 2793 1981 2864">
     <span class='ocr_line' id='line_1_43' title="bbox 374 2793 1981 2864; baseline 0.007 -19"><span class='ocrx_word' id='word_1_335' title='bbox 374 2793 825 2864; x_wconf 82' lang='lat' dir='ltr'><strong>gniﬁcationem,</strong></span> <span class='ocrx_word' id='word_1_336' title='bbox 874 2796 1271 2854; x_wconf 85' lang='lat' dir='ltr'><strong>demonstraret</strong></span> <span class='ocrx_word' id='word_1_337' title='bbox 1319 2808 1374 2854; x_wconf 90' lang='lat' dir='ltr'><strong>et</strong></span> <span class='ocrx_word' id='word_1_338' title='bbox 1422 2799 1473 2854; x_wconf 91' lang='lat' dir='ltr'><strong>in</strong></span> <span class='ocrx_word' id='word_1_339' title='bbox 1516 2799 1751 2855; x_wconf 79' lang='lat' dir='ltr'><strong>creando</strong></span> <span class='ocrx_word' id='word_1_340' title='bbox 1779 2800 1981 2857; x_wconf 90' lang='lat' dir='ltr'><strong>mundo</strong></span> 
     </span>
    </p>
   </div>
   <div class='ocr_carea' id='block_1_44' title="bbox 373 2888 1981 2962">
    <p class='ocr_par' dir='ltr' id='par_1_44' title="bbox 373 2888 1981 2962">
     <span class='ocr_line' id='line_1_44' title="bbox 373 2888 1981 2962; baseline 0.003 -19"><span class='ocrx_word' id='word_1_341' title='bbox 373 2888 724 2944; x_wconf 88' lang='lat' dir='ltr'><strong>obedientem</strong></span> <span class='ocrx_word' id='word_1_342' title='bbox 750 2889 910 2945; x_wconf 87' lang='lat' dir='ltr'><strong>dictis</strong></span> <span class='ocrx_word' id='word_1_343' title='bbox 943 2890 1036 2945; x_wconf 89' lang='lat' dir='ltr'><strong>Dei</strong></span> <span class='ocrx_word' id='word_1_344' title='bbox 1069 2890 1261 2959; x_wconf 89' lang='lat' dir='ltr'><strong>Deum,</strong></span> <span class='ocrx_word' id='word_1_345' title='bbox 1294 2902 1349 2947; x_wconf 90' lang='lat' dir='ltr'><strong>et</strong></span> <span class='ocrx_word' id='word_1_346' title='bbox 1377 2893 1428 2947; x_wconf 93' lang='lat' dir='ltr'><strong>in</strong></span> <span class='ocrx_word' id='word_1_347' title='bbox 1459 2892 1736 2962; x_wconf 81' lang='lat' dir='ltr'><strong>figurando</strong></span> <span class='ocrx_word' id='word_1_348' title='bbox 1763 2892 1981 2948; x_wconf 90' lang='lat' dir='ltr'><strong>homine</strong></span> 
     </span>
    </p>
   </div>
   <div class='ocr_carea' id='block_1_45' title="bbox 373 2984 1976 3059">
    <p class='ocr_par' dir='ltr' id='par_1_45' title="bbox 373 2984 1976 3059">
     <span class='ocr_line' id='line_1_45' title="bbox 373 2984 1976 3059; baseline 0.001 -20"><span class='ocrx_word' id='word_1_349' title='bbox 373 2984 689 3039; x_wconf 89' lang='lat' dir='ltr'><strong>communis</strong></span> <span class='ocrx_word' id='word_1_350' title='bbox 725 2998 907 3039; x_wconf 89' lang='lat' dir='ltr'><strong>secum</strong></span> <span class='ocrx_word' id='word_1_351' title='bbox 938 2993 992 3040; x_wconf 87' lang='lat' dir='ltr'><strong>et</strong></span> <span class='ocrx_word' id='word_1_352' title='bbox 1039 2984 1134 3040; x_wconf 89' lang='lat' dir='ltr'><strong>Dei</strong></span> <span class='ocrx_word' id='word_1_353' title='bbox 1167 2986 1414 3058; x_wconf 79' lang='lat' dir='ltr'><strong>imaginis</strong></span> <span class='ocrx_word' id='word_1_354' title='bbox 1442 2986 1515 3059; x_wconf 75' lang='grc' dir='ltr'><strong>(ὁ)</strong></span> <span class='ocrx_word' id='word_1_355' title='bbox 1564 2987 1731 3043; x_wconf 90' lang='lat' dir='ltr'><strong>Deum</strong></span> <span class='ocrx_word' id='word_1_356' title='bbox 1761 2996 1976 3041; x_wconf 84' lang='lat' dir='ltr'><strong>creato-</strong></span> 
     </span>
    </p>
   </div>
   <div class='ocr_carea' id='block_1_46' title="bbox 372 3077 1975 3151">
    <p class='ocr_par' dir='ltr' id='par_1_46' title="bbox 372 3077 1975 3151">
     <span class='ocr_line' id='line_1_46' title="bbox 372 3077 1975 3151; baseline 0.002 -20"><span class='ocrx_word' id='word_1_357' title='bbox 372 3090 493 3131; x_wconf 84' lang='lat' dir='ltr'><strong>rem</strong></span> <span class='ocrx_word' id='word_1_358' title='bbox 515 3118 532 3145; x_wconf 91' lang='lat'><strong>,</strong></span> <span class='ocrx_word' id='word_1_359' title='bbox 556 3088 612 3132; x_wconf 87' lang='lat' dir='ltr'><strong>et</strong></span> <span class='ocrx_word' id='word_1_360' title='bbox 642 3077 693 3131; x_wconf 92' lang='lat' dir='ltr'><strong>in</strong></span> <span class='ocrx_word' id='word_1_361' title='bbox 722 3077 1027 3148; x_wconf 88' lang='lat' dir='ltr'><strong>judicandis</strong></span> <span class='ocrx_word' id='word_1_362' title='bbox 1051 3079 1597 3151; x_wconf 74' lang='lat' dir='ltr'><strong>Sndomitisjudict-m</strong></span> <span class='ocrx_word' id='word_1_363' title='bbox 1633 3081 1915 3136; x_wconf 90' lang='lat' dir='ltr'><strong>Dominttm</strong></span> <span class='ocrx_word' id='word_1_364' title='bbox 1946 3096 1975 3135; x_wconf 90' lang='lat' dir='ltr'><strong>a</strong></span> 
     </span>
    </p>
   </div>
   <div class='ocr_carea' id='block_1_47' title="bbox 374 3168 1979 3243">
    <p class='ocr_par' dir='ltr' id='par_1_47' title="bbox 374 3168 1979 3243">
     <span class='ocr_line' id='line_1_47' title="bbox 374 3168 1979 3243; baseline 0.003 -19"><span class='ocrx_word' id='word_1_365' title='bbox 374 3168 614 3224; x_wconf 89' lang='lat' dir='ltr'><strong>Domino</strong></span> <span class='ocrx_word' id='word_1_366' title='bbox 635 3212 649 3235; x_wconf 92' lang='lat'><strong>,</strong></span> <span class='ocrx_word' id='word_1_367' title='bbox 682 3178 738 3224; x_wconf 91' lang='lat' dir='ltr'><strong>et</strong></span> <span class='ocrx_word' id='word_1_368' title='bbox 767 3172 819 3225; x_wconf 93' lang='lat' dir='ltr'><strong>in</strong></span> <span class='ocrx_word' id='word_1_369' title='bbox 872 3170 1166 3243; x_wconf 86' lang='lat' dir='ltr'><strong>largiendis</strong></span> <span class='ocrx_word' id='word_1_370' title='bbox 1197 3171 1664 3228; x_wconf 88' lang='lat' dir='ltr'><strong>benedictionibus</strong></span> <span class='ocrx_word' id='word_1_371' title='bbox 1692 3181 1747 3228; x_wconf 90' lang='lat' dir='ltr'><strong>et</strong></span> <span class='ocrx_word' id='word_1_372' title='bbox 1780 3175 1833 3229; x_wconf 90' lang='lat' dir='ltr'><strong>in</strong></span> <span class='ocrx_word' id='word_1_373' title='bbox 1885 3173 1979 3230; x_wconf 91' lang='lat' dir='ltr'><strong>de-</strong></span> 
     </span>
    </p>
   </div>
   <div class='ocr_carea' id='block_1_48' title="bbox 2089 1953 3698 2031">
    <p class='ocr_par' dir='ltr' id='par_1_48' title="bbox 2089 1953 3698 2031">
     <span class='ocr_line' id='line_1_48' title="bbox 2089 1953 3698 2031; baseline 0.002 -21"><span class='ocrx_word' id='word_1_374' title='bbox 2089 1962 2171 2010; x_wconf 90' lang='lat' dir='ltr'><strong>est</strong></span> <span class='ocrx_word' id='word_1_375' title='bbox 2232 1968 2436 2024; x_wconf 86' lang='lat' dir='ltr'><strong>negas,</strong></span> <span class='ocrx_word' id='word_1_376' title='bbox 2488 1953 2616 2009; x_wconf 89' lang='lat' dir='ltr'><strong>dum</strong></span> <span class='ocrx_word' id='word_1_377' title='bbox 2685 1957 2830 2026; x_wconf 87' lang='lat' dir='ltr'><strong>quod</strong></span> <span class='ocrx_word' id='word_1_378' title='bbox 2870 1968 2953 2011; x_wconf 86' lang='lat' dir='ltr'><strong>est</strong></span> <span class='ocrx_word' id='word_1_379' title='bbox 2981 1972 3088 2013; x_wconf 90' lang='lat' dir='ltr'><strong>non</strong></span> <span class='ocrx_word' id='word_1_380' title='bbox 3119 1973 3301 2027; x_wconf 82' lang='lat' dir='ltr'><strong>negas.</strong></span> <span class='ocrx_word' id='word_1_381' title='bbox 3332 1958 3424 2015; x_wconf 91' lang='lat' dir='ltr'><strong>Sic</strong></span> <span class='ocrx_word' id='word_1_382' title='bbox 3449 1960 3519 2031; x_wconf 65' lang='grc' dir='ltr'><strong>(Γ)</strong></span> <span class='ocrx_word' id='word_1_383' title='bbox 3563 1959 3698 2015; x_wconf 89' lang='lat' dir='ltr'><strong>stul-</strong></span> 
     </span>
    </p>
   </div>
   <div class='ocr_carea' id='block_1_49' title="bbox 2091 2046 3697 2123">
    <p class='ocr_par' dir='ltr' id='par_1_49' title="bbox 2091 2046 3697 2123">
     <span class='ocr_line' id='line_1_49' title="bbox 2091 2046 3697 2123; baseline 0.005 -23"><span class='ocrx_word' id='word_1_384' title='bbox 2091 2055 2199 2101; x_wconf 88' lang='lat' dir='ltr'><strong>tam</strong></span> <span class='ocrx_word' id='word_1_385' title='bbox 2251 2047 2568 2116; x_wconf 84' lang='lat' dir='ltr'><strong>sapientiam</strong></span> <span class='ocrx_word' id='word_1_386' title='bbox 2616 2046 2759 2103; x_wconf 87' lang='lat' dir='ltr'><strong>fallis</strong></span> <span class='ocrx_word' id='word_1_387' title='bbox 2796 2090 2811 2114; x_wconf 90' lang='lat'><strong>,</strong></span> <span class='ocrx_word' id='word_1_388' title='bbox 2863 2058 2923 2104; x_wconf 87' lang='lat' dir='ltr'><strong>ut</strong></span> <span class='ocrx_word' id='word_1_389' title='bbox 2966 2053 3244 2107; x_wconf 85' lang='lat' dir='ltr'><strong>veritatem</strong></span> <span class='ocrx_word' id='word_1_390' title='bbox 3292 2053 3528 2123; x_wconf 88' lang='lat' dir='ltr'><strong>perimas</strong></span> <span class='ocrx_word' id='word_1_391' title='bbox 3568 2067 3697 2123; x_wconf 90' lang='lat' dir='ltr'><strong>spe-</strong></span> 
     </span>
    </p>
   </div>
   <div class='ocr_carea' id='block_1_50' title="bbox 2088 2136 3702 2213">
    <p class='ocr_par' dir='ltr' id='par_1_50' title="bbox 2088 2136 3702 2213">
     <span class='ocr_line' id='line_1_50' title="bbox 2088 2136 3702 2213; baseline 0.004 -21"><span class='ocrx_word' id='word_1_392' title='bbox 2088 2136 2173 2193; x_wconf 88' lang='lat' dir='ltr'><strong>cie</strong></span> <span class='ocrx_word' id='word_1_393' title='bbox 2227 2138 2488 2193; x_wconf 75' lang='lat' dir='ltr'><strong>veritatis.</strong></span> <span class='ocrx_word' id='word_1_394' title='bbox 2562 2138 2737 2195; x_wconf 87' lang='lat' dir='ltr'><strong>Unum</strong></span> <span class='ocrx_word' id='word_1_395' title='bbox 2790 2139 2948 2213; x_wconf 72' lang='lat'><strong>120</strong></span> <span class='ocrx_word' id='word_1_396' title='bbox 2994 2156 3181 2197; x_wconf 83' lang='lat' dir='ltr'><strong>verum</strong></span> <span class='ocrx_word' id='word_1_397' title='bbox 3244 2143 3409 2197; x_wconf 90' lang='lat' dir='ltr'><strong>Deum</strong></span> <span class='ocrx_word' id='word_1_398' title='bbox 3475 2144 3702 2198; x_wconf 81' lang='lat' dir='ltr'><strong>confite—</strong></span> 
     </span>
    </p>
   </div>
   <div class='ocr_carea' id='block_1_51' title="bbox 2088 2230 3699 2307">
    <p class='ocr_par' dir='ltr' id='par_1_51' title="bbox 2088 2230 3699 2307">
     <span class='ocr_line' id='line_1_51' title="bbox 2088 2230 3699 2307; baseline 0.005 -22"><span class='ocrx_word' id='word_1_399' title='bbox 2088 2230 2202 2298; x_wconf 90' lang='lat' dir='ltr'><strong>ris,</strong></span> <span class='ocrx_word' id='word_1_400' title='bbox 2283 2239 2340 2286; x_wconf 89' lang='lat' dir='ltr'><strong>ut</strong></span> <span class='ocrx_word' id='word_1_401' title='bbox 2404 2248 2567 2287; x_wconf 91' lang='lat' dir='ltr'><strong>unum</strong></span> <span class='ocrx_word' id='word_1_402' title='bbox 2648 2248 2834 2289; x_wconf 88' lang='lat' dir='ltr'><strong>verum</strong></span> <span class='ocrx_word' id='word_1_403' title='bbox 2915 2235 3081 2290; x_wconf 82' lang='lat' dir='ltr'><strong>Deum</strong></span> <span class='ocrx_word' id='word_1_404' title='bbox 3135 2236 3391 2307; x_wconf 87' lang='lat' dir='ltr'><strong>deneges.</strong></span> <span class='ocrx_word' id='word_1_405' title='bbox 3424 2235 3699 2293; x_wconf 83' lang='lat' dir='ltr'><strong>Professio</strong></span> 
     </span>
    </p>
   </div>
   <div class='ocr_carea' id='block_1_52' title="bbox 2086 2324 3694 2401">
    <p class='ocr_par' dir='ltr' id='par_1_52' title="bbox 2086 2324 3694 2401">
     <span class='ocr_line' id='line_1_52' title="bbox 2086 2324 3694 2401; baseline 0.003 -21"><span class='ocrx_word' id='word_1_406' title='bbox 2086 2324 2228 2380; x_wconf 88' lang='lat' dir='ltr'><strong>enim</strong></span> <span class='ocrx_word' id='word_1_407' title='bbox 2279 2333 2369 2380; x_wconf 87' lang='lat' dir='ltr'><strong>tua</strong></span> <span class='ocrx_word' id='word_1_408' title='bbox 2419 2326 2497 2381; x_wconf 91' lang='lat' dir='ltr'><strong>sic</strong></span> <span class='ocrx_word' id='word_1_409' title='bbox 2560 2336 2779 2397; x_wconf 78' lang='lat' dir='ltr'><strong>putatur</strong></span> <span class='ocrx_word' id='word_1_410' title='bbox 2831 2328 2953 2398; x_wconf 90' lang='lat' dir='ltr'><strong>pia,</strong></span> <span class='ocrx_word' id='word_1_411' title='bbox 3004 2330 3148 2400; x_wconf 86' lang='lat' dir='ltr'><strong>quod</strong></span> <span class='ocrx_word' id='word_1_412' title='bbox 3189 2329 3361 2400; x_wconf 89' lang='lat' dir='ltr'><strong>magis</strong></span> <span class='ocrx_word' id='word_1_413' title='bbox 3389 2330 3549 2401; x_wconf 87' lang='lat' dir='ltr'><strong>impia</strong></span> <span class='ocrx_word' id='word_1_414' title='bbox 3573 2341 3694 2396; x_wconf 85' lang='lat' dir='ltr'><strong>est;</strong></span> 
     </span>
    </p>
   </div>
   <div class='ocr_carea' id='block_1_53' title="bbox 2086 2418 3698 2488">
    <p class='ocr_par' dir='ltr' id='par_1_53' title="bbox 2086 2418 3698 2488">
     <span class='ocr_line' id='line_1_53' title="bbox 2086 2418 3698 2488; baseline 0.002 -16"><span class='ocrx_word' id='word_1_415' title='bbox 2086 2418 2167 2473; x_wconf 90' lang='lat' dir='ltr'><strong>sic</strong></span> <span class='ocrx_word' id='word_1_416' title='bbox 2215 2433 2343 2473; x_wconf 86' lang='lat' dir='ltr'><strong>vera</strong></span> <span class='ocrx_word' id='word_1_417' title='bbox 2393 2418 2538 2488; x_wconf 91' lang='lat' dir='ltr'><strong>quod</strong></span> <span class='ocrx_word' id='word_1_418' title='bbox 2584 2419 2716 2476; x_wconf 90' lang='lat' dir='ltr'><strong>falsa</strong></span> <span class='ocrx_word' id='word_1_419' title='bbox 2756 2430 2860 2476; x_wconf 87' lang='lat' dir='ltr'><strong>est.</strong></span> <span class='ocrx_word' id='word_1_420' title='bbox 2920 2421 3012 2478; x_wconf 88' lang='lat' dir='ltr'><strong>Sic</strong></span> <span class='ocrx_word' id='word_1_421' title='bbox 3062 2438 3092 2476; x_wconf 91' lang='lat' dir='ltr'><strong>a</strong></span> <span class='ocrx_word' id='word_1_422' title='bbox 3147 2430 3201 2478; x_wconf 90' lang='lat' dir='ltr'><strong>te</strong></span> <span class='ocrx_word' id='word_1_423' title='bbox 3240 2436 3380 2477; x_wconf 90' lang='lat' dir='ltr'><strong>unus</strong></span> <span class='ocrx_word' id='word_1_424' title='bbox 3436 2433 3492 2477; x_wconf 89' lang='lat' dir='ltr'><strong>et</strong></span> <span class='ocrx_word' id='word_1_425' title='bbox 3533 2437 3698 2478; x_wconf 90' lang='lat' dir='ltr'><strong>verus</strong></span> 
     </span>
    </p>
   </div>
   <div class='ocr_carea' id='block_1_54' title="bbox 2088 2510 3694 2585">
    <p class='ocr_par' dir='ltr' id='par_1_54' title="bbox 2088 2510 3694 2585">
     <span class='ocr_line' id='line_1_54' title="bbox 2088 2510 3694 2585; baseline 0.001 -19"><span class='ocrx_word' id='word_1_426' title='bbox 2088 2510 2231 2566; x_wconf 89' lang='lat' dir='ltr'><strong>Deus</strong></span> <span class='ocrx_word' id='word_1_427' title='bbox 2256 2510 2615 2583; x_wconf 67' lang='lat' dir='ltr'><strong>praedicatur,</strong></span> <span class='ocrx_word' id='word_1_428' title='bbox 2645 2524 2704 2567; x_wconf 91' lang='lat' dir='ltr'><strong>ut</strong></span> <span class='ocrx_word' id='word_1_429' title='bbox 2744 2528 2854 2569; x_wconf 92' lang='lat' dir='ltr'><strong>non</strong></span> <span class='ocrx_word' id='word_1_430' title='bbox 2904 2514 2994 2570; x_wconf 91' lang='lat' dir='ltr'><strong>sit.</strong></span> <span class='ocrx_word' id='word_1_431' title='bbox 3026 2514 3200 2585; x_wconf 86' lang='lat' dir='ltr'><strong>Negas</strong></span> <span class='ocrx_word' id='word_1_432' title='bbox 3230 2516 3376 2570; x_wconf 91' lang='lat' dir='ltr'><strong>enim</strong></span> <span class='ocrx_word' id='word_1_433' title='bbox 3411 2514 3501 2569; x_wconf 86' lang='lat' dir='ltr'><strong>Dei</strong></span> <span class='ocrx_word' id='word_1_434' title='bbox 3525 2514 3694 2568; x_wconf 84' lang='lat' dir='ltr'><strong>filium</strong></span> 
     </span>
    </p>
   </div>
   <div class='ocr_carea' id='block_1_55' title="bbox 2085 2606 3695 2678">
    <p class='ocr_par' dir='ltr' id='par_1_55' title="bbox 2085 2606 3695 2678">
     <span class='ocr_line' id='line_1_55' title="bbox 2085 2606 3695 2678; baseline 0 -16"><span class='ocrx_word' id='word_1_435' title='bbox 2085 2606 2254 2663; x_wconf 89' lang='lat' dir='ltr'><strong>Deum</strong></span> <span class='ocrx_word' id='word_1_436' title='bbox 2300 2624 2511 2677; x_wconf 88' lang='lat' dir='ltr'><strong>verum,</strong></span> <span class='ocrx_word' id='word_1_437' title='bbox 2540 2622 2664 2664; x_wconf 91' lang='lat' dir='ltr'><strong>cum</strong></span> <span class='ocrx_word' id='word_1_438' title='bbox 2706 2617 2885 2664; x_wconf 91' lang='lat' dir='ltr'><strong>tamen</strong></span> <span class='ocrx_word' id='word_1_439' title='bbox 2938 2609 3107 2664; x_wconf 90' lang='lat' dir='ltr'><strong>Deum</strong></span> <span class='ocrx_word' id='word_1_440' title='bbox 3140 2623 3246 2664; x_wconf 93' lang='lat' dir='ltr'><strong>non</strong></span> <span class='ocrx_word' id='word_1_441' title='bbox 3293 2622 3494 2678; x_wconf 78' lang='lat' dir='ltr'><strong>neges;</strong></span> <span class='ocrx_word' id='word_1_442' title='bbox 3526 2609 3695 2663; x_wconf 79' lang='lat' dir='ltr'><strong>Deum</strong></span> 
     </span>
    </p>
   </div>
   <div class='ocr_carea' id='block_1_56' title="bbox 2085 2699 3696 2767">
    <p class='ocr_par' dir='ltr' id='par_1_56' title="bbox 2085 2699 3696 2767">
     <span class='ocr_line' id='line_1_56' title="bbox 2085 2699 3696 2767; baseline -0.004 -7"><span class='ocrx_word' id='word_1_443' title='bbox 2085 2712 2264 2760; x_wconf 88' lang='lat' dir='ltr'><strong>tamen</strong></span> <span class='ocrx_word' id='word_1_444' title='bbox 2292 2718 2399 2759; x_wconf 91' lang='lat' dir='ltr'><strong>non</strong></span> <span class='ocrx_word' id='word_1_445' title='bbox 2427 2712 2616 2757; x_wconf 88' lang='lat' dir='ltr'><strong>natura</strong></span> <span class='ocrx_word' id='word_1_446' title='bbox 2644 2699 2985 2767; x_wconf 81' lang='lat' dir='ltr'><strong>confitendo,</strong></span> <span class='ocrx_word' id='word_1_447' title='bbox 3015 2700 3112 2756; x_wconf 90' lang='lat' dir='ltr'><strong>sed</strong></span> <span class='ocrx_word' id='word_1_448' title='bbox 3141 2699 3382 2756; x_wconf 90' lang='lat' dir='ltr'><strong>nomine.</strong></span> <span class='ocrx_word' id='word_1_449' title='bbox 3413 2699 3469 2756; x_wconf 93' lang='lat' dir='ltr'><strong>Si</strong></span> <span class='ocrx_word' id='word_1_450' title='bbox 3499 2700 3696 2754; x_wconf 89' lang='lat' dir='ltr'><strong>nativi-</strong></span> 
     </span>
    </p>
   </div>
   <div class='ocr_carea' id='block_1_57' title="bbox 2086 2795 3695 2867">
    <p class='ocr_par' dir='ltr' id='par_1_57' title="bbox 2086 2795 3695 2867">
     <span class='ocr_line' id='line_1_57' title="bbox 2086 2795 3695 2867; baseline -0.002 -14"><span class='ocrx_word' id='word_1_451' title='bbox 2086 2807 2168 2853; x_wconf 91' lang='lat' dir='ltr'><strong>tas</strong></span> <span class='ocrx_word' id='word_1_452' title='bbox 2194 2800 2334 2867; x_wconf 89' lang='lat' dir='ltr'><strong>ejus,</strong></span> <span class='ocrx_word' id='word_1_453' title='bbox 2367 2796 2602 2853; x_wconf 90' lang='lat' dir='ltr'><strong>nominis</strong></span> <span class='ocrx_word' id='word_1_454' title='bbox 2631 2795 2810 2866; x_wconf 90' lang='lat' dir='ltr'><strong>potius</strong></span> <span class='ocrx_word' id='word_1_455' title='bbox 2833 2802 2919 2851; x_wconf 91' lang='lat' dir='ltr'><strong>est</strong></span> <span class='ocrx_word' id='word_1_456' title='bbox 2945 2809 3103 2866; x_wconf 89' lang='lat' dir='ltr'><strong>quam</strong></span> <span class='ocrx_word' id='word_1_457' title='bbox 3133 2795 3395 2861; x_wconf 80' lang='lat' dir='ltr'><strong>veritatis,</strong></span> <span class='ocrx_word' id='word_1_458' title='bbox 3422 2803 3578 2865; x_wconf 91' lang='lat' dir='ltr'><strong>potes</strong></span> <span class='ocrx_word' id='word_1_459' title='bbox 3599 2808 3695 2850; x_wconf 86' lang='lat' dir='ltr'><strong>au-</strong></span> 
     </span>
    </p>
   </div>
   <div class='ocr_carea' id='block_1_58' title="bbox 2084 2874 3763 2947">
    <p class='ocr_par' dir='ltr' id='par_1_58' title="bbox 2084 2874 3763 2947">
     <span class='ocr_line' id='line_1_58' title="bbox 2084 2874 3763 2947; baseline -0.002 0"><span class='ocrx_word' id='word_1_460' title='bbox 2084 2891 2225 2947; x_wconf 89' lang='lat' dir='ltr'><strong>ferre</strong></span> <span class='ocrx_word' id='word_1_461' title='bbox 2266 2891 2467 2945; x_wconf 89' lang='lat' dir='ltr'><strong>nomini</strong></span> <span class='ocrx_word' id='word_1_462' title='bbox 2514 2889 2830 2945; x_wconf 82' lang='lat' dir='ltr'><strong>veritatem:</strong></span> <span class='ocrx_word' id='word_1_463' title='bbox 2865 2888 2913 2943; x_wconf 90' lang='lat' dir='ltr'><strong>si</strong></span> <span class='ocrx_word' id='word_1_464' title='bbox 2951 2880 3133 2945; x_wconf 80' lang='lat' dir='ltr'><strong>autem</strong></span> <span class='ocrx_word' id='word_1_465' title='bbox 3183 2903 3312 2944; x_wconf 82' lang='lat' dir='ltr'><strong>vere</strong></span> <span class='ocrx_word' id='word_1_466' title='bbox 3356 2887 3496 2943; x_wconf 89' lang='lat' dir='ltr'><strong>Dens</strong></span> <span class='ocrx_word' id='word_1_467' title='bbox 3523 2895 3684 2943; x_wconf 88' lang='lat' dir='ltr'><strong>natus</strong></span> <span class='ocrx_word' id='word_1_468' title='bbox 3755 2874 3763 2885; x_wconf 78' lang='grc'><strong>’</strong></span> 
     </span>
    </p>
   </div>
   <div class='ocr_carea' id='block_1_59' title="bbox 2083 2981 3696 3055">
    <p class='ocr_par' dir='ltr' id='par_1_59' title="bbox 2083 2981 3696 3055">
     <span class='ocr_line' id='line_1_59' title="bbox 2083 2981 3696 3055; baseline -0.001 -15"><span class='ocrx_word' id='word_1_469' title='bbox 2083 2993 2187 3050; x_wconf 92' lang='lat' dir='ltr'><strong>est,</strong></span> <span class='ocrx_word' id='word_1_470' title='bbox 2213 2999 2400 3055; x_wconf 67' lang='lat' dir='ltr'><strong>quaero</strong></span> <span class='ocrx_word' id='word_1_471' title='bbox 2451 2981 2723 3054; x_wconf 87' lang='lat' dir='ltr'><strong>quomodo</strong></span> <span class='ocrx_word' id='word_1_472' title='bbox 2751 2984 2923 3053; x_wconf 87' lang='lat' dir='ltr'><strong>possit</strong></span> <span class='ocrx_word' id='word_1_473' title='bbox 2963 2998 3073 3038; x_wconf 90' lang='lat' dir='ltr'><strong>non</strong></span> <span class='ocrx_word' id='word_1_474' title='bbox 3103 2996 3233 3039; x_wconf 86' lang='lat' dir='ltr'><strong>vere</strong></span> <span class='ocrx_word' id='word_1_475' title='bbox 3273 2996 3396 3038; x_wconf 87' lang='lat' dir='ltr'><strong>esse</strong></span> <span class='ocrx_word' id='word_1_476' title='bbox 3424 2982 3567 3054; x_wconf 88' lang='lat' dir='ltr'><strong>quod</strong></span> <span class='ocrx_word' id='word_1_477' title='bbox 3597 2997 3696 3038; x_wconf 76' lang='lat' dir='ltr'><strong>na-</strong></span> 
     </span>
    </p>
   </div>
   <div class='ocr_carea' id='block_1_60' title="bbox 2084 3073 3691 3146">
    <p class='ocr_par' dir='ltr' id='par_1_60' title="bbox 2084 3073 3691 3146">
     <span class='ocr_line' id='line_1_60' title="bbox 2084 3073 3691 3146; baseline 0 -15"><span class='ocrx_word' id='word_1_478' title='bbox 2084 3085 2170 3131; x_wconf 90' lang='lat' dir='ltr'><strong>tus</strong></span> <span class='ocrx_word' id='word_1_479' title='bbox 2190 3077 2306 3132; x_wconf 84' lang='lat' dir='ltr'><strong>est?</strong></span> <span class='ocrx_word' id='word_1_480' title='bbox 2329 3079 2433 3131; x_wconf 80' lang='lat' dir='ltr'><strong>Aut</strong></span> <span class='ocrx_word' id='word_1_481' title='bbox 2453 3091 2587 3145; x_wconf 83' lang='lat' dir='ltr'><strong>nega</strong></span> <span class='ocrx_word' id='word_1_482' title='bbox 2607 3089 2751 3141; x_wconf 87' lang='lat' dir='ltr'><strong>esse,</strong></span> <span class='ocrx_word' id='word_1_483' title='bbox 2777 3090 2844 3130; x_wconf 89' lang='lat' dir='ltr'><strong>ne</strong></span> <span class='ocrx_word' id='word_1_484' title='bbox 2863 3075 2966 3141; x_wconf 88' lang='lat' dir='ltr'><strong>sit;</strong></span> <span class='ocrx_word' id='word_1_485' title='bbox 2987 3084 3078 3129; x_wconf 87' lang='lat' dir='ltr'><strong>aut</strong></span> <span class='ocrx_word' id='word_1_486' title='bbox 3104 3074 3149 3130; x_wconf 89' lang='lat' dir='ltr'><strong>si</strong></span> <span class='ocrx_word' id='word_1_487' title='bbox 3179 3085 3286 3139; x_wconf 88' lang='lat' dir='ltr'><strong>est,</strong></span> <span class='ocrx_word' id='word_1_488' title='bbox 3311 3073 3393 3146; x_wconf 84' lang='lat' dir='ltr'><strong>(l)</strong></span> <span class='ocrx_word' id='word_1_489' title='bbox 3417 3075 3691 3145; x_wconf 90' lang='lat' dir='ltr'><strong>quomodo</strong></span> 
     </span>
    </p>
   </div>
   <div class='ocr_carea' id='block_1_61' title="bbox 2081 3168 3691 3241">
    <p class='ocr_par' dir='ltr' id='par_1_61' title="bbox 2081 3168 3691 3241">
     <span class='ocr_line' id='line_1_61' title="bbox 2081 3168 3691 3241; baseline 0.001 -20"><span class='ocrx_word' id='word_1_490' title='bbox 2081 3169 2224 3241; x_wconf 88' lang='lat' dir='ltr'><strong>quod</strong></span> <span class='ocrx_word' id='word_1_491' title='bbox 2250 3178 2334 3226; x_wconf 92' lang='lat' dir='ltr'><strong>est</strong></span> <span class='ocrx_word' id='word_1_492' title='bbox 2359 3185 2465 3224; x_wconf 89' lang='lat' dir='ltr'><strong>non</strong></span> <span class='ocrx_word' id='word_1_493' title='bbox 2491 3169 2633 3236; x_wconf 88' lang='lat' dir='ltr'><strong>erit,</strong></span> <span class='ocrx_word' id='word_1_494' title='bbox 2660 3183 2783 3224; x_wconf 91' lang='lat' dir='ltr'><strong>cum</strong></span> <span class='ocrx_word' id='word_1_495' title='bbox 2808 3168 2949 3236; x_wconf 88' lang='lat' dir='ltr'><strong>quod</strong></span> <span class='ocrx_word' id='word_1_496' title='bbox 2986 3176 3073 3225; x_wconf 89' lang='lat' dir='ltr'><strong>est</strong></span> <span class='ocrx_word' id='word_1_497' title='bbox 3100 3183 3205 3224; x_wconf 92' lang='lat' dir='ltr'><strong>non</strong></span> <span class='ocrx_word' id='word_1_498' title='bbox 3234 3168 3407 3239; x_wconf 88' lang='lat' dir='ltr'><strong>possit</strong></span> <span class='ocrx_word' id='word_1_499' title='bbox 3445 3182 3569 3224; x_wconf 88' lang='lat' dir='ltr'><strong>esse</strong></span> <span class='ocrx_word' id='word_1_500' title='bbox 3587 3210 3603 3236; x_wconf 88' lang='lat'><strong>,</strong></span> <span class='ocrx_word' id='word_1_501' title='bbox 3633 3177 3691 3224; x_wconf 90' lang='lat' dir='ltr'><strong>ut</strong></span> 
     </span>
    </p>
   </div>
   <div class='ocr_carea' id='block_1_62' title="bbox 373 3260 3691 3337">
    <p class='ocr_par' dir='ltr' id='par_1_62' title="bbox 373 3260 3691 3337">
     <span class='ocr_line' id='line_1_62' title="bbox 373 3260 3691 3337; baseline -0.001 -19"><span class='ocrx_word' id='word_1_502' title='bbox 373 3263 667 3319; x_wconf 86' lang='lat' dir='ltr'><strong>cernendis</strong></span> <span class='ocrx_word' id='word_1_503' title='bbox 696 3265 968 3334; x_wconf 87' lang='lat' dir='ltr'><strong>mysteriis</strong></span> <span class='ocrx_word' id='word_1_504' title='bbox 998 3265 1131 3336; x_wconf 78' lang='lat' dir='ltr'><strong>legis</strong></span> <span class='ocrx_word' id='word_1_505' title='bbox 1159 3267 1406 3336; x_wconf 82' lang='lat' dir='ltr'><strong>angelum</strong></span> <span class='ocrx_word' id='word_1_506' title='bbox 1458 3267 1552 3322; x_wconf 90' lang='lat' dir='ltr'><strong>Dei</strong></span> <span class='ocrx_word' id='word_1_507' title='bbox 1586 3266 1751 3322; x_wconf 89' lang='lat' dir='ltr'><strong>Deum</strong></span> <span class='ocrx_word' id='word_1_508' title='bbox 1777 3286 1790 3321; x_wconf 89' lang='lat'><strong>:</strong></span> <span class='ocrx_word' id='word_1_509' title='bbox 1824 3276 1882 3323; x_wconf 91' lang='lat' dir='ltr'><strong>ut</strong></span> <span class='ocrx_word' id='word_1_510' title='bbox 1909 3267 1975 3322; x_wconf 90' lang='lat' dir='ltr'><strong>ad</strong></span> <span class='ocrx_word' id='word_1_511' title='bbox 2005 3271 2051 3337; x_wconf 67' lang='grc' dir='ltr'><strong>(ζ</strong></span> <span class='ocrx_word' id='word_1_512' title='bbox 2084 3277 2191 3319; x_wconf 92' lang='lat' dir='ltr'><strong>non</strong></span> <span class='ocrx_word' id='word_1_513' title='bbox 2219 3265 2288 3318; x_wconf 90' lang='lat' dir='ltr'><strong>sit</strong></span> <span class='ocrx_word' id='word_1_514' title='bbox 2309 3263 2413 3335; x_wconf 85' lang='lat' dir='ltr'><strong>(g)?</strong></span> <span class='ocrx_word' id='word_1_515' title='bbox 2437 3262 2517 3319; x_wconf 76' lang='lat' dir='ltr'><strong>Ac</strong></span> <span class='ocrx_word' id='word_1_516' title='bbox 2541 3262 2610 3317; x_wconf 87' lang='lat' dir='ltr'><strong>de</strong></span> <span class='ocrx_word' id='word_1_517' title='bbox 2641 3261 2920 3317; x_wconf 87' lang='lat' dir='ltr'><strong>uativitate</strong></span> <span class='ocrx_word' id='word_1_518' title='bbox 2948 3260 3164 3332; x_wconf 86' lang='lat' dir='ltr'><strong>quidem</strong></span> <span class='ocrx_word' id='word_1_519' title='bbox 3195 3277 3319 3316; x_wconf 88' lang='lat' dir='ltr'><strong>mox</strong></span> <span class='ocrx_word' id='word_1_520' title='bbox 3352 3261 3459 3316; x_wconf 91' lang='lat' dir='ltr'><strong>erit</strong></span> <span class='ocrx_word' id='word_1_521' title='bbox 3485 3274 3691 3316; x_wconf 88' lang='lat' dir='ltr'><strong>sermo.</strong></span> 
     </span>
    </p>
   </div>
   <div class='ocr_carea' id='block_1_63' title="bbox 372 3356 1976 3430">
    <p class='ocr_par' dir='ltr' id='par_1_63' title="bbox 372 3356 1976 3430">
     <span class='ocr_line' id='line_1_63' title="bbox 372 3356 1976 3430; baseline 0.003 -19"><span class='ocrx_word' id='word_1_522' title='bbox 372 3356 671 3411; x_wconf 88' lang='lat' dir='ltr'><strong>salutarem</strong></span> <span class='ocrx_word' id='word_1_523' title='bbox 700 3356 1099 3415; x_wconf 79' lang='lat' dir='ltr'><strong>confessionem</strong></span> <span class='ocrx_word' id='word_1_524' title='bbox 1132 3359 1184 3414; x_wconf 92' lang='lat' dir='ltr'><strong>in</strong></span> <span class='ocrx_word' id='word_1_525' title='bbox 1223 3367 1375 3430; x_wconf 87' lang='lat' dir='ltr'><strong>patre</strong></span> <span class='ocrx_word' id='word_1_526' title='bbox 1419 3360 1528 3415; x_wconf 89' lang='lat' dir='ltr'><strong>Deo</strong></span> <span class='ocrx_word' id='word_1_527' title='bbox 1556 3367 1612 3417; x_wconf 89' lang='lat' dir='ltr'><strong>et</strong></span> <span class='ocrx_word' id='word_1_528' title='bbox 1643 3361 1694 3415; x_wconf 92' lang='lat' dir='ltr'><strong>in</strong></span> <span class='ocrx_word' id='word_1_529' title='bbox 1728 3360 1836 3416; x_wconf 87' lang='lat' dir='ltr'><strong>lilio</strong></span> <span class='ocrx_word' id='word_1_530' title='bbox 1867 3360 1976 3416; x_wconf 88' lang='lat' dir='ltr'><strong>Deo</strong></span> 
     </span>
    </p>
   </div>
   <div class='ocr_carea' id='block_1_64' title="bbox 375 3449 1974 3523">
    <p class='ocr_par' dir='ltr' id='par_1_64' title="bbox 375 3449 1974 3523">
     <span class='ocr_line' id='line_1_64' title="bbox 375 3449 1974 3523; baseline 0.001 -19"><span class='ocrx_word' id='word_1_531' title='bbox 375 3449 522 3504; x_wconf 87' lang='lat' dir='ltr'><strong>Deus</strong></span> <span class='ocrx_word' id='word_1_532' title='bbox 546 3464 765 3516; x_wconf 79' lang='lat' dir='ltr'><strong>semper</strong></span> <span class='ocrx_word' id='word_1_533' title='bbox 811 3458 1063 3506; x_wconf 89' lang='lat' dir='ltr'><strong>ostensus</strong></span> <span class='ocrx_word' id='word_1_534' title='bbox 1095 3495 1110 3518; x_wconf 94' lang='lat'><strong>,</strong></span> <span class='ocrx_word' id='word_1_535' title='bbox 1157 3463 1364 3507; x_wconf 73' lang='lat' dir='ltr'><strong>natura:</strong></span> <span class='ocrx_word' id='word_1_536' title='bbox 1408 3453 1691 3508; x_wconf 83' lang='lat' dir='ltr'><strong>veritatem</strong></span> <span class='ocrx_word' id='word_1_537' title='bbox 1722 3453 1839 3523; x_wconf 89' lang='lat' dir='ltr'><strong>ipso</strong></span> <span class='ocrx_word' id='word_1_538' title='bbox 1876 3466 1974 3506; x_wconf 87' lang='lat' dir='ltr'><strong>na-</strong></span> 
     </span>
    </p>
   </div>
   <div class='ocr_carea' id='block_1_65' title="bbox 377 3542 1973 3614">
    <p class='ocr_par' dir='ltr' id='par_1_65' title="bbox 377 3542 1973 3614">
     <span class='ocr_line' id='line_1_65' title="bbox 377 3542 1973 3614; baseline 0.003 -19"><span class='ocrx_word' id='word_1_539' title='bbox 377 3551 513 3596; x_wconf 73' lang='lat' dir='ltr'><strong>tura:</strong></span> <span class='ocrx_word' id='word_1_540' title='bbox 541 3544 759 3597; x_wconf 87' lang='lat' dir='ltr'><strong>nomine</strong></span> <span class='ocrx_word' id='word_1_541' title='bbox 783 3542 1037 3599; x_wconf 87' lang='lat' dir='ltr'><strong>edoceret</strong></span> <span class='ocrx_word' id='word_1_542' title='bbox 1061 3586 1074 3609; x_wconf 92' lang='lat'><strong>,</strong></span> <span class='ocrx_word' id='word_1_543' title='bbox 1103 3558 1225 3601; x_wconf 90' lang='lat' dir='ltr'><strong>cum</strong></span> <span class='ocrx_word' id='word_1_544' title='bbox 1273 3543 1356 3600; x_wconf 88' lang='lat' dir='ltr'><strong>lex</strong></span> <span class='ocrx_word' id='word_1_545' title='bbox 1383 3544 1550 3601; x_wconf 90' lang='lat' dir='ltr'><strong>Deum</strong></span> <span class='ocrx_word' id='word_1_546' title='bbox 1580 3554 1869 3614; x_wconf 81' lang='lat' dir='ltr'><strong>utrumque</strong></span> <span class='ocrx_word' id='word_1_547' title='bbox 1897 3543 1973 3599; x_wconf 85' lang='lat' dir='ltr'><strong>si-</strong></span> 
     </span>
    </p>
   </div>
   <div class='ocr_carea' id='block_1_66' title="bbox 379 3634 1902 3706">
    <p class='ocr_par' dir='ltr' id='par_1_66' title="bbox 379 3634 1902 3706">
     <span class='ocr_line' id='line_1_66' title="bbox 379 3634 1902 3706; baseline 0.003 -20"><span class='ocrx_word' id='word_1_548' title='bbox 379 3634 661 3705; x_wconf 81' lang='lat' dir='ltr'><strong>gnificans,</strong></span> <span class='ocrx_word' id='word_1_549' title='bbox 693 3634 1096 3705; x_wconf 86' lang='lat' dir='ltr'><strong>ambiguitatem</strong></span> <span class='ocrx_word' id='word_1_550' title='bbox 1129 3651 1235 3690; x_wconf 92' lang='lat' dir='ltr'><strong>non</strong></span> <span class='ocrx_word' id='word_1_551' title='bbox 1267 3636 1599 3706; x_wconf 87' lang='lat' dir='ltr'><strong>relinqueret</strong></span> <span class='ocrx_word' id='word_1_552' title='bbox 1638 3636 1902 3692; x_wconf 84' lang='lat' dir='ltr'><strong>veritatis.</strong></span> 
     </span>
    </p>
   </div>
   <div class='ocr_carea' id='block_1_67' title="bbox 451 3726 1973 3798">
    <p class='ocr_par' dir='ltr' id='par_1_67' title="bbox 451 3726 1973 3798">
     <span class='ocr_line' id='line_1_67' title="bbox 451 3726 1973 3798; baseline 0.001 -15"><span class='ocrx_word' id='word_1_553' title='bbox 451 3726 539 3783; x_wconf 68' lang='grc'><strong>95.</strong></span> <span class='ocrx_word' id='word_1_554' title='bbox 572 3726 874 3783; x_wconf 79' lang='lat' dir='ltr'><strong>Occurritur</strong></span> <span class='ocrx_word' id='word_1_555' title='bbox 893 3728 1146 3783; x_wconf 72' lang='lat' dir='ltr'><strong>hwretiris</strong></span> <span class='ocrx_word' id='word_1_556' title='bbox 1177 3727 1371 3784; x_wconf 83' lang='lat' dir='ltr'><strong>Filium</strong></span> <span class='ocrx_word' id='word_1_557' title='bbox 1401 3727 1564 3783; x_wconf 75' lang='lat' dir='ltr'><strong>Deum</strong></span> <span class='ocrx_word' id='word_1_558' title='bbox 1591 3746 1760 3784; x_wconf 82' lang='lat' dir='ltr'><strong>verum</strong></span> <span class='ocrx_word' id='word_1_559' title='bbox 1783 3746 1973 3798; x_wconf 79' lang='lat' dir='ltr'><strong>negan-</strong></span> 
     </span>
    </p>
   </div>
   <div class='ocr_carea' id='block_1_68' title="bbox 373 3818 1972 3893">
    <p class='ocr_par' dir='ltr' id='par_1_68' title="bbox 373 3818 1972 3893">
     <span class='ocr_line' id='line_1_68' title="bbox 373 3818 1972 3893; baseline 0.001 -18"><span class='ocrx_word' id='word_1_560' title='bbox 373 3821 530 3876; x_wconf 79' lang='lat' dir='ltr'><strong>tibus.</strong></span> <span class='ocrx_word' id='word_1_561' title='bbox 549 3818 598 3872; x_wconf 71' lang='grc' dir='ltr'><strong><em>Γ</em></strong></span> <span class='ocrx_word' id='word_1_562' title='bbox 601 3822 722 3875; x_wconf 83' lang='lat' dir='ltr'><strong>ilius</strong></span> <span class='ocrx_word' id='word_1_563' title='bbox 742 3824 837 3875; x_wconf 83' lang='lat' dir='ltr'><strong>hoc</strong></span> <span class='ocrx_word' id='word_1_564' title='bbox 865 3832 937 3876; x_wconf 80' lang='lat' dir='ltr'><strong>est</strong></span> <span class='ocrx_word' id='word_1_565' title='bbox 966 3837 1079 3876; x_wconf 80' lang='lat' dir='ltr'><strong>vere</strong></span> <span class='ocrx_word' id='word_1_566' title='bbox 1099 3822 1236 3893; x_wconf 80' lang='lat' dir='ltr'><strong>quod</strong></span> <span class='ocrx_word' id='word_1_567' title='bbox 1256 3833 1406 3877; x_wconf 82' lang='lat' dir='ltr'><strong>nutus</strong></span> <span class='ocrx_word' id='word_1_568' title='bbox 1434 3821 1840 3888; x_wconf 85' lang='lat' dir='ltr'><strong>est.—Tempus</strong></span> <span class='ocrx_word' id='word_1_569' title='bbox 1859 3822 1972 3892; x_wconf 87' lang='lat' dir='ltr'><strong>jam</strong></span> 
     </span>
    </p>
   </div>
   <div class='ocr_carea' id='block_1_69' title="bbox 370 3913 1968 3988">
    <p class='ocr_par' dir='ltr' id='par_1_69' title="bbox 370 3913 1968 3988">
     <span class='ocr_line' id='line_1_69' title="bbox 370 3913 1968 3988; baseline 0.001 -18"><span class='ocrx_word' id='word_1_570' title='bbox 370 3929 522 3970; x_wconf 84' lang='lat' dir='ltr'><strong>nunc</strong></span> <span class='ocrx_word' id='word_1_571' title='bbox 559 3923 677 3979; x_wconf 88' lang='lat' dir='ltr'><strong>est,</strong></span> <span class='ocrx_word' id='word_1_572' title='bbox 706 3925 765 3970; x_wconf 89' lang='lat' dir='ltr'><strong>ut</strong></span> <span class='ocrx_word' id='word_1_573' title='bbox 794 3914 940 3988; x_wconf 88' lang='lat' dir='ltr'><strong>quod</strong></span> <span class='ocrx_word' id='word_1_574' title='bbox 971 3916 1056 3985; x_wconf 92' lang='lat' dir='ltr'><strong>pie</strong></span> <span class='ocrx_word' id='word_1_575' title='bbox 1086 3926 1140 3971; x_wconf 92' lang='lat' dir='ltr'><strong>et</strong></span> <span class='ocrx_word' id='word_1_576' title='bbox 1168 3915 1418 3987; x_wconf 84' lang='lat' dir='ltr'><strong>religiose</strong></span> <span class='ocrx_word' id='word_1_577' title='bbox 1460 3916 1549 3971; x_wconf 87' lang='lat' dir='ltr'><strong>lex</strong></span> <span class='ocrx_word' id='word_1_578' title='bbox 1588 3913 1805 3982; x_wconf 91' lang='lat' dir='ltr'><strong>docuit,</strong></span> <span class='ocrx_word' id='word_1_579' title='bbox 1864 3929 1968 3971; x_wconf 92' lang='lat' dir='ltr'><strong>non</strong></span> 
     </span>
    </p>
   </div>
   <div class='ocr_carea' id='block_1_70' title="bbox 372 4008 1967 4081">
    <p class='ocr_par' dir='ltr' id='par_1_70' title="bbox 372 4008 1967 4081">
     <span class='ocr_line' id='line_1_70' title="bbox 372 4008 1967 4081; baseline 0 -16"><span class='ocrx_word' id='word_1_580' title='bbox 372 4008 543 4079; x_wconf 87' lang='lat' dir='ltr'><strong>impie</strong></span> <span class='ocrx_word' id='word_1_581' title='bbox 588 4009 731 4065; x_wconf 90' lang='lat' dir='ltr'><strong>furto</strong></span> <span class='ocrx_word' id='word_1_582' title='bbox 762 4010 1028 4067; x_wconf 77' lang='lat' dir='ltr'><strong>luereticze</strong></span> <span class='ocrx_word' id='word_1_583' title='bbox 1074 4010 1316 4066; x_wconf 72' lang='lat' dir='ltr'><strong>stultitia:</strong></span> <span class='ocrx_word' id='word_1_584' title='bbox 1370 4010 1650 4081; x_wconf 80' lang='lat' dir='ltr'><strong>praedicari</strong></span> <span class='ocrx_word' id='word_1_585' title='bbox 1696 4013 1967 4079; x_wconf 88' lang='lat' dir='ltr'><strong>sinamus,</strong></span> 
     </span>
    </p>
   </div>
   <div class='ocr_carea' id='block_1_71' title="bbox 368 4101 1972 4175">
    <p class='ocr_par' dir='ltr' id='par_1_71' title="bbox 368 4101 1972 4175">
     <span class='ocr_line' id='line_1_71' title="bbox 368 4101 1972 4175; baseline 0.001 -19"><span class='ocrx_word' id='word_1_586' title='bbox 368 4119 495 4173; x_wconf 69' lang='lat' dir='ltr'><strong>qua:</strong></span> <span class='ocrx_word' id='word_1_587' title='bbox 527 4103 620 4157; x_wconf 87' lang='lat' dir='ltr'><strong>Dei</strong></span> <span class='ocrx_word' id='word_1_588' title='bbox 653 4103 819 4158; x_wconf 80' lang='lat' dir='ltr'><strong>ﬁliuni</strong></span> <span class='ocrx_word' id='word_1_589' title='bbox 851 4104 924 4175; x_wconf 83' lang='lat' dir='ltr'><strong>(e)</strong></span> <span class='ocrx_word' id='word_1_590' title='bbox 957 4114 1212 4174; x_wconf 85' lang='lat' dir='ltr'><strong>negatura</strong></span> <span class='ocrx_word' id='word_1_591' title='bbox 1241 4104 1320 4158; x_wconf 91' lang='lat' dir='ltr'><strong>sic</strong></span> <span class='ocrx_word' id='word_1_592' title='bbox 1358 4104 1558 4172; x_wconf 72' lang='lat' dir='ltr'><strong>cmpit:</strong></span> <span class='ocrx_word' id='word_1_593' title='bbox 1584 4102 1743 4170; x_wconf 80' lang='lat' dir='ltr'><strong>Audi,</strong></span> <span class='ocrx_word' id='word_1_594' title='bbox 1764 4101 1933 4158; x_wconf 79' lang='lat' dir='ltr'><strong>Israel</strong></span> <span class='ocrx_word' id='word_1_595' title='bbox 1956 4143 1972 4168; x_wconf 94' lang='lat'><strong>,</strong></span> 
     </span>
    </p>
   </div>
   <div class='ocr_carea' id='block_1_72' title="bbox 371 4191 1974 4269">
    <p class='ocr_par' dir='ltr' id='par_1_72' title="bbox 371 4191 1974 4269">
     <span class='ocr_line' id='line_1_72' title="bbox 371 4191 1974 4269; baseline 0.002 -22"><span class='ocrx_word' id='word_1_596' title='bbox 371 4191 630 4249; x_wconf 77' lang='lat' dir='ltr'><strong>Dominus</strong></span> <span class='ocrx_word' id='word_1_597' title='bbox 659 4195 797 4251; x_wconf 83' lang='lat' dir='ltr'><strong>Deus</strong></span> <span class='ocrx_word' id='word_1_598' title='bbox 819 4208 935 4251; x_wconf 86' lang='lat' dir='ltr'><strong>tuus</strong></span> <span class='ocrx_word' id='word_1_599' title='bbox 958 4213 1095 4251; x_wconf 86' lang='lat' dir='ltr'><strong>unus</strong></span> <span class='ocrx_word' id='word_1_600' title='bbox 1112 4209 1181 4251; x_wconf 79' lang='lat' dir='ltr'><strong>est</strong></span> <span class='ocrx_word' id='word_1_601' title='bbox 1213 4196 1392 4269; x_wconf 83' lang='lat' dir='ltr'><strong>(Deut.</strong></span> <span class='ocrx_word' id='word_1_602' title='bbox 1418 4212 1490 4261; x_wconf 81' lang='lat' dir='ltr'><strong>Vl,</strong></span> <span class='ocrx_word' id='word_1_603' title='bbox 1516 4194 1593 4269; x_wconf 73' lang='grc'><strong>4).</strong></span> <span class='ocrx_word' id='word_1_604' title='bbox 1628 4195 1699 4250; x_wconf 87' lang='grc' dir='ltr'>Ει</span> <span class='ocrx_word' id='word_1_605' title='bbox 1727 4196 1849 4262; x_wconf 87' lang='lat' dir='ltr'><strong>quia</strong></span> <span class='ocrx_word' id='word_1_606' title='bbox 1870 4195 1974 4251; x_wconf 87' lang='lat' dir='ltr'><strong>int-</strong></span> 
     </span>
    </p>
   </div>
   <div class='ocr_carea' id='block_1_73' title="bbox 370 4289 1972 4360">
    <p class='ocr_par' dir='ltr' id='par_1_73' title="bbox 370 4289 1972 4360">
     <span class='ocr_line' id='line_1_73' title="bbox 370 4289 1972 4360; baseline 0.001 -16"><span class='ocrx_word' id='word_1_607' title='bbox 370 4289 545 4360; x_wconf 82' lang='lat' dir='ltr'><strong>pietas</strong></span> <span class='ocrx_word' id='word_1_608' title='bbox 568 4289 686 4358; x_wconf 89' lang='lat' dir='ltr'><strong>ejus</strong></span> <span class='ocrx_word' id='word_1_609' title='bbox 736 4289 1135 4360; x_wconf 85' lang='lat' dir='ltr'><strong>periclitaretur</strong></span> <span class='ocrx_word' id='word_1_610' title='bbox 1163 4290 1215 4346; x_wconf 93' lang='lat' dir='ltr'><strong>in</strong></span> <span class='ocrx_word' id='word_1_611' title='bbox 1261 4290 1477 4347; x_wconf 87' lang='lat' dir='ltr'><strong>nomine</strong></span> <span class='ocrx_word' id='word_1_612' title='bbox 1502 4331 1519 4357; x_wconf 90' lang='lat'><strong>,</strong></span> <span class='ocrx_word' id='word_1_613' title='bbox 1551 4305 1673 4346; x_wconf 89' lang='lat' dir='ltr'><strong>cum</strong></span> <span class='ocrx_word' id='word_1_614' title='bbox 1719 4290 1884 4345; x_wconf 91' lang='lat' dir='ltr'><strong>Deum</strong></span> <span class='ocrx_word' id='word_1_615' title='bbox 1917 4299 1972 4347; x_wconf 89' lang='lat' dir='ltr'><strong>et</strong></span> 
     </span>
    </p>
   </div>
   <div class='ocr_carea' id='block_1_74' title="bbox 449 4447 1966 4522">
    <p class='ocr_par' dir='ltr' id='par_1_74' title="bbox 449 4447 1966 4522">
     <span class='ocr_line' id='line_1_74' title="bbox 449 4447 1966 4522; baseline 0.001 -19"><span class='ocrx_word' id='word_1_616' title='bbox 449 4449 531 4520; x_wconf 78' lang='grc'><strong>(1)</strong></span> <span class='ocrx_word' id='word_1_617' title='bbox 552 4449 608 4505; x_wconf 87' lang='lat' dir='ltr'><strong>lu</strong></span> <span class='ocrx_word' id='word_1_618' title='bbox 640 4449 897 4506; x_wconf 89' lang='lat' dir='ltr'><strong>anteriori</strong></span> <span class='ocrx_word' id='word_1_619' title='bbox 924 4490 942 4517; x_wconf 92' lang='lat'><strong>,</strong></span> <span class='ocrx_word' id='word_1_620' title='bbox 972 4451 1228 4522; x_wconf 71' lang='lat' dir='ltr'><strong>quomodo</strong></span> <span class='ocrx_word' id='word_1_621' title='bbox 1267 4449 1406 4522; x_wconf 72' lang='lat' dir='ltr'><strong>quod</strong></span> <span class='ocrx_word' id='word_1_622' title='bbox 1434 4458 1508 4505; x_wconf 78' lang='lat' dir='ltr'><strong>est</strong></span> <span class='ocrx_word' id='word_1_623' title='bbox 1534 4466 1640 4522; x_wconf 82' lang='lat' dir='ltr'><strong>non</strong></span> <span class='ocrx_word' id='word_1_624' title='bbox 1673 4447 1837 4522; x_wconf 79' lang='lat' dir='ltr'><strong>possit</strong></span> <span class='ocrx_word' id='word_1_625' title='bbox 1859 4464 1966 4504; x_wconf 81' lang='lat' dir='ltr'><strong>esse</strong></span> 
     </span>
    </p>
   </div>
   <div class='ocr_carea' id='block_1_75' title="bbox 368 4520 1961 4578">
    <p class='ocr_par' dir='ltr' id='par_1_75' title="bbox 368 4520 1961 4578">
     <span class='ocr_line' id='line_1_75' title="bbox 368 4520 1961 4578; baseline -0.001 -3"><span class='ocrx_word' id='word_1_626' title='bbox 368 4536 435 4575; x_wconf 83' lang='lat' dir='ltr'><strong>ne</strong></span> <span class='ocrx_word' id='word_1_627' title='bbox 449 4538 552 4575; x_wconf 88' lang='lat' dir='ltr'><strong>non</strong></span> <span class='ocrx_word' id='word_1_628' title='bbox 573 4525 658 4577; x_wconf 85' lang='lat' dir='ltr'><strong>sit.</strong></span> <span class='ocrx_word' id='word_1_629' title='bbox 688 4523 970 4578; x_wconf 83' lang='lat' dir='ltr'><strong>Cousentit</strong></span> <span class='ocrx_word' id='word_1_630' title='bbox 995 4521 1311 4577; x_wconf 86' lang='lat' dir='ltr'><strong>Erasmiana</strong></span> <span class='ocrx_word' id='word_1_631' title='bbox 1338 4520 1427 4577; x_wconf 90' lang='lat' dir='ltr'><strong>ed.</strong></span> <span class='ocrx_word' id='word_1_632' title='bbox 1447 4536 1569 4576; x_wconf 90' lang='lat' dir='ltr'><strong>cum</strong></span> <span class='ocrx_word' id='word_1_633' title='bbox 1590 4520 1727 4577; x_wconf 79' lang='lat' dir='ltr'><strong>libro</strong></span> <span class='ocrx_word' id='word_1_634' title='bbox 1755 4528 1961 4576; x_wconf 83' lang='lat' dir='ltr'><strong>nostro.</strong></span> 
     </span>
    </p>
   </div>
   <div class='ocr_carea' id='block_1_76' title="bbox 366 4655 2046 4732">
    <p class='ocr_par' dir='ltr' id='par_1_76' title="bbox 366 4655 2046 4732">
     <span class='ocr_line' id='line_1_76' title="bbox 366 4655 2046 4732; baseline 0.001 -16"><span class='ocrx_word' id='word_1_635' title='bbox 366 4661 626 4732; x_wconf 84' lang='lat' dir='ltr'><strong>loquitur,</strong></span> <span class='ocrx_word' id='word_1_636' title='bbox 653 4673 707 4716; x_wconf 87' lang='lat' dir='ltr'><strong>ut</strong></span> <span class='ocrx_word' id='word_1_637' title='bbox 738 4659 927 4715; x_wconf 86' lang='lat' dir='ltr'><strong>audire</strong></span> <span class='ocrx_word' id='word_1_638' title='bbox 955 4666 1182 4732; x_wconf 82' lang='lat' dir='ltr'><strong>cumet</strong></span> <span class='ocrx_word' id='word_1_639' title='bbox 1213 4657 1394 4715; x_wconf 84' lang='lat' dir='ltr'><strong>videre</strong></span> <span class='ocrx_word' id='word_1_640' title='bbox 1432 4658 1635 4732; x_wconf 84' lang='lat' dir='ltr'><strong>absque</strong></span> <span class='ocrx_word' id='word_1_641' title='bbox 1678 4655 1967 4732; x_wconf 86' lang='lat' dir='ltr'><strong>formidine</strong></span> <span class='ocrx_word' id='word_1_642' title='bbox 1990 4655 2046 4717; x_wconf 91' lang='lat' dir='ltr'><strong>D</strong></span> 
     </span>
    </p>
   </div>
   <div class='ocr_carea' id='block_1_77' title="bbox 362 4730 1967 4804">
    <p class='ocr_par' dir='ltr' id='par_1_77' title="bbox 362 4730 1967 4804">
     <span class='ocr_line' id='line_1_77' title="bbox 362 4730 1967 4804; baseline 0.001 -20"><span class='ocrx_word' id='word_1_643' title='bbox 362 4730 475 4804; x_wconf 84' lang='lat' dir='ltr'><strong>jam</strong></span> <span class='ocrx_word' id='word_1_644' title='bbox 535 4734 745 4801; x_wconf 84' lang='lat' dir='ltr'><strong>possis,</strong></span> <span class='ocrx_word' id='word_1_645' title='bbox 794 4747 890 4787; x_wconf 89' lang='lat' dir='ltr'><strong>seu</strong></span> <span class='ocrx_word' id='word_1_646' title='bbox 921 4740 979 4786; x_wconf 91' lang='lat' dir='ltr'><strong>ut</strong></span> <span class='ocrx_word' id='word_1_647' title='bbox 1004 4730 1229 4786; x_wconf 87' lang='lat' dir='ltr'><strong>audiens</strong></span> <span class='ocrx_word' id='word_1_648' title='bbox 1274 4744 1397 4785; x_wconf 92' lang='lat' dir='ltr'><strong>eum</strong></span> <span class='ocrx_word' id='word_1_649' title='bbox 1441 4730 1564 4786; x_wconf 78' lang='lat' dir='ltr'><strong>vita:</strong></span> <span class='ocrx_word' id='word_1_650' title='bbox 1607 4738 1710 4785; x_wconf 79' lang='lat' dir='ltr'><strong>tua:</strong></span> <span class='ocrx_word' id='word_1_651' title='bbox 1741 4744 1851 4786; x_wconf 90' lang='lat' dir='ltr'><strong>non</strong></span> <span class='ocrx_word' id='word_1_652' title='bbox 1899 4731 1967 4785; x_wconf 88' lang='lat' dir='ltr'><strong>ti-</strong></span> 
     </span>
    </p>
   </div>
   <div class='ocr_carea' id='block_1_78' title="bbox 366 4804 565 4861">
    <p class='ocr_par' dir='ltr' id='par_1_78' title="bbox 366 4804 565 4861">
     <span class='ocr_line' id='line_1_78' title="bbox 366 4804 565 4861; baseline -0.015 0"><span class='ocrx_word' id='word_1_653' title='bbox 366 4820 519 4861; x_wconf 81' lang='lat' dir='ltr'><strong>meas</strong></span> <span class='ocrx_word' id='word_1_654' title='bbox 542 4804 565 4858; x_wconf 65' lang='grc' dir='ltr'><em>’ἲ</em></span> 
     </span>
    </p>
   </div>
   <div class='ocr_carea' id='block_1_79' title="bbox 367 4872 1968 5003">
    <p class='ocr_par' dir='ltr' id='par_1_79' title="bbox 367 4872 1968 5003">
     <span class='ocr_line' id='line_1_79' title="bbox 367 4872 1968 5003; baseline -0.002 -74"><span class='ocrx_word' id='word_1_655' title='bbox 367 4946 384 5003; x_wconf 62' lang='grc'><strong>1</strong></span> <span class='ocrx_word' id='word_1_656' title='bbox 442 4876 521 4948; x_wconf 89' lang='lat' dir='ltr'><strong>(a)</strong></span> <span class='ocrx_word' id='word_1_657' title='bbox 552 4874 697 4947; x_wconf 89' lang='lat' dir='ltr'><strong>Lips.</strong></span> <span class='ocrx_word' id='word_1_658' title='bbox 732 4885 788 4932; x_wconf 92' lang='lat' dir='ltr'><strong>et</strong></span> <span class='ocrx_word' id='word_1_659' title='bbox 819 4875 964 4942; x_wconf 78' lang='lat' dir='ltr'><strong>i’ar.,</strong></span> <span class='ocrx_word' id='word_1_660' title='bbox 998 4889 1167 4944; x_wconf 83' lang='lat' dir='ltr'><strong>quem.</strong></span> <span class='ocrx_word' id='word_1_661' title='bbox 1203 4872 1305 4928; x_wconf 87' lang='lat' dir='ltr'><strong>Alii</strong></span> <span class='ocrx_word' id='word_1_662' title='bbox 1335 4887 1463 4929; x_wconf 86' lang='lat' dir='ltr'><strong>vero</strong></span> <span class='ocrx_word' id='word_1_663' title='bbox 1492 4872 1640 4939; x_wconf 81' lang='lat' dir='ltr'><strong>libri,</strong></span> <span class='ocrx_word' id='word_1_664' title='bbox 1668 4887 1809 4944; x_wconf 71' lang='lat' dir='ltr'><strong>quis,</strong></span> <span class='ocrx_word' id='word_1_665' title='bbox 1841 4879 1968 4942; x_wconf 88' lang='lat' dir='ltr'><strong>puta</strong></span> 
     </span>
     <span class='ocr_line' id='line_1_80' title="bbox 389 4965 479 5003; baseline -0.011 0"><span class='ocrx_word' id='word_1_666' title='bbox 389 4965 479 5003; x_wconf 79' lang='lat' dir='ltr'><strong>ex.</strong></span> 
     </span>
    </p>
   </div>
   <div class='ocr_carea' id='block_1_80' title="bbox 389 4965 479 5003">
    <p class='ocr_par' dir='ltr' id='par_1_80' title="bbox 389 4965 479 5003">
     <span class='ocr_line' id='line_1_81' title="bbox 389 4965 479 5003; baseline -0.011 0"><span class='ocrx_word' id='word_1_667' title='bbox 389 4965 479 5003; x_wconf 69' lang='grc' dir='ltr'><strong>υς.</strong></span> 
     </span>
    </p>
   </div>
   <div class='ocr_carea' id='block_1_81' title="bbox 441 5014 1962 5093">
    <p class='ocr_par' dir='ltr' id='par_1_81' title="bbox 441 5014 1962 5093">
     <span class='ocr_line' id='line_1_82' title="bbox 441 5014 1962 5093; baseline -0.003 -21"><span class='ocrx_word' id='word_1_668' title='bbox 441 5016 519 5093; x_wconf 83' lang='lat' dir='ltr'><strong>(b)</strong></span> <span class='ocrx_word' id='word_1_669' title='bbox 562 5019 629 5093; x_wconf 61' lang='lat' dir='ltr'><strong>In</strong></span> <span class='ocrx_word' id='word_1_670' title='bbox 659 5019 873 5093; x_wconf 74' lang='lat' dir='ltr'><strong>excusis</strong></span> <span class='ocrx_word' id='word_1_671' title='bbox 920 5015 1223 5093; x_wconf 73' lang='lat' dir='ltr'><strong>Dominum.</strong></span> <span class='ocrx_word' id='word_1_672' title='bbox 1274 5014 1467 5093; x_wconf 74' lang='lat' dir='ltr'><strong>Verius</strong></span> <span class='ocrx_word' id='word_1_673' title='bbox 1498 5015 1550 5069; x_wconf 91' lang='lat' dir='ltr'><strong>in</strong></span> <span class='ocrx_word' id='word_1_674' title='bbox 1582 5014 1786 5093; x_wconf 79' lang='lat' dir='ltr'><strong>aliquot</strong></span> <span class='ocrx_word' id='word_1_675' title='bbox 1830 5027 1962 5093; x_wconf 88' lang='lat' dir='ltr'><strong>mss.</strong></span> 
     </span>
    </p>
   </div>
   <div class='ocr_carea' id='block_1_82' title="bbox 367 5087 1964 5156">
    <p class='ocr_par' dir='ltr' id='par_1_82' title="bbox 367 5087 1964 5156">
     <span class='ocr_line' id='line_1_83' title="bbox 367 5087 1964 5156; baseline -0.002 -15"><span class='ocrx_word' id='word_1_676' title='bbox 367 5087 555 5144; x_wconf 59' lang='lat' dir='ltr'><strong>nam.</strong></span> <span class='ocrx_word' id='word_1_677' title='bbox 591 5090 667 5145; x_wconf 82' lang='lat' dir='ltr'><strong>Ex</strong></span> <span class='ocrx_word' id='word_1_678' title='bbox 698 5090 797 5143; x_wconf 83' lang='lat' dir='ltr'><strong>hac</strong></span> <span class='ocrx_word' id='word_1_679' title='bbox 828 5104 930 5144; x_wconf 89' lang='lat' dir='ltr'><strong>una</strong></span> <span class='ocrx_word' id='word_1_680' title='bbox 970 5087 1234 5144; x_wconf 85' lang='lat' dir='ltr'><strong>sententia</strong></span> <span class='ocrx_word' id='word_1_681' title='bbox 1265 5088 1504 5143; x_wconf 88' lang='lat' dir='ltr'><strong>cernitur</strong></span> <span class='ocrx_word' id='word_1_682' title='bbox 1533 5101 1692 5156; x_wconf 89' lang='lat' dir='ltr'><strong>quam</strong></span> <span class='ocrx_word' id='word_1_683' title='bbox 1724 5088 1775 5139; x_wconf 92' lang='lat' dir='ltr'><strong>in</strong></span> <span class='ocrx_word' id='word_1_684' title='bbox 1803 5092 1964 5140; x_wconf 68' lang='lat' dir='ltr'><strong>CiPl8°</strong></span> 
     </span>
    </p>
   </div>
   <div class='ocr_carea' id='block_1_83' title="bbox 363 5156 1969 5238">
    <p class='ocr_par' dir='ltr' id='par_1_83' title="bbox 363 5156 1969 5238">
     <span class='ocr_line' id='line_1_84' title="bbox 363 5156 1969 5238; baseline -0.006 -19"><span class='ocrx_word' id='word_1_685' title='bbox 363 5161 789 5238; x_wconf 82' lang='lat' dir='ltr'><strong>ris_prcsst_t_s__sit</strong></span> <span class='ocrx_word' id='word_1_686' title='bbox 813 5161 995 5238; x_wconf 79' lang='lat' dir='ltr'><strong>Hilarii</strong></span> <span class='ocrx_word' id='word_1_687' title='bbox 1037 5174 1259 5238; x_wconf 47' lang='lat' dir='ltr'><strong>sermo;</strong></span> <span class='ocrx_word' id='word_1_688' title='bbox 1275 5158 1408 5215; x_wconf 87' lang='lat' dir='ltr'><strong>Dicit</strong></span> <span class='ocrx_word' id='word_1_689' title='bbox 1439 5156 1929 5238; x_wconf 49' lang='grc' dir='ltr'><strong>ρεωηηςζεαιοζςηι</strong></span> <span class='ocrx_word' id='word_1_690' title='bbox 1948 5173 1969 5222; x_wconf 85' lang='grc'><strong><em>;</em></strong></span> 
     </span>
    </p>
   </div>
   <div class='ocr_carea' id='block_1_84' title="bbox 365 5225 1969 5300">
    <p class='ocr_par' dir='ltr' id='par_1_84' title="bbox 365 5225 1969 5300">
     <span class='ocr_line' id='line_1_85' title="bbox 365 5225 1969 5300; baseline -0.001 -15"><span class='ocrx_word' id='word_1_691' title='bbox 365 5225 492 5300; x_wconf 79' lang='lat' dir='ltr'><strong>quia</strong></span> <span class='ocrx_word' id='word_1_692' title='bbox 524 5234 596 5288; x_wconf 90' lang='lat' dir='ltr'><strong>de</strong></span> <span class='ocrx_word' id='word_1_693' title='bbox 629 5232 765 5287; x_wconf 83' lang='lat' dir='ltr'><strong>Filio</strong></span> <span class='ocrx_word' id='word_1_694' title='bbox 792 5234 1050 5299; x_wconf 87' lang='lat' dir='ltr'><strong>scriptum</strong></span> <span class='ocrx_word' id='word_1_695' title='bbox 1097 5239 1179 5285; x_wconf 91' lang='lat' dir='ltr'><strong>est</strong></span> <span class='ocrx_word' id='word_1_696' title='bbox 1219 5230 1356 5286; x_wconf 89' lang='lat' dir='ltr'><strong>Gen.</strong></span> <span class='ocrx_word' id='word_1_697' title='bbox 1389 5228 1559 5300; x_wconf 10' lang='lat'><strong>1,727:</strong></span> <span class='ocrx_word' id='word_1_698' title='bbox 1598 5226 1660 5300; x_wconf 85' lang='lat' dir='ltr'><strong>Et</strong></span> <span class='ocrx_word' id='word_1_699' title='bbox 1680 5228 1799 5299; x_wconf 80' lang='lat' dir='ltr'><strong>fecit</strong></span> <span class='ocrx_word' id='word_1_700' title='bbox 1824 5225 1969 5300; x_wconf 75' lang='lat' dir='ltr'><strong>Deus</strong></span> 
     </span>
    </p>
   </div>
   <div class='ocr_carea' id='block_1_85' title="bbox 366 5297 1968 5370">
    <p class='ocr_par' dir='ltr' id='par_1_85' title="bbox 366 5297 1968 5370">
     <span class='ocr_line' id='line_1_86' title="bbox 366 5297 1968 5370; baseline -0.001 -15"><span class='ocrx_word' id='word_1_701' title='bbox 366 5297 646 5359; x_wconf 65' lang='lat' dir='ltr'><strong>hominem.</strong></span> <span class='ocrx_word' id='word_1_702' title='bbox 694 5304 858 5360; x_wconf 84' lang='lat' dir='ltr'><strong>Addit</strong></span> <span class='ocrx_word' id='word_1_703' title='bbox 901 5297 1183 5358; x_wconf 74' lang='lat' dir='ltr'><strong>communis</strong></span> <span class='ocrx_word' id='word_1_704' title='bbox 1217 5318 1386 5356; x_wconf 73' lang='lat' dir='ltr'><strong>secum</strong></span> <span class='ocrx_word' id='word_1_705' title='bbox 1436 5297 1717 5370; x_wconf 72' lang='lat' dir='ltr'><strong>imaginis:</strong></span> <span class='ocrx_word' id='word_1_706' title='bbox 1764 5300 1887 5367; x_wconf 85' lang='lat' dir='ltr'><strong>quia</strong></span> <span class='ocrx_word' id='word_1_707' title='bbox 1918 5297 1968 5354; x_wconf 87' lang='lat' dir='ltr'><strong>ei</strong></span> 
     </span>
    </p>
   </div>
   <div class='ocr_carea' id='block_1_86' title="bbox 365 5373 1966 5442">
    <p class='ocr_par' dir='ltr' id='par_1_86' title="bbox 365 5373 1966 5442">
     <span class='ocr_line' id='line_1_87' title="bbox 365 5373 1966 5442; baseline -0.003 -14"><span class='ocrx_word' id='word_1_708' title='bbox 365 5375 502 5429; x_wconf 88' lang='lat' dir='ltr'><strong>dixit</strong></span> <span class='ocrx_word' id='word_1_709' title='bbox 532 5376 691 5431; x_wconf 77' lang='lat' dir='ltr'><strong>Pater</strong></span> <span class='ocrx_word' id='word_1_710' title='bbox 714 5416 731 5442; x_wconf 91' lang='lat'><strong>,</strong></span> <span class='ocrx_word' id='word_1_711' title='bbox 759 5374 1035 5430; x_wconf 81' lang='lat' dir='ltr'><strong>Faciamus</strong></span> <span class='ocrx_word' id='word_1_712' title='bbox 1062 5375 1316 5427; x_wconf 84' lang='lat' dir='ltr'><strong>hominem</strong></span> <span class='ocrx_word' id='word_1_713' title='bbox 1338 5374 1405 5428; x_wconf 86' lang='lat' dir='ltr'><strong>ad</strong></span> <span class='ocrx_word' id='word_1_714' title='bbox 1421 5373 1695 5442; x_wconf 83' lang='lat' dir='ltr'><strong>imaginem</strong></span> <span class='ocrx_word' id='word_1_715' title='bbox 1715 5382 1966 5424; x_wconf 85' lang='lat' dir='ltr'><strong>nostram.</strong></span> 
     </span>
    </p>
   </div>
   <div class='ocr_carea' id='block_1_87' title="bbox 366 5443 1969 5523">
    <p class='ocr_par' dir='ltr' id='par_1_87' title="bbox 366 5443 1969 5523">
     <span class='ocr_line' id='line_1_88' title="bbox 366 5443 1969 5523; baseline -0.004 -22"><span class='ocrx_word' id='word_1_716' title='bbox 366 5445 497 5523; x_wconf 84' lang='lat' dir='ltr'><strong>Post</strong></span> <span class='ocrx_word' id='word_1_717' title='bbox 517 5449 800 5523; x_wconf 84' lang='lat' dir='ltr'><strong>communis</strong></span> <span class='ocrx_word' id='word_1_718' title='bbox 848 5463 1019 5523; x_wconf 70' lang='lat' dir='ltr'><strong>secant</strong></span> <span class='ocrx_word' id='word_1_719' title='bbox 1045 5487 1058 5507; x_wconf 92' lang='lat'><strong>,</strong></span> <span class='ocrx_word' id='word_1_720' title='bbox 1101 5444 1376 5523; x_wconf 61' lang='lat' dir='ltr'><strong>subjutigit</strong></span> <span class='ocrx_word' id='word_1_721' title='bbox 1417 5455 1467 5523; x_wconf 71' lang='lat' dir='ltr'><strong>et</strong></span> <span class='ocrx_word' id='word_1_722' title='bbox 1512 5443 1649 5523; x_wconf 81' lang='lat' dir='ltr'><strong>Dei:</strong></span> <span class='ocrx_word' id='word_1_723' title='bbox 1682 5443 1803 5513; x_wconf 87' lang='lat' dir='ltr'><strong>quia</strong></span> <span class='ocrx_word' id='word_1_724' title='bbox 1829 5456 1969 5523; x_wconf 66' lang='lat' dir='ltr'><strong>qua:</strong></span> 
     </span>
    </p>
   </div>
   <div class='ocr_carea' id='block_1_88' title="bbox 407 5515 1965 5587">
    <p class='ocr_par' dir='ltr' id='par_1_88' title="bbox 407 5515 1965 5587">
     <span class='ocr_line' id='line_1_89' title="bbox 407 5515 1965 5587; baseline -0.004 -14"><span class='ocrx_word' id='word_1_725' title='bbox 407 5522 518 5573; x_wconf 85' lang='lat' dir='ltr'><strong>rius</strong></span> <span class='ocrx_word' id='word_1_726' title='bbox 548 5521 724 5587; x_wconf 78' lang='lat' dir='ltr'><strong>imago</strong></span> <span class='ocrx_word' id='word_1_727' title='bbox 749 5520 1051 5574; x_wconf 83' lang='lat' dir='ltr'><strong>communis</strong></span> <span class='ocrx_word' id='word_1_728' title='bbox 1075 5560 1088 5583; x_wconf 91' lang='lat'><strong>,</strong></span> <span class='ocrx_word' id='word_1_729' title='bbox 1124 5525 1308 5585; x_wconf 88' lang='lat' dir='ltr'><strong>postea</strong></span> <span class='ocrx_word' id='word_1_730' title='bbox 1343 5516 1441 5587; x_wconf 68' lang='lat' dir='ltr'><strong>Dei</strong></span> <span class='ocrx_word' id='word_1_731' title='bbox 1463 5516 1625 5587; x_wconf 84' lang='lat' dir='ltr'><strong>unius</strong></span> <span class='ocrx_word' id='word_1_732' title='bbox 1649 5530 1770 5569; x_wconf 89' lang='lat' dir='ltr'><strong>esse</strong></span> <span class='ocrx_word' id='word_1_733' title='bbox 1799 5515 1965 5587; x_wconf 81' lang='lat' dir='ltr'><strong>signi-</strong></span> 
     </span>
    </p>
   </div>
   <div class='ocr_carea' id='block_1_89' title="bbox 410 5583 1969 5657">
    <p class='ocr_par' dir='ltr' id='par_1_89' title="bbox 410 5583 1969 5657">
     <span class='ocr_line' id='line_1_90' title="bbox 410 5583 1969 5657; baseline -0.004 -13"><span class='ocrx_word' id='word_1_734' title='bbox 410 5598 561 5645; x_wconf 80' lang='lat' dir='ltr'><strong>ratur</strong></span> <span class='ocrx_word' id='word_1_735' title='bbox 589 5583 684 5646; x_wconf 63' lang='lat' dir='ltr'><strong>his</strong></span> <span class='ocrx_word' id='word_1_736' title='bbox 696 5591 873 5646; x_wconf 82' lang='lat' dir='ltr'><strong>verbis</strong></span> <span class='ocrx_word' id='word_1_737' title='bbox 899 5632 915 5657; x_wconf 89' lang='lat'><strong>,</strong></span> <span class='ocrx_word' id='word_1_738' title='bbox 956 5590 1036 5645; x_wconf 81' lang='lat' dir='ltr'><strong>Ad</strong></span> <span class='ocrx_word' id='word_1_739' title='bbox 1083 5583 1358 5657; x_wconf 82' lang='lat' dir='ltr'><strong>imaginem</strong></span> <span class='ocrx_word' id='word_1_740' title='bbox 1402 5583 1499 5640; x_wconf 85' lang='lat' dir='ltr'><strong>Dei</strong></span> <span class='ocrx_word' id='word_1_741' title='bbox 1530 5585 1649 5657; x_wconf 79' lang='lat' dir='ltr'><strong>fecit</strong></span> <span class='ocrx_word' id='word_1_742' title='bbox 1666 5602 1800 5639; x_wconf 86' lang='lat' dir='ltr'><strong>eum.</strong></span> <span class='ocrx_word' id='word_1_743' title='bbox 1832 5583 1969 5639; x_wconf 85' lang='lat' dir='ltr'><strong>Hinc</strong></span> 
     </span>
    </p>
   </div>
   <div class='ocr_carea' id='block_1_90' title="bbox 365 5658 1976 5732">
    <p class='ocr_par' dir='ltr' id='par_1_90' title="bbox 365 5658 1976 5732">
     <span class='ocr_line' id='line_1_91' title="bbox 365 5658 1976 5732; baseline -0.004 -17"><span class='ocrx_word' id='word_1_744' title='bbox 365 5662 685 5732; x_wconf 78' lang='lat' dir='ltr'><strong>particulam</strong></span> <span class='ocrx_word' id='word_1_745' title='bbox 709 5669 758 5716; x_wconf 77' lang='lat' dir='ltr'><strong>et</strong></span> <span class='ocrx_word' id='word_1_746' title='bbox 777 5703 792 5726; x_wconf 92' lang='lat'><strong>,</strong></span> <span class='ocrx_word' id='word_1_747' title='bbox 812 5672 935 5732; x_wconf 83' lang='lat' dir='ltr'><strong>ante</strong></span> <span class='ocrx_word' id='word_1_748' title='bbox 955 5659 1053 5715; x_wconf 74' lang='lat' dir='ltr'><strong>Dei</strong></span> <span class='ocrx_word' id='word_1_749' title='bbox 1071 5658 1310 5729; x_wconf 83' lang='lat' dir='ltr'><strong>imaginis</strong></span> <span class='ocrx_word' id='word_1_750' title='bbox 1335 5673 1444 5718; x_wconf 82' lang='lat' dir='ltr'><strong>,.ne</strong></span> <span class='ocrx_word' id='word_1_751' title='bbox 1469 5670 1760 5727; x_wconf 75' lang='lat' dir='ltr'><strong>expungas,</strong></span> <span class='ocrx_word' id='word_1_752' title='bbox 1786 5670 1976 5726; x_wconf 87' lang='lat' dir='ltr'><strong>quam-</strong></span> 
     </span>
    </p>
   </div>
   <div class='ocr_carea' id='block_1_91' title="bbox 369 5731 1420 5788">
    <p class='ocr_par' dir='ltr' id='par_1_91' title="bbox 369 5731 1420 5788">
     <span class='ocr_line' id='line_1_92' title="bbox 369 5731 1420 5788; baseline -0.006 -1"><span class='ocrx_word' id='word_1_753' title='bbox 369 5731 460 5787; x_wconf 57' lang='lat' dir='ltr'><strong>vis</strong></span> <span class='ocrx_word' id='word_1_754' title='bbox 488 5735 540 5788; x_wconf 93' lang='lat' dir='ltr'><strong>in</strong></span> <span class='ocrx_word' id='word_1_755' title='bbox 572 5749 676 5788; x_wconf 90' lang='lat' dir='ltr'><strong>ms.</strong></span> <span class='ocrx_word' id='word_1_756' title='bbox 708 5733 822 5788; x_wconf 90' lang='lat' dir='ltr'><strong>bas.</strong></span> <span class='ocrx_word' id='word_1_757' title='bbox 860 5731 979 5787; x_wconf 80' lang='lat' dir='ltr'><strong>Vat.</strong></span> <span class='ocrx_word' id='word_1_758' title='bbox 1014 5747 1122 5787; x_wconf 87' lang='lat' dir='ltr'><strong>non</strong></span> <span class='ocrx_word' id='word_1_759' title='bbox 1150 5738 1420 5784; x_wconf 84' lang='lat' dir='ltr'><strong>occurrat.</strong></span> 
     </span>
    </p>
   </div>
   <div class='ocr_carea' id='block_1_92' title="bbox 446 5793 1984 5876">
    <p class='ocr_par' dir='ltr' id='par_1_92' title="bbox 446 5793 1984 5876">
     <span class='ocr_line' id='line_1_93' title="bbox 446 5793 1984 5876; baseline -0.006 -18"><span class='ocrx_word' id='word_1_760' title='bbox 446 5803 519 5876; x_wconf 73' lang='grc' dir='ltr'><strong>(ε)</strong></span> <span class='ocrx_word' id='word_1_761' title='bbox 554 5805 668 5870; x_wconf 86' lang='lat' dir='ltr'><strong>Er.,</strong></span> <span class='ocrx_word' id='word_1_762' title='bbox 699 5803 850 5875; x_wconf 86' lang='lat' dir='ltr'><strong>Lips.</strong></span> <span class='ocrx_word' id='word_1_763' title='bbox 882 5812 936 5858; x_wconf 89' lang='lat' dir='ltr'><strong>et</strong></span> <span class='ocrx_word' id='word_1_764' title='bbox 965 5803 1084 5858; x_wconf 86' lang='lat' dir='ltr'><strong>Par.</strong></span> <span class='ocrx_word' id='word_1_765' title='bbox 1120 5799 1290 5855; x_wconf 79' lang='lat' dir='ltr'><strong>Deum</strong></span> <span class='ocrx_word' id='word_1_766' title='bbox 1319 5809 1590 5870; x_wconf 79' lang='lat' dir='ltr'><strong>negatura.</strong></span> <span class='ocrx_word' id='word_1_767' title='bbox 1627 5797 1791 5853; x_wconf 85' lang='lat' dir='ltr'><strong>Abest</strong></span> <span class='ocrx_word' id='word_1_768' title='bbox 1820 5793 1984 5849; x_wconf 74' lang='lat' dir='ltr'><strong>Deum</strong></span> 
     </span>
    </p>
   </div>
   <div class='ocr_carea' id='block_1_93' title="bbox 372 5876 785 5930">
    <p class='ocr_par' dir='ltr' id='par_1_93' title="bbox 372 5876 785 5930">
     <span class='ocr_line' id='line_1_94' title="bbox 372 5876 785 5930; baseline 0.002 -2"><span class='ocrx_word' id='word_1_769' title='bbox 372 5889 403 5928; x_wconf 80' lang='lat' dir='ltr'><strong>a</strong></span> <span class='ocrx_word' id='word_1_770' title='bbox 433 5876 560 5930; x_wconf 68' lang='lat' dir='ltr'><strong>Bari.</strong></span> <span class='ocrx_word' id='word_1_771' title='bbox 600 5887 649 5929; x_wconf 87' lang='lat' dir='ltr'><strong>et</strong></span> <span class='ocrx_word' id='word_1_772' title='bbox 683 5891 785 5929; x_wconf 88' lang='lat' dir='ltr'><strong>ms.</strong></span> 
     </span>
    </p>
   </div>
   <div class='ocr_carea' id='block_1_94' title="bbox 2081 3352 3692 3423">
    <p class='ocr_par' dir='ltr' id='par_1_94' title="bbox 2081 3352 3692 3423">
     <span class='ocr_line' id='line_1_95' title="bbox 2081 3352 3692 3423; baseline -0.002 -13"><span class='ocrx_word' id='word_1_773' title='bbox 2081 3354 2303 3411; x_wconf 90' lang='lat' dir='ltr'><strong>Interim</strong></span> <span class='ocrx_word' id='word_1_774' title='bbox 2334 3364 2512 3409; x_wconf 89' lang='lat' dir='ltr'><strong>tamen</strong></span> <span class='ocrx_word' id='word_1_775' title='bbox 2564 3354 2632 3409; x_wconf 91' lang='lat' dir='ltr'><strong>de</strong></span> <span class='ocrx_word' id='word_1_776' title='bbox 2674 3353 2902 3408; x_wconf 86' lang='lat' dir='ltr'><strong>veritate</strong></span> <span class='ocrx_word' id='word_1_777' title='bbox 2958 3360 3164 3407; x_wconf 79' lang='lat' dir='ltr'><strong>natura:</strong></span> <span class='ocrx_word' id='word_1_778' title='bbox 3214 3352 3309 3407; x_wconf 90' lang='lat' dir='ltr'><strong>Dei</strong></span> <span class='ocrx_word' id='word_1_779' title='bbox 3356 3352 3692 3423; x_wconf 88' lang='lat' dir='ltr'><strong>impietatem</strong></span> 
     </span>
    </p>
   </div>
   <div class='ocr_carea' id='block_1_95' title="bbox 2080 3442 3687 3517">
    <p class='ocr_par' dir='ltr' id='par_1_95' title="bbox 2080 3442 3687 3517">
     <span class='ocr_line' id='line_1_96' title="bbox 2080 3442 3687 3517; baseline -0.002 -14"><span class='ocrx_word' id='word_1_780' title='bbox 2080 3445 2349 3503; x_wconf 89' lang='lat' dir='ltr'><strong>mendacii</strong></span> <span class='ocrx_word' id='word_1_781' title='bbox 2386 3446 2464 3500; x_wconf 90' lang='lat' dir='ltr'><strong>tui</strong></span> <span class='ocrx_word' id='word_1_782' title='bbox 2493 3442 2912 3517; x_wconf 62' lang='lat' dir='ltr'><strong>propheticum</strong></span> <span class='ocrx_word' id='word_1_783' title='bbox 2956 3443 3300 3501; x_wconf 91' lang='lat' dir='ltr'><strong>confessione</strong></span> <span class='ocrx_word' id='word_1_784' title='bbox 3323 3446 3687 3512; x_wconf 86' lang='lat' dir='ltr'><strong>convincam;</strong></span> 
     </span>
    </p>
   </div>
   <div class='ocr_carea' id='block_1_96' title="bbox 2080 3539 3692 3610">
    <p class='ocr_par' dir='ltr' id='par_1_96' title="bbox 2080 3539 3692 3610">
     <span class='ocr_line' id='line_1_97' title="bbox 2080 3539 3692 3610; baseline -0.002 -12"><span class='ocrx_word' id='word_1_785' title='bbox 2080 3542 2151 3598; x_wconf 92' lang='lat' dir='ltr'><strong>ita</strong></span> <span class='ocrx_word' id='word_1_786' title='bbox 2177 3550 2380 3605; x_wconf 90' lang='lat' dir='ltr'><strong>tamen,</strong></span> <span class='ocrx_word' id='word_1_787' title='bbox 2402 3547 2465 3595; x_wconf 88' lang='lat' dir='ltr'><strong>ut</strong></span> <span class='ocrx_word' id='word_1_788' title='bbox 2492 3555 2657 3595; x_wconf 89' lang='lat' dir='ltr'><strong>unum</strong></span> <span class='ocrx_word' id='word_1_789' title='bbox 2706 3549 2763 3595; x_wconf 88' lang='lat' dir='ltr'><strong>et</strong></span> <span class='ocrx_word' id='word_1_790' title='bbox 2786 3554 2974 3594; x_wconf 89' lang='lat' dir='ltr'><strong>verum</strong></span> <span class='ocrx_word' id='word_1_791' title='bbox 3005 3539 3173 3595; x_wconf 88' lang='lat' dir='ltr'><strong>Deum</strong></span> <span class='ocrx_word' id='word_1_792' title='bbox 3221 3539 3500 3610; x_wconf 71' lang='lat' dir='ltr'><strong>praedicari</strong></span> <span class='ocrx_word' id='word_1_793' title='bbox 3529 3554 3561 3594; x_wconf 90' lang='lat' dir='ltr'><strong>a</strong></span> <span class='ocrx_word' id='word_1_794' title='bbox 3591 3554 3692 3594; x_wconf 91' lang='lat' dir='ltr'><strong>no-</strong></span> 
     </span>
    </p>
   </div>
   <div class='ocr_carea' id='block_1_97' title="bbox 2080 3631 3689 3705">
    <p class='ocr_par' dir='ltr' id='par_1_97' title="bbox 2080 3631 3689 3705">
     <span class='ocr_line' id='line_1_98' title="bbox 2080 3631 3689 3705; baseline -0.004 -14"><span class='ocrx_word' id='word_1_795' title='bbox 2080 3635 2185 3701; x_wconf 88' lang='lat' dir='ltr'><strong>bis,</strong></span> <span class='ocrx_word' id='word_1_796' title='bbox 2211 3648 2385 3705; x_wconf 88' lang='lat' dir='ltr'><strong>neque</strong></span> <span class='ocrx_word' id='word_1_797' title='bbox 2405 3633 2485 3705; x_wconf 83' lang='lat' dir='ltr'><strong>(h)</strong></span> <span class='ocrx_word' id='word_1_798' title='bbox 2515 3632 2734 3689; x_wconf 85' lang='lat' dir='ltr'><strong>Sabellii</strong></span> <span class='ocrx_word' id='word_1_799' title='bbox 2768 3632 2992 3689; x_wconf 75' lang='lat' dir='ltr'><strong>lueresis</strong></span> <span class='ocrx_word' id='word_1_800' title='bbox 3023 3632 3196 3702; x_wconf 88' lang='lat' dir='ltr'><strong>ipsum</strong></span> <span class='ocrx_word' id='word_1_801' title='bbox 3247 3631 3464 3688; x_wconf 83' lang='lat' dir='ltr'><strong>Patrem</strong></span> <span class='ocrx_word' id='word_1_802' title='bbox 3503 3631 3604 3686; x_wconf 91' lang='lat' dir='ltr'><strong>sibi</strong></span> <span class='ocrx_word' id='word_1_803' title='bbox 3632 3639 3689 3687; x_wconf 89' lang='lat' dir='ltr'><strong>et</strong></span> 
     </span>
    </p>
   </div>
   <div class='ocr_carea' id='block_1_98' title="bbox 2080 3722 3691 3800">
    <p class='ocr_par' dir='ltr' id='par_1_98' title="bbox 2080 3722 3691 3800">
     <span class='ocr_line' id='line_1_99' title="bbox 2080 3722 3691 3800; baseline -0.005 -14"><span class='ocrx_word' id='word_1_804' title='bbox 2080 3729 2277 3786; x_wconf 84' lang='lat' dir='ltr'><strong>Filium</strong></span> <span class='ocrx_word' id='word_1_805' title='bbox 2299 3731 2535 3800; x_wconf 86' lang='lat' dir='ltr'><strong>professa</strong></span> <span class='ocrx_word' id='word_1_806' title='bbox 2559 3737 2868 3799; x_wconf 77' lang='lat' dir='ltr'><strong>praesumat,</strong></span> <span class='ocrx_word' id='word_1_807' title='bbox 2886 3742 3060 3796; x_wconf 89' lang='lat' dir='ltr'><strong>neque</strong></span> <span class='ocrx_word' id='word_1_808' title='bbox 3094 3735 3151 3781; x_wconf 89' lang='lat' dir='ltr'><strong>tu</strong></span> <span class='ocrx_word' id='word_1_809' title='bbox 3169 3726 3449 3781; x_wconf 84' lang='lat' dir='ltr'><strong>veritatem</strong></span> <span class='ocrx_word' id='word_1_810' title='bbox 3480 3725 3549 3780; x_wconf 89' lang='lat' dir='ltr'><strong>de</strong></span> <span class='ocrx_word' id='word_1_811' title='bbox 3576 3722 3691 3779; x_wconf 82' lang='lat' dir='ltr'><strong>filio</strong></span> 
     </span>
    </p>
   </div>
   <div class='ocr_carea' id='block_1_99' title="bbox 2082 3818 3685 3889">
    <p class='ocr_par' dir='ltr' id='par_1_99' title="bbox 2082 3818 3685 3889">
     <span class='ocr_line' id='line_1_100' title="bbox 2082 3818 3685 3889; baseline -0.005 -10"><span class='ocrx_word' id='word_1_812' title='bbox 2082 3823 2177 3879; x_wconf 89' lang='lat' dir='ltr'><strong>Dei</strong></span> <span class='ocrx_word' id='word_1_813' title='bbox 2202 3839 2367 3879; x_wconf 92' lang='lat' dir='ltr'><strong>unum</strong></span> <span class='ocrx_word' id='word_1_814' title='bbox 2415 3830 2620 3878; x_wconf 90' lang='lat' dir='ltr'><strong>tantum</strong></span> <span class='ocrx_word' id='word_1_815' title='bbox 2653 3821 2819 3877; x_wconf 91' lang='lat' dir='ltr'><strong>Deum</strong></span> <span class='ocrx_word' id='word_1_816' title='bbox 2850 3835 3036 3876; x_wconf 90' lang='lat' dir='ltr'><strong>verum</strong></span> <span class='ocrx_word' id='word_1_817' title='bbox 3062 3819 3364 3889; x_wconf 68' lang='lat' dir='ltr'><strong>praedicans</strong></span> <span class='ocrx_word' id='word_1_818' title='bbox 3384 3818 3685 3873; x_wconf 89' lang='lat' dir='ltr'><strong>mentiaris.</strong></span> 
     </span>
    </p>
   </div>
   <div class='ocr_carea' id='block_1_100' title="bbox 2153 3913 3668 3983">
    <p class='ocr_par' dir='ltr' id='par_1_100' title="bbox 2153 3913 3668 3983">
     <span class='ocr_line' id='line_1_101' title="bbox 2153 3913 3668 3983; baseline -0.004 -10"><span class='ocrx_word' id='word_1_819' title='bbox 2153 3918 2244 3973; x_wconf 75' lang='lat'><strong>26.</strong></span> <span class='ocrx_word' id='word_1_820' title='bbox 2273 3915 2514 3972; x_wconf 67' lang='lat' dir='ltr'><strong>&quot;cretici</strong></span> <span class='ocrx_word' id='word_1_821' title='bbox 2535 3915 2746 3969; x_wconf 80' lang='lat' dir='ltr'><strong>subdole</strong></span> <span class='ocrx_word' id='word_1_822' title='bbox 2777 3913 3101 3983; x_wconf 82' lang='lat' dir='ltr'><strong>Scripturam</strong></span> <span class='ocrx_word' id='word_1_823' title='bbox 3126 3916 3486 3983; x_wconf 77' lang='lat' dir='ltr'><strong>interpolatum</strong></span> <span class='ocrx_word' id='word_1_824' title='bbox 3512 3914 3668 3967; x_wconf 77' lang='lat' dir='ltr'><strong>citan&#39;</strong></span> 
     </span>
    </p>
   </div>
   <div class='ocr_carea' id='block_1_101' title="bbox 2075 4004 3688 4077">
    <p class='ocr_par' dir='ltr' id='par_1_101' title="bbox 2075 4004 3688 4077">
     <span class='ocr_line' id='line_1_102' title="bbox 2075 4004 3688 4077; baseline -0.002 -10"><span class='ocrx_word' id='word_1_825' title='bbox 2075 4020 2154 4067; x_wconf 81' lang='lat' dir='ltr'><strong>tes</strong></span> <span class='ocrx_word' id='word_1_826' title='bbox 2181 4011 2527 4065; x_wconf 76' lang='lat' dir='ltr'><strong>revincuntur.</strong></span> <span class='ocrx_word' id='word_1_827' title='bbox 2549 4036 2622 4048; x_wconf 95' lang='lat'><strong>—</strong></span> <span class='ocrx_word' id='word_1_828' title='bbox 2648 4006 2787 4062; x_wconf 84' lang='lat' dir='ltr'><strong>Nihil</strong></span> <span class='ocrx_word' id='word_1_829' title='bbox 2820 4007 2977 4077; x_wconf 87' lang='lat' dir='ltr'><strong>plane</strong></span> <span class='ocrx_word' id='word_1_830' title='bbox 3002 4007 3056 4061; x_wconf 92' lang='lat' dir='ltr'><strong>in</strong></span> <span class='ocrx_word' id='word_1_831' title='bbox 3101 4020 3160 4063; x_wconf 87' lang='lat' dir='ltr'><strong>se</strong></span> <span class='ocrx_word' id='word_1_832' title='bbox 3206 4004 3365 4062; x_wconf 88' lang='lat' dir='ltr'><strong>habet</strong></span> <span class='ocrx_word' id='word_1_833' title='bbox 3406 4006 3688 4075; x_wconf 77' lang='lat' dir='ltr'><strong>sapientia:</strong></span> 
     </span>
    </p>
   </div>
   <div class='ocr_carea' id='block_1_102' title="bbox 2078 4098 3678 4172">
    <p class='ocr_par' dir='ltr' id='par_1_102' title="bbox 2078 4098 3678 4172">
     <span class='ocr_line' id='line_1_103' title="bbox 2078 4098 3678 4172; baseline -0.002 -14"><span class='ocrx_word' id='word_1_834' title='bbox 2078 4103 2367 4172; x_wconf 85' lang='lat' dir='ltr'><strong>impietas:</strong></span> <span class='ocrx_word' id='word_1_835' title='bbox 2400 4111 2455 4156; x_wconf 90' lang='lat' dir='ltr'><strong>et</strong></span> <span class='ocrx_word' id='word_1_836' title='bbox 2507 4100 2599 4155; x_wconf 90' lang='lat' dir='ltr'><strong>Dei</strong></span> <span class='ocrx_word' id='word_1_837' title='bbox 2636 4098 2815 4165; x_wconf 90' lang='lat' dir='ltr'><strong>timor,</strong></span> <span class='ocrx_word' id='word_1_838' title='bbox 2846 4098 2938 4169; x_wconf 85' lang='lat' dir='ltr'><strong>qui</strong></span> <span class='ocrx_word' id='word_1_839' title='bbox 2960 4098 3236 4168; x_wconf 79' lang='lat' dir='ltr'><strong>sapientia:</strong></span> <span class='ocrx_word' id='word_1_840' title='bbox 3290 4098 3500 4153; x_wconf 89' lang='lat' dir='ltr'><strong>initium</strong></span> <span class='ocrx_word' id='word_1_841' title='bbox 3547 4109 3632 4155; x_wconf 87' lang='lat' dir='ltr'><strong>est</strong></span> <span class='ocrx_word' id='word_1_842' title='bbox 3660 4142 3678 4169; x_wconf 94' lang='lat'><strong>,</strong></span> 
     </span>
    </p>
   </div>
   <div class='ocr_carea' id='block_1_103' title="bbox 2080 4190 3687 4261">
    <p class='ocr_par' dir='ltr' id='par_1_103' title="bbox 2080 4190 3687 4261">
     <span class='ocr_line' id='line_1_104' title="bbox 2080 4190 3687 4261; baseline -0.002 -10"><span class='ocrx_word' id='word_1_843' title='bbox 2080 4195 2171 4251; x_wconf 89' lang='lat' dir='ltr'><strong>ubi</strong></span> <span class='ocrx_word' id='word_1_844' title='bbox 2202 4194 2378 4260; x_wconf 90' lang='lat' dir='ltr'><strong>deest,</strong></span> <span class='ocrx_word' id='word_1_845' title='bbox 2411 4191 2586 4249; x_wconf 88' lang='lat' dir='ltr'><strong>aufert</strong></span> <span class='ocrx_word' id='word_1_846' title='bbox 2609 4206 2793 4248; x_wconf 88' lang='lat' dir='ltr'><strong>secum</strong></span> <span class='ocrx_word' id='word_1_847' title='bbox 2841 4207 3003 4247; x_wconf 91' lang='lat' dir='ltr'><strong>omne</strong></span> <span class='ocrx_word' id='word_1_848' title='bbox 3047 4190 3330 4246; x_wconf 85' lang='lat' dir='ltr'><strong>exordium</strong></span> <span class='ocrx_word' id='word_1_849' title='bbox 3360 4191 3687 4261; x_wconf 83' lang='lat' dir='ltr'><strong>prudentiae.</strong></span> 
     </span>
    </p>
   </div>
   <div class='ocr_carea' id='block_1_104' title="bbox 2076 4282 3694 4357">
    <p class='ocr_par' dir='ltr' id='par_1_104' title="bbox 2076 4282 3694 4357">
     <span class='ocr_line' id='line_1_105' title="bbox 2076 4282 3694 4357; baseline -0.002 -12"><span class='ocrx_word' id='word_1_850' title='bbox 2076 4289 2161 4346; x_wconf 82' lang='lat' dir='ltr'><strong>Ad</strong></span> <span class='ocrx_word' id='word_1_851' title='bbox 2191 4286 2566 4344; x_wconf 83' lang='lat' dir='ltr'><strong>infirmandam</strong></span> <span class='ocrx_word' id='word_1_852' title='bbox 2598 4286 2743 4342; x_wconf 89' lang='lat' dir='ltr'><strong>enim</strong></span> <span class='ocrx_word' id='word_1_853' title='bbox 2776 4284 2870 4342; x_wconf 89' lang='lat' dir='ltr'><strong>Dei</strong></span> <span class='ocrx_word' id='word_1_854' title='bbox 2900 4285 3009 4342; x_wconf 88' lang='lat' dir='ltr'><strong>veri</strong></span> <span class='ocrx_word' id='word_1_855' title='bbox 3035 4285 3088 4340; x_wconf 90' lang='lat' dir='ltr'><strong>in</strong></span> <span class='ocrx_word' id='word_1_856' title='bbox 3114 4283 3253 4341; x_wconf 88' lang='lat' dir='ltr'><strong>Filio</strong></span> <span class='ocrx_word' id='word_1_857' title='bbox 3273 4282 3432 4341; x_wconf 84' lang='lat' dir='ltr'><strong>fidem</strong></span> <span class='ocrx_word' id='word_1_858' title='bbox 3457 4286 3694 4357; x_wconf 85' lang='lat' dir='ltr'><strong>prophe-</strong></span> 
     </span>
    </p>
   </div>
   <div class='ocr_carea' id='block_1_105' title="bbox 2142 4443 2596 4519">
    <p class='ocr_par' dir='ltr' id='par_1_105' title="bbox 2142 4443 2596 4519">
     <span class='ocr_line' id='line_1_106' title="bbox 2142 4443 2596 4519; baseline -0.009 -18"><span class='ocrx_word' id='word_1_859' title='bbox 2142 4445 2223 4519; x_wconf 74' lang='grc'><strong>(2)</strong></span> <span class='ocrx_word' id='word_1_860' title='bbox 2247 4443 2596 4518; x_wconf 72' lang='lat' dir='ltr'><strong>Profeuione.</strong></span> 
     </span>
    </p>
   </div>
   <div class='ocr_carea' id='block_1_106' title="bbox 2146 4646 3685 4781">
    <p class='ocr_par' dir='ltr' id='par_1_106' title="bbox 2146 4646 3685 4781">
     <span class='ocr_line' id='line_1_107' title="bbox 2146 4646 3685 4781; baseline -0.003 -72"><span class='ocrx_word' id='word_1_861' title='bbox 2146 4651 2226 4781; x_wconf 48' lang='grc' dir='ltr'>(ιι)</span> <span class='ocrx_word' id='word_1_862' title='bbox 2258 4652 2371 4708; x_wconf 84' lang='lat' dir='ltr'><strong>Hoc</strong></span> <span class='ocrx_word' id='word_1_863' title='bbox 2399 4659 2503 4719; x_wconf 89' lang='lat' dir='ltr'><strong>est,</strong></span> <span class='ocrx_word' id='word_1_864' title='bbox 2528 4648 2652 4721; x_wconf 86' lang='lat' dir='ltr'><strong>quia</strong></span> <span class='ocrx_word' id='word_1_865' title='bbox 2691 4662 2831 4704; x_wconf 90' lang='lat' dir='ltr'><strong>unus</strong></span> <span class='ocrx_word' id='word_1_866' title='bbox 2855 4655 3059 4703; x_wconf 88' lang='lat' dir='ltr'><strong>tantum</strong></span> <span class='ocrx_word' id='word_1_867' title='bbox 3112 4646 3255 4702; x_wconf 88' lang='lat' dir='ltr'><strong>Deus</strong></span> <span class='ocrx_word' id='word_1_868' title='bbox 3274 4658 3437 4702; x_wconf 87' lang='lat' dir='ltr'><strong>verus</strong></span> <span class='ocrx_word' id='word_1_869' title='bbox 3480 4647 3685 4705; x_wconf 90' lang='lat' dir='ltr'><strong>intelli-</strong></span> 
     </span>
     <span class='ocr_line' id='line_1_108' title="bbox 2149 4733 2417 4781; baseline -0.011 -1"><span class='ocrx_word' id='word_1_870' title='bbox 2149 4744 2179 4780; x_wconf 91' lang='lat' dir='ltr'><strong>tt</strong></span> <span class='ocrx_word' id='word_1_871' title='bbox 2229 4741 2289 4779; x_wconf 86' lang='lat' dir='ltr'><strong>us</strong></span> <span class='ocrx_word' id='word_1_872' title='bbox 2315 4733 2417 4781; x_wconf 79' lang='lat' dir='ltr'><strong>est.</strong></span> 
     </span>
    </p>
   </div>
   <div class='ocr_carea' id='block_1_107' title="bbox 2077 4733 3268 4799">
    <p class='ocr_par' dir='ltr' id='par_1_107' title="bbox 2077 4733 3268 4799">
     <span class='ocr_line' id='line_1_109' title="bbox 2077 4733 3268 4799; baseline -0.003 -17"><span class='ocrx_word' id='word_1_873' title='bbox 2077 4733 2293 4799; x_wconf 64' lang='lat' dir='ltr'><strong>gentilis</strong></span> <span class='ocrx_word' id='word_1_874' title='bbox 2315 4733 2417 4781; x_wconf 79' lang='lat' dir='ltr'><strong>est.</strong></span> <span class='ocrx_word' id='word_1_875' title='bbox 3021 4788 3056 4799; x_wconf 47' lang='grc' dir='ltr'>η</span> <span class='ocrx_word' id='word_1_876' title='bbox 3097 4790 3132 4799; x_wconf 87' lang='lat'>__</span> <span class='ocrx_word' id='word_1_877' title='bbox 3213 4787 3268 4799; x_wconf 37' lang='lat' dir='ltr'><strong>ﬁ.</strong></span> 
     </span>
    </p>
   </div>
   <div class='ocr_carea' id='block_1_108' title="bbox 2151 4787 3686 4869">
    <p class='ocr_par' dir='ltr' id='par_1_108' title="bbox 2151 4787 3686 4869">
     <span class='ocr_line' id='line_1_110' title="bbox 2151 4787 3686 4869; baseline -0.003 -18"><span class='ocrx_word' id='word_1_878' title='bbox 2151 4795 2224 4869; x_wconf 82' lang='grc' dir='ltr'><strong>(ε)</strong></span> <span class='ocrx_word' id='word_1_879' title='bbox 2255 4796 2478 4869; x_wconf 69' lang='lat' dir='ltr'><strong>Carnut.</strong></span> <span class='ocrx_word' id='word_1_880' title='bbox 2516 4809 2636 4869; x_wconf 6' lang='lat' dir='ltr'><strong>gms.</strong></span> <span class='ocrx_word' id='word_1_881' title='bbox 2695 4804 2969 4869; x_wconf 82' lang='lat' dir='ltr'><strong>cum__u_no</strong></span> <span class='ocrx_word' id='word_1_882' title='bbox 3015 4788 3173 4869; x_wconf 68' lang='grc' dir='ltr'>φριι».</span> <span class='ocrx_word' id='word_1_883' title='bbox 3203 4787 3401 4869; x_wconf 70' lang='lat' dir='ltr'><strong>Filium</strong></span> <span class='ocrx_word' id='word_1_884' title='bbox 3430 4805 3450 4846; x_wconf 91' lang='lat'><strong>:</strong></span> <span class='ocrx_word' id='word_1_885' title='bbox 3506 4789 3686 4869; x_wconf 77' lang='lat' dir='ltr'><strong>minus</strong></span> 
     </span>
    </p>
   </div>
   <div class='ocr_carea' id='block_1_109' title="bbox 2076 4860 3681 4927">
    <p class='ocr_par' dir='ltr' id='par_1_109' title="bbox 2076 4860 3681 4927">
     <span class='ocr_line' id='line_1_111' title="bbox 2076 4860 3681 4927; baseline -0.003 -5"><span class='ocrx_word' id='word_1_886' title='bbox 2076 4860 2307 4923; x_wconf 76' lang='lat' dir='ltr'><strong>sincere.</strong></span> <span class='ocrx_word' id='word_1_887' title='bbox 2342 4866 2479 4922; x_wconf 86' lang='lat' dir='ltr'><strong>Illud</strong></span> <span class='ocrx_word' id='word_1_888' title='bbox 2505 4868 2560 4920; x_wconf 86' lang='lat' dir='ltr'><strong>in</strong></span> <span class='ocrx_word' id='word_1_889' title='bbox 2596 4874 2781 4920; x_wconf 86' lang='lat' dir='ltr'><strong>natura</strong></span> <span class='ocrx_word' id='word_1_890' title='bbox 2819 4861 2948 4916; x_wconf 80' lang='lat' dir='ltr'><strong>Filii</strong></span> <span class='ocrx_word' id='word_1_891' title='bbox 2979 4903 2994 4927; x_wconf 91' lang='lat'><strong>,</strong></span> <span class='ocrx_word' id='word_1_892' title='bbox 3028 4861 3080 4916; x_wconf 89' lang='lat' dir='ltr'><strong>id</strong></span> <span class='ocrx_word' id='word_1_893' title='bbox 3107 4870 3192 4915; x_wconf 87' lang='lat' dir='ltr'><strong>est</strong></span> <span class='ocrx_word' id='word_1_894' title='bbox 3219 4901 3234 4927; x_wconf 93' lang='lat'><strong>,</strong></span> <span class='ocrx_word' id='word_1_895' title='bbox 3269 4860 3320 4915; x_wconf 89' lang='lat' dir='ltr'><strong>in</strong></span> <span class='ocrx_word' id='word_1_896' title='bbox 3371 4863 3681 4918; x_wconf 88' lang='lat' dir='ltr'><strong>assertione</strong></span> 
     </span>
    </p>
   </div>
   <div class='ocr_carea' id='block_1_110' title="bbox 2075 4932 3682 5009">
    <p class='ocr_par' dir='ltr' id='par_1_110' title="bbox 2075 4932 3682 5009">
     <span class='ocr_line' id='line_1_112' title="bbox 2075 4932 3682 5009; baseline -0.002 -16"><span class='ocrx_word' id='word_1_897' title='bbox 2075 4937 2202 4994; x_wconf 79' lang='lat' dir='ltr'><strong>Filii</strong></span> <span class='ocrx_word' id='word_1_898' title='bbox 2227 4981 2240 4998; x_wconf 87' lang='lat'><strong>.</strong></span> <span class='ocrx_word' id='word_1_899' title='bbox 2267 4941 2356 5009; x_wconf 90' lang='lat' dir='ltr'><strong>qui</strong></span> <span class='ocrx_word' id='word_1_900' title='bbox 2385 4954 2493 4993; x_wconf 85' lang='lat' dir='ltr'><strong>non</strong></span> <span class='ocrx_word' id='word_1_901' title='bbox 2523 4947 2729 4992; x_wconf 88' lang='lat' dir='ltr'><strong>tantum</strong></span> <span class='ocrx_word' id='word_1_902' title='bbox 2749 4950 2827 5009; x_wconf 76' lang='lat' dir='ltr'><strong>ex</strong></span> <span class='ocrx_word' id='word_1_903' title='bbox 2859 4932 3262 5004; x_wconf 86' lang='lat' dir='ltr'><strong>nuncupatione</strong></span> <span class='ocrx_word' id='word_1_904' title='bbox 3283 4941 3338 4988; x_wconf 90' lang='lat' dir='ltr'><strong>et</strong></span> <span class='ocrx_word' id='word_1_905' title='bbox 3365 4932 3682 5003; x_wconf 81' lang='lat' dir='ltr'><strong>adaptione,</strong></span> 
     </span>
    </p>
   </div>
   <div class='ocr_carea' id='block_1_111' title="bbox 2072 5005 3515 5067">
    <p class='ocr_par' dir='ltr' id='par_1_111' title="bbox 2072 5005 3515 5067">
     <span class='ocr_line' id='line_1_113' title="bbox 2072 5005 3515 5067; baseline -0.01 -2"><span class='ocrx_word' id='word_1_906' title='bbox 2072 5011 2170 5065; x_wconf 88' lang='lat' dir='ltr'><strong>sed</strong></span> <span class='ocrx_word' id='word_1_907' title='bbox 2200 5026 2266 5067; x_wconf 83' lang='lat' dir='ltr'><strong>ex</strong></span> <span class='ocrx_word' id='word_1_908' title='bbox 2287 5005 2476 5065; x_wconf 82' lang='lat' dir='ltr'><strong>natura</strong></span> <span class='ocrx_word' id='word_1_909' title='bbox 2508 5010 2581 5064; x_wconf 88' lang='lat' dir='ltr'><strong>sit</strong></span> <span class='ocrx_word' id='word_1_910' title='bbox 2603 5009 2694 5063; x_wconf 89' lang='lat' dir='ltr'><strong>Dei</strong></span> <span class='ocrx_word' id='word_1_911' title='bbox 2740 5005 2900 5060; x_wconf 82' lang='lat' dir='ltr'><strong>filius.</strong></span> <span class='ocrx_word' id='word_1_912' title='bbox 3508 5044 3515 5051; x_wconf 32' lang='grc' dir='ltr'>χ</span> 
     </span>
    </p>
   </div>
   <div class='ocr_carea' id='block_1_112' title="bbox 2150 5073 3684 5153">
    <p class='ocr_par' dir='ltr' id='par_1_112' title="bbox 2150 5073 3684 5153">
     <span class='ocr_line' id='line_1_114' title="bbox 2150 5073 3684 5153; baseline -0.013 -18"><span class='ocrx_word' id='word_1_913' title='bbox 2150 5082 2218 5153; x_wconf 79' lang='lat' dir='ltr'><strong>(f)</strong></span> <span class='ocrx_word' id='word_1_914' title='bbox 2243 5082 2313 5136; x_wconf 74' lang='lat' dir='ltr'><strong>Ita</strong></span> <span class='ocrx_word' id='word_1_915' title='bbox 2341 5080 2447 5135; x_wconf 87' lang='lat' dir='ltr'><strong>Par</strong></span> <span class='ocrx_word' id='word_1_916' title='bbox 2471 5095 2592 5153; x_wconf 85' lang='lat' dir='ltr'><strong>cum</strong></span> <span class='ocrx_word' id='word_1_917' title='bbox 2629 5092 2787 5143; x_wconf 88' lang='lat' dir='ltr'><strong>mss.,</strong></span> <span class='ocrx_word' id='word_1_918' title='bbox 2816 5077 2865 5131; x_wconf 93' lang='lat' dir='ltr'><strong>id</strong></span> <span class='ocrx_word' id='word_1_919' title='bbox 2889 5086 2996 5153; x_wconf 75' lang='lat' dir='ltr'><strong>est,</strong></span> <span class='ocrx_word' id='word_1_920' title='bbox 3025 5075 3104 5131; x_wconf 90' lang='lat' dir='ltr'><strong>sic</strong></span> <span class='ocrx_word' id='word_1_921' title='bbox 3136 5073 3395 5153; x_wconf 37' lang='lat' dir='ltr'><strong>fallis.er</strong></span> <span class='ocrx_word' id='word_1_922' title='bbox 3416 5114 3447 5153; x_wconf 81' lang='lat'><strong>_,_</strong></span> <span class='ocrx_word' id='word_1_923' title='bbox 3468 5075 3556 5153; x_wconf 77' lang='lat' dir='ltr'><strong>qni</strong></span> <span class='ocrx_word' id='word_1_924' title='bbox 3585 5075 3684 5153; x_wconf 60' lang='grc' dir='ltr'>ιιμ.</span> 
     </span>
    </p>
   </div>
   <div class='ocr_carea' id='block_1_113' title="bbox 2074 5145 3680 5220">
    <p class='ocr_par' dir='ltr' id='par_1_113' title="bbox 2074 5145 3680 5220">
     <span class='ocr_line' id='line_1_115' title="bbox 2074 5145 3680 5220; baseline -0.002 -15"><span class='ocrx_word' id='word_1_925' title='bbox 2074 5145 2249 5207; x_wconf 76' lang='lat' dir='ltr'><strong>manis</strong></span> <span class='ocrx_word' id='word_1_926' title='bbox 2288 5151 2603 5206; x_wconf 87' lang='lat' dir='ltr'><strong>ratiunculis</strong></span> <span class='ocrx_word' id='word_1_927' title='bbox 2630 5152 2749 5220; x_wconf 91' lang='lat' dir='ltr'><strong>plus</strong></span> <span class='ocrx_word' id='word_1_928' title='bbox 2775 5150 3001 5220; x_wconf 89' lang='lat' dir='ltr'><strong>credunt</strong></span> <span class='ocrx_word' id='word_1_929' title='bbox 3028 5189 3042 5213; x_wconf 93' lang='lat'><strong>,</strong></span> <span class='ocrx_word' id='word_1_930' title='bbox 3073 5161 3233 5220; x_wconf 85' lang='lat' dir='ltr'><strong>quant</strong></span> <span class='ocrx_word' id='word_1_931' title='bbox 3274 5147 3364 5220; x_wconf 85' lang='lat' dir='ltr'><strong>Dei</strong></span> <span class='ocrx_word' id='word_1_932' title='bbox 3391 5145 3575 5220; x_wconf 79' lang='lat' dir='ltr'><strong>dictis.</strong></span> <span class='ocrx_word' id='word_1_933' title='bbox 3611 5149 3680 5220; x_wconf 79' lang='lat' dir='ltr'><strong>At</strong></span> 
     </span>
    </p>
   </div>
   <div class='ocr_carea' id='block_1_114' title="bbox 2076 5216 3680 5306">
    <p class='ocr_par' dir='ltr' id='par_1_114' title="bbox 2076 5216 3680 5306">
     <span class='ocr_line' id='line_1_116' title="bbox 2076 5216 3680 5306; baseline 0 0"><span class='ocrx_word' id='word_1_934' title='bbox 2076 5222 2249 5286; x_wconf 68' lang='grc' dir='ltr'><strong>θειάη</strong></span> <span class='ocrx_word' id='word_1_935' title='bbox 2426 5230 2483 5306; x_wconf 64' lang='grc' dir='ltr'>ει</span> <span class='ocrx_word' id='word_1_936' title='bbox 2509 5216 2701 5306; x_wconf 51' lang='lat' dir='ltr'><strong>Lirin</strong></span> <span class='ocrx_word' id='word_1_937' title='bbox 2736 5219 2901 5306; x_wconf 54' lang='grc' dir='ltr'>ρειειιιξ</span> <span class='ocrx_word' id='word_1_938' title='bbox 2930 5216 3130 5306; x_wconf 54' lang='lat' dir='ltr'><strong>W9&quot;</strong></span> <span class='ocrx_word' id='word_1_939' title='bbox 3161 5217 3481 5306; x_wconf 69' lang='lat' dir='ltr'><strong>_f“P.“’&quot;.‘_&quot;‘_‘--2</strong></span> <span class='ocrx_word' id='word_1_940' title='bbox 3513 5216 3680 5306; x_wconf 52' lang='lat'><strong>£924</strong></span> 
     </span>
    </p>
   </div>
   <div class='ocr_carea' id='block_1_115' title="bbox 2072 5289 3676 5362">
    <p class='ocr_par' dir='ltr' id='par_1_115' title="bbox 2072 5289 3676 5362">
     <span class='ocr_line' id='line_1_117' title="bbox 2072 5289 3676 5362; baseline -0.003 -13"><span class='ocrx_word' id='word_1_941' title='bbox 2072 5294 2359 5349; x_wconf 89' lang='lat' dir='ltr'><strong>commode</strong></span> <span class='ocrx_word' id='word_1_942' title='bbox 2387 5293 2548 5349; x_wconf 90' lang='lat' dir='ltr'><strong>etiam</strong></span> <span class='ocrx_word' id='word_1_943' title='bbox 2574 5289 2633 5348; x_wconf 88' lang='lat' dir='ltr'><strong>in</strong></span> <span class='ocrx_word' id='word_1_944' title='bbox 2660 5293 2849 5362; x_wconf 89' lang='lat' dir='ltr'><strong>quinto</strong></span> <span class='ocrx_word' id='word_1_945' title='bbox 2885 5305 2947 5345; x_wconf 89' lang='lat' dir='ltr'><strong>ac</strong></span> <span class='ocrx_word' id='word_1_946' title='bbox 2970 5298 3126 5346; x_wconf 87' lang='lat' dir='ltr'><strong>sexto</strong></span> <span class='ocrx_word' id='word_1_947' title='bbox 3152 5303 3283 5342; x_wconf 85' lang='lat' dir='ltr'><strong>casu</strong></span> <span class='ocrx_word' id='word_1_948' title='bbox 3307 5298 3485 5359; x_wconf 77' lang='lat' dir='ltr'><strong>pateat</strong></span> <span class='ocrx_word' id='word_1_949' title='bbox 3513 5289 3676 5345; x_wconf 84' lang='lat' dir='ltr'><strong>intel-</strong></span> 
     </span>
    </p>
   </div>
   <div class='ocr_carea' id='block_1_116' title="bbox 2072 5363 2185 5420">
    <p class='ocr_par' dir='ltr' id='par_1_116' title="bbox 2072 5363 2185 5420">
     <span class='ocr_line' id='line_1_118' title="bbox 2072 5363 2185 5420; baseline -0.018 0"><span class='ocrx_word' id='word_1_950' title='bbox 2072 5363 2185 5420; x_wconf 77' lang='lat' dir='ltr'><strong>iiai.</strong></span> 
     </span>
    </p>
   </div>
   <div class='ocr_carea' id='block_1_117' title="bbox 2114 5380 3687 5510">
    <p class='ocr_par' dir='ltr' id='par_1_117' title="bbox 2114 5380 3687 5510">
     <span class='ocr_line' id='line_1_119' title="bbox 2114 5380 2185 5436; baseline 0 -18"><span class='ocrx_word' id='word_1_951' title='bbox 2114 5380 2185 5436; x_wconf 79' lang='lat' dir='ltr'><strong>gi.</strong></span> 
     </span>
     <span class='ocr_line' id='line_1_120' title="bbox 2156 5431 3687 5510; baseline -0.004 -19"><span class='ocrx_word' id='word_1_952' title='bbox 2156 5435 2235 5510; x_wconf 86' lang='lat' dir='ltr'><strong>(g)</strong></span> <span class='ocrx_word' id='word_1_953' title='bbox 2260 5435 2428 5503; x_wconf 88' lang='lat' dir='ltr'><strong>Editi,</strong></span> <span class='ocrx_word' id='word_1_954' title='bbox 2450 5443 2507 5510; x_wconf 75' lang='lat' dir='ltr'><strong>ut</strong></span> <span class='ocrx_word' id='word_1_955' title='bbox 2525 5431 3020 5510; x_wconf 78' lang='lat' dir='ltr'><strong>non._Pr:cferimus</strong></span> <span class='ocrx_word' id='word_1_956' title='bbox 3037 5445 3175 5510; x_wconf 65' lang='lat' dir='ltr'><strong>mss.</strong></span> <span class='ocrx_word' id='word_1_957' title='bbox 3199 5431 3484 5510; x_wconf 83' lang='lat' dir='ltr'><strong>lectionem</strong></span> <span class='ocrx_word' id='word_1_958' title='bbox 3495 5445 3687 5510; x_wconf 87' lang='lat' dir='ltr'><strong>,_quam</strong></span> 
     </span>
    </p>
   </div>
   <div class='ocr_carea' id='block_1_118' title="bbox 2087 5501 3691 5574">
    <p class='ocr_par' dir='ltr' id='par_1_118' title="bbox 2087 5501 3691 5574">
     <span class='ocr_line' id='line_1_121' title="bbox 2087 5501 3691 5574; baseline -0.004 -11"><span class='ocrx_word' id='word_1_959' title='bbox 2087 5501 2267 5563; x_wconf 72' lang='lat' dir='ltr'><strong>tamen</strong></span> <span class='ocrx_word' id='word_1_960' title='bbox 2297 5501 2537 5561; x_wconf 41' lang='lat' dir='ltr'><strong>non&#39;alia</strong></span> <span class='ocrx_word' id='word_1_961' title='bbox 2561 5508 2770 5561; x_wconf 89' lang='lat' dir='ltr'><strong>ratione</strong></span> <span class='ocrx_word' id='word_1_962' title='bbox 2798 5504 2879 5574; x_wconf 86' lang='lat' dir='ltr'><strong>sic</strong></span> <span class='ocrx_word' id='word_1_963' title='bbox 2922 5504 3289 5574; x_wconf 86' lang='lat' dir='ltr'><strong>intelligimus,</strong></span> <span class='ocrx_word' id='word_1_964' title='bbox 3326 5505 3479 5573; x_wconf 88' lang='lat' dir='ltr'><strong>quasi</strong></span> <span class='ocrx_word' id='word_1_965' title='bbox 3511 5501 3691 5574; x_wconf 80' lang='lat' dir='ltr'><strong>legere</strong></span> 
     </span>
    </p>
   </div>
   <div class='ocr_carea' id='block_1_119' title="bbox 2088 5572 3688 5645">
    <p class='ocr_par' dir='ltr' id='par_1_119' title="bbox 2088 5572 3688 5645">
     <span class='ocr_line' id='line_1_122' title="bbox 2088 5572 3688 5645; baseline -0.006 -10"><span class='ocrx_word' id='word_1_966' title='bbox 2088 5589 2263 5635; x_wconf 86' lang='lat' dir='ltr'><strong>esset:</strong></span> <span class='ocrx_word' id='word_1_967' title='bbox 2303 5593 2425 5633; x_wconf 92' lang='lat' dir='ltr'><strong>cum</strong></span> <span class='ocrx_word' id='word_1_968' title='bbox 2468 5592 2572 5631; x_wconf 91' lang='lat' dir='ltr'><strong>non</strong></span> <span class='ocrx_word' id='word_1_969' title='bbox 2626 5574 2788 5644; x_wconf 80' lang='lat' dir='ltr'><strong>possit</strong></span> <span class='ocrx_word' id='word_1_970' title='bbox 2839 5572 2954 5628; x_wconf 82' lang='lat' dir='ltr'><strong>fieri</strong></span> <span class='ocrx_word' id='word_1_971' title='bbox 2986 5616 3001 5640; x_wconf 90' lang='lat'><strong>,</strong></span> <span class='ocrx_word' id='word_1_972' title='bbox 3030 5572 3477 5645; x_wconf 31' lang='lat' dir='ltr'><strong>ut&#39;aliquid’non</strong></span> <span class='ocrx_word' id='word_1_973' title='bbox 3519 5575 3593 5628; x_wconf 90' lang='lat' dir='ltr'><strong>sit</strong></span> <span class='ocrx_word' id='word_1_974' title='bbox 3636 5572 3688 5627; x_wconf 93' lang='lat' dir='ltr'><strong>id</strong></span> 
     </span>
    </p>
   </div>
   <div class='ocr_carea' id='block_1_120' title="bbox 2088 5650 3691 5792">
    <p class='ocr_par' dir='ltr' id='par_1_120' title="bbox 2088 5650 3691 5792">
     <span class='ocr_line' id='line_1_123' title="bbox 2088 5650 3691 5792; baseline -0.004 -18"><span class='ocrx_word' id='word_1_975' title='bbox 2088 5650 2494 5792; x_wconf 44' lang='lat' dir='ltr'><strong>quiiiifilliquot</strong></span> <span class='ocrx_word' id='word_1_976' title='bbox 2538 5714 2724 5792; x_wconf 68' lang='lat' dir='ltr'><strong>proba:</strong></span> <span class='ocrx_word' id='word_1_977' title='bbox 2767 5724 2911 5769; x_wconf 78' lang='lat' dir='ltr'><strong>nota:</strong></span> <span class='ocrx_word' id='word_1_978' title='bbox 2956 5713 3391 5792; x_wconf 82' lang='lat' dir='ltr'><strong>mss._Sabe_llia:</strong></span> <span class='ocrx_word' id='word_1_979' title='bbox 3432 5714 3526 5792; x_wconf 63' lang='lat' dir='ltr'><strong>cui</strong></span> <span class='ocrx_word' id='word_1_980' title='bbox 3571 5713 3691 5792; x_wconf 60' lang='lat' dir='ltr'><strong>uel</strong></span> 
     </span>
    </p>
   </div>
   <div class='ocr_carea' id='block_1_121' title="bbox 2086 5780 3690 5857">
    <p class='ocr_par' dir='ltr' id='par_1_121' title="bbox 2086 5780 3690 5857">
     <span class='ocr_line' id='line_1_124' title="bbox 2086 5780 3690 5857; baseline -0.006 -9"><span class='ocrx_word' id='word_1_981' title='bbox 2086 5780 2240 5848; x_wconf 54' lang='lat' dir='ltr'><strong>mss.’</strong></span> <span class='ocrx_word' id='word_1_982' title='bbox 2261 5780 2521 5846; x_wconf 48' lang='lat' dir='ltr'><strong>Vatfhas.</strong></span> <span class='ocrx_word' id='word_1_983' title='bbox 2541 5780 2608 5843; x_wconf 71' lang='grc' dir='ltr'><strong>ἰιι</strong></span> <span class='ocrx_word' id='word_1_984' title='bbox 2630 5788 2849 5843; x_wconf 84' lang='lat' dir='ltr'><strong>Carnut.</strong></span> <span class='ocrx_word' id='word_1_985' title='bbox 2882 5784 3196 5857; x_wconf 84' lang='lat' dir='ltr'><strong>particulam</strong></span> <span class='ocrx_word' id='word_1_986' title='bbox 3224 5788 3353 5841; x_wconf 84' lang='lat' dir='ltr'><strong>sicut</strong></span> <span class='ocrx_word' id='word_1_987' title='bbox 3382 5780 3690 5857; x_wconf 64' lang='lat' dir='ltr'><strong>praeﬁgunt,</strong></span> 
     </span>
    </p>
   </div>
   <div class='ocr_carea' id='block_1_122' title="bbox 2093 5856 3064 5935">
    <p class='ocr_par' dir='ltr' id='par_1_122' title="bbox 2093 5856 3064 5935">
     <span class='ocr_line' id='line_1_125' title="bbox 2093 5856 3064 5935; baseline -0.011 -17"><span class='ocrx_word' id='word_1_988' title='bbox 2093 5879 2214 5935; x_wconf 79' lang='lat' dir='ltr'><strong>qua:</strong></span> <span class='ocrx_word' id='word_1_989' title='bbox 2246 5863 2441 5918; x_wconf 88' lang='lat' dir='ltr'><strong>melius</strong></span> <span class='ocrx_word' id='word_1_990' title='bbox 2467 5860 2618 5916; x_wconf 82' lang='lat' dir='ltr'><strong>abest</strong></span> <span class='ocrx_word' id='word_1_991' title='bbox 2648 5858 2715 5912; x_wconf 86' lang='lat' dir='ltr'><strong>ab</strong></span> <span class='ocrx_word' id='word_1_992' title='bbox 2742 5858 2861 5912; x_wconf 84' lang='lat' dir='ltr'><strong>aliis</strong></span> <span class='ocrx_word' id='word_1_993' title='bbox 2893 5856 3064 5911; x_wconf 80' lang='lat' dir='ltr'><strong>libris.</strong></span> 
     </span>
    </p>
   </div>
  </div>
