4216 6254
495 298 597 357 151

500 523 732 582 persona
760 507 854 564 Dei
876 506 1045 579 patris
1067 505 1377 569 mentietur,
1400 517 1468 559 ne
1492 502 1547 557 in
1571 502 1738 558 Deum
1765 499 1953 556 (illium
1965 499 2095 555 dicti

501 601 663 673 hujus
684 599 1033 670 intelligentia
1052 596 1255 668 suscipi
1287 594 1490 667 possit:
1512 594 1696 650 audiat
1722 592 1990 648 mendacii
2013 591 2098 646 sui

505 695 574 749 ab
601 691 846 764 apostolo
874 700 928 746 et
956 690 1179 746 doctore
1212 688 1456 761 gentium
1490 697 1734 752 reatum;
1768 686 1950 741 omnia
1981 684 2100 741 base

504 790 573 845 ad
607 795 1002 849 sacramentum
1035 783 1304 856 passionis
1345 781 1630 838 dominica:
1675 790 1731 836 et
1776 778 2101 851 evangelicae

506 879 630 937 ﬁdei
663 889 908 948 tempora
936 875 1283 946 praedicante,
1320 882 1434 929 tum
1465 887 1590 928 cum
1621 871 1992 928 inﬁdelitatem
2025 867 2104 924 ls-

507 970 623 1028 rael
662 968 953 1025 adventum
994 966 1204 1024 Domini
1247 966 1301 1021 in
1340 979 1561 1021 carnem
1602 980 1707 1019 non
1747 962 2105 1034 intelligentis

507 1062 818 1132 exprobrat.
865 1059 957 1115 Ait
1000 1059 1143 1114 enim
1184 1058 1253 1113 ita
1282 1074 1302 1112 :
1352 1055 1532 1111 Omnis
1579 1057 1748 1123 enim,
1803 1055 2108 1127 quicumque

506 1153 810 1209 invacaverit
833 1168 1013 1206 nomen
1030 1149 1259 1213 Domini,
1282 1149 1583 1204 salvabitur.
1614 1146 1883 1216 Quomodo
1898 1147 2106 1200 invoca—

508 1248 631 1303 bunt
662 1264 777 1302 eum
813 1248 867 1300 in
906 1262 1057 1316 quem
1085 1259 1186 1297 non
1219 1240 1589 1297 crediderunt?
1634 1239 1904 1307 Quomodo
1937 1248 2109 1293 autem

511 1342 717 1397 credent
750 1341 796 1395 ei
822 1355 970 1405 quem
998 1356 1101 1393 non
1136 1336 1458 1393 audierunt?
1497 1334 1769 1402 Quomodo
1807 1343 1976 1387 autent
2011 1349 2108 1385 au-

511 1436 652 1490 dient
695 1436 804 1489 sine
850 1433 1204 1505 prtedicante?
1248 1429 1519 1498 Quomodo
1560 1436 1729 1482 autem
1756 1426 2112 1498 pradicabunt

511 1508 612 1583 nisi
660 1527 801 1581 missi
845 1524 1071 1593 fuerint?
1097 1523 1248 1578 sicuti
1276 1523 1525 1592 scriptum
1553 1528 1665 1575 est:
1689 1518 1763 1594 (a)
1799 1518 1968 1587 Quam
1994 1534 2111 1589 spe-

511 1620 639 1675 ciosi
669 1618 822 1689 pedes
859 1632 1036 1671 eorum
1080 1617 1168 1687 qui
1206 1615 1515 1669 annuntiant
1562 1628 1761 1686 pacem,
1810 1627 1988 1666 eorum
2026 1610 2115 1678 qui

513 1713 819 1767 annuntiant
856 1709 988 1764 bona
1030 1708 1203 1780 (Esai.
1244 1723 1335 1774 ιιι,
1368 1705 1466 1778 7):
1499 1706 1606 1761 Sed
1643 1722 1745 1760 non
1797 1720 1971 1759 omnes
1999 1703 2119 1758 abe-

1689 285 1937 349 SANCTI
1965 285 2223 345 HILARII
2260 283 2567 344 EPISCOPI

500 416 722 474 lendum
775 414 1087 487 ignorantes
1128 409 1624 482 simplicioresque,
1666 407 1811 464 dicta
1855 421 1978 464 esse
2026 420 2095 463 ex
2120 406 2174 465 Λ

3692 285 3799 342 139.

2268 402 2359 459 55.
2388 402 2603 457 Esaiam
2632 418 2698 458 ea:
2726 401 2896 459 Esaiae
2921 402 3468 474 dictisinterpretatur
3493 401 3797 476 Apostolus.

2202 492 2387 549 Esaias
2416 495 2540 549 vidit
2582 493 2749 549 Deum
2768 535 2784 562 ,
2817 495 3175 565 neque‘alinm
3198 496 3325 551 vidit
3354 505 3541 567 praeter
3578 495 3796 552 Filium.

2203 620 2273 632 κ-
2296 590 2409 646 Nisi
2433 591 2571 645 forte
2602 589 2893 660 Apostolus
2943 588 3100 644 dictis
3139 589 3469 660 propheticis
3495 589 3702 664 non‘(f)
3729 606 3797 648 ex

2203 682 2501 755 prophetiae
2546 683 2736 752 spiritu
2789 682 3096 752 usurpatis,
3130 682 3453 738 temerarius
3494 668 3654 739 alieni
3682 684 3824 740 δατ-ι’

2206 776 2383 832 monis
2409 777 2677 846 interpres
2697 786 2800 831 εει.
2831 774 3025 831 Omnia
3045 775 3261 848 quidem
3290 790 3389 848 per
3415 775 3800 833 revelationem

2205 868 2406 925 Christi
2442 868 2734 939 Apostolus
2778 867 2910 924 dicit
2939 886 2951 922 :
2980 868 3077 923 sed
3128 868 3305 923 Esaiae
3332 868 3477 923 dicta
3530 884 3594 924 ex
3647 868 3805 925 dictis

2209 962 2383 1018 Esaiae
2408 964 2576 1033 ipsius
2612 961 2779 1018 novit.
2811 961 2868 1017 In
2904 962 3129 1018 exordio
3172 965 3317 1018 enim
3358 964 3625 1019 sermonis
3649 963 3806 1033 ejus,

2209 1060 2264 1114 in
2291 1072 2397 1128 quo
2432 1057 2571 1111 Deus
2600 1070 2763 1112 verus
2805 1071 2837 1111 a
2866 1054 3229 1110 servientibus
3276 1054 3377 1110 sibi
3405 1054 3807 1111 benedicendus

2209 1162 2369 1223 atque
2389 1150 2647 1222 jurandus
2687 1160 2806 1216 est,
2840 1148 2956 1204 haec
2982 1149 3257 1219 praphettc
3292 1148 3465 1202 oratio
3493 1147 3689 1219 legitur
3717 1164 3730 1202 :
3762 1146 3809 1201 Α

2210 1243 2400 1301 stecula
2424 1260 2527 1299 non
2555 1242 2866 1309 audivimus,
2898 1258 2990 1297 nec
3013 1242 3150 1296 oculi
3178 1242 3341 1295 nostri
3375 1240 3611 1296 viderunt
3645 1239 3809 1295 Deum

2213 1351 2398 1412 prceter
2427 1348 2494 1402 te.
2541 1349 2588 1393 et
2617 1354 2773 1411 opera
2799 1346 2886 1392 tua
2930 1338 3011 1411 (g)
3037 1354 3152 1404 quw
3197 1337 3356 1407 [acies
3396 1337 3810 1407 exspectantibus

2212 1432 2618 1488 misericordiam
2645 1440 2783 1485 tuam
2809 1430 2961 1501 (Esa.
2995 1444 3145 1494 thv,
3173 1428 3250 1503 4).
3295 1429 3559 1500 Loquitur
3588 1428 3809 1497 Esaias,

2215 1533 2413 1596 praeter
2440 1523 2584 1579 hunc
2632 1538 2693 1579 se
2720 1525 2991 1579 neminem
3026 1523 3193 1578 Deum
3232 1522 3451 1579 vidisse.
3502 1522 3812 1578 Viditenim

2216 1618 2440 1691 gloriam
2492 1617 2626 1685 Dei,
2672 1620 2828 1686 cujus
2872 1615 2953 1690 (h)
2999 1616 3452 1687 pramontiaverat
3500 1617 3815 1689 mysterium

2218 1713 2615 1785 corporationis
2640 1727 2708 1768 ex
2738 1711 2964 1782 virgine.
2991 1711 3068 1767 Ac
3109 1712 3154 1765 si
3185 1719 3239 1766 tu
3274 1710 3530 1766 bmretice
3566 1710 3817 1781 ignoras,

518 1806 666 1859 diunt
707 1801 1013 1873 Evangelia.
1053 1800 1242 1855 Esaias
1280 1800 1416 1853 enint
1470 1799 1638 1864 dicit,
1680 1794 1939 1861 Domine,
2004 1795 2118 1866 quis
2146 1814 2196 1875 Β
2221 1809 2363 1884 quod
2406 1809 2458 1864 in
2508 1822 2569 1863 ea
2619 1807 2788 1877 gloria
2831 1805 3161 1876 unigenitum
3211 1804 3377 1859 Deum
3406 1804 3639 1869 viderit;
3695 1803 3821 1858 audi
3878 1852 3881 1855 Α

517 1896 734 1953 credidit
799 1895 1001 1951 anditui
1046 1903 1219 1949 nostra
1284 1890 1457 1965 (Esai.
1485 1906 1600 1959 Llll,
1638 1889 1732 1962 l)?
1773 1887 1956 1959 Itaque
1989 1888 2120 1958 ﬁdes

518 2016 582 2056 ea:
608 1997 813 2063 auditu,
856 1995 1067 2052 auditus
1111 2002 1280 2047 autent
1327 2006 1420 2060 per
1443 1989 1653 2044 verbum
1692 1987 1791 2061 (b).
1835 1986 1942 2044 Sed
1980 1987 2121 2052 dico,

520 2090 772 2163 numquid
794 2106 895 2144 nan
915 2085 1229 2142 audierunt?
1282 2082 1399 2138 Ima
1447 2083 1503 2136 in
1533 2097 1734 2137 omnem
1754 2087 1945 2135 terram
1970 2079 2124 2134 exivit

518 2200 675 2239 sanus
705 2197 903 2249 eorum,
936 2189 983 2234 et
1021 2179 1090 2232 ad
1111 2178 1351 2232 terminos
1375 2175 1511 2230 orbis
1528 2172 1601 2246 (c)
1621 2172 1771 2228 verba
1791 2188 1990 2228 eorum.
2018 2170 2127 2227 Sed

521 2277 663 2332 dico:
691 2273 959 2345 Numquid
986 2271 1158 2327 Israel
1183 2286 1287 2325 non
1314 2269 1458 2324 sciuit
1475 2269 1501 2323 ?
1524 2266 1734 2322 Primus
1757 2264 1964 2337 Moyses
1980 2264 2123 2330 dicit,

520 2367 639 2441 Ego
672 2365 894 2422 incitaba
920 2382 1008 2421 vos
1036 2367 1090 2421 in
1117 2381 1219 2420 non
1242 2371 1443 2437 gentem
1460 2403 1475 2429 ,
1507 2362 1562 2417 in
1589 2371 1789 2434 gentem
1815 2361 2130 2416 insensatant

522 2462 834 2518 exacerbaba
856 2476 964 2516 vos.
994 2458 1183 2516 Esaias
1211 2468 1386 2514 autem
1407 2455 1561 2511 audet
1599 2465 1648 2511 et
1693 2456 1848 2522 dicit,
1894 2453 2132 2525 Apparui

524 2564 693 2610 autem
719 2554 801 2634 his
823 2552 912 2624 qui
941 2568 1022 2607 me
1047 2567 1149 2606 non
1177 2549 1258 2625 (ά)
1278 2558 1536 2620 quierunt,
1565 2550 1800 2604 inventus
1820 2563 1932 2602 sum
1960 2547 2025 2602 iis
2043 2546 2132 2616 qui

523 2662 606 2701 me
631 2662 735 2701 nan
753 2642 1138 2715 interrogabant
1156 2642 1360 2716 (Esaia.
1387 2657 1520 2706 va,
1545 2642 1622 2711 1).
1659 2640 1739 2694 Ad
1763 2638 1937 2695 Israel
1963 2648 2133 2694 autem

525 2742 650 2813 quid
677 2741 843 2795 dicit?
863 2738 999 2794 Tata
1022 2740 1104 2793 die
1131 2736 1211 2811 (1)
1237 2737 1442 2793 extendi
1460 2752 1647 2791 manus
1673 2752 1811 2791 meas
1848 2736 1916 2790 ad
1978 2733 2133 2807 125

528 2833 778 2905 populum
791 2848 895 2886 non
909 2829 1528 2901 audientem(Ram.x,13
1545 2838 1591 2883 et
1607 2828 1740 2900 seq.)
1751 2871 1764 2883 .
1775 2827 1983 2899 (e)Quis
2010 2829 2132 2884 casti

531 2922 789 2988 circulos,
817 2921 1086 2978 incertum
1117 2921 1474 2992 incorporeus
1505 2935 1575 2975 an
1603 2935 1922 2992 corporeus,
1952 2934 2136 2991 egres-

529 3030 645 3081 sus,
671 3014 885 3069 iidelior
914 3013 1080 3069 Paulo
1107 3013 1377 3069 dictorum
1401 3014 1842 3085 propheticorum
1866 3018 2136 3085 interpres

533 3107 788 3163 exstitisti
813 3105 882 3179 (ll
902 3104 1022 3161 Cor.
1048 3121 1149 3172 xu,
1167 3104 1228 3175 2)
1244 3105 1267 3159 ἲ
1283 3090 1416 3172 Quis
1443 3103 1804 3160 inenarranda
1830 3104 2134 3160 caelestium

2224 1904 2488 1961 Joannem
2530 1899 2913 1970 evangelistam
2963 1898 3230 1953 dicentem
3265 1896 3396 1969 (xu,
3428 1895 3521 1968 4i)
3545 1916 3558 1951 ;
3583 1895 3710 1950 Htrc
3729 1912 3823 1949 au—

2228 2008 2328 2052 tem
2358 1995 2487 2050 dixit
2516 1992 2722 2057 Esaias,
2762 1992 2967 2063 quando
2989 1990 3114 2045 vidit
3137 1988 3200 2062 (i)
3233 1990 3477 2045 honorem
3498 1990 3640 2059 eius,
3672 1998 3721 2043 et
3747 1989 3826 2043 la-

2228 2100 2378 2146 cutus
2415 2097 2488 2144 est
2532 2088 2597 2141 de
2622 2103 2680 2141 ea
2726 2084 2877 2156 (Esa.
2904 2100 2992 2152 vt,
3025 2085 3103 2154 1).
3133 2083 3270 2140 Hinc
3311 2083 3620 2155 apostolicis
3645 2125 3660 2147 ,
3701 2083 3827 2138 hinc

2228 2179 2576 2251 evangelicis,
2607 2178 2733 2234 hinc
2763 2175 3095 2248 propheticis
3120 2176 3280 2232 dictis
3305 2217 3320 2240 ,
3351 2176 3512 2246 impie
3535 2174 3785 2230 haeretica
3809 2216 3824 2243 ,

2230 2274 2594 2331 concluderis.
2624 2271 2814 2327 Esaias
2836 2272 2980 2327 enim
3009 2270 3177 2326 Deum
3208 2268 3372 2334 vidit;
3415 2276 3614 2324 etcum
3658 2269 3829 2336 serip-

2235 2379 2344 2425 tum
2371 2369 2441 2424 sit
2470 2387 2484 2422 :
2512 2365 2682 2421 Deum
2712 2380 2864 2421 nemo
2891 2364 3016 2419 vidit
3049 2363 3128 2436 (2)
3161 2365 3233 2436 (j)
3261 2378 3503 2433 umquam
3526 2403 3541 2429 ,
3569 2361 3669 2416 nisi
3706 2362 3827 2415 uni-

2232 2463 2438 2534 genitus
2482 2458 2625 2529 ﬁlius
2648 2499 2664 2526 ,
2710 2458 2795 2529 qui
2823 2467 2894 2513 est
2933 2458 2991 2511 in
3019 2458 3136 2511 sinu
3187 2455 3393 2522 Patris,
3425 2455 3537 2522 ipse
3573 2454 3829 2508 enarravit

2236 2554 2417 2628 (Jaan.
2448 2569 2504 2618 t,
2555 2550 2684 2624 l8);
2715 2552 2883 2606 Deum
2931 2558 3109 2605 tamen
3141 2548 3401 2621 prapheta
3428 2547 3600 2615 vidit,
3628 2556 3685 2602 et
3716 2548 3833 2619 glo-

2235 2648 2371 2703 riam
2401 2645 2517 2717 ejus
2551 2660 2722 2714 usque
2773 2642 2842 2699 ad
2889 2643 3152 2698 invidiam
3182 2641 3512 2712 prophetica:
3555 2640 3832 2711 dignitatis

2236 2739 2507 2812 adspexit.
2538 2738 2672 2795 Nam
2702 2738 2757 2794 in
2781 2737 3038 2809 judicium
3066 2735 3257 2792 mortis
3277 2735 3348 2790 ob
3377 2733 3517 2789 hanc
3543 2748 3762 2790 causam
3803 2749 3833 2789 a

2235 2831 2439 2889 Iudaeis
2458 2841 2610 2907 actus
2640 2841 2746 2886 est.

2320 2925 2479 2997 126
2506 2926 2597 2981 54.
2625 2922 2868 2979 Pressius
2884 2920 3166 2977 ostenditur
3189 2920 3388 2976 Filium
3408 2919 3472 2974 ab
3491 2918 3650 2974 Esaia
3672 2918 3834 2973 Deum

2238 3034 2413 3073 verum
2436 3017 2769 3087 praedicatum
2796 3031 2921 3070 esse.
2951 3013 3323 3070 Hiereticarum
3348 3014 3403 3068 id
3428 3014 3720 3085 negantium
3742 3010 3838 3065 da-

2238 3109 2340 3165 lus.
2366 3138 2436 3150 —
2464 3108 2633 3163 Deum
2665 3108 2845 3178 itaque
2877 3106 3077 3163 nemini
3103 3108 3275 3162 visum
3301 3149 3315 3174 ,
3345 3105 3655 3178 unigenitus
3695 3104 3837 3159 [ilius

531 3201 915 3274 mysteriorum
941 3197 1167 3254 audiens
1194 3206 1531 3254 sacramenta
1568 3206 1624 3253 et
1666 3208 1851 3253 tacens
1874 3239 1890 3265 ,
1930 3198 2136 3269 majore
2163 3196 2207 3260 C
2239 3203 2330 3274 qui
2360 3202 2411 3257 in
2439 3202 2561 3258 sinu
2589 3202 2765 3257 Patris
2791 3212 2875 3257 est
2917 3202 3208 3257 enarravit.
3250 3205 3353 3257 Aut
3383 3201 3616 3257 dissolve
3645 3200 3836 3270 unige-

533 3295 653 3353 hacc
675 3294 866 3351 iiducia
894 3294 1147 3351 revelatae
1177 3293 1272 3349 tibi
1317 3308 1347 3346 a
1380 3294 1489 3349 Deo
1533 3293 1774 3348 scientiae
1803 3293 2139 3362 pranlicasti?

538 3390 671 3458 Quis
697 3389 764 3444 ad
806 3387 1196 3460 plenitudinem
1242 3386 1531 3443 dominica:
1574 3386 1842 3458 passionis
1878 3389 2028 3444 cruci
2057 3406 2142 3446 re-

536 3482 859 3549 servandus,
880 3491 1038 3536 antea
1057 3482 1106 3534 iu
1126 3480 1435 3550 paradisum
1448 3492 1640 3549 raptus
1667 3484 1925 3550 evadeus,
1947 3484 2142 3541 melius

538 3573 608 3630 de
646 3572 845 3629 divinis
879 3572 1176 3642 Scripturis
1215 3571 1500 3628 electionis
1536 3587 1667 3629 vase
1714 3574 1976 3642 docuisti,
2026 3576 2142 3632 hat-e

541 3666 791 3723 nesciens
811 3664 954 3720 dicta
978 3673 1239 3735 gestaque
1268 3677 1392 3719 esse
1420 3679 1450 3718 a
1477 3663 1585 3720 Deo
1614 3681 1766 3733 vero,
1794 3674 1850 3721 et
1878 3667 1945 3722 ad
1982 3667 2143 3724 intel-

539 3758 819 3830 ligentiam
850 3755 945 3813 Dei
972 3755 1085 3814 veri
1112 3772 1143 3812 a
1172 3770 1303 3813 vero
1322 3756 1441 3828 ejus
1463 3766 1517 3813 et
1537 3756 1713 3814 electo
1732 3759 1979 3828 apostolo
2008 3776 2146 3831 prac-

542 3851 761 3909 dicata?

542 4065 551 4076 ,
737 3993 1017 4076 Expandi,
1043 3996 1199 4076 juxta
1229 3999 1338 4053 vim
1376 3998 1536 4076 ει·ωοὶ
1566 3996 1813 4053 vocabuli
1838 3998 2139 4064 ἐξεπέτασα.

545 4065 575 4146 ῇ
620 4065 701 4147 (δὲ)
737 4065 990 4139 Umquam
1010 4065 1164 4124 abest
1189 4084 1218 4122 a
1251 4084 1354 4124 ms.
1382 4065 1588 4124 'Veron.

621 4185 698 4258 (a)
716 4184 778 4258 in
802 4198 904 4237 ms.
928 4178 1099 4258 _Carn._
1127 4196 1155 4258 _a
1185 4181 1358 4258 prima
1382 4196 1574 4258 mam),
1590 4198 1746 4251 quam
1766 4181 1961 4258 veloces
1981 4182 2151 4253 pedes.

620 4248 694 4331 (ὁ)
716 4253 1064 4331 Hemovimus
1086 4251 1213 4307 hinc
1231 4252 1452 4307 verbum
1476 4248 1863 4317 Dei,'vctcrum
1894 4248 2151 4308 librorum

544 4326 889 4383 auctoritate.

621 4396 695 4470 (c)
722 4396 779 4470 In
800 4393 1033 4470 vulgatis
1057 4391 1145 4470 hic
1168 4391 1387 4449 additur
1407 4393 1755 4470 terrw:_quod
1773 4394 1927 4451 abest
1956 4411 1986 4450 a
2016 4410 2148 4453 mss.

622 4465 703 4542 td)
736 4465 900 4542 Editi,
925 4465 1252 4542 glires-ebant:
1280 4466 1703 4542 repugnantibus
1729 4482 1860 4542 mss.

627 4473 681 4542 (d
736 4472 900 4532 Editi,
925 4472 1252 4535 gntes-ebant:
1280 4472 1703 4536 repugnantibus
1729 4482 1860 4523 mss.

627 4472 703 4613 (ε)
735 4535 1063 4613 Bad._et_‘E_r.
1089 4551 1211 4613 cum
1242 4536 1412 4613 unico.
1439 4552 1540 4613 ms.
1571 4537 1727 4591 Coll).
1761 4538 2001 4592 minima:
2023 4552 2150 4592 auc-

549 4610 782 4668 toritatis
806 4626 819 4663 :

550 4700 666 4739 reus
690 4683 973 4753 ingressus.
1009 4678 1365 4753 ln_edit.aliis
1388 4688 1658 4753 rqtentnm
1695 4689 1777 4753 est
1817 4678 2148 4734 verbum’in-

550 4747 773 4827 gressus.
800 4750 959 4827 Quod
987 4761 1041 4804 et
1071 4749 1257 4827 habuit
1279 4763 1379 4827 ius.
1417 4747 1582 4827 Caro.
1613 4766 1640 4827 ξι
1668 4750 1840 4818 prima
1875 4754 2154 4827 manuLAt

550 4820 581 4881 ξι
613 4824 848 4881 secunda
872 4824 1219 4875 consentiens
1243 4820 1361 4874 aliis
1385 4834 1517 4874 mss.
1546 4821 1727 4884 habet,
1762 4836 2019 4889 egressus.
2054 4820 2153 4874 Pa-

552 4897 660 4952 lam
706 4902 792 4949 est
835 4891 919 4945 hic
948 4890 1144 4958 respici
1193 4890 1341 4943 Pauli
1384 4902 1598 4958 raptum
1638 4905 1806 4960 usque
1836 4893 1885 4944 in
1935 4892 2150 4946 tertium

553 4968 751 5039 caelum
807 4963 934 5039 (qui
982 4961 1199 5030 quidem
1231 4961 1284 5015 in
1312 4961 1654 5039 psal._cxxxv
1679 5003 1695 5027 ,
1732 4979 1788 5016 n.
1820 4962 1908 5023 10.
1946 4962 2024 5016 sic
2054 4980 2153 5039 cit:

561 5031 824 5109 primitur
847 5031 869 5089 ε’
894 5031 1023 5109 Cum
1052 5044 1233 5109 raptus
1260 5033 1329 5109 ad
1370 5035 1522 5109 cattas
1562 5040 1666 5104 est)
1697 5048 2016 5109 :n‘toxivcro
2042 5035 2154 5109 _ubi

552 5103 837 5177 subjicitur
857 5146 871 5170 ,
908 5103 1038 5177 Quis
1050 5103 1134 5177 ad
1160 5103 1552 5177 plenitudinem,
1586 5103 1894 5162 etc..al|udi
1923 5105 1989 5159 ad
2010 5105 2155 5177 _h:nc

552 5174 735 5235 Calas.
754 5194 791 5243 ι,
812 5176 884 5230 24
910 5192 924 5228 :
959 5174 1229 5241 Adimplea
1253 5190 1314 5228 ea
1331 5190 1445 5244 qua:
1469 5177 1651 5230 desunt
1673 5177 1972 5244 passionum
1994 5175 2147 5230 Chri-

522 5308 527 5313 _
552 5252 639 5305 sti.
662 5250 737 5305 lta
756 5251 809 5303 in
828 5248 909 5302 his
933 5245 1166 5301 Hilarius
1189 5245 1557 5302 adversarium
1579 5263 1700 5301 cum
1724 5247 1986 5316 Apostolo
2003 5262 2151 5302 com-

552 5333 727 5392 parat,
761 5329 820 5374 ut
863 5332 986 5389 quae
1025 5316 1174 5372 Pauli
1220 5324 1382 5385 sunt,
1414 5319 1467 5372 iu
1515 5318 1663 5373 illum
1693 5321 1943 5375 conferre
1968 5319 2151 5374 videa-

556 5404 664 5447 llll'.

626 5461 696 5535 (i)
723 5460 953 5535 Quidam
981 5474 1111 5535 mss.
1139 5475 1205 5535 ea:
1222 5460 1486 5535 propheta:
1512 5461 1717 5535 spiritu.

628 5530 705 5605 (ri)
737 5532 910 5599 Editi,
939 5546 1055 5602 qut:
1087 5531 1215 5600 facis
1242 5530 1631 5587 reluctantibus
1663 5548 1794 5590 mss.
1824 5542 1879 5589 et
1909 5547 2087 5606 graeco
2114 5532 2150 5590 ἃ

556 5625 807 5665 ποιησεις.

652 5675 710 5744 Ιι)
738 5673 892 5741 Apud
948 5671 1077 5744 Ball.
1130 5680 1183 5726 et
1226 5670 1346 5736 Er.,
1380 5676 1796 5742 pronuntiaverat
1825 5692 1844 5731 :
1882 5677 2042 5732 male.
2089 5674 2151 5732 In

555 5742 742 5800 mace
770 5753 946 5797 autem
983 5742 1100 5795 Vat.
1135 5745 1249 5797 bas.
1295 5747 1692 5811 prtenuntiabat.
1741 5747 1798 5801 ln
1849 5747 1969 5803 aliis
2024 5763 2152 5802 vero

557 5816 740 5883 libris,
771 5812 1201 5885 prtenuntiaverat
1234 5828 1252 5867 :
1302 5816 1498 5871 verius.
1540 5815 1677 5872 Tum
1706 5819 1923 5885 excusi,
1964 5828 2153 5889 myste-

856 4608 986 4676 Quis
1009 4609 1059 4661 in
1084 4608 1289 4661 tertium
1317 4609 1499 4663 cretum
1520 4611 1854 4678 incorporeus
1875 4626 1941 4662 an
1962 4624 2115 4679 carpo
2130 4640 2144 4649 -
2168 4593 2226 4663 ,D

2245 3296 2343 3351 niti
2370 3297 2774 3351 enarrationem
2797 3336 2813 3363 ,
2845 3294 2926 3367 (ὅ)
2966 3306 3062 3350 aut
3107 3294 3268 3351 crede
3298 3295 3387 3365 qui
3417 3295 3565 3349 visus
3603 3303 3716 3360 est,
3746 3294 3838 3364 qui

2244 3388 2494 3460 apparuit
2521 3403 2629 3443 non
2657 3387 3084 3459 iutelligentibus
3117 3403 3178 3444 se
3199 3429 3214 3454 ,
3251 3385 3332 3460 (4)
3362 3385 3439 3460 (It)
3465 3394 3519 3442 et
3556 3384 3727 3440 lactus
3752 3396 3842 3440 eat

2245 3484 2484 3553 gentium
2509 3497 2614 3536 non
2646 3482 3007 3537 invocantium
3036 3495 3116 3545 sc,
3145 3489 3199 3536 et
3221 3478 3478 3549 expandit
3499 3492 3685 3533 manus
3711 3484 3842 3533 ante

2245 3576 2506 3647 papulum
2536 3574 2999 3631 contradicentem
3031 3590 3046 3628 :
3075 3573 3146 3628 ita
3198 3582 3374 3628 tamen
3403 3580 3461 3628 ut
3502 3579 3558 3626 et
3593 3568 3843 3625 servien-

2249 3671 2389 3726 tibus
2429 3670 2531 3727 sibi
2572 3684 2770 3725 nomen
2804 3685 3003 3725 novum
3036 3675 3290 3733 vocetur,
3325 3677 3379 3721 et
3415 3666 3471 3722 in
3508 3664 3666 3720 terris
3700 3663 3847 3719 Deus

2249 3778 2409 3818 verus
2457 3761 2812 3824 benedicatur
2858 3769 3021 3830 atque
3061 3760 3294 3829 juretur.
3342 3757 3412 3826 (ι)
3450 3753 3737 3826 Praphetia
3765 3753 3847 3808 lo-

2248 3856 2454 3927 quitur,
2480 3856 2586 3911 Eva
2596 3854 2828 3926 ngelium
2854 3861 3101 3918 testatur,
3125 3850 3418 3922 Apostolus
3437 3850 3844 3920 interpretatur,

2350 3997 2403 4054 5i
2436 3998 2536 4053 Aut
2562 3996 2729 4053 Deum
2756 3997 2927 4053 crede.

2350 4000 2383 4054 5
2436 3998 2536 4053 Aut
2562 3997 2729 4053 Deum
2756 3997 2927 4053 crede.

2325 3997 2405 4143 ξι)
2446 4069 2513 4123 Ει
2540 4069 2712 4141 palam
2736 4070 2906 4140 factus
2932 4076 3003 4125 est
3030 4068 3169 4141 genti
3189 4083 3291 4122 non
3315 4067 3573 4123 invocanti
3592 4084 3669 4125 se.

2260 4187 2396 4238 rium
2418 4184 2869 4253 incorporationis.
2906 4185 3216 4255 Elegantius
3245 4197 3378 4239 mss.
3419 4184 3714 4255 mysterium
3736 4202 3855 4240 cor-

2261 4257 2564 4324 poratianis.
2607 4255 2677 4311 Ut
2717 4266 2897 4311 autem
2950 4255 3135 4311 Hilarii
3182 4264 3558 4323 argumentum
3612 4258 3853 4326 apertius

2263 4336 2483 4395 pateat,
2541 4328 2619 4382 sic
2668 4343 2774 4380 uno
2821 4328 3137 4398 syIlOgismu
3187 4332 3363 4398 potest
3416 4329 3847 4398 comprehendi:

2262 4400 2445 4452 Esaias
2469 4398 2605 4453 vidit
2630 4399 2815 4461 Deum,
2838 4396 2893 4452 vl
2913 4440 2928 4463 ,
2964 4401 2991 4454 i
3021 4438 3036 4463 ,
3083 4397 3199 4451 Vidi
3236 4396 3515 4450 Dominum
3544 4396 3809 4453 sedentem
3835 4442 3850 4461 ,

2254 4471 2537 4535 ete.,atqui
2571 4484 2677 4523 non
2704 4469 2863 4522 aliam
2889 4468 2983 4523 Ι)ρί
3009 4483 3292 4538 personam
3323 4478 3522 4538 praeter
3542 4485 3702 4537 quam
3727 4469 3854 4525 Filii

2255 4540 2548 4613 vidit_t._x1v.
2572 4541 2658 4613 ίιίμε
2696 4537 2806 4592 Nec
2836 4541 2975 4613 oculi
2999 4535 3161 4594 nostri
3190 4535 3427 4596 viderunt
3456 4535 3623 4594 Deum
3668 4551 3857 4613 prwter

2254 4623 2341 4666 te:
2371 4610 2537 4665 Filius
2569 4611 2730 4677 igitur
2758 4618 2843 4665 est
2874 4611 3036 4667 Dens.

2338 4679 2401 4752 (i)
2434 4681 2489 4735 In
2521 4681 2775 4753 vulgatis,
2808 4681 3029 4753 gloriam
3063 4699 3081 4737 :
3108 4699 3136 4735 a
3166 4699 3268 4753 qua
3295 4698 3428 4737 voce
3459 4698 3569 4753 non
3591 4682 3851 4738 abhorret

2259 4750 2513 4807 Hilarius.
2546 4750 2874 4822 Reponimus
2908 4765 3083 4808 tamen
3116 4750 3360 4808 honorem
3383 4768 3450 4809 ex
3477 4752 3585 4809 ﬁde
3615 4769 3744 4810 mss.

2329 4824 2396 4894 (i)
2429 4825 2509 4877 Ab
2531 4821 2782 4894 omnibus
2810 4821 2925 4880 lere
2952 4841 3080 4880 mss.
3116 4826 3201 4880 hic
3224 4827 3375 4880 abest
3402 4840 3665 4891 umquam,
3697 4840 3859 4881 secus

2258 4892 2388 4968 vero
2416 4894 2456 4949 l.
2488 4912 2536 4968 v,
2570 4912 2624 4948 ιι.
2650 4892 2741 4959 42,
2766 4907 2825 4968 et
2854 4897 2887 4949 Ι.
2917 4912 3063 4962 v1,n.
3093 4896 3354 4968 59.Quod
3381 4895 3509 4968 (cal.
3542 4897 3669 4961 127,
3689 4899 3860 4968 .not.b

2258 4965 2425 5039 hujus
2443 4966 2703 5036 editionis)
2727 4967 3069 5021 observatum
3099 4977 3206 5033 est,
3229 4967 3321 5023 Dei
3351 4965 3574 5022 nomine
3593 5010 3608 5032 ,
3635 4968 3723 5021 tibi
3744 4966 3861 5023 haec

2261 5053 2364 5092 vox
2385 5038 2704 5107 simpliciter
2730 5040 3001 5105 occurrit,
3035 5039 3247 5094 Patrem
3277 5040 3345 5093 ab
3374 5039 3612 5106 antiquis
3634 5039 3862 5108 intelligi

2256 5110 2453 5174 solere,
2484 5113 2717 5165 maxime
2747 5110 2798 5162 iu
2829 5110 2982 5165 hisce
3005 5110 3229 5165 Joannis
3261 5111 3439 5165 verbis
3466 5110 3644 5163 locum
3674 5109 3859 5164 habet.

2258 5179 2348 5235 Sic
2391 5196 2552 5249 porro
2593 5178 2827 5235 Hilarius
2874 5182 3267 5235 ratiocinator:
3304 5180 3493 5235 Esaias
3540 5196 3607 5234 ex
3637 5180 3864 5235 Joannis

2258 5252 2565 5305 testimonio
2604 5252 2774 5305 Deum
2817 5252 2951 5306 vidit
3000 5270 3012 5305 :
3047 5261 3101 5306 at
3131 5253 3300 5309 Deum
3334 5251 3553 5306 Patrem
3581 5265 3614 5304 a
3645 5252 3864 5308 nemine

2254 5320 2430 5393 visum
2470 5321 2748 5393 lohaunes
2778 5321 2921 5377 idem
2970 5333 3197 5379 testatur
3230 5341 3244 5377 :
3279 5322 3411 5377 vidit
3460 5324 3623 5393 igitur
3674 5322 3867 5378 Esaias

2257 5392 2424 5446 Deum
2458 5392 2672 5446 Filium.

2328 5462 2405 5532 (lt)
2433 5463 2576 5518 Editi
2605 5477 2728 5518 cum
2781 5464 3026 5532 pluribus
3067 5480 3198 5521 mss.
3221 5506 3235 5527 ,
3263 5473 3313 5520 et
3341 5466 3518 5533 palam
3565 5464 3736 5532 factus
3792 5473 3865 5519 est

2254 5534 2393 5603 genti
2419 5552 2519 5589 non
2550 5535 2806 5589 invocanti
2834 5551 2907 5590 se.
2940 5537 3231 5606 Exemplar
3253 5535 3417 5591 Caru.
3447 5578 3461 5602 ,
3495 5537 3774 5606 factusiest
3814 5537 3867 5589 in

2256 5606 2424 5658 medio
2444 5606 2693 5676 gentium,
2725 5616 2831 5661 etc.
2872 5606 3061 5663 Verius
3105 5605 3435 5662 vetustiores
3478 5623 3609 5661 mss;
3660 5605 3818 5662 Colb.
3846 5646 3862 5671 ,

2258 5676 2470 5746 Ilemig.
2503 5687 2557 5731 et
2582 5677 2792 5749 Germ,
2824 5682 2991 5749 factus
3014 5689 3088 5733 est
3122 5679 3350 5748 gentium
3380 5695 3483 5732 non
3513 5679 3863 5733 invocantium

2260 5763 2333 5812 se,
2365 5749 2580 5816 supple,
2614 5746 2757 5802 Deus
2780 5746 3042 5819 praprius.

2334 5819 2399 5891 (ι)
2454 5820 2542 5876 Sic
2566 5836 2695 5876 mss.
2727 5817 2797 5875 At.
2821 5820 2975 5889 editi,
3000 5820 3281 5890 Propheta.
3306 5817 3444 5877 Nota
3463 5821 3549 5877 hic
3578 5835 3685 5877 non
3705 5820 3869 5876 modo
