4216 6254
303 354 413 411 553

1551 353 1636 409 DE
1674 351 2049 410 TRINITATE
2093 352 2295 409 LIBER
2336 353 2400 409 ν.

3501 349 3604 410 154

304 467 547 525 Ecclesia
574 467 903 530 conﬁtetur,
929 466 1096 522 Deum
1119 481 1309 522 verum
1341 481 1462 524 esse
1503 467 1593 538 qui
1626 468 1904 534 visus'sit;
1935 477 1988 538 Α
2012 483 2196 524 verum
2233 469 2665 526 ostenderemus.
2705 469 2791 536 Et,
2826 477 2880 523 ut
2916 469 2986 542 (f)
3014 482 3209 540 spero,
3240 483 3302 524 ea
3341 468 3608 526 dictorum

301 577 424 618 cum
453 571 636 616 tamen
669 561 836 614 Deum
886 569 1093 630 patrem
1134 559 1306 614 visum
1340 574 1499 616 nemo
1537 561 1768 616 fateatur
1805 579 1817 614 :
1851 571 1906 618 et

302 669 369 710 eo
399 654 633 708 haeretici
667 652 867 708 furoris
899 653 1142 723 prorupit
1164 653 1396 718 insania,
1426 661 1483 708 ut
1503 653 1628 709 dum
1655 654 1898 710 conﬁteri

304 766 364 806 se
409 751 643 809 simulat.
673 749 988 818 denegaret.
1019 747 1186 818 Negat
1223 749 1366 803 enim
1420 763 1559 803 novo
1610 747 1903 803 confessio-

267 820 392 899 .nis
420 845 499 915 (η)
528 843 795 914 impieque
823 843 1082 907 consilio;
1113 851 1165 896 et
1186 853 1302 896 arte
1328 841 1550 896 subdola
1582 841 1738 896 ﬁdem
1775 841 1900 896 dum

304 938 586 1004 mentitur,
609 935 799 992 eludit.
825 937 956 991 Cum
981 935 1123 990 enim
1144 934 1394 990 confessi)
1419 950 1524 988 uno
1552 935 1664 990 Deo
1684 934 1905 990 eodem-

305 1046 412 1100 que
435 1045 564 1084 vero
590 1039 642 1084 et
671 1029 791 1085 solo
811 1028 980 1099 justo,
1005 1029 1124 1083 solo
1147 1028 1390 1096 sapiente
1411 1069 1424 1090 ,
1454 1029 1573 1081 solo
1601 1027 1904 1083 indemuta-

306 1122 442 1187 bili,
493 1123 608 1177 solo
654 1120 982 1185 immortali;
1016 1121 1132 1176 solo
1162 1129 1410 1191 potente,
1443 1120 1726 1191 subjicitur
1751 1129 1804 1176 ct
1842 1121 1903 1176 ti-

305 1219 417 1275 lius
443 1221 496 1274 in
523 1219 831 1275 diversitate
863 1218 1181 1273 substantiae
1207 1260 1220 1285 ,
1247 1231 1362 1272 non
1400 1233 1467 1271 ex
1510 1217 1616 1274 Deo
1643 1229 1800 1273 natus
1847 1219 1900 1273 in

309 1313 481 1367 Deum
508 1355 521 1374 ,
551 1311 644 1366 sed
678 1327 767 1381 per
791 1311 1122 1366 creationem
1149 1319 1430 1380 susceptus
1468 1310 1519 1364 in
1553 1310 1721 1365 ﬁlium
1748 1353 1763 1378 ,
1794 1326 1898 1365 non

303 1414 516 1460 natum
547 1404 746 1459 habens
796 1419 990 1457 nomen
1019 1444 1032 1470 ,
1085 1403 1178 1458 sed
1228 1401 1533 1473 adoptionis
1562 1404 1783 1457 sortitus
1810 1418 1903 1471 ap-

302 1497 688 1568 pellationem;
721 1510 946 1551 necesse
975 1508 1056 1550 e5t
1101 1503 1158 1548 ut
1204 1494 1288 1548 his
1314 1495 1562 1549 omnibus
1590 1505 1770 1550 careat
1807 1495 1900 1550 Fi-

300 1589 426 1655 lius,
452 1605 568 1659 qua:
599 1589 663 1643 ad
695 1587 1032 1658 privilegium
1077 1587 1332 1642 solitariae
1359 1588 1411 1642 in
1445 1587 1602 1642 Patre
1647 1587 1898 1657 majesta-

301 1683 372 1738 tis
403 1691 525 1736 sunt
555 1683 867 1752 prmdicata.

372 1777 461 1832 55.
495 1777 674 1830 Ariani
709 1793 871 1830 unum
891 1793 1063 1830 verum
1111 1775 1271 1830 Deum
1303 1778 1553 1832 nesciunt.
1594 1777 1717 1834 Cur.
1764 1777 1902 1842 Quid

2010 563 2248 616 omnium
2282 546 2551 618 absolutio
2577 563 2709 629 fuit,
2734 571 2794 617 ut
2825 562 2965 618 Deus
2993 579 3152 618 verus
3180 563 3607 636 intelligeretur,

2010 653 2101 723 qui
2128 655 2270 709 Dcus
2297 669 2418 710 esse
2450 671 2556 710 non
2588 656 2904 726 negabatur.
2938 655 3198 724 Reliquus
3236 667 3416 713 autem
3466 673 3608 714 nunc

2009 749 2186 802 tnnnis
2212 764 2393 804 sermo
2421 749 2489 803 ad
2532 749 2581 803 id
2617 749 2856 819 proﬁciet
2876 792 2891 815 ,
2921 759 2979 804 ut
3005 751 3095 821 qui
3137 752 3277 806 Deus
3305 768 3465 808 verus
3487 769 3609 810 esse

2011 841 2348 911 intelligitur,
2380 856 2485 896 non
2513 843 2564 896 iu
2598 843 2761 896 Deum
2792 843 3020 898 alterum
3046 843 3358 914 deputetur;
3390 854 3443 900 et
3465 846 3605 914 quod

2007 931 2074 985 ad
2107 934 2184 1002 (g)
2204 932 2434 987 alterum
2466 947 2572 987 non
2609 933 2857 1004 proﬁcit,
2909 935 2976 988 ad
3025 949 3188 990 unum
3233 935 3561 1007 intelligatur
3591 954 3606 992 :

2011 1042 2172 1080 imum
2206 1035 2383 1080 autem
2433 1027 2565 1081 illud
2606 1043 2710 1082 nou
2754 1027 3139 1083 subsistentem
3175 1037 3420 1084 naturam
3451 1032 3606 1101 ‘pcri-

2009 1127 2120 1172 mat
2144 1119 2196 1172 in
2230 1117 2366 1172 Filio
2385 1160 2399 1182 ,
2433 1118 2528 1174 sed
2557 1119 2608 1173 in
2633 1119 2743 1174 Deo
2769 1128 2825 1175 et
2855 1120 2965 1175 Deo
2986 1129 3230 1176 naturam
3261 1121 3353 1176 Dei
3380 1121 3604 1194 (It)con-

2006 1219 2186 1266 servet
2212 1211 2394 1266 unius.

2081 1303 2171 1357 56.
2234 1302 2389 1370 Quod
2436 1320 2500 1357 ea:
2546 1303 2726 1376 Mogse
2761 1302 2934 1360 Filius
2987 1321 3102 1360 cum
3156 1304 3310 1362 Patre
3359 1323 3494 1361 unus
3538 1309 3604 1361 sit

2007 1394 2169 1451 Deus.
2204 1427 2275 1437 —
2302 1397 2559 1454 Veritatis
2591 1401 2728 1453 ratio
2761 1401 3026 1470 postulat,
3070 1402 3138 1457 ab
3174 1417 3240 1456 eo
3286 1402 3495 1456 initium
3523 1401 3604 1456 in-

2006 1488 2322 1558 telligeutite
2354 1491 2506 1545 istius
2534 1493 2673 1545 stuni
2700 1533 2713 1556 ,
2739 1508 2834 1562 per
2861 1509 3019 1564 quem
3040 1493 3371 1549 manifestari
3403 1495 3604 1549 sarculo

2009 1580 2148 1636 Deus
2165 1593 2375 1653 coeptus
2396 1595 2496 1647 est,
2516 1582 2578 1654 (i)
2607 1583 2784 1655 Moyse
2810 1601 3064 1656 namque,
3083 1588 3236 1656 cujus
3263 1603 3358 1642 ore
3389 1586 3503 1642 haec
3529 1587 3596 1644 de

2005 1691 2064 1730 se
2109 1677 2415 1745 unigenitus
2463 1677 2602 1732 Deus
2635 1677 2914 1748 professus
2955 1688 3041 1734 est
3079 1696 3094 1732 :
3135 1677 3354 1744 Videte,
3402 1681 3599 1744 videte,

2005 1771 2247 1839 quoniam
2277 1786 2370 1842 ego
2397 1787 2508 1825 sum
2538 1771 2677 1825 Deus
2699 1814 2712 1836 ,
2763 1782 2808 1826 et
2859 1790 2959 1827 nou
3011 1783 3085 1828 est
3131 1773 3272 1829 Deus
3313 1784 3500 1846 prwter
3528 1792 3607 1830 me

301 1867 500 1922 duobus
541 1868 893 1936 superioribus
923 1869 1070 1922 libris
1109 1871 1390 1938 praestitum
1415 1911 1427 1933 ,
1461 1870 1583 1940 quid
1610 1874 1726 1942 jam
1767 1886 1897 1941 prte-
1930 1869 1975 1929 B
2007 1863 2185 1935 (οειιιι
2223 1880 2367 1918 XXXII
2389 1907 2403 1931 ,
2439 1865 2551 1934 59).
2586 1864 2664 1920 Ac
2710 1881 2777 1921 tle
2811 1867 2947 1921 forte
2976 1867 3106 1922 dicti
3146 1867 3302 1938 huius
3333 1869 3404 1940 (j)
3432 1869 3603 1923 virtti-

306 1962 570 2014 standum.
598 1992 668 2000 —
694 1961 877 2016 Nescit
906 1963 1158 2016 haeretica
1183 1961 1506 2031 perversitas
1535 1977 1697 2016 unum
1729 1962 1894 2016 Deum

299 2069 488 2108 verum
516 2067 676 2108 nosse
706 2063 760 2108 et
780 2055 1046 2119 conﬁteri;
1081 2063 1131 2109 et
1154 2062 1308 2108 extra
1335 2055 1624 2122 impietatis
1653 2070 1892 2121 sensum,

296 2147 654 2203 confessionis
679 2147 841 2217 hujus
881 2157 965 2203 est
995 2158 1047 2203 et
1085 2148 1218 2202 ﬁdes
1242 2157 1296 2202 et
1325 2147 1698 2217 intelligentia.
1746 2149 1896 2202 Prius

297 2239 636 2294 conﬁtendus
679 2250 762 2296 est
792 2240 865 2313 (b)
897 2241 1060 2296 Pater
1107 2250 1160 2296 et
1200 2240 1372 2295 Filius
1399 2281 1414 2307 ,
1466 2250 1525 2295 ut
1568 2256 1710 2296 unus
1737 2256 1896 2296 verus

298 2333 440 2388 Deus
466 2335 635 2403 possit
684 2334 910 2405 intelligi
943 2352 956 2388 :
985 2342 1040 2389 et
1064 2335 1295 2403 cognitis
1330 2334 1683 2389 sacramentis
1709 2335 1898 2390 salutis

298 2429 552 2482 humana:
576 2469 590 2493 ,
621 2444 740 2498 qua:
771 2429 822 2482 in
856 2430 1010 2483 nobis
1057 2444 1151 2498 per
1185 2429 1610 2499 regenerationis
1646 2428 1895 2484 virtutem

299 2524 354 2578 in
387 2522 543 2578 Patre
571 2533 625 2578 et
655 2522 796 2577 Filio
829 2522 895 2593 (c)
925 2535 1370 2578 consummantur
1409 2524 1475 2578 ad
1525 2524 1685 2579 vitam
1711 2567 1725 2590 ,
1767 2526 1899 2596 legis

299 2626 354 2670 et
407 2615 789 2685 prophetarum
835 2624 960 2670 sunt
989 2617 1240 2685 mysteria
1278 2619 1673 2689 consequenda.
1720 2619 1896 2676 Unum

302 2709 473 2764 Deum
509 2725 694 2764 verum
729 2725 835 2763 non
883 2710 1236 2780 apprehendit
1276 2710 1457 2780 ignara
1487 2711 1808 2781 evangelicae
1845 2721 1900 2766 et

299 2804 616 2872 apostolicae
642 2803 1042 2873 prtedicationis
1069 2804 1336 2874 impietas.
1365 2804 1528 2874 Cujus
1551 2805 1796 2876 quamvis
1828 2806 1901 2860 in-

301 2899 692 2969 telligentiam,
722 2915 891 2968 usque
928 2899 992 2953 ad
1023 2899 1476 2954 absolutissimam
1521 2915 1660 2954 verm.
1687 2900 1899 2970 pietatis

300 2993 731 3063 professionem,
784 3007 848 3047 ex
890 2993 1022 3062 ipsis
1062 2994 1141 3065 (tt)
1191 3007 1376 3047 eorum
1428 2993 1687 3047 doctrinis
1743 2995 1897 3067 127

299 3085 716 3156 praestabimus;
751 3094 809 3139 ut
835 3085 1097 3139 indivisus
1135 3094 1293 3156 atque.
1325 3086 1699 3154 inseparabilis
1724 3129 1738 3149 .
1793 3105 1896 3144 non

300 3196 365 3235 ex
395 3195 625 3250 persona
645 3221 659 3241 ,
689 3179 782 3234 sed
813 3196 880 3234 ex
911 3190 1122 3246 natura,
1157 3179 1454 3234 subsiStens
1481 3195 1546 3233 ex
1579 3179 1736 3234 Patre
1779 3181 1896 3234 uni-

2004 1967 2108 2013 tem
2138 1958 2391 2015 haeretica
2417 1961 2665 2030 impietas
2691 1961 2755 2014 ad
2789 1973 2994 2030 patrem
3028 1963 3400 2018 innascibilem
3437 1963 3601 2018 Deum

2001 2052 2234 2119 referat;
2266 2063 2320 2108 et
2360 2053 2472 2122 ipsa
2502 2054 2627 2108 dicti
2660 2055 2831 2115 ratio.
2879 2066 2933 2108 ct
2973 2055 3261 2124 Apostolus
3291 2066 3480 2110 auctor
3503 2070 3601 2111 oc-

2001 2148 2204 2212 currit,
2247 2148 2335 2217 qui
2365 2164 2431 2202 cx
2469 2163 2698 2218 persona
2732 2148 2991 2218 unigeniti
3020 2147 3148 2216 Dei,
3187 2150 3325 2202 sicut
3351 2149 3600 2218 superius

2001 2238 2115 2311 (lib.
2147 2255 2233 2307 ιν,
2278 2258 2331 2294 n.
2383 2241 2476 2308 '55)
2507 2240 2790 2296 docuimus
2815 2282 2830 2305 .
2878 2242 3214 2314 intelligendi
3249 2243 3412 2298 totius
3443 2241 3604 2312 hujus

2001 2334 2271 2388 sermonis
2300 2335 2568 2404 interpres
2594 2345 2676 2388 est
2697 2351 2712 2400 ;
2736 2345 2788 2390 et
2823 2335 2926 2389 hoc
2951 2335 3093 2405 quod
3123 2335 3324 2390 dictum
3355 2344 3457 2402 est,
3491 2333 3604 2389 ιω.

2002 2429 2182 2481 taurini
2204 2438 2378 2498 gentes
2407 2446 2522 2483 cum
2549 2430 2693 2500 plebe
2714 2431 2826 2502 rjus
2855 2430 3032 2502 (Deut.
3059 2445 3226 2496 χχιιι,
3251 2429 3352 2494 45ς
3382 2437 3426 2481 et
3451 2427 3602 2483 llam.

2001 2537 2141 2589 xvu,
2181 2523 2305 2589 10),
2357 2525 2633 2594 proprium
2675 2525 2793 2594 ejus
2821 2539 2944 2578 esse
2985 2524 3402 2590 demonstravit,
3440 2525 3606 2592 subji-

2000 2618 2150 2672 ciens
2177 2619 2241 2671 ad
2279 2618 2436 2672 Iidem
2470 2619 2596 2672 dicti
2635 2635 2646 2669 :
2683 2618 2750 2671 Et
2790 2619 2883 2671 erit
2914 2619 3068 2672 radix
3099 2618 3262 2682 Iesse,
3303 2629 3350 2670 et
3374 2619 3463 2684 qui
3491 2635 3602 2672 sur-

2001 2721 2079 2782 get
2109 2727 2283 2781 regere
2307 2721 2497 2781 gentes,
2523 2713 2574 2764 in
2602 2728 2715 2764 enm
2737 2721 2910 2779 gentes
2933 2710 3208 2782 sperabunt
3235 2711 3253 2780 (
3269 2709 3434 2776 Ibid,
3467 2709 3535 2764 12
3552 2710 3590 2780 ).

2004 2804 2384 2857 Demonstrato
2413 2804 2578 2873 igitur
2595 2818 2693 2874 per
2727 2803 2943 2873 Moysen
2975 2818 3042 2857 eo
3071 2803 3158 2872 qui
3193 2802 3404 2857 dixerat
3437 2821 3450 2857 :
3479 2801 3602 2856 Non

2001 2910 2075 2955 est
2105 2899 2244 2954 Deus
2271 2910 2457 2966 praeter
2487 2918 2596 2965 me,
2623 2901 2676 2954 in
2705 2916 2770 2955 eo
2805 2901 2944 2971 quod
2988 2901 3062 2954 ait
3088 2919 3100 2954 :
3137 2900 3403 2955 Laztamini
3434 2912 3606 2971 gentes

1999 2996 2155 3050 simul
2175 3012 2290 3049 cum
2316 3011 2408 3059 eo;
2438 3004 2493 3049 et
2523 2995 2781 3064 Apostolo
2812 2993 2861 3047 id
2907 2994 3080 3060 ipsum
3115 2992 3188 3064 (lt)
3221 2993 3284 3046 ad
3313 2993 3598 3048 Dominum

2003 3096 2246 3143 nostrum
2279 3086 2464 3142 Jesuut
2495 3086 2776 3141 Christum
2813 3086 3148 3156 unigenitum
3197 3085 3363 3139 Deum
3408 3084 3606 3138 intelli-

2003 3192 2186 3253 gente,
2221 3183 2274 3236 in
2307 3196 2412 3251 quo
2442 3180 2734 3236 secundum
2760 3195 2976 3235 carnem
3009 3196 3071 3234 ex
3106 3179 3284 3234 radice
3314 3179 3466 3234 Jcsse
3486 3193 3606 3232 sur-

300 3275 514 3344 genitus
546 3273 914 3342 intelligatur;
971 3281 1025 3326 ct
1076 3287 1170 3342 per
1203 3271 1252 3325 id
1285 3287 1420 3324 unus
1468 3272 1606 3328 Deus
1646 3274 1742 3340 sit,
1776 3275 1896 3342 quia
1927 3262 1971 3324 C
2002 3285 2161 3346 gente
2189 3289 2314 3344 rege
2347 3275 2506 3346 128
2535 3275 2775 3344 gentium
2809 3288 2935 3343 spes
2977 3281 3096 3336 est,
3145 3273 3256 3342 ipsa
3288 3287 3431 3326 nunc
3474 3271 3602 3326 dicti

302 3383 364 3422 es
402 3377 587 3420 natura
623 3367 716 3420 Dei
748 3367 886 3420 Deus
913 3366 981 3419 sit
1017 3384 1028 3420 :
1071 3374 1248 3419 tamen
1286 3381 1351 3419 ex
1390 3365 1716 3435 propheticis
1745 3367 1901 3421 dictis

303 3461 556 3531 perlecta:
603 3459 762 3527 hujus
805 3459 1022 3513 unitatis
1053 3458 1186 3512 ﬁdes
1227 3467 1311 3513 cst
1346 3457 1419 3531 (ε)
1455 3459 1812 3522 exstruenda,
1847 3469 1902 3515 et

307 3555 433 3607 hinc
453 3554 779 3621 evangeliea:
811 3551 1001 3605 domus
1038 3561 1162 3605 sunt
1189 3552 1433 3620 ponenda
1466 3551 1808 3614 fundamina;
1843 3561 1900 3606 ut

306 3663 409 3717 per
426 3647 665 3700 eamdem
691 3654 936 3698 naturam
964 3644 1260 3698 divinitatis
1289 3643 1446 3697 unius
1473 3659 1608 3698 unus
1635 3643 1776 3699 Deus
1807 3659 1902 3712 per

307 3741 360 3796 id
391 3739 736 3808 intelligatur,
771 3736 910 3806 quod
937 3737 988 3789 in
1025 3737 1188 3790 Deum
1221 3735 1447 3789 alterum
1487 3736 1629 3790 Deus
1659 3737 1900 3803 unigeni-

302 3843 393 3886 tus
424 3851 528 3885 tum
559 3829 810 3886 refertur.
840 3829 1137 3883 Tenuimus
1167 3829 1311 3882 enim
1333 3827 1479 3881 omni
1511 3828 1610 3880 hoc
1632 3827 1900 3882 sermonis

302 3928 473 3982 nostri
508 3924 688 3978 libello
715 3937 836 3977 eum
869 3921 1150 3985 ordinem,
1201 3929 1259 3973 ut
1303 3921 1352 3973 in
1386 3920 1578 3986 quibus
1618 3920 1901 3988 superiore

303 4023 442 4076 libro
475 4020 640 4072 Deum
671 4019 835 4071 lilium
887 4017 1245 4070 docueramus
1268 4056 1282 4080 ,
1319 4016 1368 4068 in
1401 4015 1529 4085 ipsis
1560 4031 1702 4070 nunc
1733 4015 1900 4071 Deum

301 4184 369 4225 cx
401 4163 588 4235 propin
611 4161 729 4235 ticis
749 4203 764 4226 ,
800 4158 1162 4235 evangelicis,
1203 4155 1622 4235 apostolicisque
1654 4156 1898 4235 testimo-

302 4225 412 4294 niis
449 4225 610 4289 ﬁdem
643 4225 885 4298 adstrui,
937 4225 1031 4286 sed
1076 4231 1238 4284 etiam
1283 4244 1346 4281 ex
1380 4226 1637 4281 Ecclesiae
1686 4225 1899 4281 confes-

302 4325 540 4450 5⁸(ξὲῗῐιι
573 4376 757 4450 codice
791 4371 1318 4450 Vat.bas.‘adjicitur
1342 4386 1467 4423 sure.
1505 4368 1602 4425 Hic
1631 4369 1899 4424 indicatur

301 4443 532 4520 epistula
566 4449 887 4520 Arianorum
911 4443 1390 4520 ad‘Alexandrum:

381 4523 462 4593 (ὁ)
497 4517 927 4593 Ι·ἰιιιιιερ1ξιι·ᾐνιιι.
979 4518 1099 4593 bas.
1126 4556 1144 4593 ,_
1179 4530 1324 4593 verus
1362 4512 1524 4593 Pater
1552 4527 1570 4566 :
1598 4511 1736 4593 quod
1771 4527 1894 4593 cum

2002 3369 2141 3422 ratio
2173 3369 2449 3421 tractanda
2483 3376 2600 3433 est,
2639 3376 2697 3420 ut
2728 3367 2847 3435 quia
2893 3367 3092 3420 dictum
3129 3382 3234 3420 non
3283 3366 3599 3436 ambigitur,

2003 3471 2272 3530 quatenus
2303 3460 2506 3513 dictum
2540 3461 2607 3514 sit
2633 3462 2800 3528 possit
2829 3459 3073 3528 intelligi.

2073 3554 2162 3607 5'7.
2201 3552 2302 3619 Qui
2335 3552 2470 3606 Dens
2495 3569 2557 3607 ea:
2585 3553 2689 3607 Deo
2717 3553 2834 3606 etin
2866 3554 3039 3606 eadem
3069 3563 3275 3606 natura.
3306 3582 3379 3594 —
3403 3552 3601 3610 Verum

2001 3657 2057 3703 et
2083 3647 2386 3702 absolutum
2415 3656 2470 3702 et
2501 3647 2791 3715 perlectum
2819 3648 2942 3703 ﬁdei
2977 3658 3175 3703 nostra:
3198 3658 3594 3702 sacramentum

2004 3751 2117 3808 est,
2149 3743 2313 3797 Deum
2340 3757 2406 3797 ex
2437 3744 2568 3808 Deo,
2609 3754 2663 3796 et
2694 3744 2858 3797 Deum
2904 3745 2954 3798 in
2992 3745 3100 3798 Deo
3152 3743 3394 3799 conﬁteri
3425 3759 3440 3801 :
3495 3757 3600 3796 non

2004 3836 2380 3906 corporalibus
2409 3837 2621 3901 modis,
2656 3837 2748 3889 sed
2789 3835 2982 3890 divinis
3014 3838 3334 3901 virtutibus;
3371 3852 3468 3890 nec
3504 3852 3600 3890 na-

2005 3929 2220 3982 turazin
2252 3937 2495 3982 naturam
2547 3928 2944 3995 transfusionc,
2998 3927 3090 3981 sed
3141 3928 3205 4000 (Ι)
3243 3927 3501 3998 mysterio
3549 3937 3604 3983 et

2008 4029 2272 4090 potestate
2300 4029 2525 4075 naturae.
2552 4019 2666 4074 Non
2696 4023 2838 4074 enim
2865 4035 2958 4090 per
2979 4019 3342 4075 desectionem
3366 4029 3458 4074 aut
3481 4034 3606 4090 pro-

2077 4155 2146 4227 (f)
2183 4157 2412 4211 Verbum
2469 4172 2619 4224 spero
2649 4154 3000 4227 omittitrms.
3053 4154 3174 4210 Vat.
3231 4154 3346 4208 bas.
3398 4153 3602 4210 Eodem

2004 4226 2166 4282 sensu
2204 4243 2298 4295 pro
2343 4227 2550 4297 opinari
2580 4236 2799 4297 usurpat
2851 4226 3181 4295 Augustinus
3231 4229 3388 4296 epist.
3421 4242 3602 4289 CLVII,

2005 4317 2062 4352 ιι.
2094 4299 2164 4352 2‘2
2192 4317 2203 4352 :
2236 4295 2421 4354 Plures
2449 4341 2462 4361 ,
2494 4298 2702 4368 inquit,
2733 4295 2939 4352 Celestii
2966 4308 3082 4351 sunt
3113 4295 3384 4352 sectatores
3405 4338 3420 4364 ,
3452 4315 3602 4368 quam

2003 4387 2214 4442 sperare
2235 4387 2523 4441 possumus.

2077 4441 2152 4513 (g)
2178 4437 2316 4494 Editi
2349 4458 2470 4494 cum
2497 4439 2653 4513 unico
2693 4443 2996 4513 recentiore
3025 4455 3125 4513 ms.
3155 4437 3309 4513 Coll).
3340 4481 3354 4504 ,
3383 4440 3434 4493 in
3466 4442 3596 4494 alte-

2003 4510 2139 4566 rnni'
2162 4531 2261 4565 non
2292 4513 2529 4582 proﬁcit,
2561 4510 2616 4582 id
2658 4525 2834 4582 unum.
2872 4512 3000 4564 Post
3025 4511 3092 4564 ad
3124 4511 3382 4582 alterunt,
3411 4513 3602 4580 supple

303 4575 614 4660 huiusmodi
638 4575 942 4643 ailditiones
977 4575 1325 4660 alibiliabeat
1351 4627 1363 4647 ,
1395 4585 1463 4660 ali
1496 4575 1898 4660 interpolatoris
1925 4575 1975 4634 D
2002 4575 2439 4660 eonstitnenilum,
2493 4575 2571 4635 vel
2602 4580 3030 4660 intelligendum;
3060 4591 3109 4632 et
3141 4588 3261 4660 post
3289 4581 3357 4633 ad
3403 4575 3560 4634 unum
3582 4622 3598 4645 ,

305 4655 466 4719 manu
504 4671 819 4716 temeratum
860 4658 1122 4726 suspicari
1155 4666 1258 4710 est.
1285 4657 1394 4714 Cur
1436 4656 1486 4708 in
1521 4655 1893 4709 haereticorum

303 4751 524 4789 sensum
563 4750 666 4786 non
707 4731 862 4786 cadat
898 4731 986 4784 Dei
1017 4729 1131 4781 veri
1168 4729 1435 4796 cognitio,
1487 4729 1564 4780 sic
1598 4729 1735 4780 ratio
1775 4726 1898 4780 red—

305 4811 453 4860 ditur
503 4809 592 4858 lib.
625 4820 714 4858 vttl
735 4845 748 4865 ,
804 4819 951 4854 ntun.
976 4801 1046 4855 6:
1087 4799 1214 4852 Cum
1245 4799 1495 4869 sapientia
1520 4797 1753 4869 Qltristus
1800 4799 1894 4860 sit,

305 4895 507 4932 necesse
543 4888 615 4930 est
656 4887 710 4928 nt
746 4885 887 4927 extra
934 4872 1239 4942 sapientiam
1290 4868 1385 4934 sit,
1414 4870 1499 4938 qui
1523 4868 1781 4922 Christum
1811 4879 1900 4922 aut

304 4952 506 5020 ignorat
530 4959 618 4999 aut
651 4948 779 5020 odit.

377 5023 452 5085 ιε)
500 5021 596 5074 llic
646 5018 874 5084 Spiritus
905 5023 1124 5069 sanctus
1167 5013 1337 5085 fuerat
1367 5011 1746 5085 nominandus,
1795 5011 1898 5085 nisi

307 5103 414 5146 tota
440 5081 589 5144 ἰιεςιθι
629 5081 768 5143 mine
793 5088 859 5141 de
888 5086 1046 5140 Patre
1075 5094 1127 5138 et
1171 5083 1305 5138 Filio
1350 5083 1738 5136 controversia.
1788 5081 1894 5136 Sed

306 5164 669 5230 suspicionem
696 5161 892 5213 nullam
921 5157 1178 5230 relinquit
1209 5155 1328 5230 libri
1357 5170 1394 5208 ιι
1421 5152 1724 5230 exordium.

377 5225 456 5306 (ξι)
494 5233 626 5306 [llud
654 5247 826 5306 eorum
854 5229 932 5283 sic
954 5225 1186 5306 refertur
1209 5228 1272 5306 ad
1297 5225 1600 5306 euangelica:
1621 5233 1899 5306 et‘aposto-

307 5298 417 5358 lica:
440 5298 844 5372 pra'tlicationis,
876 5300 1097 5365 perinde
1127 5316 1188 5351 ac
1219 5301 1262 5351 si
1303 5298 1505 5372 dietum
1528 5303 1718 5372 esset,
1748 5311 1900 5372 evort-

307 5365 586 5446 gelicoritm
611 5385 654 5426 et
683 5373 1081 5446 apostolicoruut
1114 5385 1422 5446 pra’connm.
1451 5365 1652 5420 Deinde
1682 5367 1897 5446 nutriri-

310 5438 630 5517 lelligendus
661 5438 734 5498 est
772 5443 937 5517 Filius
967 5458 994 5517 ξι
1023 5443 1190 5517 Patre
1220 5445 1382 5517 etiam
1407 5455 1471 5494 ex
1506 5453 1732 5507 persona
1764 5438 1901 5490 divi-

308 5534 398 5572 sus
424 5513 488 5572 ac
530 5516 880 5587 scparalnlis,
932 5513 1032 5567 nisi
1080 5521 1342 5587 quatenus
1371 5514 1471 5568 hoc
1501 5521 1705 5565 tantum
1745 5519 1902 5566 sonat

311 5606 554 5660 pessume
585 5585 865 5660 utriusque
897 5585 1318 5660 distinctionem.

384 5664 453 5733 (ρ)
489 5661 542 5715 In
590 5659 850 5733 vulgatis,
904 5657 1204 5733 astruenda.
1251 5657 1303 5710 In
1336 5671 1437 5733 ms.
1477 5655 1700 5733 Carn._a
1729 5655 1900 5733 prima

311 5727 469 5788 manu
491 5773 504 5796 ,
538 5727 816 5796 struenda;
847 5746 874 5782 a
905 5731 1134 5782 seeunda
1171 5740 1371 5788 autem,
1408 5727 1726 5789 instruenda,
1762 5727 1903 5780 unde

309 5817 357 5859 et
391 5807 440 5856 in
466 5819 630 5855 unum
659 5801 812 5854 Cnlh.
844 5802 1053 5855 transiit
1081 5801 1270 5852 eadem
1300 5799 1480 5854 lectio.
1513 5801 1696 5867 Aptius
1721 5801 1770 5852 in
1801 5816 1905 5854 cu:-

313 5885 379 5929 te:
399 5880 440 5929 is
473 5875 798 5928 exstruendo.

2002 4656 2302 4722 intelligere
2333 4666 2415 4708 est
2442 4665 2663 4708 mentem
2695 4651 2904 4723 referre,
2931 4663 3022 4706 aut
3050 4651 3320 4720 pertinere.

2075 4727 2156 4793 (It)
2184 4721 2346 4780 ’Unus
2393 4741 2422 4778 e
2473 4741 2604 4778 mss.
2635 4721 2791 4776 Coll).
2817 4766 2831 4787 ,
2875 4732 3220 4786 consummet,
3249 4721 3390 4792 quod
3437 4724 3599 4778 etiam

2001 4795 2224 4852 Carnut.
2254 4797 2506 4852 secundis
2532 4796 2675 4850 curis
2701 4793 2862 4849 habet
2897 4813 2909 4849 :
2944 4795 3119 4849 minus
3152 4795 3219 4848 ad
3245 4803 3480 4849 mentem
3507 4793 3598 4849 Hi-

2077 4940 2138 5011 (i)
2172 4941 2368 4994 Excnsi
2415 4939 2500 4994 hic
2530 4938 2858 5004 prml‘erunt,
2887 4937 3112 5009 Moyses.
3134 4945 3198 5011 ιιι
3231 4945 3350 5002 post
3376 4937 3598 4992 verbum

2001 5009 2261 5082 professus
2305 5021 2406 5068 est.
2457 5011 2717 5080 adjiciunt
2741 5012 2815 5064 ait
2849 5009 3250 5082 :renitentibus
3288 5024 3418 5061 mss.
3455 5017 3597 5062 toto-

2001 5081 2105 5152 que
2132 5093 2384 5137 contextu
2428 5082 2673 5137 nonnihil
2703 5083 2951 5148 abrupto.
2997 5081 3257 5135 Malumus
3294 5095 3415 5132 eum
3450 5091 3594 5133 vete-

2004 5155 2150 5224 ribus
2182 5155 2350 5217 libris,
2387 5153 2564 5220 Mogse
2585 5170 2821 5224 namque,
2857 5155 2973 5207 sine
2999 5154 3070 5206 ait
3092 5195 3105 5213 ,
3143 5151 3242 5224 Itoc
3269 5161 3349 5224 est
3376 5192 3390 5209 .
3417 5167 3596 5224 nempe

2002 5242 2033 5277 a
2066 5222 2263 5293 Moyse.
2299 5227 2504 5291 Quippe
2534 5222 2753 5293 namque
2785 5241 2883 5294 pro
2906 5240 3087 5293 nempe
3111 5223 3244 5276 alias
3268 5222 3378 5290 jam
3409 5222 3596 5280 obser-

2004 5295 2248 5349 Vavimus
2277 5295 2476 5348 Hilario
2506 5299 2786 5348 usitatum.

2077 5366 2145 5435 (ὁ)
2173 5368 2280 5421 Sic.
2307 5383 2438 5421 mss.
2468 5366 2605 5419 Editi
2639 5383 2787 5432 Vero,
2817 5370 3095 5421 veritatem.

2075 5438 2149 5510 (Ιί)
2182 5437 2308 5491 Bad.
2333 5479 2348 5502 ,
2381 5437 2472 5510 Er.
2499 5447 2552 5489 et
2585 5439 2728 5510 Lips.
2755 5479 2772 5505 ,
2811 5437 3191 5510 indDominunt.
3238 5435 3505 5492 Particulo
3546 5439 3597 5492 in

2005 5508 2269 5578 expuncta
2297 5517 2381 5563 est
2407 5508 2641 5562 editione
2687 5509 2807 5563 Par.
2865 5508 3074 5561 llabent
3118 5515 3298 5561 autem
3347 5524 3478 5564 mss.
3529 5510 3597 5563 ad

2005 5579 2307 5639 Dominum,
2341 5582 2530 5648 supple
2555 5580 2772 5649 referri,
2817 5579 2902 5634 vel
2933 5581 3202 5646 pertinere.

2077 5653 2140 5723 (ι)
2173 5652 2329 5723 lllutl
2343 5652 2432 5704 sed
2459 5651 2700 5721 mysterio
2731 5651 2985 5723 illustrari
3017 5657 3191 5718 potest
3215 5649 3296 5703 his
3322 5650 3595 5706 Ambrosii

2010 5719 2102 5776 lib}
2130 5738 2180 5775 tv
2203 5724 2272 5776 de
2296 5722 2444 5781 Fide,
2475 5719 2526 5774 cl
2555 5727 2603 5777 υ.
2633 5739 2688 5776 n.
2717 5723 2820 5777 105
2844 5739 2856 5773 :
2883 5719 3153 5774 Generatio
3185 5738 3284 5774 non
3320 5723 3373 5775 in
3413 5723 3590 5776 volun-

2009 5796 2125 5848 tatis
2151 5793 2486 5861 possibilitate
2510 5803 2605 5857 est,
2630 5795 2718 5847 sed
2749 5797 2799 5846 in
2819 5796 2941 5866 jure
2959 5794 3182 5866 quodam
3219 5802 3266 5846 et
3289 5795 3598 5866 proprietate

2011 5867 2210 5933 paterni
2251 5867 2447 5918 videtur
2470 5881 2577 5918 esse
2601 5867 2776 5920 secreti
2802 5863 2832 5928 ,⁷
2854 5875 2958 5919 etc.
2988 5863 3140 5928 Quod
3174 5878 3303 5917 vero
3333 5864 3418 5918 hic.
3457 5882 3594 5930 mgs-
