4246 6260
650 336 754 394 1ἲὶ0

1863 334 2107 394 SANCTI
2147 333 2407 392 HlLARIl
2447 331 2754 393 EPISCOPI

3855 341 3962 396 H0

651 454 864 510 Patrem
893 453 984 528 qui
1013 452 1151 510 misit
1172 453 1322 509 illum
1345 451 1527 526 (Joan.
1565 466 1621 516 v,
1651 451 1770 522 25),
1794 452 1861 507 ad
1887 451 2251 508 honoriﬁean-
2278 454 2328 514 A
2354 451 2530 517 Pater,
2584 462 2635 506 et
2681 451 2989 517 divisibilis,
3029 462 3082 509 et
3125 452 3520 520 convertibilis,
3551 463 3606 510 et
3651 453 3730 527 (ά)
3759 469 3961 527 corpus

649 546 776 602 dum
807 546 1022 602 Patrem
1049 562 1145 616 per
1172 545 1435 600 honorem
1458 544 1580 600 Filii
1610 559 1670 600 se
1696 543 1984 600 referrent.

724 641 777 696 5.
815 639 1044 694 Heresis
1074 640 1284 694 Ariana:
1313 639 1444 694 lues.
1468 667 1540 681 —-
1571 639 1805 694 Emersit
1830 638 1972 692 enim
1995 636 2250 708 pestifera

650 741 706 788 et
728 732 904 788 letalis
931 731 1144 802 populis
1168 731 1243 804 (a)
1275 732 1526 803 proxime
1557 731 1694 797 lues,
1723 747 1848 802 qum
1875 731 2072 800 ingenti
2105 746 2255 800 gras-

651 835 764 881 sata
793 825 1039 895 contagio
1059 824 1267 880 ruinam
1302 823 1627 878 miserandae
1656 824 1847 878 mortis
1874 823 2100 877 invexit.
2136 822 2252 877 Non

651 917 797 973 enim
822 925 1032 972 tantum
1082 925 1172 970 aut
1208 915 1602 972 considentium
1631 915 1696 986 (f.
1735 913 2160 986 concidentium)
2200 914 2253 968 in

653 1011 820 1066 chaos
857 1025 980 1066 cum
1015 1009 1227 1079 populis
1259 1010 1370 1064 suis
1407 1023 1604 1078 repens
1632 1008 1842 1062 urbium
1870 1009 2119 1070 vastitas,
2166 1015 2258 1060 aut

655 1101 967 1172 frequentes
986 1101 1252 1157 bellormn
1276 1111 1330 1156 et
1354 1101 1605 1158 funebres
1633 1110 1856 1164 mortes,
1879 1107 1973 1154 aut
2001 1097 2254 1155 immedi-

655 1204 792 1252 catae
820 1195 1156 1264 aegritudinis
1185 1195 1447 1266 populosa
1489 1195 1735 1265 contagia
1774 1193 2160 1260 desaevierunt,
2203 1194 2253 1248 in

655 1298 918 1360 quantum
944 1287 1010 1342 ad
1039 1287 1261 1342 exitium
1288 1287 1506 1358 generis
1529 1287 1748 1341 humani
1779 1287 2003 1341 haeresis
2034 1285 2150 1340 haec
2177 1284 2260 1340 fu-

660 1391 815 1435 nesta
843 1388 1085 1450 grassata
1108 1391 1211 1434 εει.
1249 1379 1360 1435 Deo
1408 1378 1576 1446 enim,
1609 1378 1693 1432 cui
1722 1378 1904 1432 omnia
1937 1379 1988 1432 in
2033 1377 2262 1432 mortuis

657 1472 866 1539 vivunt,
899 1471 1000 1527 hoc
1031 1473 1202 1528 solum
1247 1473 1387 1545 perit
1416 1472 1558 1544 quod
1603 1474 1706 1529 sibi
1747 1473 1979 1544 deperit.
2013 1471 2146 1527 Nam
2173 1472 2262 1542 ju-

657 1565 934 1620 dicaturus
959 1567 1076 1637 ipse
1103 1566 1170 1622 de
1185 1567 1459 1630 omnibus,
1492 1576 1547 1622 et
1577 1583 1676 1638 pro
1707 1567 2004 1639 majestatis
2026 1581 2140 1622 sua:
2169 1566 2262 1621 mi-

661 1659 958 1715 sericordia
990 1674 1166 1730 paena:
1189 1661 1439 1715 meritum
1472 1662 1737 1731 ignoranti
1766 1660 2147 1717 moderaturus
2171 1675 2260 1715 er-

658 1753 792 1818 rori,
828 1761 1088 1822 negantes
1137 1766 1195 1807 se
1237 1769 1342 1807 non
1367 1754 1476 1823 jam
1512 1753 1774 1824 judicabit
1806 1755 2010 1826 utique,
2040 1753 2133 1808 sed
2169 1769 2262 1809 ne-

658 1845 805 1914 gabit
836 1844 1053 1913 (Matth.
1088 1861 1142 1912 x,
1174 1845 1263 1912 55;
1295 1846 1400 1900 vid.
1425 1847 1518 1900 Tr.
1554 1847 1688 1918 psal.
1718 1863 1843 1913 ch,
1864 1865 1916 1901 η.
1937 1848 2016 1919 8).

733 1937 789 1990 4.
847 1935 1014 2002 Quam
1056 1936 1270 1991 subdole
1312 1939 1452 1992 virus
1499 1955 1649 1992 suum
1698 1938 1952 2004 e/fundat.
1984 1969 2055 1980 -—
2092 1939 2264 2012 Negat

657 2031 827 2098 enim,
871 2044 1030 2102 negat
1062 2030 1244 2086 furens
1267 2030 1494 2088 Interesis
1517 2043 1916 2088 sacramentum
1945 2048 2088 2089 vera:
2112 2035 2259 2101 fidei,

659 2122 727 2176 ad
757 2123 1050 2191 impietatis
1077 2138 1190 2179 sua:
1209 2124 1510 2179 doctrinam
1539 2125 1813 2195 religionis
1839 2141 1933 2180 usa
1958 2125 2258 2196 principiis,

659 2228 781 2268 cum
815 2214 1147 2270 infidelitatis
1173 2230 1286 2273 suae
1332 2219 1750 2288 expositionem,
1784 2229 1843 2274 ut
1891 2219 2262 2288 superioribus

660 2306 812 2363 libris
843 2309 1172 2377 continetur,
1208 2312 1276 2367 ita
1317 2313 1483 2383 cmpit
1511 2331 1524 2368 :
1559 2333 1578 2364 ι
1607 2313 1865 2369 Novimus
1898 2330 2060 2370 unum
2094 2317 2259 2373 Deum

658 2400 836 2456 solum
886 2400 1168 2472 infectum,
1212 2405 1386 2462 solum
1431 2408 1820 2477 sempiternum
1854 2449 1869 2475 ,
1921 2409 2095 2463 solum
2144 2412 2261 2467 sine

659 2495 835 2561 initio,
869 2497 1043 2552 solum
1089 2514 1302 2566 verum,
1349 2501 1524 2555 soluat
1563 2501 2022 2557 immortalitatem
2063 2503 2258 2560 haben-

657 2598 788 2657 tem,
813 2589 987 2646 solum
1018 2595 1316 2664 Optimum,
1339 2595 1517 2651 solum
1548 2603 1844 2666 potentem.
1879 2614 1899 2648 ›
1929 2595 2008 2650 Ad
2033 2595 2084 2650 id
2116 2596 2259 2651 enim

656 2701 971 2759 usurpatum
1013 2691 1222 2761 prolicit
1265 2694 1367 2764 piae
1410 2695 1774 2769 confessionis
1812 2694 2119 2762 exordium,
2154 2711 2262 2764 quo

656 2780 776 2834 ait:
815 2800 834 2834 ι
878 2779 1056 2835 Unum
1105 2780 1294 2845 Deum,
1346 2788 1402 2832 et
1445 2779 1619 2834 solum
1653 2779 1932 2846 infectum,
1981 2791 2038 2835 et
2084 2781 2258 2836 solum

659 2873 777 2928 sine
803 2875 958 2929 initio
985 2893 997 2928 :
1030 2893 1048 2927 ι
1081 2885 1138 2930 ut
1163 2891 1260 2946 per
1287 2875 1423 2942 haec,
1456 2892 1575 2945 qum
1599 2875 1852 2946 religiose
1879 2875 2062 2930 verbis
2081 2887 2260 2932 esten-

662 2976 926 3033 tarentnr,
960 2977 1154 3022 caetera
1179 2968 1342 3038 impie
1373 2969 1752 3024 subderentur.
1779 2969 1909 3023 Nam
1935 2980 2056 3041 post
2096 2972 2258 3025 multa

661 3061 802 3128 alia,
831 3077 950 3132 qum
989 3061 1057 3116 de
1082 3061 1223 3117 Filio
1252 3063 1364 3132 pari
1410 3076 1622 3132 quoque
1667 3063 1936 3118 simulaue
1985 3063 2261 3134 religionis

665 3154 824 3228 134
853 3156 1188 3226 professione
1211 3156 1528 3224 protulerat,
1585 3156 1816 3226 subjecit
1848 3175 1861 3212 :
1896 3176 1914 3208 ‹
1943 3155 2256 3212 Creaturam

2355 544 2651 600 secundum
2680 545 2822 612 illos,
2854 557 2908 600 et
2929 555 3187 616 quantum
3219 547 3270 601 in
3307 549 3435 616 ipsis
3469 557 3575 611 est,
3611 563 3954 620 consequen-

2359 635 2429 690 tia
2457 637 2704 707 corporis
2744 635 3018 692 sustinens
3060 638 3178 693 sine
3215 652 3448 708 corpore
3491 639 3653 693 Dens.
3693 659 3712 692 ι
3743 641 3808 695 Et
3829 641 3959 710 quia

2357 730 2512 785 nobis
2533 745 2600 786 ex
2630 731 2841 802 integro
2857 731 3139 786 adversum
3171 731 3307 786 hanc
3327 732 3668 802 iit-piissimae
3694 732 3958 787 doctrinm

2355 823 2746 894 expositionem
2789 825 3130 895 evangelictts
3173 840 3314 879 nunc
3353 827 3458 880 erit
3494 841 3714 891 sermo;
3757 841 3957 883 conse-

2357 932 2529 986 quens
2557 917 2984 973 existimavimus
3017 931 3230 972 omnem
3255 917 3366 986 jam
3395 915 3474 988 (2)
3503 917 3574 989 (e)
3599 919 3654 972 in
3688 919 3863 988 primo
3896 919 3960 972 li-

2357 1019 2443 1065 cet
2497 1010 2634 1065 libro
2679 1010 2973 1068 editionem
3027 1013 3192 1083 hujus
3243 1011 3516 1066 limreseos
3565 1011 3954 1082 conscriptam,

2359 1120 2500 1159 nunc
2517 1119 2730 1175 quoque
2753 1104 2876 1160 huic
2902 1116 3056 1161 sexto
3082 1108 3324 1161 inserere
3355 1122 3366 1158 ;
3394 1115 3452 1158 ut
3483 1118 3671 1159 recens
3695 1104 3875 1170 lectio,
3902 1113 3960 1159 et

2360 1198 2730 1268 responsionis
2766 1197 2832 1252 ad
2870 1198 3076 1269 singula
3119 1198 3361 1269 subjecta
3392 1197 3629 1261 collatio,
3657 1212 3753 1266 per
3793 1211 3957 1251 evan-

2359 1292 2560 1362 gelicas
2586 1301 2746 1362 atque
2778 1293 3105 1360 apostolicus
3148 1293 3517 1347 institutiones
3549 1292 3728 1345 invitis
3753 1292 3876 1346 licet
3904 1301 3962 1346 et

2359 1384 2855 1440 contradicentibus
2908 1399 3130 1440 sensum
3194 1385 3436 1440 veritatis
3489 1383 3687 1439 eliciat.
3757 1385 3961 1439 Dicunt

2361 1491 2512 1546 ergo.

2718 1550 2796 1620 (5)
2818 1549 2886 1620 (Ῑ)
2919 1548 3228 1619 Exemplum
3251 1548 3600 1620 blasphemiae.

2434 1662 2489 1716 5.
2522 1662 2634 1717 Arii
2664 1671 2711 1717 et
2741 1664 3054 1718 asseclarum
3083 1667 3195 1736 ejus
3236 1663 3304 1716 ad
3335 1661 3684 1717 Alexandrum
3717 1661 3962 1730 epistola.

2359 1773 2474 1807 -ι
2504 1754 2760 1810 Novimus
2813 1770 2974 1810 unum
3007 1756 3196 1820 Deum,
3247 1756 3419 1810 solum
3466 1754 3739 1819 infectum,
3781 1752 3962 1808 solum

2292 1846 2338 1905 B
2368 1848 2777 1917 sempiternum,
2813 1848 2987 1902 solum
3031 1849 3149 1903 sine
3178 1849 3351 1911 initio,
3382 1847 3556 1902 solum
3595 1846 3970 1901 immortalita-

2368 1949 2475 1994 tem
2521 1940 2825 2005 habentem,
2877 1942 3054 1996 solum
3104 1942 3391 2011 optimum,
3435 1942 3608 1995 solum
3663 1949 3964 2010 potentem,

2364 2035 2605 2088 oumium
2665 2045 3010 2101 creatorem,
3059 2035 3426 2090 ordinatorem
3471 2043 3524 2088 et
3578 2033 3967 2103 diSpositorem

2365 2125 2853 2194 inconvertibilem,
2908 2127 3324 2194 immutabilem,
3353 2127 3656 2195 justum'et
3697 2127 3969 2194 optimum

2365 2217 2498 2289 legis
2519 2228 2574 2272 et
2601 2218 2988 2289 prophetarum
3010 2229 3063 2272 et
3087 2221 3210 2274 novi
3234 2218 3591 2274 Testamenti.
3620 2217 3770 2272 llunc
3795 2218 3969 2271 Deum

2363 2328 2653 2384 generasse
2683 2313 2850 2367 filium
2880 2314 3218 2383 unigenitum
3256 2321 3379 2367 ante
3409 2312 3588 2365 omnia
3617 2310 3836 2374 saecula,
3860 2324 3964 2378 per

2363 2424 2522 2479 quem
2561 2417 2616 2463 et
2645 2407 2899 2462 sreculum
2928 2420 2980 2463 et
3019 2409 3198 2462 omnia
3229 2407 3374 2462 fecit.
3406 2405 3601 2460 Natum
3642 2412 3820 2458 autem
3852 2419 3962 2457 non

2365 2503 2624 2572 putative,
2649 2501 2742 2557 sed
2763 2516 2888 2556 vere
2913 2502 3230 2556 obsecutum
3259 2500 3519 2554 voluntati
3548 2513 3682 2562 sum,
3709 2499 3958 2552 immuta-

2364 2595 2528 2651 bilem
2556 2605 2609 2650 et
2655 2594 3149 2661 inconvertibilem,
3183 2601 3484 2648 creaturam
3517 2592 3611 2647 Dei
3642 2591 3957 2661 perfectam,

2363 2688 2460 2744 sed
2494 2705 2600 2743 non
2625 2687 2704 2760 (ὦ)
2735 2689 2893 2742 sicuti
2922 2704 3085 2742 ttnum
3119 2687 3187 2742 de
3232 2687 3527 2751 creaturis;
3554 2685 3836 2748 facturam,
3864 2683 3963 2738 sed

2364 2796 2470 2837 non
2503 2781 2662 2836 sicuti
2685 2788 2898 2835 catterte
2927 2781 3144 2834 factum
3169 2796 3182 2844 ;
3208 2793 3307 2833 nec
3342 2787 3397 2832 ut
3433 2777 3748 2832 Valentinus
3773 2776 3962 2847 prola-

2363 2877 2564 2931 tionem
2610 2874 2800 2929 Natum
2847 2875 3023 2928 Patris
3068 2879 3463 2929 commentatus
3513 2880 3630 2936 est;
3675 2885 3775 2926 nec
3823 2871 3968 2926 sicut

2363 2967 2691 3023 Manichacus
2723 2977 2928 3038 partem
2955 2967 3114 3023 unius
3142 2965 3453 3022 substantia!
3483 2963 3638 3036 135
3668 2963 3838 3019 Patris
3858 2962 3967 3017 Na—

2365 3074 2472 3118 tum
2503 3065 2781 3133 exposuit;
2812 3078 2911 3117 nec
2962 3062 3117 3117 sicuti
3151 3061 3438 3124 Sabellius,
3485 3061 3574 3129 qui
3603 3058 3858 3112 unionem
3883 3057 3965 3128 (ῃ)

2363 3158 2574 3226 dividit,
2606 3158 2779 3226 ipsum
2806 3157 2941 3211 dixit
2967 3155 3160 3211 Filium
3193 3170 3350 3225 quem
3381 3163 3434 3208 et
3456 3153 3668 3207 Patrem
3693 3169 3707 3213 :
3735 3152 3830 3206 sed
3865 3167 3968 3206 nec

651 3249 754 3321 .Dei
786 3248 1101 3316 perfectam,
1132 3247 1227 3303 sed
1257 3247 1459 3320 non(l)
1486 3249 1645 3303 sicuti
1671 3265 1835 3304 unum
1862 3249 1929 3305 tle
1959 3248 2252 3310 creaturis;
2285 3241 2330 3304 C
2362 3250 2518 3306 sicuti
2551 3248 2803 3304 Hieracas
2845 3249 3115 3303 lucernam
3147 3247 3216 3301 de
3261 3247 3498 3310 lucerna,
3530 3245 3615 3298 vel
3656 3245 3960 3314 lampadem

659 3343 942 3407 facturam,
975 3342 1071 3398 sed
1112 3357 1218 3396 non
1268 3341 1425 3396 sicuti
1467 3350 1678 3396 caeterze
1717 3344 1954 3396 facturze.
1988 3361 2006 3394 ι
2039 3341 2107 3396 Et
2135 3349 2256 3410 post

660 3436 826 3492 multa
867 3436 993 3499 alia,
1035 3435 1252 3505 quibus,
1287 3435 1534 3490 veritatis
1567 3435 1866 3505 interjectis
1895 3435 2253 3492 confessioni-

659 3527 782 3591 bus,
809 3530 886 3595 (b)
929 3528 1198 3584 haeretica:
1229 3528 1522 3598 impietatis
1563 3527 1977 3584 obumbraretur
2004 3527 2251 3587 intentio,

660 3629 720 3676 ut
743 3619 1038 3676 subsistere
1067 3635 1189 3674 eum
1232 3619 1300 3674 de
1341 3633 1448 3673 non
1475 3618 1812 3672 exstantibus
1850 3627 2055 3689 argutas
2086 3619 2253 3672 inter-

658 3713 976 3784 pretationis
1005 3712 1300 3766 subtilitate
1329 3709 1666 3776 delenderet,
1694 3711 1808 3766 ait:
1844 3729 1863 3763 ι
1895 3711 1958 3766 Et
1992 3719 2116 3764 ante
2157 3726 2255 3763 sae-

658 3807 775 3862 cula
807 3813 1022 3862 creatus
1054 3815 1111 3862 et
1135 3804 1406 3866 fundatus,
1440 3818 1548 3858 non
1578 3811 1696 3858 erat
1724 3810 1849 3858 ante
1883 3817 2043 3873 quam
2074 3817 2260 3857 nasce-

661 3909 830 3955 retur.
869 3918 888 3951 ι
924 3899 1208 3954 Postremo
1233 3898 1388 3967 quasi
1418 3897 1579 3953 rebus
1604 3897 1714 3965 jam
1758 3898 2008 3952 omnibus
2037 3897 2257 3952 validis-

659 3994 798 4047 sime
841 3992 907 4046 ad
949 3992 1337 4061 impietatis(c)
1367 3991 1737 4046 defensionem
1780 3990 2149 4058 communitis,
2191 4005 2256 4045 ne

662 4082 744 4137 vel
778 4082 920 4136 filius
946 4083 1028 4138 vel
1067 4084 1208 4138 Deus
1255 4083 1667 4154 intelligeretur,
1701 4082 1917 4151 adjecit,
1971 4101 1990 4134 ‹
2017 4083 2073 4138 Si
2113 4085 2254 4138 enim

659 4173 804 4243 quod
833 4189 895 4227 ex
922 4173 1055 4241 ipso,
1083 4183 1138 4227 et
1157 4175 1299 4242 quod
1323 4192 1385 4228 ea:
1411 4185 1574 4238 utero,
1609 4185 1664 4230 et
1690 4177 1832 4246 quod
1863 4193 1924 4231 ea:
1949 4176 2109 4232 Patre
2129 4179 2260 4232 exivi

661 4276 709 4320 et
736 4266 868 4329 veni,
896 4265 1040 4319 velut
1072 4273 1276 4334 partem
1315 4266 1429 4335 ejus
1459 4268 1616 4321 unius
1642 4269 1982 4336 substantiae,
2027 4280 2082 4325 et
2107 4271 2258 4340 quasi

660 4357 1018 4429 prolationem
1061 4358 1360 4413 extendens
1395 4359 1749 4431 intelligitur;
1797 4363 2128 4434 compositus
2154 4365 2259 4419 erit

759 4503 810 4566 l)
844 4502 1008 4559 Siculi
1024 4519 1182 4557 unum
1207 4503 1270 4557 de
1291 4513 1545 4560 creatura.

759 4503 810 4566 l)
844 4502 1008 4559 Siculi
1024 4519 1182 4557 unum
1207 4503 1270 4557 de
1291 4513 1545 4560 creatura.

732 4502 810 4648 22)
843 4573 907 4628 In
933 4585 1112 4642 quarto
1137 4575 1412 4648 legebatur
1444 4577 1494 4630 in
1525 4587 1708 4632 nostro
1737 4576 1952 4644 codice;
1984 4576 2080 4632 sed
2107 4578 2245 4632 anti-

657 4661 760 4718 qua
785 4662 944 4701 manu
975 4647 1312 4702 emendatum
1333 4655 1417 4703 est
1441 4649 1493 4701 in
1520 4649 1705 4720 primo.

733 4785 808 4856 (a)
839 4785 895 4839 In
928 4785 1070 4854 vulg.
1102 4785 1447 4856 proxima._At
1480 4785 1532 4838 in
1564 4801 1695 4840 mss.
1721 4785 1975 4855 proxime.
2007 4786 2148 4856 quod
2173 4801 2256 4842 re-

659 4854 832 4911 fertur
861 4855 927 4910 ad
979 4856 1199 4908 emersit.
1251 4855 1323 4908 Ita
1358 4854 1452 4908 lib.
1485 4872 1521 4912 ι.
1557 4873 1610 4910 n.
1639 4854 1732 4916 25,
1763 4857 1876 4911 Arii
1917 4857 1984 4911 ad
2029 4854 2256 4915 Alexan-

659 4928 816 4982 drum
847 4927 1073 4990 epistola
1105 4926 1302 4980 dicitur
1324 4941 1422 4978 non
1453 4926 1576 4980 olim
1602 4927 1768 4981 edita.

733 4998 806 5070 (b)
863 4997 1035 5062 Editi,
1095 4999 1250 5069 hujus
1297 4996 1568 5052 Ittzreticw.
1621 4999 1840 5054 Rectius
1890 4999 2043 5055 abest
2101 5001 2258 5074 Imjus

660 5084 690 5124 3
722 5085 852 5124 ιηςς.

758 5141 806 5208 c)
835 5141 926 5197 Sic
954 5155 1082 5194 mss.
1121 5139 1264 5194 Etliti
1297 5155 1451 5203 vero,
1488 5142 1882 5209 professionem.

758 5143 806 5208 c)
835 5143 926 5197 Sic
954 5155 1082 5194 mss.
1121 5143 1264 5194 Editi
1297 5155 1451 5203 vero,
1488 5143 1882 5209 professionem.

733 5143 814 5284 id)
844 5213 980 5268 Editi
1000 5213 1105 5275 hic,
1124 5227 1431 5282 corporeus;
1450 5221 1522 5277 et,
1549 5211 1706 5278 infra,
1727 5230 1936 5283 corpus.
1957 5215 2120 5286 Magis
2148 5215 2256 5270 sibi

661 5295 908 5338 COIlSlﬂnl
933 5299 1062 5340 ιιιες.

737 5355 805 5423 (e)
836 5356 1186 5410 Recentiores
1212 5369 1342 5426 mss.
1374 5368 1495 5408 cum
1531 5355 1780 5424 vulgatis.
1824 5358 1877 5411 in
1903 5368 2084 5426 quarto
2115 5359 2250 5411 licet.

666 5425 777 5480 Duo
810 5427 1072 5491 Vaticani,
1104 5427 1156 5480 in
1199 5425 1362 5488 primo
1406 5426 1485 5478 vel
1524 5437 1707 5496 quarto
1748 5428 1862 5481 licet
1906 5425 2054 5482 libro.
2105 5428 2260 5483 Anti-

662 5500 882 5566 quiores
916 5507 1117 5558 autem.
1161 5499 1304 5567 iique
1352 5513 1580 5553 numero
1610 5499 1807 5568 plures,
1847 5501 1900 5554 in
1941 5501 2105 5569 primo
2141 5500 2258 5555 licet

662 5571 812 5624 libro.
840 5571 970 5639 Quae
1001 5572 1160 5625 lectio
1203 5571 1358 5626 nobis
1386 5585 1452 5642 eo
1491 5571 1755 5626 sincerior
1781 5573 1895 5627 visa
1927 5582 2030 5634 est.
2072 5573 2255 5642 quoin

665 5653 901 5699 mentem
932 5657 1121 5697 eorum
1151 5643 1328 5696 minus
1349 5641 1530 5710 cadat,
1561 5645 1648 5713 qui
1674 5645 1925 5710 antiquos
1954 5661 2019 5698 ex
2051 5641 2267 5713 coitjec-

674 5715 807 5768 turis
841 5714 1140 5784 corrigunt.
1191 5714 1289 5766 (Ini
1325 5714 1463 5767 favet
1496 5716 1636 5784 quod
1672 5715 1806 5769 liber
1831 5716 2098 5782 superior,
2125 5732 2180 5770 η.
2213 5717 2266 5778 '5,

654 5799 775 5856 .non
808 5789 1013 5856 quintus
1041 5783 1132 5856 sed
1163 5785 1416 5856 secundus
1447 5787 1857 5856 appelletttr;get
1885 5785 2010 5849 hoc,
2035 5789 2109 5844 uti
2138 5786 2274 5854 dixi-

667 5850 786 5908 titus
807 5849 831 5908 ;’
863 5855 984 5925 quia
1009 5849 1277 5908 se'cumlns
1329 5856 1410 5906 est
1450 5849 1634 5910 contra
1666 5855 1926 5920 perfidam
1953 5851 2271 5913 AriauOrum

2273 4615 2323 4676 D

2366 3343 2420 3397 in
2449 3342 2582 3396 duas
2612 3349 2826 3412 partes;
2861 3355 2959 3396 nec
2980 3341 3069 3410 qui
3099 3340 3198 3394 fuit
3223 3348 3366 3402 ante,
3398 3337 3736 3408 postmodum
3779 3346 3965 3391 natum

2365 3435 2451 3490 vel
2481 3441 2885 3503 supercreatum
2913 3434 2964 3487 in
3006 3432 3196 3496 filium,
3229 3431 3384 3486 sicuti
3426 3441 3478 3485 et
3509 3439 3561 3484 tu
3593 3431 3723 3497 ipse,
3763 3429 3969 3483 beatis-

2365 3531 2500 3583 sime
2526 3543 2682 3598 papa,
2715 3527 2888 3583 media
2919 3528 2969 3581 in
3003 3526 3230 3582 ecclesia
3262 3533 3317 3580 et
3345 3525 3397 3578 in
3426 3537 3684 3580 consessu
3714 3521 3968 3590 frequen-

2367 3630 2448 3678 ter
2472 3637 2568 3678 eos
2593 3623 2682 3689 qui
2701 3621 2820 3675 talia
2856 3619 3202 3675 introducunt
3227 3617 3450 3672 renuisti
3478 3634 3492 3670 :
3518 3616 3609 3670 sed
3643 3614 3800 3669 sicuti
3831 3613 3967 3668 dixi-

2366 3729 2509 3780 mus,
2535 3713 2816 3768 voluntate
2848 3713 2938 3767 Dei
2971 3723 3096 3767 ante
3125 3721 3365 3781 tempora
3394 3721 3448 3764 et
3477 3709 3673 3765 smcula
3696 3717 3960 3770 creatum,

2363 3817 2417 3863 et
2439 3808 2620 3864 vivere
2645 3817 2697 3861 et
2726 3820 2846 3861 esse
2872 3807 3138 3875 accipiens
3160 3819 3189 3858 a
3217 3803 3557 3873 Patre,et(5)
3585 3800 3665 3872 (It)
3695 3802 3894 3872 glorias
3914 3802 3964 3856 ei

2362 3901 2798 3956 consubsisteute
2821 3901 2999 3955 Patre.
3027 3899 3209 3968 Neque
3247 3899 3392 3952 enim
3420 3898 3580 3952 Pater
3609 3896 3743 3950 dans
3764 3897 3813 3951 ei
3847 3912 3963 3950 om-

2363 3995 2508 4050 nium
2541 3994 2930 4060 bmreditatem,
2961 3991 3227 4047 fraudavit
3261 3991 3610 4060 semetipsum
3636 3991 3706 4044 ab
3729 3989 3814 4044 bis
3838 4004 3957 4059 quze

2365 4103 2471 4142 non
2496 4087 2632 4142 facta
2660 4087 2860 4155 abipso
2884 4086 3148 4139 habentur
3174 4083 3322 4139 :fons
3362 4095 3445 4138 est
3485 4093 3664 4137 autem
3699 4084 3964 4137 omnium.

2437 4180 2490 4236 6.
2530 4200 2548 4233 ‹
2592 4181 2930 4251 Quapropter
2971 4188 3083 4234 tres
3120 4177 3435 4234 substantia:
3473 4187 3618 4239 sunt,
3650 4176 3827 4242 Pater,
3884 4175 3968 4231 Fi-

2365 4273 2494 4336 lius,
2543 4273 2776 4344 Spiritus
2805 4281 3044 4328 sanctus.
3105 4271 3173 4326 Et
3219 4269 3437 4341 quidem
3495 4269 3638 4324 Deus
3684 4283 3846 4323 causa
3885 4279 3969 4322 est

2365 4365 2628 4432 omnium,
2659 4362 2883 4419 omnino
2909 4364 3026 4418 sine
3070 4363 3222 4418 initio
3251 4362 3542 4418 solitarius.
3579 4360 3749 4416 Filius
3784 4369 3966 4416 autem

2425 4506 2505 4578 ('5)
2537 4506 2660 4578 llaec
2685 4503 2988 4578 epigraplte
3019 4502 3177 4578 deest
3204 4503 3256 4557 in
3278 4510 3472 4578 nostro
3495 4499 3701 4556 codice.

2419 4573 2498 4648 (4)
2530 4577 2626 4632 llic
2654 4573 2850 4645 repetit
2881 4575 3033 4628 siculi
3068 4591 3224 4628 unum
3255 4573 3316 4628 de
3344 4583 3596 4628 creatura.

2422 4650 2499 4724 (5)
2531 4648 2790 4702 Glorious.

2355 4787 2484 4850 fidei
2517 4786 2924 4850 professionem.
2957 4785 3290 4855 Quamquam
3333 4781 3433 4837 sub
3469 4781 3573 4835 alio
3595 4791 3854 4855 respectu
3882 4779 3970 4855 hic

2362 4859 2478 4928 ipse
2511 4857 2646 4913 liber
2676 4859 2923 4926 proxime
2966 4853 3162 4912 sextus
3193 4863 3556 4928 nuncupatur,
3594 4853 3851 4928 Erasmus
3882 4853 3970 4928 hic

2361 4923 2427 4984 ad
2459 4923 2754 4998 marginem
2793 4929 3176 4996 adscripserat,
3208 4925 3322 4998 Ego
3351 4941 3468 4978 vero
3498 4941 3600 4978 non
3634 4923 3810 4998 dubito
3844 4925 3968 4998 quin

2361 4997 2632 5072 legendum
2660 5002 2793 5055 sitin
2811 5011 3032 5072 quatuor
3061 5000 3222 5062 libris,
3249 4999 3406 5072 eique
3433 5006 3617 5064 postea
3647 4997 3971 5065 subscripsit

2361 5069 2499 5128 Lud.
2534 5073 2768 5127 Mimans.
2814 5071 3076 5126 Nimirum
3120 5085 3224 5124 non
3264 5069 3613 5122 adverterunt
3663 5081 3968 5120 sermonem

2365 5145 2452 5198 hic
2482 5143 2665 5198 habt-ri
2695 5142 2763 5197 de
2788 5142 2987 5211 perfida
3016 5142 3332 5194 Arianorum
3359 5139 3608 5204 epistola,
3639 5151 3761 5206 qua:
3783 5137 3970 5192 hacte-

2367 5231 2466 5269 nus
2497 5217 2678 5276 unico,
2714 5231 2817 5268 non
2846 5222 3076 5281 qualuOr
3105 5212 3254 5266 libris
3281 5213 3423 5265 edita
3452 5221 3555 5264 est.

2437 5287 2504 5359 (f)
2540 5287 2687 5340 Hane
2738 5286 3068 5359 epigraplten
3109 5286 3160 5338 in
3218 5283 3366 5351 prius
3419 5281 3654 5352 vulgatis
3701 5281 3966 5335 omissam

2363 5357 2699 5412 restituimus
2727 5373 2793 5411 ex
2832 5357 3128 5424 potioribus
3156 5369 3286 5408 mss.

2439 5429 2515 5501 (g)
2550 5428 2710 5491 Edili,
2727 5423 2842 5498 qui,
2865 5429 2956 5481 lib.
2985 5423 3967 5501 tv,7pra'lerehant‘ttuiouem‘inducit,

2363 5494 2998 5556 hie‘exhibentunionem
3027 5498 3253 5552 dividens
3285 5512 3302 5550 :
3333 5495 3621 5564 utrobique
3650 5494 3972 5564 refraganti-

2366 5573 2468 5627 bus
2501 5586 2629 5625 mss.

2442 5642 2524 5711 (h)
2575 5643 2630 5696 in
2662 5643 2919 5711 vulgatis,
2972 5642 3065 5697 lib.
3109 5657 3188 5707 ιν,
3239 5639 3493 5713 gloriari,
3543 5637 3637 5713 hie
3679 5651 3968 5713 verogcnm

2373 5709 2626 5770 omnibus
2652 5709 2786 5786 mss.
2820 5716 3048 5786 glorians
3075 5731 3092 5768 :
3119 5713 3213 5783 sed
3241 5709 3429 5786 errore
3444 5709 3796 5786 librariorum
3827 5709 3970 5786 litte-

2375 5779 2867 5858 ramuadjectam
2912 5786 3023 5858 jam
3073 5779 3381 5839 monuimus
3433 5781 3553 5851 (col.
3610 5780 3736 5849 106,
3789 5779 3942 5848 uot.j

2377 5856 2612 5913 editionis
2640 5856 2874 5912 nostra.)
