4216 6254
223 315 313 371 itii

1450 299 1540 358 DE
1578 296 1953 358 TRINITATE
1994 293 2200 353 LIBER
2234 293 2319 351 Vl.

3414 288 3517 346 162

220 432 331 486 sine
358 438 605 499 tempore
648 425 827 483 editus
850 437 882 478 a
901 421 1087 489 Patre,
1115 427 1170 476 et
1211 426 1341 475 ante
1364 417 1563 473 saecula
1598 426 1815 473 creatus
1839 416 1896 479 Α
1916 411 2254 481 Quamquam
2283 407 2442 481 igitur
2474 406 2852 477 superioribus
2890 404 3090 462 libellis
3121 404 3271 499 (scil.
3289 417 3342 458 tv
3382 411 3428 458 et
3458 399 3519 471 v)

222 535 273 579 et
294 522 566 588 fundatus,
593 536 700 575 non
729 525 849 574 erat
865 523 993 571 ante
1012 527 1174 585 quam
1202 520 1514 567 nasceretur
1539 526 1552 562 :
1577 508 1673 564 sed
1699 507 1817 562 sine

226 624 460 685 tempore
486 623 614 667 ante
641 608 824 666 omnia
853 617 1035 673 natus,
1077 604 1226 660 solus
1276 617 1308 657 a
1363 601 1484 658 solo
1530 599 1606 673 (α)
1661 600 1819 656 Patre

226 706 304 780 (l)
336 705 595 763 substitit.
623 702 735 792 N.ec
747 701 893 759 enim
915 709 995 755 est
1010 706 1245 754 alemus
1270 702 1366 777 aut
1385 703 1708 761 coaeternus,
1726 698 1820 747 aut

225 799 377 855 simul
404 812 510 854 non
525 784 701 853 facth
730 808 851 850 cum
879 792 1038 848 Patre
1064 788 1164 861 (b),
1195 802 1298 844 nec
1323 786 1481 842 simul
1507 800 1630 841 cum
1658 784 1820 839 Patre

225 890 384 947 habet
403 904 547 953 esse,
578 887 735 944 sicuti
765 884 987 957 quidam
1014 883 1218 947 dicunt,
1244 890 1337 936 aut
1360 879 1551 950 aliqui,
1580 878 1688 934 duo
1709 892 1819 933 non

227 995 349 1043 nata
377 982 640 1055 principia
666 980 1074 1036 introducentes
1099 994 1113 1030 :
1141 975 1237 1032 sed
1264 976 1405 1032 sicut
1436 975 1567 1030 unio
1594 981 1650 1029 et
1670 973 1823 1044 prin-

228 1079 427 1149 cipium
451 1076 714 1142 omnium,
742 1075 824 1129 sic
850 1082 906 1128 et
930 1072 1072 1128 Deus
1101 1081 1227 1127 ante
1254 1070 1435 1126 omnia
1459 1078 1562 1124 est.
1596 1068 1826 1137 Pmpter

228 1172 371 1244 quod
398 1183 452 1227 et
472 1179 598 1226 ante
617 1168 812 1224 Filium
836 1175 941 1234 est,
969 1165 1109 1221 sicut
1135 1173 1312 1220 etate
1334 1162 1619 1218 didicimus
1647 1161 1825 1217 media

230 1269 286 1323 in
310 1266 541 1323 ecclesia
564 1263 911 1337 praedicante.
940 1258 1248 1317 Secundum
1277 1256 1422 1329 quod
1453 1258 1633 1327 itaque
1661 1270 1691 1308 a
1714 1255 1826 1310 Deo

230 1375 357 1417 esse
388 1359 572 1424 habet,
602 1359 674 1428 (e)
703 1367 753 1412 et
773 1355 997 1427 glorias,
1025 1363 1081 1410 et
1113 1354 1314 1418 vivere,
1336 1360 1393 1408 et
1415 1350 1596 1406 omnia
1622 1351 1671 1406 ei
1702 1357 1830 1405 sunt

232 1451 458 1516 tradita;
501 1448 798 1506 secundum
838 1447 962 1510 hoc,
1001 1445 1322 1515 principium
1372 1444 1491 1512 ejus
1530 1450 1617 1498 est
1664 1441 1825 1497 Deus.

234 1543 567 1615 Principatur
592 1550 772 1595 autent
799 1538 874 1606 ei,
905 1546 1095 1608 utpote
1120 1537 1261 1593 Deus
1289 1535 1431 1605 ejus,
1463 1550 1585 1590 cunt
1614 1532 1686 1590 sit
1704 1540 1831 1589 ante

234 1635 430 1707 ipsum.
453 1634 509 1690 Si
540 1633 687 1689 enim
723 1630 868 1702 quod
905 1617 984 1684 ea:
1027 1630 1163 1699 ipso,
1212 1626 1433 1698 etquod
1479 1642 1544 1681 ea:
1576 1636 1739 1691 utero,
1777 1634 1833 1681 et

234 1729 460 1800 quodex
487 1727 645 1782 Patre
682 1726 814 1781 exivi
841 1735 888 1778 et
927 1724 1058 1788 veni,
1092 1723 1236 1778 velut
1262 1732 1469 1792 partem
1507 1721 1626 1791 ejus
1672 1719 1833 1776 unius

1918 503 1988 560 de
2014 504 2123 559 Deo
2144 513 2200 558 et
2222 500 2543 569 Deo,etDeo
2554 514 2685 555 vero
2704 514 2771 554 ac
2797 500 2907 556 Deo
2933 514 3085 563 vero,
3102 508 3158 554 et
3175 497 3228 553 in
3249 497 3360 552 Deo
3389 507 3521 550 vero

1921 605 2074 668 patre
2101 605 2157 651 et
2183 596 2237 650 in
2266 594 2379 650 Deo
2404 608 2533 649 vero
2575 593 2686 648 lilio
2714 608 2822 649 uno
2845 607 2977 649 vero
3007 592 3120 647 Deo
3166 587 3521 661 intelligendo

1920 688 2218 745 secundum
2252 694 2461 743 naturae
2489 686 2774 753 unitatem,
2811 700 2918 741 non
2948 683 3244 742 secundum
3274 696 3524 754 persona:

1922 781 2198 848 unionem,
2243 795 2312 836 ex
2339 778 2476 850 legis
2516 786 2574 835 et.
2618 777 3001 849 prophetarum
3044 774 3522 847 praedicationibus

1921 873 2308 939 docuerimus;
2339 882 2518 928 tamen
2549 871 2784 943 perfecta
2809 868 2888 944 (l)
2920 869 3046 926 fidei
3072 868 3231 941 hujus
3258 866 3526 925 absolutio
3586 910 3603 918 -

1924 981 1990 1022 ex
2020 964 2353 1036 evangelicis
2388 972 2554 1035 atque
2580 962 2895 1034 apostolicis
2937 971 3023 1019 est
3060 959 3364 1035 praestanda
3390 958 3522 1015 doc-

1926 1059 2106 1121 trinis.
2136 1067 2193 1112 ut
2220 1072 2382 1114 verus
2431 1056 2523 1112 Dei
2554 1054 2701 1111 filius
2738 1055 2881 1111 Deus
2916 1069 3025 1110 non
3053 1053 3247 1108 alienae
3290 1066 3321 1106 a
3369 1049 3531 1106 Patre

1925 1151 2266 1222 diversaeque
2295 1161 2523 1215 naturae,
2553 1149 2649 1206 sed
2677 1148 2919 1219 ejusdem
2944 1162 3069 1204 esse
3091 1144 3414 1210 divinitatis,
3435 1158 3532 1214 per

1926 1247 2207 1303 veritatem
2250 1244 2550 1301 nativitatis
2592 1244 2852 1307 existens,
2897 1242 3069 1314 pOSsil
3122 1239 3372 1313 intelligi.
3419 1239 3532 1296 Nec

1926 1360 2058 1401 sane
2094 1357 2418 1414 quemquam
2446 1352 2556 1396 tam
2594 1349 2865 1397 amentem
2904 1353 3069 1411 posse
3097 1352 3223 1394 esse
3246 1336 3528 1401 existimo,

1928 1442 2018 1515 qui
2044 1441 2134 1496 Dei
2160 1439 2230 1495 de
2265 1455 2326 1495 se
2372 1438 2737 1509 professiones
2768 1448 2862 1493 aut
2902 1438 3147 1509 cognitas
3177 1450 3284 1492 non
3327 1431 3531 1490 intelli-

1928 1545 2041 1608 gat,
2064 1543 2159 1590 aut
2188 1533 2492 1589 intellectas
2521 1548 2551 1587 a
2579 1548 2641 1588 se
2666 1529 2747 1604 (g)
2769 1531 2936 1587 nollet
2965 1530 3323 1601 iutelligi,aut
3348 1542 3536 1585 emen-

1931 1628 2138 1685 dandas
2160 1635 2314 1698 putet
2337 1627 2589 1681 humanae
2611 1623 2866 1697 opinione
2890 1623 3208 1693 prudentiae.
3242 1621 3351 1679 Sed
3378 1629 3536 1678 ante-

1931 1737 2093 1794 quam
2145 1737 2236 1779 res
2286 1723 2432 1793 ipsas
2473 1722 2785 1776 salutarium
2852 1728 3320 1776 sacramentorum
3382 1717 3531 1790 loqui

234 1820 545 1877 substantiae
567 1827 625 1875 et
646 1818 801 1890 quasi
830 1814 1189 1887 prolationem
1234 1811 1531 1869 extendens
1574 1811 1832 1883 intelligi-
1861 1834 1912 1896 Β
1939 1814 2019 1888 (5)
2050 1814 2401 1886 incipiamus;
2428 1830 2496 1871 ne
2522 1816 2575 1870 in
2594 1814 2776 1885 aliquo
2800 1813 2923 1882 sibi,
2946 1815 3105 1870 editis
3150 1812 3534 1869 haereticorum

240 1921 359 1979 tur;
401 1910 735 1982 compositus
783 1909 888 1965 erit
910 1907 1095 1975 Pater,
1118 1916 1172 1963 et
1198 1903 1507 1969 divisibilis,
1530 1915 1585 1960 et
1608 1919 1834 1960 conver-

241 2006 401 2063 tibilis
425 2006 532 2078 (2),
560 2014 618 2061 et
639 2018 840 2074 corpus
883 2001 1180 2058 secundum
1211 1999 1357 2063 illos,
1387 2007 1466 2066 et,
1496 2008 1756 2070 quantum
1780 1999 1837 2054 in

239 2099 371 2171 ipsis
391 2110 500 2165 est,
540 2097 933 2168 consequentia
965 2094 1213 2166 corporis
1239 2093 1516 2150 sustinens
1554 2092 1674 2148 sine
1717 2106 1837 2147 cor-

244 2206 377 2262 pore
404 2190 550 2246 Deus
573 2188 710 2261 (d).s

311 2284 364 2338 7.
404 2281 671 2337 Venenum
698 2281 753 2336 in
780 2280 878 2336 hac
892 2280 1111 2351 epistola
1142 2278 1325 2334 latens.
1353 2306 1425 2319 -—
1452 2275 1585 2346 Quis
1612 2291 1721 2332 non
1758 2275 1843 2334 his

243 2377 443 2433 sentiat
486 2374 725 2431 lubricos
757 2372 1085 2443 set-pentina:
1132 2369 1232 2427 viae
1277 2369 1468 2435 ﬂexus,
1510 2369 1595 2426 vel
1626 2368 1697 2442 (e)
1734 2379 1845 2424 tor-

247 2469 421 2526 tuosis
463 2468 628 2538 Spiris
676 2466 847 2522 nodos
877 2465 1127 2535 vipereos
1166 2478 1274 2517 non
1316 2460 1604 2533 intelligat,
1650 2459 1846 2531 quibus

243 2563 498 2621 venenati
526 2562 641 2618 oris
674 2560 836 2634 136
860 2558 1171 2629 principalis
1203 2566 1442 2628 potestas
1484 2556 1716 2612 collecto
1761 2557 1846 2610 in-

246 2656 373 2713 ﬂexi
393 2655 640 2726 corporis
669 2653 804 2708 orbe
844 2649 1224 2707 concluditur?
1270 2649 1378 2705 Sed
1403 2649 1641 2705 extensis
1675 2647 1851 2703 omni-

250 2752 354 2806 bus
380 2758 547 2818 atque
572 2745 857 2810 absolutis,
893 2753 1063 2799 totum
1089 2743 1342 2799 occultati
1366 2742 1558 2812 capitis
1582 2742 1732 2798 virus
1755 2756 1851 2808 pa-

252 2844 406 2899 tebit.
436 2842 762 2912 lngeruutur
779 2837 922 2894 enim
952 2837 1108 2893 nobis
1134 2836 1363 2907 primum
1391 2838 1612 2891 nomina
1659 2838 1858 2891 verita-

255 2936 347 3005 tis,
374 2937 457 3007 (3)
491 2934 576 3008 (ί)
606 2940 666 2988 ut
691 2932 835 2987 virus
865 2929 1118 2985 falsitatis
1148 2930 1400 2985 introeat.
1433 2928 1641 2983 Bonum
1671 2927 1725 2983 in
1760 2941 1857 2983 ore

254 3041 365 3099 est,
396 3040 455 3085 ut
492 3028 564 3085 de
600 3024 767 3083 corde
806 3025 1008 3080 malum
1047 3023 1262 3080 subeat.
1292 3023 1361 3079 Et
1404 3024 1542 3079 inter
1569 3023 1685 3079 haec
1730 3036 1857 3077 nus.

255 3141 422 3196 quam
451 3122 613 3178 audio
634 3121 705 3178 ab
745 3119 829 3176 bis
851 3119 1020 3175 Deum
1065 3118 1159 3173 Dei
1198 3115 1370 3172 ﬁlium
1401 3116 1506 3173 dici
1537 3134 1552 3168 :
1592 3129 1859 3186 nusquam

1939 1907 2269 1976 nominibus,
2320 1905 2861 1977 hmresisprofessio
2911 1907 3239 1973 blandiatur,
3277 1906 3538 1963 demons-

1941 1999 2190 2056 trandum
2216 2007 2302 2055 est
2320 2014 2484 2055 omne
2510 1999 2672 2069 hujus
2696 2008 2900 2070 argutae
2923 1998 3143 2054 malitiae
3166 1998 3410 2054 velamen
3441 2015 3454 2050 :
3484 2004 3543 2052 ut

1942 2109 2039 2164 per
2065 2091 2215 2165 quod
2254 2106 2317 2149 se
2354 2093 2505 2149 virus
2581 2091 2755 2147 latens
2812 2092 3071 2162 contegit,
3130 2106 3226 2161 per
3267 2090 3319 2145 id
3368 2089 3545 2162 ipsum

1943 2185 2026 2258 (6)
2069 2187 2337 2257 proditum
2361 2182 2443 2259 (h)
2467 2185 2538 2241 sit
2573 2194 2631 2242 et
2672 2186 2990 2253 revelatum,
3024 2193 3080 2241 et
3123 2185 3190 2241 ad
3219 2184 3549 2241 blandientis

1943 2279 2137 2334 veneni
2175 2277 2588 2349 intelligentiam
2613 2277 2845 2348 publicae
2870 2278 3220 2334 conscientiae
3239 2292 3432 2335 sensus
3462 2277 3552 2332 in-

1948 2379 2141 2425 troeat.

2020 2462 2076 2519 9.
2108 2462 2366 2519 Valentini
2393 2472 2700 2519 commenta.
2730 2461 2967 2519 Ecclesia
3002 2462 3065 2518 ab
3087 2463 3168 2518 Iris
3187 2462 3378 2519 aliena.
3413 2460 3553 2518 Pro-

1950 2556 2160 2613 lationis
2202 2558 2410 2613 nomine
2454 2558 2683 2613 hteretiei
2712 2559 3023 2612 natiuitatem
3064 2558 3300 2612 nituntur
3327 2556 3553 2612 abolere.

1950 2680 2026 2691 —
2052 2649 2309 2706 Voleutes
2352 2651 2513 2721 igitur
2537 2650 2782 2706 haeretici
2831 2651 2926 2705 Dei
2971 2648 3143 2705 filium
3187 2665 3294 2705 non
3341 2664 3407 2704 ex
3441 2649 3554 2706 Deo

1954 2758 2098 2813 esse,
2147 2759 2325 2815 neque
2350 2743 2415 2816 (i)
2445 2744 2513 2800 de
2544 2755 2735 2800 natura
2786 2753 2841 2801 et
2874 2745 2928 2801 in
2975 2755 3168 2801 natura
3216 2746 3313 2801 Dei
3352 2762 3418 2803 ex
3449 2746 3559 2803 Deo

1958 2836 2127 2892 Deum
2168 2847 2377 2905 natum,
2428 2852 2552 2893 cum
2587 2836 2699 2907 jam
2744 2839 2995 2910 superius
3039 2844 3564 2894 commemorassent

1958 2947 2118 2987 unum
2147 2930 2318 2988 Deum
2350 2932 2520 2988 solum
2552 2932 2708 3005 137
2736 2949 2930 2999 verum,
2961 2948 3137 3004 neque
3161 2932 3489 3005 adjecissent
3517 2941 3564 2987 et

1962 3034 2157 3095 patrem
2180 3042 2201 3091 ;
2232 3034 2293 3080 ut
2321 3025 2481 3080 unius
2504 3025 2749 3080 veritatis
2776 3041 2900 3081 esse
2921 3024 3136 3081 Patrem
3168 3034 3223 3081 et
3248 3024 3443 3081 Filium
3466 3040 3565 3081 ex-

1963 3117 2111 3174 clusa
2126 3119 2762 3188 pr0prietatenativitatis
2778 3129 3059 3190 negarent,
3092 3118 3369 3186 dixerunt,
3406 3138 3426 3173 (
3456 3118 3569 3175 Nec

259 3218 458 3274 Filium
482 3215 700 3271 invenio
726 3213 800 3269 ita
829 3211 1179 3283 praedicatum
1225 3225 1367 3278 esse,
1414 3210 1557 3281 quod
1596 3210 1738 3266 filius
1767 3208 1858 3265 sit.
1889 3232 1935 3296 ρ
1967 3220 2025 3265 ιιι
2057 3210 2374 3267 Valentinus
2400 3211 2760 3282 prolationem
2791 3211 2985 3267 Natum
3014 3212 3191 3268 Patris
3230 3220 3573 3269 commenta-

259 3311 472 3368 Nomen
514 3308 613 3366 ﬁlii
659 3308 942 3379 ingeritur,
991 3316 1051 3361 ut
1100 3315 1288 3361 natura
1340 3316 1616 3371 taceatur;
1670 3314 1864 3361 natura

261 3401 542 3468 adimitur,
584 3410 647 3455 ut
684 3412 883 3455 nomen
922 3397 1159 3452 alienum
1212 3397 1302 3452 sit.
1350 3396 1597 3452 llaereses
1652 3406 1865 3454 craterae

263 3493 698 3568 praetenduntur,
728 3501 784 3546 ut
813 3491 881 3547 de
914 3506 976 3547 se
1007 3489 1230 3545 haeresis
1254 3489 1546 3545 mentiatur
1573 3489 1746 3562 (Idem
1773 3508 1872 3546 no-

266 3596 347 3641 tat
372 3586 617 3644 Athanas.
651 3583 747 3638 0r.
781 3599 820 3649 ι,
853 3599 906 3653 p.
940 3580 1090 3653 515).
1125 3582 1275 3638 Unus
1294 3582 1445 3637 solus
1474 3581 1615 3638 Deus
1643 3591 1697 3638 et
1720 3583 1870 3639 solus

264 3693 435 3737 verus
460 3675 742 3747 ingeritur,
786 3689 855 3731 ne
879 3690 1065 3731 verum
1101 3689 1168 3730 ac
1196 3674 1472 3745 proprium
1506 3674 1597 3730 Dei
1624 3673 1735 3730 filio
1779 3690 1868 3730 re-

266 3771 549 3842 linquatur
573 3784 697 3825 esse
724 3767 869 3840 quod
900 3767 1044 3824 Deus
1072 3775 1176 3824 est.

342 3865 398 3919 8.
430 3861 570 3928 Quid
590 3864 708 3934 jam
737 3861 832 3915 sibi
857 3861 1179 3915 tractandum
1223 3871 1476 3931 proponat
1522 3860 1781 3920 Hilarius.
1803 3894 1875 3906 —

347 3987 431 4060 (l)
461 3986 727 4060 system.
1100 4040 1103 4043 .

347 4057 431 4133 (2)
473 4058 541 4115 Et
569 4057 852 4125 mutabilis,
875 4067 956 4133 ⁸ιιι.
986 4073 1149 4129 supra
1195 4057 1249 4133 in
1295 4062 1489 4122 quarto
1519 4061 1685 4131 libro,
1717 4060 1881 4120 etiam

272 4129 612 4206 hicantjqua
637 4143 799 4206 manu
824 4129 1093 4206 adjectum
1120 4140 1203 4185 est
1231 4131 1287 4186 in
1313 4132 1497 4183 nostro
1523 4129 1841 4206 exemplari,

378 4205 438 4272 5)
472 4201 540 4259 Ut
567 4203 695 4256 vires
721 4200 965 4272 falsitatis
994 4202 1269 4257 introeant.

352 4202 438 4349 ὃ)
464 4273 619 4328 Fidei
647 4272 800 4346 hujus
823 4272 1074 4327 absolutio
1094 4288 1269 4346 euangt

376 4274 438 4347 4)
464 4273 619 4328 Fidei
647 4272 800 4346 hujus
823 4272 1074 4327 absolutio
1094 4273 1395 4346 euangelicis
1419 4284 1571 4348 atque
1585 4277 1881 4349 apostolicis

352 4392 433 4467 (ιι)
462 4392 520 4447 In
540 4390 936 4467 antiquissimis
962 4407 1112 4467 mss,
1143 4391 1201 4467 _S.
1246 4391 1456 4449 Martini
1493 4393 1720 4467 Turon.,
1750 4395 1871 4451 Vat.

277 4464 421 4523 bas.
446 4477 501 4518 et
529 4464 684 4519 Colb.
731 4480 761 4516 a
807 4464 917 4518 solo
954 4464 1175 4519 substitit
1216 4480 1235 4520 :
1267 4480 1372 4519 non
1399 4466 1573 4533 ,male,
1616 4467 1664 4523 si
1695 4467 1790 4522 lib.
1824 4483 1876 4523 tv

278 4538 388 4617 sibi
429 4544 761 4617 constarent.
820 4533 875 4617 l_n
921 4551 1099 4606 graeco
1142 4546 1351 4606 autem,
1390 4538 1494 4595 ὐπό
1539 4546 1629 4595 τοῦ
1677 4541 1878 4617 πατρὸς

279 4611 511 4670 ὑπέστη,
537 4607 740 4661 omisso
768 4606 901 4661 solo.

1969 3313 2054 3358 tus
2083 3312 2166 3359 est
2192 3320 2207 3357 :
2243 3323 2263 3357 ι
2292 3311 2353 3359 ut
2374 3304 2477 3359 sub
2495 3305 2678 3376 specie
2710 3305 2983 3363 haereseos
3013 3304 3080 3381 (ἱ)
3109 3306 3436 3376 Valentinac,
3473 3321 3571 3362 no-

1968 3395 2116 3451 mine
2136 3396 2452 3466 prolationis
2477 3397 2806 3468 improbato,
2850 3398 3189 3455 nativitatem
3225 3399 3324 3456 Dei
3351 3415 3419 3455 ex
3460 3397 3574 3454 Deo

1977 3489 2367 3561 improbarent.
2412 3489 2734 3548 Valentinus
2778 3494 2924 3549 enim
2966 3493 3189 3550 ridicula
3236 3493 3484 3566 quaedam
3520 3501 3576 3549 et

1976 3584 2119 3643 taeda
2139 3595 2536 3654 commentans,
2569 3602 2691 3643 cum
2724 3597 2924 3660 praeter
2949 3588 3243 3659 principem
3275 3589 3465 3655 Deum,
3496 3586 3576 3642 fa-

1980 3679 2183 3736 miliam
2211 3679 2435 3736 deorum
2463 3690 2520 3737 et
2544 3694 2864 3736 numerosas
2885 3681 2965 3753 (7)
2992 3679 3070 3753 (Ir)
3092 3681 3453 3751 aeternitatem
3482 3693 3581 3748 po-

1980 3780 2206 3830 testates
2250 3773 2660 3840 introduxisset,
2701 3772 2787 3845 (8)
2826 3782 2955 3829 tunc
2995 3773 3264 3843 prolatum
3292 3771 3576 3828 Dominum

1978 3879 2224 3924 nostrum
2256 3867 2440 3925 Jesum
2471 3867 2747 3923 Christum
2778 3866 3038 3939 mysterio
3062 3866 3290 3923 occultae
3327 3864 3582 3921 volunta-

1983 4003 2055 4049 est
2086 3992 2415 4049 nrwdicanda
2436 3992 2699 4047 doctrinis.

2121 4012 2415 4049 rwatcanaa
2436 4012 2466 4047 a

2079 4012 2135 4136 ἔ)
2160 4062 2466 4136 incipimus.

2079 4064 2135 4136 5)
2160 4064 2466 4135 Incipimus.

2054 4064 2134 4208 {6)
2161 4134 2436 4208 Proditum
2459 4143 2506 4191 et
2534 4135 2833 4202 revelatum,
2858 4135 2928 4191 ad
2947 4133 3276 4202 blandientis,
3310 4143 3417 4192 etc.

2083 4208 2140 4262 7)
2170 4205 2432 4262 £tatum.

2058 4224 2141 4351 ἱέί
2166 4224 2606 4351 mitium...

1982 4396 2143 4457 alteri
2172 4404 2376 4463 autem,
2409 4407 2569 4451 totum
2613 4396 2857 4451 occultati
2884 4396 3070 4466 capitis
3093 4398 3235 4451 virus
3258 4411 3279 4451 :
3305 4410 3426 4467 quae
3454 4408 3592 4466 quo—

1985 4468 2131 4523 niam
2160 4468 2411 4534 obtinuit,
2445 4483 2545 4523 nec
2571 4484 2599 4521 a
2629 4468 2786 4522 nobis
2818 4476 3078 4522 mutatur.

2066 4536 2143 4613 (g_)
2173 4538 2338 4613 Editi,
2356 4538 2505 4613 nolit
2525 4538 2745 4613 intelligi
2771 4555 2791 4593 :
2820 4548 2877 4613 et
2898 4554 3045 4604 mox,
3068 4536 3591 4613 humanmopinionis

1915 4607 2288 4680 Dprudeittia.
2345 4607 2962 4679 Concinnius'optimus
2997 4608 3186 4680 (codex
3239 4608 3406 4680 Colb._
3467 4621 3591 4662 cum

361 4681 444 4752 (b)
478 4678 619 4752 Editi
646 4679 736 4733 hic
777 4677 1055 4752 adjiciunt,
1105 4678 1205 4749 fuit
1245 4695 1476 4748 sernpcr;
1504 4682 1647 4750 quod
1691 4682 1785 4737 lib.
1835 4697 1889 4737 ιν
1993 4677 2183 4752 Corb.,
2211 4692 2345 4747 etc.,
2376 4683 2535 4739 nollet
2565 4700 2585 4737 :
2612 4696 2678 4738 ac
2701 4677 2888 4752 postea
2915 4678 3336 4752 suffragantibus
3360 4678 3515 4734 Matt.
3539 4685 3595 4733 ct

287 4749 490 4809 melius
517 4750 790 4813 omittunt,
821 4749 891 4806 ibi
913 4757 968 4804 et
998 4749 1087 4804 hic
1115 4749 1581 4808 consentientibus
1617 4769 1748 4811 mss.

365 4819 441 4895 (ε)
468 4823 524 4876 ιιι
552 4821 817 4895 vulgatis,
833 4831 877 4875 et
901 4821 1136 4895 gloriari.
1163 4819 1221 4895 In
1245 4837 1346 4895 ms.
1382 4821 1502 4877 Vat.
1533 4824 1677 4890 bas.,
1711 4835 1755 4880 et
1783 4825 1894 4895 gloc

287 4892 518 4965 riansget
565 4892 733 4965 uiuens
760 4907 779 4946 :
806 4892 859 4946 in
888 4893 1031 4959 aliis,
1077 4901 1123 4947 et
1158 4892 1388 4965 glorians
1432 4902 1478 4949 et
1507 4895 1673 4951 uiuere
1703 4913 1718 4952 :
1749 4892 1891 4952 idem

291 4963 558 5023 mendum
586 4964 727 5032 quod
751 4978 933 5033 supra.

372 5034 457 5109 (ά)
480 5031 678 5109 [nunc
709 5031 963 5109 msapost
994 5049 1181 5091 vocem
1223 5031 1387 5104 Deus,
1420 5036 1722 5109 subjicitur,
1749 5036 1897 5093 Veri-

296 5106 420 5165 tas':
438 5106 655 5161 'additio
678 5120 867 5161 manus
893 5106 1105 5173 alienae,
1129 5121 1235 5177 qua
1262 5109 1433 5166 sancti
1464 5108 1709 5165 Doctoris
1737 5109 1897 5165 verba

294 5182 369 5236 ab
394 5178 778 5234 haereticorum
800 5177 957 5234 dictis
977 5187 1349 5234 secernuntur.

376 5249 454 5325 (e)
503 5249 945 5325 Editi,__lort_uosi-
969 5249 1187 5325 spiritus
1227 5267 1247 5304 :
1274 5254 1609 5325 castigantur
1646 5268 1711 5309 es
1763 5266 1895 5325 mss.

304 5319 514 5378 Eadem
544 5320 894 5376 similitudine
922 5319 1138 5376 fallaces
1179 5319 1645 5380 haeresis'Arianaa
1678 5322 1899 5380 tecltnas

305 5396 391 5467 sic
408 5401 781 5467 (repraescttctt
808 5391 1154 5467 Athanasius,
1182 5392 1329 5467 0_r.u
1350 5407 1534 5452 contra
1548 5397 1646 5452 Ar.
1681 5412 1732 5467 p.
1753 5394 1858 5450 διο
1882 5412 1898 5448 :

312 5465 421 5538 Qui
442 5464 928 5538 istaihtzresisnon
967 5464 1125 5534 digna
1170 5464 1287 5538 odio
1327 5469 1502 5536 fuerit,
1544 5464 1795 5523 cum—illa
1824 5480 1915 5538 per

311 5535 649 5612 diuidentth
682 5553 715 5589 a
738 5535 843 5590 suis
863 5535 1014 5590 etiam
1037 5535 1341 5607 occultetur,
1365 5549 1411 5593 et
1431 5542 1575 5610 quasi
1599 5554 1807 5612 serpens
1825 5535 1916 5608 ’[ο-

308 5618 489 5664 untur
512 5610 533 5662 Ι

391 5679 470 5749 (ι)
504 5678 590 5754 ita
638 5679 892 5754 perpauci
938 5679 1277 5754 recentiores
1312 5694 1448 5754 (mss.
1477 5695 1621 5754 cum
1662 5680 1917 5754 vulgatis.

310 5749 520 5822 Catani
543 5766 674 5807 vero
699 5749 920 5818 habent,
952 5761 1009 5806 ut
1038 5750 1442 5822 uires.{alsitatis
1467 5749 1922 5810 iutroeantfﬂuic

320 5820 548 5880 lectioni
576 5822 719 5879 favet
748 5822 899 5893 illud,
929 5824 1160 5880 venenati
1200 5820 1309 5881 oris
1339 5823 1640 5897 principalis
1678 5834 1925 5897 potestas;

1994 4750 2184 4836 Qarnﬂ
2223 4752 2462 4808 humana:
2491 4750 2756 4836 opinione.
2778 4750 3099 4836 prudentia;
3134 4750 3432 4836 Humannam
3459 4764 3593 4819 pru-

1997 4824 2262 4896 dentiam,
2300 4841 2422 4896 qua:
2458 4820 2623 4881 variis
2669 4820 3018 4895 opinionibus
3078 4821 3285 4896 incerta
3326 4820 3592 4889 fluctuat,

2000 4893 2460 5018 fideilcertitudini
2496 4893 2788 4968 numquam
2827 4893 3246 4966 praeponendam
3283 4904 3598 4951 constanter

2000 4982 2126 5018 ιιιευ
2148 4978 2256 5018 cat.

2000 4978 2256 5023 lDCIllcal.

2099 5037 2155 5108 It)
2178 5039 2304 5094 Mss.
2328 5038 2607 5108 proditum,
2635 5048 2682 5094 et
2709 5036 3007 5103 revelatum,
3039 5036 3109 5091 ad
3135 5037 3463 5103 blandientis,
3489 5046 3598 5095 etc.

2100 5110 2144 5194 i.)
2167 5108 2307 5194 Illud
2333 5112 2397 5193 de
2426 5116 2632 5194 natura,
2729 5118 2836 5194 est,
2871 5109 2936 5163 de
2963 5108 3272 5194 substantia.
3515 5178 3570 5194 ω

2200 5179 2440 5245 Escusi,
2480 5177 3273 5236 Valentinianwzreniteutibus
3326 5194 3460 5235 mss.
3515 5178 3607 5235 Sic

2001 5251 2098 5307 lib.
2132 5267 2188 5318 ιι,
2221 5268 2276 5304 ιι.
2306 5250 2364 5319 4,
2416 5251 2643 5321 vulgatis
2674 5255 2838 5308 etiam
2867 5250 3334 5308 consentientibus
3361 5293 3377 5318 ,
3427 5250 3610 5319 legere

2003 5331 2089 5379 est
2121 5322 2420 5377 Valentinus
2445 5363 2462 5387 ,
2497 5337 2604 5377 non
2644 5321 3044 5378 Valentinianus.
3092 5321 3169 5378 lta
3197 5323 3332 5378 etin
3379 5323 3518 5378 lihto
3543 5323 3612 5377 de

2019 5393 2254 5463 Synodis
2279 5392 2388 5447 Arii
2416 5408 2522 5448 non
2560 5394 2742 5448 Ariani
2784 5393 2952 5463 ipsius
2980 5392 3095 5447 Arii
3124 5391 3364 5449 fautores
3409 5409 3616 5449 nuncu-

2022 5462 2239 5536 pantur,
2267 5472 2323 5520 et
2350 5479 2536 5534 supra,
2567 5464 2658 5536 lib.
2688 5480 2743 5532 v,
2774 5462 2830 5518 ιι.
2853 5462 2946 5528 25,
2980 5464 3031 5517 in
3052 5464 3256 5535 aliquot
3279 5465 3461 5536 probae
3475 5473 3618 5521 nota:

2023 5535 2155 5592 mss.
2172 5536 2459 5592 exhibetur
2485 5535 2719 5591 Sabellia
2746 5536 2976 5590 heresis.

2099 5607 2174 5680 (It)
2203 5606 2261 5663 In
2292 5607 2612 5680 quibusdam
2642 5621 2771 5680 mss.
2801 5615 3060 5680 wtatunt_.__
3079 5604 3135 5680 In
3164 5607 3284 5663 aliis
3311 5607 3586 5664 nonnullis
3605 5645 3622 5671 ,

2027 5675 2327 5736 sanitatum:
2386 5678 2605 5736 Rectius
2651 5677 2707 5734 in
2753 5678 2968 5735 caeteris
3006 5675 3159 5734 libris
3184 5720 3198 5744 ,
3246 5683 3627 5734 wlernitatum.‘

2031 5750 2173 5823 quod
2216 5751 2441 5824 latinum
2483 5765 2680 5824 nomen
2708 5759 2795 5808 cst
2819 5746 2970 5809 vocis
2994 5762 3188 5820 gratae
3213 5753 3337 5809 αἰών
3361 5793 3377 5821 ,
3422 5766 3491 5809 ex
3526 5763 3634 5824 qua

2033 5839 2203 5888 wones
2230 5822 2564 5884 denominati
2587 5832 2732 5884 sunt.
