4246 6260
659 309 761 365 167

1837 302 2085 361 SANCTI
2123 299 2386 358 HILARII
2423 299 2738 357 EPISCOPI

3863 315 3961 372 168

654 425 859 497 genuit.
913 423 1030 480 Non
1059 425 1402 480 continentur
1429 464 1445 492 ,
1495 432 1551 479 ut
1574 423 1782 493 lampas
1809 430 1862 478 et
1890 422 2093 491 lampas
2118 461 2134 486 ,
2167 427 2259 474 aut
2285 420 2330 479 A
2363 433 2428 472 ex
2460 417 2569 474 Deo
2601 427 2786 474 natum
2823 418 3178 488 praedicaret,
3209 419 3542 478 nativitatem
3578 423 3696 494 ejus
3716 427 3785 484 ad
3813 444 3968 487 crea-

652 523 882 594 lychnus
909 528 964 575 et
1006 519 1233 591 lychnus
1257 559 1271 583 ,
1307 517 1578 575 exteriore
1605 526 1816 572 natura.
1871 513 2139 584 Unigeniti
2186 527 2252 568 ex

655 616 766 672 Deo
794 615 884 670 Dei
918 613 1166 669 nativitas
1196 628 1302 669 non
1335 612 1504 668 series
1526 620 1640 678 est,
1668 609 1764 666 sed
1793 607 2074 679 progenies
2101 647 2115 672 ,
2146 621 2252 659 non

653 717 859 764 tractus
887 716 1009 774 est,
1041 706 1135 764 sed
1165 723 1232 763 ex
1265 706 1470 762 lumine
1502 703 1579 777 (l)
1633 705 1838 760 lumen.
1882 700 1961 775 (α)
2007 699 2255 756 Luminis

655 811 865 857 naturae
897 801 1076 856 unitas
1099 812 1205 866 est,
1235 817 1340 855 non
1366 815 1430 855 ex
1463 798 1801 854 connexioue
1829 793 2120 867 porrectio.

737 897 826 952 15.
867 895 963 950 Dei
1000 911 1066 950 ea:
1115 894 1224 950 Deo
1261 894 1493 949 nativitas
1516 894 1853 963 impugnata,
1892 887 2157 944 asseritur.
2182 914 2254 926 —-

649 988 770 1044 Jam
799 1003 928 1044 vero
957 988 1010 1043 in
1037 1002 1103 1043 eo
1127 996 1326 1055 quanta
1350 985 1616 1040 haeretica:
1641 982 1854 1038 astutia:
1874 988 1928 1035 et
1954 994 2115 1051 quam
2143 976 2254 1032 cal-

654 1081 760 1138 lida
796 1080 1060 1151 professio
1099 1079 1236 1135 fuit:
1267 1097 1285 1130 ι
1323 1077 1434 1134 Nec
1462 1078 1552 1146 qui
1585 1076 1682 1130 fuit
1721 1082 1878 1141 ante,
1910 1068 2251 1143 postmodum

651 1184 834 1231 natum
871 1174 958 1230 vel
995 1181 1401 1244 supercreatum
1449 1172 1502 1226 in
1543 1169 1732 1226 filium.
1765 1188 1785 1221 ι
1830 1168 2010 1231 Deus,
2053 1164 2144 1234 qui
2185 1178 2250 1218 ex

652 1271 762 1325 Deo
789 1277 949 1323 natus
969 1278 1084 1334 est,
1115 1282 1225 1323 non
1247 1268 1429 1336 utique
1457 1273 1616 1320 natus
1643 1278 1710 1318 ex
1743 1259 1914 1316 nihilo
1934 1266 2020 1314 est
2038 1298 2053 1322 ,
2079 1270 2253 1325 neque

649 1362 718 1418 de
759 1377 864 1417 non
905 1361 1240 1417 exstantibus
1283 1366 1439 1414 natus
1478 1365 1590 1422 est;
1632 1353 1728 1410 sed
1790 1351 2084 1408 nativitatis
2139 1363 2250 1404 suae

647 1456 916 1511 viventem
945 1452 1134 1508 habuit
1164 1460 1432 1507 naturam.
1462 1448 1572 1504 Nec
1600 1447 1741 1502 idem
1769 1447 1910 1501 Deus
1929 1484 1944 1510 ,
1975 1442 2069 1513 qui
2097 1451 2250 1506 erat;

651 1547 748 1603 sed
785 1546 925 1602 Deus
958 1559 1022 1600 ex
1061 1544 1202 1610 Deo,
1236 1542 1328 1612 qui
1365 1550 1516 1605 erat,
1553 1545 1710 1592 natus
1748 1548 1869 1591 est:
1902 1542 1958 1590 et
2000 1531 2251 1588 nativitas

650 1638 838 1694 habuit
881 1636 1107 1708 originis
1141 1649 1254 1689 sum
1286 1635 1339 1688 in
1371 1633 1484 1703 ipsa
1522 1646 1617 1686 sua
1658 1627 1939 1683 nativitate
1976 1634 2245 1680 naturam.

655 1728 733 1803 (2)
769 1730 826 1786 Si
872 1745 937 1785 ex
988 1737 1174 1784 nostro
1213 1727 1514 1796 loquimur,
1559 1722 1858 1778 insolentes
1902 1732 2131 1774 sumus:
2164 1717 2247 1771 sin

2361 511 2521 565 tionis
2546 511 2788 566 referens
2809 511 2876 565 de
2898 527 3004 566 non
3030 512 3372 568 exstantibus
3400 515 3752 575 voluntatem.

2431 603 2520 659 14.
2562 601 2677 668 Qua
2709 611 2822 656 arte
2849 600 3048 656 Filium
3073 619 3136 657 ea:
3161 605 3324 659 nihilo
3351 607 3588 663 innuant.
3617 639 3690 652 -—
3721 614 3966 683 Denique

2360 703 2480 765 post
2517 695 2684 749 multa
2715 694 2783 749 ad
2828 694 2878 749 id
2921 704 3192 766 tamquam
3229 713 3296 752 ex
3329 712 3634 770 praeparato
3669 705 3772 760 sibi
3810 709 3963 764 aditu

2359 789 2609 859 prorupit
2635 787 2854 844 dicens:
2885 787 3051 843 Filius
3079 799 3260 846 autem
3287 793 3406 849 sine
3435 804 3675 866 tempore
3702 799 3880 857 editus
3907 812 3966 858 et

2355 891 2481 936 ante
2523 881 2718 936 saecula
2748 893 2962 937 creatus
2992 893 3048 936 et
3086 881 3337 938 fundatus
3356 925 3372 950 ,
3404 902 3512 942 non
3540 888 3639 944 fuit
3668 902 3958 964 antequam

2356 983 2690 1030 nasceretur.
2719 973 3062 1044 Temperavit
3099 990 3186 1040 se,
3221 974 3300 1048 (ά)
3331 987 3588 1047 quantum
3632 993 3807 1053 putat,
3841 986 3960 1043 hze-

2358 1066 2559 1122 reticus
2587 1081 2766 1122 sermo
2786 1077 2842 1122 et
2871 1069 2936 1122 ad
2969 1068 3261 1139 impietatis
3283 1070 3781 1146 confirmationem,
3806 1090 3862 1134 et
3891 1083 3958 1137 ad

2354 1158 2678 1226 calumniae,
2726 1158 2772 1213 si
2813 1159 3043 1230 quzestio
3078 1159 3472 1229 intenderetur,
3517 1171 3956 1240 excusationem,

2353 1249 2572 1305 dicens:
2603 1267 2703 1305 non
2752 1262 2860 1306 erat
2884 1263 3156 1323 antequam
3182 1267 3479 1312 nasceretur
3500 1275 3518 1312 :
3548 1269 3608 1314 ut
3635 1262 3686 1316 in
3711 1279 3779 1320 eo
3804 1267 3956 1337 quod

2355 1359 2461 1398 non
2490 1342 2589 1398 fuit
2630 1343 2703 1415 (e)
2748 1354 3036 1416 antequam
3077 1348 3344 1415 nascitur,
3399 1362 3644 1407 naturam
3682 1355 3733 1410 ei
3774 1357 3956 1414 subsi-

2354 1435 2545 1490 stentis
2566 1435 2786 1506 originis
2808 1437 3096 1509 denegaret
3122 1479 3137 1506 ,
3161 1448 3216 1493 et
3236 1440 3488 1510 ccepisset
3511 1458 3633 1501 esse
3652 1445 3721 1502 de
3750 1448 3918 1505 nihilo
3935 1494 3954 1517 ,

2353 1527 2440 1582 cui
2470 1537 2592 1584 ante
2631 1529 2961 1586 nativitatem
2993 1545 3144 1586 suam
3174 1532 3416 1591 existens
3441 1551 3548 1592 non
3576 1537 3796 1596 daretur
3824 1560 3957 1600 auc-

2353 1621 2579 1676 toritas:
2611 1630 2720 1676 tum
2765 1638 2927 1693 porro
2962 1624 3008 1678 si
3050 1624 3346 1698 irreligioso
3386 1629 3486 1686 hoc
3524 1630 3725 1690 dictum
3765 1638 3959 1695 existi-

2349 1721 2620 1778 maretur,
2653 1713 2866 1768 adesset
2889 1716 2939 1770 ei
2971 1729 3217 1788 prompta
3247 1719 3522 1790 defensio,
3549 1724 3616 1794 (ί)
3649 1728 3770 1797 quia
3800 1733 3955 1787 nasci

643 1802 774 1881 vero
809 1823 878 1879 ad
907 1821 1234 1893 loquendum
1279 1819 1503 1876 edoctus
1542 1831 1640 1871 nos
1670 1830 1767 1886 per
1815 1814 1980 1868 Deum
2025 1810 2246 1867 docebi-
2277 1811 2326 1871 B
2355 1806 2443 1877 qui
2471 1802 2596 1862 erat
2619 1824 2722 1862 non
2752 1807 2953 1878 potuit;
2979 1826 3154 1882 neque
3182 1814 3272 1883 qui
3294 1824 3454 1870 antea
3483 1829 3663 1885 esset,
3697 1825 3956 1880 nascendi

643 1936 796 1988 mus,
821 1918 1071 1974 nativitas
1097 1915 1189 1970 Dei
1227 1912 1523 1970 secundum
1558 1909 1861 1966 doctrinam
1892 1907 1982 1962 Dei
2009 1917 2091 1962 eat
2117 1920 2247 1962 eon-

645 2014 868 2070 ﬁtenda.
901 2009 1237 2081 ilancigitur
1273 2008 1325 2062 in
1363 2005 1523 2062 Patre
1564 2012 1621 2060 et
1659 2001 1794 2057 Filio
1829 2009 2036 2056 naturze
2067 1999 2243 2054 unita-

649 2117 786 2171 tem,
819 2111 875 2160 et
911 2103 1014 2157 hoc
1059 2100 1288 2156 viventis
1319 2096 1608 2152 nativitatis
1655 2093 2016 2150 inenarrabile
2065 2105 2246 2147 sacra-

642 2204 885 2252 mentum
909 2193 1198 2250 excludere
1222 2191 1505 2247 hzereticus
1527 2188 1675 2244 furor
1703 2194 1916 2242 tentans
1938 2185 2046 2252 ait,
2077 2204 2095 2237 ι
2129 2182 2242 2238 Non

643 2306 799 2354 eum,
839 2289 930 2360 qui
966 2287 1064 2342 fuit
1113 2294 1275 2353 ante,
1307 2282 1650 2356 postmodum
1699 2289 1884 2337 natum
1925 2278 2009 2334 vel
2053 2293 2244 2348 super-

641 2392 882 2440 creatum
911 2382 963 2437 in
997 2381 1186 2435 filium.
1218 2399 1237 2432 ι
1261 2377 1395 2447 Quis
1415 2377 1560 2433 enim
1594 2385 1703 2431 tam
1729 2389 1964 2430 vesanus
2001 2371 2106 2427 erit
2126 2411 2141 2437 ,
2185 2379 2242 2425 ut

641 2475 905 2532 defecisse
933 2489 964 2529 a
1009 2488 1068 2529 se
1107 2472 1320 2528 Patrem
1361 2479 1542 2542 putet;
1586 2477 1644 2525 ut
1684 2467 1859 2532 idem,
1896 2467 1988 2538 qui
2025 2464 2235 2531 fuerat,

640 2580 826 2639 postea
893 2576 1206 2624 nasceretur
1232 2565 1314 2621 vel
1345 2573 1785 2634 supercrearetur
1829 2562 1882 2615 in
1939 2559 2142 2624 tilium;
2187 2566 2241 2613 et

637 2671 781 2718 esset
809 2661 1034 2718 abolitio
1056 2661 1181 2724 Dei,
1211 2668 1272 2714 ut
1298 2656 1612 2713 succederet
1631 2655 1700 2711 de
1725 2653 2019 2708 abolitione
2041 2651 2240 2706 nativi-

639 2761 722 2808 tas
741 2793 758 2820 ,
790 2767 912 2808 cum
943 2753 1194 2806 nativitas
1215 2757 1522 2806 manentem
1553 2757 1779 2804 testetur
1802 2743 2112 2800 auctorem?
2139 2742 2236 2798 Vel

640 2845 758 2915 quis
796 2854 902 2898 tam
929 2843 1153 2900 demens
1196 2853 1312 2910 est,
1359 2852 1416 2896 ut
1455 2840 1758 2898 substitisse
1800 2838 1967 2893 ﬁlium
2025 2837 2127 2892 nisi
2170 2850 2238 2891 ex

636 2937 916 2994 nativitate
946 2936 1214 2992 fateatur?
1243 2935 1376 3002 Quis
1404 2948 1571 3005 porro
1615 2943 1721 2988 tam
1750 2945 1939 2988 vecors
1959 2969 1975 2994 ,
2006 2929 2096 2999 qui
2129 2943 2236 2984 non

637 3028 912 3084 exstitisse
959 3027 1126 3084 Deum
1167 3043 1234 3083 ex
1281 3041 1347 3082 eo
1384 3025 1527 3096 quod
1573 3025 1714 3079 Deus
1765 3023 2003 3079 nascitur
2043 3021 2237 3077 audeat

634 3120 968 3193 praedicare?
1011 3119 1128 3176 Non
1171 3119 1315 3175 enim
1362 3119 1452 3189 qui
1499 3117 1754 3174 manebat
1800 3116 1976 3180 Deus,
2031 3114 2126 3170 sed
2167 3129 2231 3169 ex

2348 1916 2566 1956 causam
2596 1901 2672 1976 (g)
2706 1919 2802 1973 per
2820 1920 2982 1974 quam
3009 1917 3153 1960 esset
3191 1907 3497 1974 habuisset;
3539 1927 3660 1968 eum
3701 1917 3958 1974 nativitas

2349 1992 2413 2048 ad
2439 1993 2489 2048 id
2515 1993 2755 2063 proﬁciat
2772 2038 2786 2060 ,
2823 2005 2879 2050 ut
2899 1997 3156 2052 subsistat
3177 2014 3297 2054 esse
3325 2002 3416 2070 qui
3442 2003 3700 2059 nascitur.
3725 2007 3768 2062 0
3789 2010 3958 2066 stulte

2347 2093 2510 2155 atque
2546 2086 2744 2156 impie,
2782 2089 2905 2158 quis
2947 2090 3277 2146 nativitatem
3309 2105 3586 2164 exSpectet
3616 2099 3671 2152 in
3711 2115 3811 2166 eo,
3859 2105 3954 2173 qui

2346 2179 2463 2241 sine
2488 2179 2764 2236 nativitate
2790 2180 3088 2237 subsistat?
3120 2187 3157 2237 A
3170 2193 3225 2238 ut
3253 2187 3524 2256 quomodo
3550 2193 3642 2260 qui
3675 2202 3762 2247 est
3796 2198 3954 2255 nasci

2347 2271 2734 2328 existimandus
2759 2283 2874 2340 est,
2906 2290 3027 2330 cum
3059 2279 3314 2334 nativitas
3341 2288 3530 2337 natura
3563 2287 3818 2342 nascendi
3845 2289 3956 2343 sit?

2343 2362 2448 2419 Sed
2471 2364 2700 2421 subdole
2733 2365 2799 2421 ad
2832 2368 3129 2438 negandam
3157 2387 3224 2426 ex
3250 2371 3363 2428 Deo
3386 2382 3536 2444 patre
3561 2378 3820 2448 unigeniti
3853 2381 3950 2436 Dei

2343 2457 2676 2514 nativitatem
2721 2461 3093 2529 contendens,
3143 2479 3238 2533 per
3279 2465 3329 2519 id
3370 2467 3514 2537 quod
3555 2486 3658 2525 non
3689 2473 3786 2542 {uit
3827 2485 3952 2530 antc

2342 2565 2495 2620 quam
2527 2564 2819 2608 nasceretur
2849 2554 3081 2610 evadere
3109 2556 3352 2626 voluisti;
3380 2559 3463 2631 (Ii)
3493 2563 3635 2632 quod
3681 2565 3840 2634 Deus,
3879 2585 3951 2625 ex

2341 2659 2449 2714 quo
2473 2645 2563 2700 Dei
2588 2645 2728 2700 filius
2750 2654 2905 2702 natus
2925 2659 3029 2715 est,
3045 2659 3551 2724 erat;maneretque
3582 2657 3674 2711 Dei
3715 2671 3900 2715 natura
3927 2704 3946 2729 ,

2341 2752 2408 2792 ex
2448 2753 2550 2808 qua
2593 2738 2732 2794 filius
2773 2740 2914 2794 Deus
2951 2741 3228 2798 nativitate
3271 2745 3536 2802 subsistit.
3584 2747 3640 2804 Si
3682 2751 3840 2821 igitur
3876 2770 3946 2810 ex

2343 2830 2452 2886 Deo
2482 2842 2638 2886 natus
2666 2843 2778 2899 est,
2811 2835 3081 2891 manentis
3108 2845 3319 2893 natura:
3361 2839 3666 2898 confitenda
3693 2847 3948 2904 nativitas

2339 2933 2458 2989 est;
2490 2939 2594 2979 non
2632 2934 2689 2979 ut
2727 2926 2865 2981 Deus
2893 2926 2985 2995 qui
3025 2938 3144 2982 erat
3172 2941 3511 3001 nasceretur,
3542 2936 3637 2990 sed
3661 2946 3718 2992 ut
3741 2954 3806 2994 ex
3833 2939 3948 2996 Deo

2339 3015 2404 3088 (ἱ)
2427 3017 2516 3087 qui
2543 3027 2660 3072 erat
2695 3018 2786 3073 Dei
2825 3019 3075 3074 nativitas
3100 3021 3512 3093 intelligeretur.

2412 3109 2501 3163 15.
2533 3107 2760 3163 eresis
2781 3109 2984 3176 audax,
3009 3111 3099 3167 sed
3126 3114 3444 3183 imprudens.
3470 3115 3538 3173 In
3564 3121 3746 3190 quibus
3765 3139 3900 3195 (egre
3923 3168 3940 3192 ,

631 3223 887 3271 manente
917 3214 1030 3270 Deo
1062 3214 1204 3268 Deus
1241 3220 1399 3268 natus
1427 3221 1546 3277 est,
1580 3220 1772 3266 tenens
1797 3209 1850 3264 in
1895 3224 1953 3264 se
1978 3216 2224 3264 naturam
2254 3207 2299 3270 C
2330 3203 2576 3271 inquibus
2593 3203 2796 3274 facilius
2813 3205 3234 3262 curetur.—Sed
3261 3208 3593 3280 irreligiosos
3621 3224 3787 3271 aestus
3807 3233 3942 3273 suos

631 3305 897 3378 gignentia
931 3305 985 3361 in
1025 3305 1307 3360 nativitate
1341 3312 1566 3359 naturae.
1597 3302 1860 3357 Nativitas
1884 3310 2064 3358 autem
2099 3301 2226 3368 Dei,

629 3414 751 3469 quae
770 3413 840 3454 ex
869 3398 978 3455 Deo
1007 3398 1061 3452 in
1109 3398 1276 3453 Deum
1307 3397 1547 3462 exstitit,
1586 3409 1695 3451 non
1745 3409 1864 3464 quae
1915 3409 2021 3448 non
2071 3391 2230 3465 142

631 3499 784 3546 erant
809 3499 984 3558 tenet,
1008 3490 1103 3546 sed
1129 3489 1204 3561 (ὁ)
1225 3505 1346 3559 quae
1369 3488 1461 3542 Dei
1478 3486 1770 3543 manebant
1789 3495 1842 3541 et
1859 3492 2108 3548 manent,
2129 3484 2227 3539 ob-

631 3581 792 3636 tinuit
819 3582 1048 3638 veritate
1074 3581 1349 3638 nascendi.
1381 3579 1496 3634 Non
1525 3593 1654 3649 ergo
1683 3578 1774 3648 qui
1816 3576 1890 3650 (c)
1921 3584 2039 3632 erat
2072 3584 2229 3631 natus

628 3685 740 3741 est;
760 3676 854 3732 sed
872 3692 939 3732 ex
958 3676 1039 3732 his
1058 3684 1218 3746 atque
1236 3675 1287 3729 in
1311 3673 1416 3742 his,
1440 3687 1560 3744 qum
1583 3671 1675 3727 Dei
1697 3679 1851 3726 erant
1867 3712 1882 3738 ,
1910 3671 2049 3725 Deus
2068 3677 2224 3725 natus

626 3770 850 3826 exstitit.
899 3767 1088 3824 Omnis
1135 3767 1297 3838 igitur
1342 3767 1428 3822 hic
1483 3765 1730 3836 superior
1774 3765 2040 3820 haereticae
2081 3763 2226 3819 frau-

625 3863 881 3920 dulentia:
908 3877 1088 3918 sermo
1119 3861 1258 3916 hanc
1285 3859 1427 3915 viam
1457 3858 1790 3929 impiissimte
1819 3856 2081 3912 doctrina:
2109 3871 2222 3911 sua:

624 3955 979 4026 prteparavit:
1005 3963 1062 4008 ut
1085 3952 1424 4024 Unigenitum
1447 3952 1612 4006 Deum
1632 3957 1886 4021 negatura
1907 3992 1922 4017 ,
1948 3957 2220 4021 tamquam

622 4048 835 4104 ratione
857 4047 1096 4105 veritatis
1116 4056 1241 4104 ante
1262 4043 1541 4118 praemissa
1561 4085 1574 4109 ,
1599 4060 1666 4102 ex
1691 4043 1858 4099 nihilo
1879 4042 2216 4114 potiusquam

680 4191 765 4266 (l)
803 4191 973 4248 Abest
995 4194 1186 4248 tamen.

694 4330 770 4414 (ει.)
809 4329 868 4385 In
907 4329 1164 4414 vulgatis,
1193 4345 1257 4385 ea:
1291 4330 1482 4414 lumine
1517 4330 1726 4414 luminis
1764 4340 1972 4414 na_tur_a.
2007 4329 2216 4414 Unitas.

616 4399 880 4458 Addimus
906 4399 1078 4457 tamen
1107 4417 1171 4458 ex
1205 4417 1304 4457 ms.
1337 4399 1490 4458 Colb.
1535 4403 1764 4474 aliisque
1805 4403 2020 4458 duobus
2041 4443 2056 4469 ,
2095 4405 2218 4473 qui-

618 4475 721 4531 bus
753 4475 840 4528 alii
871 4485 1066 4530 caatera
1093 4474 1454 4529 consentiunt.

685 4546 777 4628 (ὁ).
806 4545 882 4628 lla
913 4561 1043 4628 mss.
1075 4545 1218 4601 Editi
1253 4561 1403 4628 vero:
1435 4561 1548 4614 qua:
1571 4546 1623 4628 in
1661 4544 1775 4601 Deo
1820 4547 2112 4628 manebant.
2139 4545 2214 4628 _Ut

2333 3297 2482 3351 calor
2509 3296 2792 3353 luereticus
2817 3313 2925 3353 non
2951 3301 3219 3367 continet;
3243 3311 3296 3356 et
3324 3319 3419 3373 per
3435 3305 3486 3359 id
3517 3307 3658 3376 quod
3678 3310 3784 3377 ait,
3833 3330 3941 3367 non

2333 3399 2442 3444 erat
2468 3403 2738 3461 antequam
2765 3403 3078 3462 nasceretur,
3103 3393 3152 3448 id
3172 3394 3443 3465 laborans,
3474 3410 3532 3455 ut
3560 3400 3715 3474 15.3
3737 3403 3804 3458 de
3828 3422 3940 3461 non

2332 3485 2667 3540 exstantibus
2707 3496 3039 3556 nasceretur,
3074 3489 3126 3542 id
3171 3499 3281 3556 est,
3312 3507 3416 3547 non
3465 3510 3496 3548 a
3543 3495 3655 3552 Deo
3693 3508 3844 3567 patre
3883 3503 3935 3556 in

2335 3575 2505 3631 Deum
2539 3578 2708 3633 filium
2739 3595 2868 3635 vera
2893 3590 2949 3636 et
2974 3581 3212 3650 perfecta
3250 3585 3528 3643 nativitate
3564 3601 3720 3645 natus
3750 3606 3932 3662 esset,

2335 3670 2388 3725 in
2413 3672 2524 3741 ipsa
2561 3674 2722 3729 totius
2755 3675 3110 3744 expositionis
3136 3678 3489 3736 conclusione
3509 3681 3574 3736 ad
3601 3683 3846 3741 ultimum
3879 3701 3935 3745 et

2332 3764 2768 3834 profanissimum
2807 3769 3095 3840 irreligiosi
3138 3770 3334 3829 furoris
3381 3775 3462 3828 sui
3507 3779 3752 3850 prorupit
3776 3781 3935 3837 ardo-

2333 3872 2484 3923 rem,
2527 3859 2751 3915 dicens:
2788 3878 2806 3912 ι
2843 3860 2899 3917 Si
2951 3863 3096 3917 enim
3140 3865 3282 3934 quod
3315 3881 3378 3924 ea:
3407 3867 3553 3936 ipso,
3593 3880 3649 3926 et
3688 3875 3832 3942 quod
3873 3892 3934 3928 ea:

2330 3962 2506 4022 utero,
2545 3962 2600 4008 et
2636 3953 2778 4024 quod
2819 3971 2882 4010 ea:
2924 3953 3084 4011 Patre
3112 3959 3244 4012 exivi
3270 3967 3316 4012 et
3355 3961 3500 4027 veni,
3533 3962 3680 4018 velut
3727 3975 3931 4035 partem

2329 4043 2396 4117 (j)
2435 4044 2553 4115 ejus
2586 4045 2743 4101 unius
2769 4045 3118 4117 substantiae,
3147 4058 3201 4104 et
3237 4051 3389 4120 quasi
3436 4052 3790 4123 prolationem
3831 4073 3932 4114 ex-

2381 4187 2460 4262 (2)
2501 4189 2562 4247 Si
2589 4191 2722 4246 enim
2748 4208 2813 4248 ex
2840 4200 3032 4248 nostro.

2322 4330 2428 4414 ter)
2460 4341 2705 4414 natusest
2727 4348 2746 4387 :
2774 4333 2863 4391 sed
2889 4351 2954 4390 ea:
2979 4333 3059 4390 his
3085 4349 3200 4404 qua:
3236 4331 3336 4389 Dei
3371 4345 3516 4390 erant
3544 4334 3686 4392 Deus
3712 4337 3927 4414 (Filius)

2320 4411 2471 4459 natus
2498 4406 2717 4459 exstitit.

2414 4476 2473 4550 (ἦ)
2509 4475 2672 4550 Solus
2698 4477 2874 4533 codex
2910 4477 3030 4532 Vat.
3060 4477 3176 4533 bas.
3196 4520 3212 4546 ,
3242 4488 3486 4547 quantum
3523 4481 3710 4550 potuit.

2415 4545 2682 4622 e)_Editi,
2732 4559 3006 4617 antequam
3075 4545 3385 4622 nasceretur.
3451 4545 3739 4622 sequimur
3789 4571 3921 4610 mss.

613 4615 816 4673 Hilario
859 4618 1121 4711 familiare
1156 4628 1243 4711 est
1288 4619 1514 4711 verbum
1559 4615 2094 4711 Deus_.pronl’atre,
2136 4618 2209 4711 itq
2236 4652 2292 4711 Β
2322 4615 2522 4711 Deiiide
2561 4621 2839 4702 subsistens
2867 4615 3025 4692 origo
3069 4621 3199 4704 nihil
3243 4622 3388 4711 aliud.
3415 4615 3731 4711 .sigln'ificat,
3764 4643 3922 4694 quam

611 4705 819 4744 manere
863 4703 962 4758 pro
991 4704 1114 4745 esse
1154 4691 1273 4744 sine
1318 4689 1612 4743 exsistendi
1651 4687 1824 4741 initio.
1864 4687 2018 4744 Unde
2067 4690 2208 4758 quod

609 4760 699 4816 hic
726 4775 842 4826 qua:
866 4759 963 4814 Dei
995 4760 1296 4828 manebant,
1328 4776 1452 4814 mox
1481 4759 1674 4814 dicitur
1701 4774 1814 4827 qua:
1844 4759 1938 4812 Dei
1967 4772 2133 4815 erant.

681 4829 755 4903 (c)
795 4831 852 4886 In
898 4846 1002 4885 ms.
1043 4831 1264 4903 Carnut.
1313 4844 1343 4884 a
1389 4829 1624 4903 secunda
1663 4844 1835 4903 manu
1884 4829 1973 4885 hic
2013 4847 2206 4903 super-

607 4899 807 4973 scripta
837 4912 920 4957 est
953 4902 1213 4973 particula
1261 4917 1394 4967 non,
1428 4916 1547 4973 quae
1587 4899 1782 4955 deinde
1817 4903 1867 4956 in
1908 4917 2017 4956 uno
2047 4902 2201 4958 Colb.

609 4971 822 5031 necnon
844 4973 899 5028 in
928 4972 1035 5028 edit
1065 4972 1155 5027 Er.
1177 5014 1192 5039 ,
1219 4973 1366 5041 Lips.
1393 4981 1446 5026 et
1477 4971 1598 5025 Par.
1626 4987 1904 5040 perperam
1933 4974 2162 5028 obtinuit
2187 4992 2200 5028 :

604 5045 996 5102 reluctantibus
1028 5045 1157 5116 aliis
1193 5045 1364 5101 libris.
1407 5043 1667 5116 Dicebant
1705 5045 1926 5116 Ariani,
1973 5042 2086 5116 Nec
2117 5048 2205 5116 qui

602 5118 703 5189 fuit
738 5128 858 5172 ante
879 5158 894 5180 ,
924 5115 1249 5188 postmodum
1278 5129 1488 5181 natum,
1517 5113 1720 5170 directe
1757 5115 1970 5189 quidem
2005 5113 2202 5171 adver-

599 5187 693 5243 sus
741 5189 1070 5254 Sabellium,
1121 5197 1453 5243 asserentem
1499 5201 1656 5253 eum,
1705 5187 1794 5256 qui
1845 5187 2005 5241 Pater
2041 5197 2198 5253 erat,

597 5273 719 5314 cum
749 5259 1090 5330 postmodum
1121 5270 1279 5314 natus
1305 5266 1479 5330 esset.
1512 5257 1607 5311 filii
1632 5258 2050 5327 appellationem
2079 5274 2200 5315 esse

596 5329 845 5401 sortitum
868 5347 884 5398 ;
912 5331 1130 5401 oblique
1157 5343 1335 5384 autem
1361 5329 1622 5384 adversus
1647 5330 1968 5384 catholicam
1997 5329 2156 5401 fidem
2181 5374 2195 5396 ,

594 5400 790 5458 Filium
819 5401 885 5457 de
917 5419 1021 5456 non
1047 5399 1386 5458 exstantibus
1421 5401 1694 5455 insinuare
1725 5402 2029 5456 molientes.
2061 5399 2191 5468 Qni-

592 5474 696 5530 bus
725 5475 798 5529 ita
843 5475 1136 5542 respondet
1181 5472 1446 5537 Hilarius,
1481 5483 1539 5526 ut
1575 5480 1630 5526 et
1675 5474 1913 5541 ipsorum
1960 5472 2186 5540 repellat

589 5553 738 5600 artes
761 5587 774 5610 ,
806 5555 860 5601 et
881 5547 1163 5602 catholica:
1188 5544 1310 5598 fidei
1340 5543 1475 5598 nihil
1495 5559 1615 5598 cum
1640 5543 1873 5599 Sabellio
1899 5558 2188 5599 comnnme

587 5631 712 5673 esse
758 5617 1112 5673 demonstret.
1163 5617 1424 5686 Superius
1468 5615 1613 5670 enim
1660 5626 1847 5671 comra
1895 5614 2185 5686 Sabellium

586 5689 896 5755 prtemittit,
931 5687 1045 5743 Nec
1085 5685 1408 5742 idem’Deus
1432 5686 1518 5753 qui
1557 5697 1663 5741 erat
1707 5697 1858 5740 natus
1895 5695 1989 5741 est.
2029 5685 2184 5753 Quod

586 5757 676 5829 ubi
710 5759 982 5826 probavit,
1009 5759 1239 5829 idipsum
1266 5758 1630 5813 conclusionis
1654 5758 1704 5811 in
1737 5757 1952 5812 modum
1985 5760 2183 5829 repetit

585 5828 670 5887 his
708 5829 826 5886 aliis
854 5829 1029 5885 verbis
1050 5870 1068 5898 ,
1087 5827 1224 5884 Non
1253 5844 1370 5900 ergo
1396 5829 1484 5899 qui
1509 5839 1618 5885 erat
1648 5829 1774 5901 (hoc
1801 5837 1916 5899 est,
1947 5827 2065 5886 non“
2085 5829 2184 5888 Pa-

2315 4689 2458 4758 quod
2489 4705 2635 4755 mox,
2655 4693 2899 4745 exsistens
2919 4689 3218 4746 auctoritas.
3247 4692 3348 4748 Pro
3379 4696 3460 4748 his
3486 4689 3732 4751 dicerent
3761 4689 3924 4754 modo

2317 4759 2575 4832 TheOIOgi
2593 4803 2606 4826 ,
2643 4763 2958 4832 principium
2987 4764 3254 4819 exsistens.

2383 4831 2466 4905 (ι’)
2511 4833 2794 4903 Exemplar
2823 4832 2983 4888 Caro.
3023 4836 3275 4890 secundis
3313 4836 3458 4891 curis
3495 4851 3617 4892 cum
3658 4855 3761 4894 ms.
3795 4840 3916 4895 Vat.

2311 4902 2453 4980 bas.3
2473 4905 2596 4980 quia
2614 4902 3063 4980 naisqinonpotuit
3082 4908 3181 4960 nisi
3207 4908 3295 4977 qui
3312 4924 3412 4960 non
3439 4917 3578 4975 erat,
3608 4926 3787 4980 neque,
3812 4921 3919 4968 etc.

2383 4973 2460 5118 (ξιξ
2501 4975 2556 5030 In
2598 4992 2699 5030 ms.
2728 4975 2846 5031 Vat.
2881 4973 3032 5040 bas.,
3068 4973 3332 5047 postquam
3357 4989 3508 5034 esset.

2383 5049 2434 5116 (lt
2505 5047 2620 5103 Vat.
2654 5049 2769 5105 bas.
2801 5063 2902 5103 ms.
2923 5090 2938 5112 ,
2983 5065 3044 5102 ne
3070 5049 3206 5118 quod
3230 5049 3394 5114 Deus,
3424 5060 3481 5105 et
3507 5070 3508 5101 l

2379 5047 2460 5118 (Ιι)
2505 5047 2620 5103 Vat.
2654 5049 2769 5105 bas.
2801 5063 2902 5103 ms.
2923 5090 2938 5112 ,
2983 5065 3044 5102 ne
3070 5049 3206 5119 quod
3230 5049 3394 5114 Deus,
3424 5060 3481 5105 et
3507 5067 3658 5115 mox,
3693 5065 3920 5108 maneret

2307 5117 2511 5199 absque
2540 5121 2798 5188 particula
2821 5136 2955 5187 que:
2985 5117 3156 5176 hic'ut
3185 5135 3344 5191 supra
3376 5131 3431 5177 et
3457 5137 3582 5178 mox
3614 5125 3921 5194 deprehen-

2306 5188 2451 5244 ditur
2477 5199 2792 5246 temeratus.

2381 5260 2453 5337 (ἡ)
2481 5260 2537 5316 lu
2585 5279 2687 5337 ms.
2728 5262 2852 5319 Vat.
2908 5262 3033 5337 bas.
3070 5262 3409 5320 desideratur
3455 5267 3543 5337 qui
3590 5278 3719 5320 erat.
3760 5269 3916 5332 Quod

2303 5335 2546 5412 proxime
2568 5333 2792 5412 dicitur,
2811 5335 3062 5412 manentis
3090 5349 3290 5391 natura:
3317 5333 3610 5406 confitenda
3637 5341 3880 5392 nativitas
3898 5383 3913 5402 ,

2303 5405 2374 5455 ita
2412 5412 2588 5470 potest
2627 5405 2884 5473 intelligi,
2913 5405 2997 5459 vel
3031 5418 3212 5461 natum
3257 5422 3380 5463 esse
3418 5405 3487 5464 ex
3530 5423 3786 5464 manente
3816 5427 3912 5465 seu

2294 5475 2593 5530 exsistente
2620 5485 2806 5530 natura
2828 5517 2842 5539 ,
2866 5477 2951 5532 vel
2977 5492 3157 5532 natum
3189 5479 3389 5535 habere
3417 5492 3724 5536 manentem
3757 5494 3914 5537 natu-

2293 5558 2432 5618 ram,
2463 5545 2547 5618 v_el
2593 5551 2757 5602 etiam
2787 5560 3091 5618 utrumque.

2327 5613 2438 5699 _(j)
2476 5615 2832 5699 lnnvulgatis,
2863 5613 3022 5699 unius
3056 5623 3170 5699 ejus
3202 5622 3503 5699 substantiae
3530 5639 3549 5678 :
3576 5624 3748 5686 male,
3784 5641 3907 5699 cum

2289 5687 2403 5759 ejus
2422 5687 2496 5742 ad
2543 5687 2792 5759 Patrem,
2823 5697 2879 5746 et
2922 5687 3172 5746 unius'ad
3227 5694 3552 5750 vocabulum
3603 5698 3911 5750 substantia:

2287 5757 2570 5840 referatur.
2593 5757 2807 5840 Deinde
2828 5763 2937 5832 jam
2963 5766 3390 5840 prmiiionuimus
3417 5767 3471 5820 in
3502 5767 3908 5837 exemplaribus

2283 5831 2477 5900 graecis
2505 5831 2637 5905 legi,
2671 5837 2756 5892 καὶ
2776 5831 2844 5898 ὡς
2866 5831 3092 5911 πρόϐολὴ
3124 5836 3228 5893 ὑπὸ
3257 5859 3427 5910 τινων,
3453 5853 3566 5896 non
3593 5831 3778 5897 autem
3812 5843 3904 5897 καὶ
