4246 6260
293 307 392 366 169

1493 309 1584 364 DE
1625 307 1996 368 TRINITATE
2037 308 2240 365 LIBER
2281 309 2365 365 Vl.

3487 319 3589 377 1Ίο

294 425 516 481 tendens
547 422 900 494 intelligitur;
933 423 1266 493 compositus
1305 425 1407 479 erit
1449 424 1644 490 Pater,
1678 435 1731 482 et
1758 427 1893 481 divi-
1921 429 1966 485 Α
1999 426 2125 480 ralis
2168 428 2423 482 nativitas
2465 427 2776 485 doceretur.
2810 431 3090 487 Postremo
3125 433 3266 503 quod
3306 432 3478 488 dixit:
3513 436 3596 490 Ex

295 518 496 580 sibilis,
524 527 579 572 et
613 515 986 570 convertibilis
1010 557 1025 580 ,
1062 523 1116 570 ct
1157 529 1351 585 corpus
1393 517 1687 572 secundum
1736 519 1889 584 illos,

299 621 368 675 et,
395 621 659 680 quantum
693 608 746 662 in
778 607 912 677 ipsis
942 615 1046 671 est,
1079 609 1465 678 consequentia
1505 610 1746 678 corporis
1775 625 1893 665 sus-

301 703 471 758 tinens
491 703 612 756 sine
661 714 894 770 corpore
916 698 1078 754 Dens.
1112 717 1133 752 ι
1166 698 1361 755 Gravis
1391 711 1444 756 et
1467 701 1648 756 multa:
1669 701 1896 756 diﬂieul-

299 795 419 851 tatis
442 795 597 850 labor
630 802 778 850 esset
807 791 1089 848 veritatem
1119 793 1393 865 religionis
1436 795 1720 850 adversum
1753 795 1898 851 falsi-

300 889 425 944 tatis
468 887 799 958 impietatem
836 886 1006 950 tueri,
1046 885 1090 940 si
1120 897 1379 956 quantum
1417 886 1583 942 audet
1617 888 1895 958 impietas,

303 984 354 1040 in
383 993 588 1039 tantum
616 981 925 1038 consuleret
950 979 1024 1053 (α)
1057 980 1368 1051 prudenter.
1397 980 1502 1037 Sed
1550 979 1688 1037 bene
1709 1024 1723 1048 ,
1756 982 1901 1053 quod

303 1077 714 1149 irreligiositatis
748 1075 1000 1132 voluntas
1030 1091 1095 1132 ex
1139 1075 1315 1144 inopia
1359 1075 1660 1146 prudentiae
1701 1084 1801 1132 est.
1834 1077 1898 1131 Et

307 1172 505 1228 idcirco
521 1186 642 1226 cum
663 1169 836 1225 facilis
857 1169 928 1223 sit
955 1168 1242 1224 adversmn
1273 1169 1556 1224 stultitiam
1582 1169 1866 1238 responsio
1886 1210 1900 1235 ,

307 1265 613 1322 emendatio
647 1274 820 1318 tamen
849 1261 1086 1317 difﬁcilis
1123 1263 1407 1317 stultorum
1440 1272 1522 1316 est
1552 1279 1563 1314 :
1611 1277 1704 1330 per
1743 1276 1902 1330 quam

308 1362 541 1432 primum
571 1365 628 1412 et
658 1357 791 1412 ratio
823 1354 1190 1425 intelligentia:
1218 1370 1323 1408 non
1353 1354 1640 1424 quaeritur,
1673 1362 1724 1411 et
1755 1352 1908 1407 dein-

307 1469 428 1523 ceps
451 1454 521 1508 ab
543 1449 877 1521 intelligente
902 1449 1145 1503 intimata
1174 1463 1279 1504 non
1302 1447 1532 1518 capitur.
1565 1445 1669 1501 Sed
1701 1445 1745 1500 si
1773 1460 1909 1514 quos

307 1547 467 1602 timor
503 1545 598 1601 Dei
639 1552 691 1600 et
735 1541 1107 1611 intelligentia:
1145 1541 1443 1611 ignoratio,
1475 1554 1580 1594 non
1620 1538 1910 1608 impietatis

309 1641 555 1696 voluntas
599 1653 698 1709 per
734 1637 977 1693 stultitia:
1019 1650 1236 1691 sensum
1279 1633 1571 1690 detinuerit
1607 1634 1660 1689 in
1690 1648 1908 1699 errore,

312 1734 383 1810 (b)
402 1750 560 1806 Spero
583 1741 639 1788 ut
661 1732 726 1787 ad
753 1731 1185 1788 emendationem
1215 1730 1478 1798 proclives
1497 1728 1640 1794 sint;
1669 1744 1788 1783 cum
1808 1728 1912 1782 im-

1999 517 2159 574 Patre
2179 522 2306 575 exivi
2328 563 2340 587 ,
2373 531 2418 575 et
2446 523 2556 576 veni
2591 521 2734 594 (Job.
2765 540 2881 587 xvr,
2914 523 3042 595 27),
3073 536 3251 580 utrum
3280 527 3598 598 ambiguita-

1999 619 2106 666 tem
2137 614 2444 686 reliquerit,
2478 616 2604 684 qnin
2637 617 3030 686 intelligeretur
3057 633 3164 673 non
3187 619 3410 674 aliunde
3436 635 3596 689 quam

1999 719 2067 760 ex
2088 705 2246 761 Patre
2271 721 2391 762 esse
2419 708 2563 777 quod
2594 707 2733 763 Dens
2760 707 2880 764 est?
2909 709 2984 764 Ex
3015 709 3173 765 Patre
3199 711 3343 766 enim
3379 712 3600 778 exiens,

2002 812 2176 866 neque
2197 798 2360 854 aliam
2386 801 2679 856 nativitatis
2716 801 2903 855 habuit
2942 810 3185 857 naturam
3210 844 3225 869 ,
3259 818 3434 874 neque
3474 805 3602 859 nul-

2003 890 2144 946 lam:
2177 889 2270 946 sed
2299 907 2422 946 eum
2448 892 2548 947 sibi
2579 900 2807 948 testatur
2831 905 3108 950 auctorem
3127 936 3141 961 ,
3163 913 3230 950 ex
3257 912 3364 967 quo
3391 911 3450 952 se
3479 912 3606 967 pro-

2007 980 2186 1037 litetur
2203 985 2400 1039 exisse.
2434 984 2512 1040 De
2539 986 2621 1041 his
2649 995 2827 1042 autem
2859 988 3293 1046 demonstrandis
3329 1000 3491 1061 atque
3520 991 3605 1045 in-

2005 1075 2312 1146 telligendis
2335 1078 2600 1147 posterior
2619 1078 2748 1133 mihi
2771 1095 2948 1135 sermo
2970 1092 3071 1136 est.

2081 1168 2167 1221 17.
2210 1168 2321 1223 Deo
2352 1170 2415 1224 de
2453 1187 2506 1225 se
2535 1187 2635 1225 non
2664 1173 2865 1227 credere
2897 1173 3060 1242 nefas.
3085 1203 3156 1214 —
3183 1175 3401 1230 Interim
3432 1184 3607 1233 tamen

2009 1261 2113 1317 hoc
2151 1263 2460 1332 videamus,
2501 1282 2605 1336 qua
2650 1267 2884 1322 hominis
2927 1267 3118 1323 ﬁducia
3167 1269 3511 1340 intelligenda
3545 1270 3612 1325 de

2012 1355 2123 1410 Deo
2148 1356 2488 1422 inhibentur,
2513 1374 2633 1430 quae
2664 1359 2806 1429 quod
2827 1376 2857 1414 a
2889 1360 3002 1416 Deo
3031 1361 3097 1416 de
3118 1376 3177 1416 se
3201 1362 3342 1416 dicta
3370 1362 3478 1415 sint
3507 1377 3612 1416 non

2014 1459 2294 1521 negantur.
2323 1450 2368 1506 Ο
2390 1452 2762 1522 gravissimum
2796 1453 3046 1508 humana:
3069 1453 3313 1509 stultitia:
3339 1464 3502 1525 atque
3534 1457 3616 1510 in-

2015 1544 2256 1599 solentia:
2283 1544 2550 1610 dedecus,
2581 1545 2933 1616 professionis
2965 1562 3078 1601 sum
3107 1545 3175 1601 de
3207 1562 3266 1601 se
3303 1547 3469 1602 Deum
3507 1562 3614 1602 non

2016 1638 2179 1693 modo
2206 1653 2432 1709 arguere
2473 1654 2582 1694 non
2624 1639 2928 1706 credendo,
2962 1640 3056 1694 sed
3101 1640 3442 1696 emendando
3467 1641 3620 1696 dam-

2018 1748 2182 1799 nare;
2215 1743 2269 1786 et
2299 1733 2428 1787 illud
2456 1733 2724 1789 ineﬁ'abile
2756 1735 2808 1788 in
2832 1749 2898 1789 eo
2924 1743 3129 1789 naturas
3157 1749 3268 1789 suae
3298 1734 3620 1804 virtutisque

310 1829 527 1901 pietatis
565 1824 850 1882 stultitiam
888 1823 1136 1880 absolute
1162 1821 1406 1879 veritatis
1430 1822 1502 1876 sit
1524 1819 1912 1875 demonstratio
1945 1827 1992 1888 Β
2019 1833 2319 1891 secretum,
2353 1823 2603 1879 humanis
2643 1825 3011 1880 contaminare
3045 1836 3097 1880 et
3126 1825 3443 1897 impugnare
3483 1824 3618 1880 doc-

308 1921 609 1992 proditura.

383 2011 472 2068 16.
510 2010 676 2066 Filius
695 2019 748 2064 ut
766 2025 832 2066 ex
858 2009 975 2080 ipso
995 2006 1106 2062 Deo
1125 2023 1282 2077 neque
1309 2009 1419 2078 ipse
1435 2006 1522 2076 qui
1552 2004 1723 2072 Pater,
1756 2021 1914 2075 neque

311 2107 478 2173 aliud,
501 2115 745 2169 nequeex
766 2101 1024 2157 nihilo.—
1039 2100 1282 2166 Dixistis,
1301 2115 1333 2155 0
1359 2099 1529 2164 stulti,
1546 2099 1617 2171 (c)
1639 2099 1727 2168 qui
1750 2108 1803 2154 et
1820 2098 1916 2153 ho-

314 2198 401 2255 die
431 2197 575 2254 idem
593 2195 770 2252 dicitis
788 2237 803 2261 ,
828 2195 1130 2251 nescientes
1156 2198 1206 2248 in
1232 2193 1398 2249 Deum
1430 2207 1619 2262 sapere
1641 2234 1655 2257 ,
1686 2195 1732 2246 si
1775 2193 1914 2247 enim

318 2291 458 2362 quod
489 2306 553 2345 ea:
580 2291 714 2360 ipso,
739 2298 792 2344 et
817 2287 960 2359 quod
991 2304 1054 2342 ea:
1077 2297 1240 2354 utero,
1272 2297 1327 2342 et
1356 2285 1497 2357 quod
1522 2301 1586 2340 ea:
1610 2283 1769 2340 Pater
1790 2285 1920 2340 exivi

323 2396 366 2439 et
393 2385 526 2439 veni.
560 2383 755 2451 Quaero
781 2398 808 2435 a
843 2390 926 2447 te,
952 2381 1053 2436 hoc
1079 2389 1248 2435 totum
1291 2380 1491 2435 dictum
1535 2393 1565 2433 a
1600 2377 1744 2445 Deo,
1783 2392 1922 2433 anne

322 2494 426 2533 non
462 2477 666 2532 dictum
703 2475 807 2530 sit?
833 2475 1040 2530 Dictum
1072 2473 1260 2544 utique
1304 2482 1424 2529 est:
1455 2480 1510 2527 et
1544 2485 1767 2526 necesse
1801 2479 1921 2537 est,

323 2585 442 2626 cum
468 2585 498 2624 a
525 2569 639 2624 Deo
667 2567 738 2624 de
759 2582 819 2622 se
844 2565 1045 2622 dictum
1073 2565 1172 2630 sit,
1209 2579 1315 2620 non
1345 2562 1923 2633 aliterintelligendum

323 2679 445 2722 esse
472 2677 634 2735 quam
668 2661 872 2724 dictum
912 2668 1015 2715 est.
1047 2658 1126 2714 De
1152 2657 1315 2713 dictis
1356 2672 1454 2714 suo
1491 2655 1643 2723 loco,
1671 2656 1928 2732 demons-

325 2757 477 2812 tratis
497 2754 831 2825 singulorum
850 2767 1187 2823 quorumque
1205 2750 1494 2805 virtutibus
1509 2791 1524 2816 ,
1553 2749 1924 2805 tractabimus.

327 2849 546 2904 interim
570 2857 750 2902 tamen
779 2844 1201 2915 uniuscujusque
1238 2843 1644 2914 intelligentiam
1672 2842 1926 2908 consulo,

328 2941 452 3013 quid
475 2940 753 2996 existimet
778 2940 830 2994 in
857 2954 944 3006 eo,
975 2953 1094 2994 cum
1114 2936 1314 2992 dictum
1337 2936 1406 2990 sit
1431 2951 1494 2990 ea:
1515 2937 1629 3004 ipso
1645 2952 1663 2990 :
1680 2944 1933 2990 utrumne

333 3052 394 3092 ex
419 3035 595 3090 altero
628 3030 1040 3102 intelligendum
1073 3031 1175 3095 sit,
1205 3044 1272 3084 an
1305 3045 1372 3084 ne
1395 3043 1460 3084 ex
1483 3027 1663 3096 nullo,
1701 3043 1767 3082 an
1804 3040 1934 3082 vero

332 3129 444 3198 ipse
462 3127 557 3182 ille
574 3124 874 3182 credendus
894 3123 998 3178 sit?
1015 3123 1094 3178 Ex
1111 3123 1284 3178 altero
1307 3137 1412 3178 non
1437 3129 1522 3176 est
1544 3138 1558 3176 :
1591 3121 1712 3191 quia
1735 3135 1797 3174 ex
1818 3120 1932 3189 ipsa

2016 1915 2207 1982 trinis,
2264 1923 2319 1971 et
2365 1915 2482 1971 haec
2525 1915 2726 1971 audere
2769 1915 2957 1985 loqui:
2988 1915 3078 1982 Si,
3123 1917 3332 1987 inquit,
3383 1932 3452 1972 ex
3507 1917 3618 1972 Deo

2017 2019 2100 2065 est
2139 2007 2339 2075 Filius,
2369 2007 2717 2064 demutabilis
2744 2017 2798 2062 et
2841 2023 3134 2079 corporeus
3175 2010 3317 2065 Deus
3365 2017 3485 2074 est,
3532 2007 3625 2078 qui

2017 2118 2086 2159 ex
2128 2118 2188 2157 se
2220 2103 2508 2172 protulerit
2535 2102 2622 2158 vel
2671 2102 3010 2167 extenderit,
3041 2103 3186 2173 quod
3231 2105 3335 2160 sibi
3377 2113 3525 2159 esset
3571 2104 3627 2158 in

2020 2194 2222 2249 ﬁlium!
2254 2195 2390 2261 Quid
2437 2194 2699 2249 sollicitus
2730 2209 2818 2261 es,
2853 2211 2920 2250 ne
2950 2195 3293 2252 demutabilis
3329 2197 3470 2252 Deus
3509 2194 3621 2251 sit?

2021 2285 2132 2341 Nos
2173 2287 2505 2342 nativitatem
2533 2286 2883 2353 conﬁtemur,
2918 2303 3015 2342 nos
3047 2289 3377 2359 unigenitum
3425 2288 3624 2359 praedi-

2023 2396 2210 2437 camus
2227 2397 2292 2436 ex
2315 2381 2424 2436 Deo
2445 2380 2622 2436 docti:
2645 2391 2702 2436 tu
2719 2422 2732 2444 ,
2761 2397 2827 2435 ne
2859 2382 3110 2436 nativitas
3137 2391 3380 2451 maneat,
3419 2397 3484 2437 ne
3508 2381 3628 2436 uni-

2025 2473 2238 2545 genitus
2268 2474 2408 2529 Deus
2444 2474 2496 2528 in
2533 2473 2789 2529 Ecclesia:
2821 2472 2926 2526 ﬁde
2958 2473 3056 2536 sit,
3092 2482 3337 2527 naturam
3380 2472 3625 2528 indemu—

2029 2566 2208 2623 labilis
2235 2567 2325 2620 Dei
2353 2581 2471 2636 quae
2493 2580 2595 2620 nec
2613 2565 2827 2620 extendi
2854 2579 2952 2618 nec
2974 2565 3224 2634 protendi
3249 2565 3416 2633 possit
3437 2564 3510 2636 (ε)
3533 2579 3634 2632 op-

2029 2662 2205 2733 ponis.
2240 2659 2505 2714 Aﬁ'errem
2551 2658 2682 2724 tibi,
2727 2657 2913 2712 infelix
2953 2672 3136 2725 error,
3170 2657 3332 2712 etiam
3369 2673 3434 2713 ex
3466 2658 3633 2714 rebus

2029 2752 2215 2809 mundi
2249 2750 2602 2822 quarumdam
2634 2760 2946 2804 naturarum
2977 2765 3098 2819 quae
3127 2749 3420 2820 gignuntur
3446 2765 3632 2806 exem-

2031 2846 2177 2918 plum
2201 2886 2216 2912 ,
2246 2859 2314 2900 ne
2347 2843 2682 2898 nativitatem
2719 2842 3125 2912 protensionem
3155 2844 3537 2911 existimares,
3576 2860 3645 2902 ne

2035 2939 2370 2994 nascentium
2397 2948 2617 2993 naturas
2638 2938 2960 2993 detrimenta
2991 2937 3246 2994 crederes
3274 2953 3395 2994 esse
3419 2940 3645 3010 gignen-

2036 3032 2166 3087 tium
2189 3073 2202 3097 ,
2232 3039 2290 3086 ut
2327 3031 2488 3086 etiam
2532 3030 2697 3084 multa
2739 3031 2857 3085 sine
2898 3030 3169 3101 corporali
3203 3031 3535 3087 admixtione
3574 3047 3640 3088 ex

2037 3123 2344 3178 viventibus
2369 3122 2422 3177 in
2448 3124 2693 3177 viventes
2718 3121 2925 3177 animas
2946 3123 3290 3194 gignerentur
3315 3141 3328 3178 :
3359 3124 3464 3179 nisi
3495 3125 3644 3181 nefas

332 3232 432 3284 est,
452 3221 506 3276 id
529 3231 613 3276 est
635 3218 730 3292 (ita
749 3226 806 3272 ut
825 3214 979 3288 non),
1005 3231 1074 3271 ne
1092 3215 1329 3281 aliunde,
1353 3223 1546 3283 praeter
1562 3227 1721 3283 quam
1743 3227 1808 3266 ex
1829 3211 1942 3266 Deo
1969 3211 2011 3272 C
2045 3223 2220 3280 esset,
2249 3215 2358 3270 Deo
2385 3213 2452 3269 de
2474 3227 2532 3269 se
2559 3213 2629 3286 (Γ)
2661 3229 2766 3269 ηοη
2799 3214 3126 3282 credidisse;
3157 3225 3210 3271 et
3240 3216 3413 3271 ultimi
3445 3216 3641 3273 furoris

333 3316 474 3372 Deus
501 3316 592 3370 sit.
627 3314 704 3367 Ex
727 3310 897 3366 nihilo
917 3325 1024 3364 non
1046 3315 1164 3365 est:
1189 3308 1312 3378 quia
1341 3321 1403 3362 ea:
1425 3307 1542 3376 ipso
1565 3317 1678 3370 est;
1711 3304 1937 3360 demon-

339 3417 545 3464 stratur
573 3407 718 3462 enim
747 3415 934 3460 natura
963 3402 1108 3459 unde
1130 3402 1381 3457 nativitas
1407 3409 1508 3456 est.
1543 3399 1662 3470 Ipse
1685 3413 1789 3454 non
1812 3407 1896 3454 est
1919 3415 1933 3452 :

337 3503 458 3572 quia
487 3499 583 3554 ubi
612 3515 678 3553 ea:
703 3499 814 3568 ipso
840 3505 926 3553 est
945 3539 960 3562 ,
994 3496 1246 3550 nativitas
1275 3493 1371 3548 ﬁlii
1410 3491 1640 3548 refertur
1667 3507 1731 3548 ex
1761 3498 1934 3562 patre.

336 3593 543 3650 Deinde
571 3608 696 3648 cum
729 3589 1062 3661 signiﬁcatur
1091 3604 1153 3644 ea:
1188 3596 1362 3654 utero,
1391 3587 1664 3656 interrogo
1694 3600 1761 3639 an
1791 3583 1938 3639 credi

336 3689 510 3760 possit
535 3701 663 3744 esse
700 3694 859 3741 natus
897 3700 963 3740 ex
1004 3682 1210 3748 nihilo,
1240 3696 1360 3736 cum
1410 3680 1706 3735 nativitatis
1742 3677 1943 3733 veritas

339 3801 433 3857 per
453 3783 815 3856 corporalium
838 3779 1249 3838 efﬁcientiarum
1273 3776 1490 3832 nomina
1509 3773 1803 3831 reveletur?
1823 3771 1940 3826 Non

339 3882 485 3937 enim
532 3877 790 3934 membris
831 3873 1207 3943 corporalibus
1247 3870 1552 3927 corismtens
1597 3866 1777 3931 Deus,
1819 3880 1944 3920 cum

339 3973 746 4046 generationem
782 3968 943 4042 ιω
966 3967 1086 4023 Filii
1117 3964 1195 4038 (ἀ)
1222 3969 1691 4027 commemoraret,
1724 3961 1836 4014 ait:
1864 3957 1949 4014 Ea:

343 4081 488 4123 utero
517 4077 638 4121 ante
677 4065 952 4136 luciferum
984 4063 1136 4133 genui
1179 4071 1226 4115 te
1254 4057 1375 4129 (Ps.
1417 4073 1536 4122 etx,
1564 4054 1661 4127 3);
1695 4053 1790 4109 sed
1836 4053 1950 4108 ine-

346 4160 674 4218 narrabilem
704 4159 850 4214 illam
884 4153 1144 4227 unigeniti
1172 4169 1239 4208 ex
1280 4167 1340 4208 se
1378 4151 1469 4205 ﬁlii
1511 4148 1843 4204 nativitatem
1879 4161 1947 4201 ex

356 4259 652 4315 divinitatis
693 4272 803 4312 suae
831 4254 1058 4310 veritate
1094 4251 1454 4314 conﬁrmans,
1484 4247 1550 4302 ad
1588 4243 1953 4314 intelligentia:

351 4350 509 4407 ﬁdem
536 4351 750 4406 locutus
773 4355 886 4412 est;
911 4356 968 4401 ut
986 4334 1056 4402 de
1081 4344 1276 4399 divinis
1301 4342 1414 4397 suis
1437 4339 1599 4396 rebus
1617 4381 1631 4405 ,
1658 4335 1952 4392 secundum

352 4446 640 4502 humanam
669 4451 948 4508 naturam,
980 4441 1228 4495 humanae
1253 4446 1457 4492 natura;
1487 4447 1704 4489 sensum
1732 4431 1797 4485 ad
1831 4428 1955 4483 ﬁdei

354 4538 633 4594 scientiam
665 4534 945 4591 erudiret:
979 4540 1040 4587 ut
1080 4547 1200 4587 cum
1231 4529 1307 4584 ait
1341 4545 1405 4583 ea:
1434 4536 1609 4592 utero,
1645 4540 1751 4578 non
1783 4537 1849 4578 ex
1879 4519 1960 4576 ni-

2037 3309 2252 3364 vesania
2271 3307 2636 3378 judicaretur,
2667 3308 2909 3364 adimere
2940 3309 3312 3365 auctoritatem
3341 3309 3408 3364 ad
3445 3310 3604 3366 ﬁdem
3625 3353 3640 3380 ,

2037 3401 2126 3456 cui
2157 3401 2561 3456 venerationem
2603 3400 2910 3471 proﬁtearis
2940 3401 3008 3456 ad
3037 3404 3222 3457 vitam.
3256 3401 3312 3458 Si
3353 3403 3495 3458 enim
3537 3418 3647 3459 non

2040 3495 2141 3550 nisi
2183 3509 2278 3566 per
2307 3509 2430 3550 eum
2461 3494 2567 3549 vita
2603 3501 2714 3560 est,
2747 3493 3020 3565 quomodo
3055 3509 3159 3548 non
3207 3509 3302 3564 per
3340 3509 3462 3549 eum
3505 3495 3644 3553 ﬁdes

2041 3588 2165 3645 vitae
2205 3588 2326 3642 est?
2356 3587 2514 3643 Fides
2540 3596 2720 3642 autem
2766 3588 2892 3641 vita:
2926 3587 3197 3657 quomodo
3233 3589 3286 3642 in
3314 3603 3378 3643 eo
3401 3597 3516 3656 est,
3557 3589 3648 3659 qui

2043 3678 2144 3734 sibi
2173 3680 2240 3735 de
2265 3695 2324 3736 se
2353 3681 2504 3735 testis
2527 3678 2759 3734 inﬁdelis
2786 3678 3083 3733 habeatur?

2121 3771 2278 3846 145
2306 3773 2390 3829 18.
2423 3772 2552 3826 Filii
2582 3772 2988 3843 nuncupationes
3016 3772 3102 3841 qui
3130 3773 3193 3826 ab
3219 3771 3474 3826 hwreticis
3503 3771 3657 3826 intel-

2047 3867 2208 3921 lectae.
2228 3896 2298 3906 —
2318 3864 2558 3932 Usurpas
2587 3862 2764 3928 enim,
2798 3862 3117 3933 impiissime
3148 3862 3431 3930 haeretice,
3463 3863 3657 3917 nativi—

2051 3966 2213 4015 tatem
2246 3958 2368 4012 Filii
2395 3958 2462 4012 ad
2491 3957 2788 4012 creationis
2819 3956 3191 4022 voluntatem;
3226 3965 3283 4010 ut
3312 3971 3417 4011 non
3450 3972 3513 4013 ex
3548 3959 3656 4015 Deo

2050 4061 2211 4109 natus
2241 4052 2347 4117 sit,
2378 4050 2473 4108 sed
2503 4051 2723 4107 volente
2753 4066 2820 4107 eo
2860 4052 2948 4122 qui
2991 4051 3229 4118 creavit,
3276 4068 3343 4107 ex
3382 4055 3658 4110 creatione

2053 4146 2373 4203 substiterit.
2403 4144 2473 4199 Et
2499 4153 2676 4202 tecum
2706 4144 2909 4199 idcirco
2935 4159 3042 4200 non
3073 4145 3213 4200 Deus
3238 4154 3358 4212 est,
3391 4146 3515 4216 quia
3543 4162 3659 4201 ma-

2056 4249 2218 4295 nente
2245 4238 2358 4294 Deo
2380 4253 2508 4302 uno,
2534 4252 2640 4292 non
2665 4245 2843 4292 teneat
2864 4235 3036 4291 Filius
3055 4235 3279 4307 originis
3299 4252 3412 4292 sua:
3436 4238 3492 4292 in
3514 4238 3656 4293 nati-

2053 4333 2218 4387 vitate
2240 4338 2523 4394 naturam;
2556 4329 2651 4385 sed
2684 4329 2736 4384 in
2765 4329 3122 4384 substantiam
3154 4329 3381 4384 alteram
3417 4329 3492 4403 (g)
3523 4345 3655 4385 con-

2059 4424 2214 4490 ditio,
2244 4425 2359 4494 ipse
2390 4432 2661 4492 tamquam
2689 4421 2998 4492 unigenitus
3022 4421 3422 4478 conditionibus
3461 4433 3516 4478 et
3551 4424 3663 4480 fac-

2061 4518 2196 4571 turis
2224 4515 2439 4571 caeteris
2466 4513 2814 4586 praestantior
2841 4513 2944 4567 sit:
2988 4512 3313 4569 substitutus
3355 4525 3533 4570 tamen
3554 4557 3570 4583 ,
3601 4523 3662 4570 ut

358 4631 463 4689 hilo
490 4631 697 4687 creatio
725 4628 1060 4694 substitisse,
1091 4625 1188 4681 sed
1217 4640 1281 4680 ex
1309 4638 1368 4680 se
1394 4619 1666 4692 Unigeniti
1694 4617 1775 4674 sui
1799 4625 1955 4672 nalu—
1978 4602 2031 4662 D
2057 4613 2345 4670 creationis
2370 4611 2593 4668 indultae
2613 4610 2691 4683 (Ii)
2711 4608 2814 4665 sibi
2835 4607 3033 4664 habeat
3053 4608 3491 4666 substitutionem
3510 4651 3524 4677 ,
3553 4626 3662 4668 non

361 4778 427 4838 ὡς
469 4773 1082 4848 προϐοᾎήν-ὰποτείνῳνρ
1129 4766 1404 4838 quomodo
1449 4765 1710 4820 Hilarium
1762 4761 1963 4832 legisse

367 4843 534 4914 liquet
564 4862 628 4917 ex
647 4845 825 4917 ipsius
846 4843 1200 4917 expositione.
1231 4911 1242 4917 _
1656 4906 1668 4917 '
1716 4905 1746 4917 __

435 4918 512 4986 (η)
557 4911 702 4971 Editi
723 4957 736 4974 .
771 4913 1042 4987 prudentia
1065 4929 1083 4966 :
1109 4911 1443 4987 castigantur
1471 4921 1535 4962 ex
1566 4911 1800 4987 scriptis.
1908 4974 1922 4987 Ο

435 4979 509 5064 (ὁ)
551 4979 840 5064 Ms._f‘.arn.
868 4985 1020 5064 credo
1060 4993 1134 5038 ut.
1171 4982 1305 5064 Alii,
1340 4995 1506 5064 spero.
1531 4986 1606 5030 ut.
1633 4979 1960 5064 At_ex_cusi_,

366 5047 514 5128 sperb
539 5059 698 5124 quod.
733 5057 843 5112 Hoc
879 5057 932 5110 in
965 5056 1084 5110 loco
1122 5053 1300 5130 prodit
1343 5050 1606 5130 Hilarius,
1632 5062 1738 5130 quo
1765 5047 1964 5130 animo

367 5117 480 5188 erat
509 5117 733 5185 affectus
764 5143 886 5197 erga
921 5142 1045 5191 eos,
1079 5117 1167 5195 qui
1211 5121 1508 5197 ignorantia
1539 5131 1591 5197 et
1623 5117 1964 5197 simplicitate

368 5204 494 5258 Ario
516 5202 772 5257 favebant
793 5242 806 5260 ,
826 5188 917 5253 "uti
941 5188 1049 5268 jam
1081 5188 1340 5268 adversus
1363 5191 1568 5268 Erasini
1603 5190 1838 5268 argutias.
1869 5188 1966 5268 oh-

370 5285 640 5331 servatum
677 5280 759 5324 est
800 5271 851 5324 in
897 5260 1104 5339 prmfat.
1129 5268 1220 5322 27.
1251 5263 1603 5339 Haud_ali_ter
1640 5260 1967 5339 Athanasius

372 5347 461 5403 0r.
498 5362 538 5402 ιι
576 5353 724 5398 cont.
757 5331 980 5410 Ar.,'p.
1017 5341 1157 5404 5'21,
1197 5352 1364 5408 agens
1399 5334 1467 5390 (le
1515 5334 1704 5410 iisqui
1746 5331 1967 5410 sobolem

373 5417 636 5488 prapriarn
663 5404 956 5488 substantia}
980 5410 1158 5488 Patris
1204 5404 1390 5480 negant
1413 5449 1429 5488 ι
1453 5407 1600 5488 quasi
1642 5405 1697 5457 id
1739 5404 1851 5470 ﬁeri
1882 5419 1972 5456 ne-

375 5478 520 5558 queat
539 5530 553 5553 ,
584 5487 685 5558 nisi
731 5492 898 5554 partes
924 5478 1280 5558 intelligantur
1299 5497 1318 5534 :
1342 5479 1429 5550 qui
1450 5479 1512 5531 de
1538 5478 1843 5545 incorporeo
1865 5490 1973 5558 cor-

377 5545 782 5630 porea'QOgitant
805 5598 820 5620 ,
859 5565 906 5630 et
936 5555 998 5608 ob
1039 5545 1440 5630 imbecillitatem
1477 5559 1678 5630 natura?
1707 5562 1814 5630 sua:
1849 5545 1967 5599 adi-

378 5620 520 5685 inunt
551 5620 693 5683 Filio
720 5627 1079 5697 proprietatem
1106 5634 1332 5698 paterna:
1361 5620 1656 5698 substantiis
1675 5661 1689 5679 .
1725 5622 1849 5698 dum
1880 5633 1966 5698 so-

381 5701 537 5756 bolem
565 5689 740 5753 Patris
768 5689 911 5751 stulti
951 5713 1012 5751 ea:
1032 5713 1085 5749 se
1105 5689 1380 5750 metiuntur
1405 5689 1691 5746 :therum
1709 5732 1723 5755 ,
1766 5689 1969 5759 inquit,

379 5773 499 5827 istos
528 5773 597 5826 ad
625 5773 779 5824 istum
802 5769 1007 5821 modum
1029 5768 1273 5835 aﬂ'ectos,
1307 5778 1672 5835 persuasosque
1696 5776 1798 5835 non
1827 5773 1974 5830 posse

379 5859 482 5904 esse
503 5843 674 5916 ﬁlium
697 5838 796 5896 Dei
811 5879 828 5904 ,
853 5831 1282 5910 aequumquidem
1298 5831 1372 5893 est
1392 5845 1448 5891 ut
1471 5831 1820 5890 misericordia
1847 5846 1971 5902 pro-

832 5935 1111 5998 ΡΑΤιιοι..
1145 5932 1228 5995 Χ.

2065 4775 2340 4826 sequamur
2380 4771 2399 4812 :
2444 4764 2848 4826 consentaneum
2885 4764 3087 4819 tamen,
3136 4764 3194 4808 ut
3233 4756 3576 4824 sciscitemur,
3619 4766 3666 4811 et

2064 4830 2347 4884 rationibus
2387 4829 2770 4882 convincamus.
2801 4825 3047 4881 Forsitan
3076 4825 3155 4880 vel
3183 4842 3241 4881 eo
3268 4828 3419 4882 modo
3448 4829 3516 4882 ad
3553 4846 3668 4884 sen-

2066 4918 2179 4956 sum
2209 4901 2429 4972 aliquem
2460 4899 2682 4972 perduci
2703 4907 2959 4968 poterunt.

2142 4972 2213 5097 (ti)
2258 4969 2376 5041 En,
2401 4969 2548 5042 Lips.
2573 4981 2628 5026 et
2653 4970 2804 5036 Par.,
2832 4972 2956 5042 quin
2985 4979 3031 5026 et
3062 4969 3212 5025 hodie
3241 4985 3260 5024 :
3293 4970 3445 5026 nullo
3474 4969 3670 5027 suifra-

2142 5062 2169 5097 n
2198 5060 2228 5097 e
2259 5060 2361 5097 ms.

2069 5060 2228 5117 gante
2259 5060 2361 5117 r_ns.

2141 5117 2223 5184 (d)
2263 5114 2387 5168 Par.
2414 5130 2536 5168 eum
2571 5113 2874 5186 antiquiore
2896 5130 2998 5170 ms.
3023 5113 3177 5171 Colb.
3205 5122 3260 5169 et
3283 5112 3467 5170 Germ.
3491 5155 3506 5182 ,
3531 5130 3671 5169 com-

2067 5195 2414 5241 ηιεηποταδεει.

2164 5258 2213 5327 e)
2253 5255 2372 5309 Vat.
2397 5257 2515 5327 bas.
2544 5272 2646 5310 ms.
2665 5300 2680 5321 ,
2714 5260 2928 5327 exponis
2954 5273 2971 5311 :
2999 5258 3179 5312 minus
3205 5256 3362 5313 bene.

2168 5326 2226 5399 f)
2269 5327 2414 5399 Lips.
2447 5326 2534 5382 hic
2561 5326 2758 5396 adjecit
2782 5326 2992 5383 testanti
3013 5345 3033 5384 :
3060 5329 3200 5399 quod
3248 5327 3401 5383 abest
3429 5343 3457 5382 a
3503 5328 3632 5383 Bad.
3657 5369 3672 5394 ,

2073 5397 2176 5456 Er.
2193 5397 2247 5452 et
2272 5397 2543 5467 plerisque
2572 5412 2704 5453 mss.

2148 5469 2224 5543 (g)
2257 5469 2396 5524 Editi
2415 5510 2429 5534 ,
2457 5469 2716 5543 con_ditur:
2741 5470 3094 5543 renitentibus
3116 5469 3370 5525 omnibus
3393 5484 3523 5543 mss.
3545 5470 3680 5543 Squ-

2059 5539 2184 5598 'sus"
2199 5539 2359 5609 porro
2386 5551 2464 5594 eSt
2486 5581 2499 5600 ,
2528 5539 2750 5606 Tecum,
2781 5542 2880 5594 hoc
2908 5551 2988 5596 est
3011 5584 3024 5606 ,
3056 5543 3105 5595 in
3135 5552 3222 5595 tua
3251 5540 3514 5596 sententia
3533 5582 3550 5608 ,
3583 5541 3680 5595 Fi-

2082 5615 2180 5668 lius
2209 5629 2309 5666 non
2335 5619 2408 5683 est
2439 5609 2610 5683 Deus,
2637 5611 2732 5683 sed
2760 5612 3020 5666 conditio:
3049 5613 3138 5668 ubi
3171 5615 3422 5668 advertas
3451 5614 3682 5683 particu-

2081 5686 2186 5740 lam
2217 5699 2330 5736 cum
2362 5682 2448 5736 hic
2477 5690 2536 5735 ut
2563 5681 2688 5735 alibi
2717 5697 2815 5751 pro
2842 5684 3122 5738 secundum
3149 5685 3340 5751 accipi.

2156 5753 2234 5827 (It)
2257 5754 2435 5827 Abest
2463 5753 2560 5806 sibi
2587 5770 2614 5805 a
2648 5769 2749 5827 ms.
2782 5754 2913 5827 bas.
2947 5753 3338 5827 Val.ﬂVerhum
3380 5755 3686 5827 substituere

2083 5825 2298 5886 Arianis
2342 5825 2595 5883 usitatum
2615 5825 2919 5898 colligimus
2961 5844 3025 5885 ex
3074 5826 3355 5896 Faustino,
3381 5840 3502 5898 cap.
3529 5840 3568 5894 ι,
3601 5825 3690 5880 ubi

3078 5921 3119 5988 6
