4252 6242
551 292 650 353 171

1758 279 2006 342 SANCTI
2046 276 2305 357 HILARII
2341 274 2654 339 EPISCOPI

3770 234 3875 337 us

555 412 649 468 Dei
674 406 916 466 attulerit
932 421 1000 465 ex
1018 402 1371 478 generatione
1392 406 1672 467 naturam;
1700 405 1753 453 et
1773 405 1959 453 natum
1982 395 2153 463 dicas,
2186 411 2237 473 Α
2261 409 2476 477 rursum
2519 389 2848 464 evangelicae
2886 397 3048 463 atque
3086 388 3400 461 apostolicae
3437 399 3606 447 voces
3643 386 3877 460 loquun-

551 505 696 579 qnod
724 503 964 561 substitit
987 516 1055 557 ex
1075 496 1279 555 nihilo:
1306 492 1476 548 ﬁlium
1508 501 1689 547 autem
1714 489 1917 546 idcirco
1949 501 2156 542 nuncu-

557 616 657 672 pes
680 640 696 666 ,
729 614 839 655 non
865 595 990 669 quia
1019 608 1087 650 ex
1112 592 1225 648 Deo
1250 595 1407 645 natus
1434 596 1521 644 est
1543 629 1557 655 ,
1588 585 1684 642 sed
1709 586 1832 657 quia
1861 599 1962 657 per
1990 583 2159 638 Deum

554 704 768 753 creatus
806 700 923 760 est;
951 688 1075 760 quia
1115 693 1170 741 et
1205 680 1455 739 homines
1489 677 1776 752 religiosos
1802 676 2162 748 appellatione

553 789 715 860 hujus
741 782 976 841 nominis
1002 780 1193 852 dignos
1213 792 1242 833 a
1272 778 1381 832 Deo
1408 774 1623 830 habitos
1664 770 2010 829 memineris:
2044 776 2158 825 tum

553 900 717 956 porro
745 882 794 937 ei
827 895 933 936 non
964 877 1069 933 alia
1108 875 1420 932 conditione
1460 874 1554 928 Dei
1596 886 1793 927 nomen
1837 864 2157 956 indulgeas,

555 955 716 1049 quam
748 989 811 1032 ea
842 987 944 1045 qua
973 970 1175 1026 dictum
1204 969 1307 1023 sit:
1350 964 1464 1039 Ego
1501 964 1646 1032 dixi,
1688 962 1761 1019 dii
1801 960 1956 1017 estis:
2000 955 2080 1029 (1)
2118 963 2165 1012 et

554 1070 653 1144 ﬁlii
690 1067 941 1126 Altissimi
979 1082 1151 1122 omnes
1181 1061 1355 1138 (Psat.
1397 1076 1591 1125 Lxxxr,
1632 1058 1724 1129 6),
1765 1064 1825 1113 ιιι
1862 1062 2041 1111 utatur
2078 1050 2165 1111 di-

552 1165 810 1236 gnatione
855 1161 907 1217 in
957 1157 1224 1215 vocabulo
1268 1150 1664 1226 nuncupantis,
1714 1166 1820 1206 non
1864 1156 2069 1205 naturae
2110 1146 2166 1203 in

557 1257 778 1315 nomine
807 1254 1068 1320 veritate;
1116 1251 1189 1325 (a)
1231 1251 1405 1323 sitque
1449 1258 1624 1305 tecum
1663 1262 1728 1302 cx
1768 1243 2059 1319 ad0ptione
2101 1238 2164 1293 ﬁ-

555 1350 663 1408 lius
686 1393 700 1418 ,
728 1349 864 1407 deus
895 1364 962 1404 et
1002 1343 1439 1416 nuncupatione,
1486 1340 1798 1411 unigenitus
1836 1352 1905 1392 ex
1942 1332 2165 1407 privile-

556 1448 681 1518 gio,
725 1442 1115 1516 primogenitus
1155 1455 1221 1496 ex
1260 1426 1486 1502 ordine,
1524 1433 1598 1506 (b)
1631 1442 1773 1488 totus
1813 1429 2056 1497 ereatio,
2099 1442 2167 1483 ex

559 1538 705 1595 nullo
731 1534 872 1593 Deus
893 1533 1059 1621 {quia
1087 1529 1364 1605 generatio
1391 1528 1509 1600 ejus
1539 1542 1645 1582 non
1676 1523 1937 1581 naturalis
1962 1538 2030 1580 ex
2056 1522 2169 1577 Deo

558 1631 811 1687 nativitas
842 1628 948 1692 sit,
982 1625 1077 1681 sed
1117 1623 1415 1680 substantia
1451 1628 1737 1676 creaturae.

633 1704 721 1780 19.
767 1719 904 1787 Quid
936 1716 1222 1789 Scripturis
1248 1715 1310 1769 de
1339 1711 1452 1768 Deo
1481 1712 1689 1768 edoctus
1717 1711 1782 1768 sit
1818 1709 2072 1783 Hilarius.
2099 1737 2173 1749 —

2266 501 2372 556 tur,
2407 502 2459 548 et
2489 508 2554 547 ex
2583 493 2700 565 ipso
2729 505 2884 546 sacro
2920 489 3191 562 Unigeniti
3218 488 3293 545 tui
3321 502 3418 547 ore
3456 484 3670 553 condita
3711 486 3765 545 in
3809 486 3875 543 li-

2267 586 2396 641 bros
2428 584 2523 660 (at.
2552 583 2604 639 in
2635 582 2816 653 libris)
2844 583 3007 639 verba
3042 588 3330 653 testantur,
3379 579 3576 647 Filium
3619 587 3767 645 tuum
3807 593 3875 641 ex

2268 687 2321 755 te
2351 676 2591 748 ingenito
2622 675 2731 732 Deo
2771 673 3102 749 unigenitum
3145 674 3222 745 (α)
3265 673 3457 755 Deum,
3502 670 3773 739 hominem
3811 683 3879 733 ex

2269 754 2492 841 Virgine
2530 767 2597 823 ad
2626 766 2942 840 mysterium
2973 766 3162 823 salutis
3189 780 3323 839 mea:
3351 754 3573 829 natum:
3605 763 3659 823 in
3689 776 3798 834 quo
3826 770 3879 827 te

2266 861 2636 935 generationis
2664 875 2733 916 ex
2762 868 2816 916 te
2840 858 3042 917 veritas
3072 858 3413 931 contineret,
3455 864 3511 913 et
3550 869 3711 928 quem
3741 853 3795 919 in
3827 862 3879 915 te

2268 957 2538 1015 manentis
2566 969 2632 1010 ex
2668 962 2719 1013 te
2747 953 3041 1009 nativitatis
3068 960 3260 1009 natura
3290 951 3575 1011 retineret.
3867 1022 3873 1028 l

2341 1047 2435 1113 ΞΟ.
2464 1045 2661 1102 Eorum
2685 1028 2869 1118 quibus
2897 1045 3111 1103 credidit
3140 1044 3534 1103 commendatio.
3559 1073 3629 1085 κη
3648 1041 3706 1111 In
3739 1040 3880 1114 quod

2271 1156 2359 1197 me
2378 1182 2393 1209 ,
2420 1155 2544 1207 oro,
2576 1122 2897 1211 profundum
2923 1137 3199 1210 desperati
3222 1137 3427 1195 reditus
3455 1136 3731 1207 mersisti?
3755 1135 3880 1195 Haec

2271 1231 2416 1287 enim
2449 1246 2552 1303 ego
2589 1230 2663 1287 ita
2703 1230 2903 1297 didici,
2948 1230 3021 1285 ita
3061 1228 3301 1295 credidi,
3342 1236 3400 1284 et
3438 1228 3510 1285 ita
3549 1227 3882 1287 conﬁrmata:

2274 1323 2472 1379 mentis
2524 1321 2631 1378 ﬁde
2678 1329 2877 1387 teneo,
2931 1337 3000 1376 ne
3043 1329 3136 1376 aut
3181 1322 3380 1392 possim
3426 1318 3655 1389 credere
3698 1319 3879 1393 aliter,

2273 1426 2367 1473 aut
2388 1416 2572 1473 velim.
2605 1415 2745 1485 Quid
2772 1432 2861 1473 me
2891 1416 3148 1472 miserum
3180 1416 3250 1473 de
3277 1423 3331 1472 te
3361 1414 3599 1491 fefellisti
3621 1456 3638 1481 ,
3668 1423 3722 1479 et
3749 1412 3885 1470 inie-

2274 1509 2429 1566 licem
2461 1496 2681 1565 carnem
2708 1518 2870 1581 atque
2895 1509 3130 1567 animam
3162 1508 3352 1577 aliena:
3396 1524 3427 1569 a
3469 1518 3521 1567 te
3560 1506 3885 1579 cognitionis

2274 1603 2517 1659 doctrina
2550 1602 2870 1685 perdidisti?
2901 1603 3122 1674 Decepit
3148 1618 3237 1661 me
3266 1611 3389 1674 post
3419 1602 3567 1671 rubri
3597 1602 3764 1661 maris
3792 1601 3882 1663 di-

2277 1688 2737 1767 visionetn'gloria
2762 1695 3140 1779 descendentis
3161 1695 3230 1753 de
3254 1706 3437 1769 monte
3461 1695 3632 1770 Moysi
3648 1738 3664 1763 ,
3691 1706 3747 1755 et
3772 1710 3889 1755 om-

562 1818 639 1871 Ac
674 1814 903 1885 primum
947 1818 1097 1866 orata
1142 1824 1172 1863 a
1220 1817 1270 1861 te
1313 1802 1770 1877 itnpatientissimi
1816 1802 2024 1861 doloris
2064 1799 2169 1857 mei

2287 1791 2365 1846 nia
2414 1796 2592 1845 tecum
2644 1805 2968 1849 arcanorum
3013 1790 3317 1848 caelestium
3362 1800 3572 1863 secreta
3615 1790 3890 1851 cernentis

560 1904 903 1976 venia,loqui
931 1918 1014 1958 me
1042 1900 1183 1973 apud
1215 1910 1286 1967 te,
1316 1899 1663 1968 omnipotens
1692 1897 1859 1965 Deus,
1893 1906 2102 1967 patere,
2124 1903 2179 1981 et

563 2016 650 2057 me
671 2011 869 2055 terram
886 2010 951 2052 ac
975 1997 1237 2060 cinerem,
1264 1989 1543 2046 charitatis
1572 1999 1752 2047 tamen
1784 1999 1888 2046 tuae
1915 1986 2179 2059 religione

562 2093 873 2149 devinctum
894 2134 908 2158 ,
944 2073 1178 2143 liberum
1208 2086 1261 2140 in
1295 2084 1414 2141 haec
1438 2085 1602 2139 verba
1632 2091 1907 2156 permitte.
1954 2082 2068 2155 Ego
2098 2081 2179 2159 in:

564 2182 693 2238 felix
720 2181 854 2237 nihil
883 2188 1042 2235 antea
1072 2178 1143 2236 iui
1170 2220 1185 2245 ,
1216 2186 1268 2233 et
1301 2176 1368 2250 (ο)
1408 2177 1534 2232 vitte
1574 2191 1740 2233 sensu
1778 2190 1979 2247 expers
2001 2217 2016 2241 ,
2060 2174 2178 2233 sine

561 2275 666 2330 mei
698 2272 1049 2344 intelligentia
1070 2314 1083 2337 ,
1118 2284 1184 2326 eo
1212 2268 1354 2340 quod
1384 2284 1505 2323 sum
1538 2268 1813 2347 carebam.
1862 2266 1967 2322 Sed
2008 2267 2177 2322 misc-

563 2368 798 2426 ricordia
828 2377 915 2422 tua
945 2364 1012 2420 ad
1046 2362 1333 2420 vivendum
1360 2358 1494 2417 mihi
1517 2377 1678 2417 causa
1707 2371 1822 2417 est:
1852 2371 1905 2418 et
1933 2376 2040 2416 non
2064 2375 2181 2439 amf

568 2464 727 2535 bigo,
770 2461 899 2533 quin
940 2466 994 2514 tu
1036 2457 1210 2513 bonus
1250 2456 1451 2512 bonum
1493 2454 1622 2510 mihi
1654 2453 1745 2528 (d)
1777 2454 2028 2511 statueris
2057 2467 2180 2510 esse

565 2557 710 2631 quod
740 2564 897 2611 natus
926 2568 1066 2610 sum.
1099 2550 1281 2621 Neque
1310 2549 1454 2605 enim
1477 2592 1491 2616 ,
1525 2549 1617 2620 qui
1647 2544 1749 2604 mei
1781 2562 1889 2603 non
1916 2562 2043 2621 eges
2064 2587 2079 2613 ,
2112 2542 2180 2619 ad

567 2649 697 2707 mali
729 2661 817 2703 me
842 2644 1105 2716 originem
1134 2639 1470 2698 inchoasses.
1504 2638 1609 2695 Sed
1640 2653 1761 2694 cum
1793 2654 1879 2694 me
1918 2638 1972 2694 in
2016 2639 2180 2709 vitam

566 2743 897 2807 animatum,
930 2735 1160 2793 rationis
1199 2747 1414 2805 quoque
1458 2731 1852 2803 intelligentcm
1897 2731 2181 2809 praestitis-

569 2850 693 2901 ses;
727 2833 794 2889 ad
821 2831 1185 2904 cognitionem
1215 2841 1303 2882 me
1345 2825 1424 2880 tui
1463 2824 1661 2892 sacris,
1706 2832 1764 2880 ut
1802 2822 2054 2887 arbitror.
2086 2837 2183 2895 per

576 2943 764 2987 servos
802 2935 924 2981 tuos
965 2923 1183 2993 Moysen
1225 2928 1279 2976 et
1317 2917 1610 2991 prophetas
1650 2915 2016 2972 voluminibus
2057 2930 2183 2972 eru-

574 3021 701 3079 disti
725 3063 740 3086 ,
770 3036 836 3077 ex
865 3015 1026 3097 146
1052 3016 1246 3087 quibus
1280 3024 1331 3069 te
1352 3029 1461 3069 non
1495 3015 1546 3067 itt
1579 3012 1869 3067 solitudine
1913 3023 1999 3067 tua
2023 3026 2185 3068 vene-

575 3113 803 3170 randum
830 3107 1132 3181 prodidisti.
1159 3102 1398 3177 Cognovi
1425 3114 1599 3160 tecum
1623 3103 1733 3160 illic
1756 3100 1827 3179 (e)
1851 3103 2045 3169 Deum,
2072 3118 2179 3179 non

2283 1884 2480 1959 (Exodi
2509 1901 2698 1953 xxxw,
2730 1885 2843 1956 9.9).
2891 1886 3025 1942 Huic
3061 1901 3162 1957 ego
3202 1885 3270 1941 de
3313 1894 3367 1941 te
3404 1885 3584 1942 verbis
3626 1884 3736 1949 tttis
3772 1899 3890 1943 cre-

2278 1978 2412 2033 didi.
2443 1977 2686 2049 Perdidit
2711 1992 2799 2057 me
2827 1985 3080 2051 repertus
3105 1975 3404 2055 secundum
3429 1992 3525 2034 cor
3552 1988 3701 2045 tuum
3723 1975 3892 2047 David

2280 2069 2419 2144 (Act.
2452 2086 2581 2138 xm,
2609 2070 2739 2144 22),
2769 2080 2826 2131 et
2853 2070 3049 2144 dignus
3087 2071 3346 2131 Salomon
3387 2070 3585 2131 divine:
3611 2073 3894 2147 sapientiae

2280 2183 2509 2239 munere
2550 2164 2649 2240 (lll
2680 2163 2812 2237 Reg.
2842 2180 2933 2233 ιιι,
2967 2163 3095 2237 12),
3127 2172 3186 2223 et
3226 2165 3342 2225 viso
3383 2165 3615 2236 Domino
3657 2162 3896 2231 Sabaoth

2282 2261 2469 2315 Esaias
2491 2258 2794 2343 praedicans
2816 2256 2966 2333 (Esa.
2985 2273 3062 2324 vt,
3080 2258 3156 2329 1),
3183 2269 3238 2314 et
3258 2268 3387 2327 ante
3406 2256 3896 2329 conformationem

2281 2354 2618 2411 santiﬁcatus
2642 2353 2695 2409 in
2722 2361 2879 2407 utero
2902 2351 3170 2409 Jeremias
3191 2352 3639 2419 eradicandarum
3663 2360 3720 2411 et
3745 2352 3901 2424 plan-

2281 2446 2566 2525 tandarum
2598 2445 2838 2525 gentium
2869 2445 3162 2525 prophetes
3195 2444 3417 2518 (Jerem.
3450 2460 3503 2513 ι,
3531 2441 3598 2515 5)
3618 2484 3633 2511 ,
3662 2450 3718 2505 et
3744 2457 3899 2515 mys-

2280 2538 2403 2594 terii
2430 2521 2846 2594 resurrectionis
2876 2521 3127 2619 Ezechiel
3154 2540 3306 2599 testis
3335 2538 3554 2611 (Eucti.
3587 2535 3815 2610 xxxvn),
3843 2544 3901 2597 et

2284 2634 2371 2688 vir
2396 2618 2791 2711 desideriorum
2809 2633 2997 2701 Daniel
3012 2618 3313 2707 temporum
3339 2635 3596 2699 conscius
3625 2631 3786 2705 (Dan.
3811 2648 3897 2702 ιι,

2280 2729 2399 2800 25),
2422 2710 2482 2786 ct
2508 2710 2888 2805 prOpbetarum
2916 2739 3266 2801 consecratus
3291 2730 3513 2794 chorus,
3541 2736 3599 2787 et
3627 2726 3707 2801 (tt)
3739 2741 3901 2787 omne

2288 2808 2689 2901 praedicationis
2736 2820 3065 2894 evangelicae
3113 2832 3547 2891 sacramentum,
3590 2820 3794 2879 electus
3831 2834 3903 2879 ex

2282 2917 2570 2995 publicano
2590 2915 2872 2972 Matthreus
2903 2918 2958 2972 in
2981 2916 3296 2989 Apostolum
3314 2957 3328 2982 ,
3355 2923 3413 2983 et
3432 2930 3504 2975 ex
3532 2913 3903 2977 familiaritate

2289 3010 2499 3083 pomini
2546 3008 2878 3083 revelatione
2922 3010 3227 3066 caelestium
3276 3007 3662 3081 mysteriorum
3706 3006 3904 3078 dignus

2284 3100 2524 3177 Joapnes
2573 3100 2804 3176 (Matth.
2831 3118 2958 3170 xvr,
2988 3101 3124 3173 t8),
3159 3113 3213 3171 et
3258 3110 3383 3174 post
3412 3101 3740 3163 sacramenti
3768 3116 3907 3158 con-

574 3209 806 3264 alterum
832 3180 892 3258 in
925 3214 1138 3267 natura,
1158 3199 1252 3255 sed
1284 3200 1338 3254 in
1363 3206 1702 3254 sacramento
1732 3196 2045 3253 susbtantiaz
2076 3204 2181 3250 tua;
2207 3202 2253 3267 ρ
2288 3180 2576 3277 fessionem
2616 3195 2807 3255 beatus
2834 3195 3022 3261 Simon
3058 3195 3215 3272 ιω
3245 3196 3598 3273 ζξάίῆοαιίοηί
3640 3193 3904 3257 Εροιδείω

575 3316 764 3358 unum.
796 3294 1038 3369 Cognovi
1068 3304 1119 3351 Ie
1144 3295 1196 3349 in
1227 3293 1338 3348 Deo
1369 3292 1570 3362 Deum,
1603 3307 1709 3347 non
1735 3307 1798 3348 ex
1828 3289 2187 3362 permixtione

577 3390 861 3450 confusum
883 3429 896 3454 ,
928 3386 1021 3443 sed
1051 3383 1130 3459 (ι’)
1162 3401 1227 3442 ex
1255 3385 1453 3441 virtute
1492 3392 1732 3452 naturae,
1774 3383 1900 3439 dum
1942 3382 2087 3456 quod
2130 3392 2186 3440 tu

582 3484 725 3543 Deus
753 3498 847 3551 es,
879 3483 933 3537 in
960 3496 1025 3537 eo
1056 3480 1144 3551 qui
1172 3495 1238 3535 ex
1268 3487 1321 3534 te
1351 3484 1434 3533 est
1454 3517 1469 3543 ,
1513 3474 1757 3533 inesscs:
1797 3491 1905 3533 non
1945 3484 2005 3532 ut
2041 3476 2186 3532 idem

582 3591 640 3638 ttt
668 3594 818 3636 esses
841 3618 855 3644 ,
884 3584 940 3632 ct
970 3577 1210 3640 inesses;
1240 3571 1335 3629 sed
1367 3571 1547 3627 inesse
1579 3578 1632 3626 te
1666 3569 1721 3625 in
1751 3584 1854 3639 eo,
1895 3570 1985 3647 qui
2027 3585 2094 3626 ex
2131 3575 2186 3626 te

578 3683 758 3743 esset,
788 3669 1044 3744 perfecta:
1071 3666 1362 3723 nativitatis
1385 3665 1585 3745 veritas
1612 3662 1885 3721 edoceret.
1916 3660 2028 3737 Hoc
2054 3661 2187 3718 mihi

2290 3291 2578 3371 subiacens
2607 3301 2662 3347 ct
2692 3291 2875 3361 claves
2903 3292 3058 3371 regni
3084 3292 3323 3349 caelestis
3350 3290 3625 3364 accipiens
3644 3333 3660 3359 ,
3692 3298 3747 3346 et
3775 3290 3908 3347 reli-

2289 3386 2380 3457 qui
2411 3400 2600 3441 omnes
2628 3392 2817 3443 sancto
2846 3383 3050 3457 Spiritu
3081 3385 3473 3457 praedicantes,
3513 3393 3572 3445 et
3607 3400 3672 3443 ex
3708 3398 3903 3454 persc-

2290 3488 2480 3535 cutore
2506 3477 2786 3551 apostolus
2813 3492 2911 3534 vas
2939 3477 3228 3535 electionis
3256 3487 3364 3535 tua:
3390 3476 3592 3535 Paulus
3619 3475 3640 3549 (
3663 3476 3778 3531 Art.
3809 3491 3903 3547 ιχ,

2292 3571 2429 3643 15),
2473 3572 2528 3641 in
2567 3571 2836 3645 profundo
2872 3572 3039 3647 maris
3077 3573 3263 3630 vivens
3293 3573 3317 3642 (
3335 3571 3377 3633 ιι
3403 3569 3526 3633 Cor.
3554 3586 3644 3640 ιι,
3669 3570 3778 3645 25)
3799 3613 3815 3638 ,
3846 3570 3905 3627 in

2290 3661 2430 3743 ctnlo
2469 3664 2630 3722 tertio
2659 3665 2822 3722 homo
2855 3662 3019 3737 (Ibid.
3062 3679 3168 3735 xu,
3196 3662 3286 3737 2),
3322 3662 3383 3737 (i)
3413 3660 3470 3723 in
3496 3661 3748 3735 paradiso
3773 3668 3905 3721 ante

656 3809 736 3885 (1)
765 3808 837 3865 Et
860 3807 961 3879 ﬁlii
990 3803 1199 3860 Excelsi
1222 3817 1413 3857 omnes.
1448 3797 1688 3868 Exinde,
1717 3799 1773 3854 in
1797 3796 2045 3855 vocabulo
2074 3798 2498 3871 nuncupationis.

587 3947 913 4007 Arianorum
939 3936 1304 4009 professiones
1332 3936 1410 3991 sic
1437 3933 1686 4006 exponit:
1731 3933 1823 3989 Sic
1859 3948 2059 4009 quoque
2096 3949 2188 4007 per

588 4005 705 4078 eum
733 4018 867 4084 facta
891 4005 1019 4066 dicit
1045 4010 1314 4074 universa,
1343 4005 1785 4084 ut_euu_tlasserat
1815 4021 1879 4060 ea:
1904 4005 2076 4084 nullis
2099 4005 2191 4059 ea:-

589 4074 841 4150 ﬂantibus
865 4084 1195 4150 substitutum
1216 4119 1231 4135 .
1261 4119 1275 4132 .
1304 4120 1317 4133 .
1345 4079 1431 4150 .si
1455 4078 1783 4150 quidentnon
1803 4092 1927 4150 vere
1944 4076 2008 4150 de
2035 4074 2191 4150 Patre

589 4147 743 4218 huius
765 4168 869 4222 est,
899 4153 989 4208 sed
1017 4154 1079 4205 de
1110 4149 1270 4204 nihilo
1298 4147 1631 4223 substitutus.
1658 4149 1768 4223 Nec
1796 4147 2191 4223 signiﬁcatione

594 4234 821 4289 multum
847 4220 1027 4281 diﬁ'ert
1054 4240 1080 4274 a
1105 4225 1272 4275 verbo
1297 4237 1487 4275 creare.
1519 4220 1669 4276 Unde
1696 4221 1833 4274 sicut
1861 4220 1948 4274 hic
1972 4222 2192 4273 creatio-

600 4321 716 4359 nem
754 4294 1158 4357 substitutionis,
1187 4292 1257 4345 ita
1298 4294 1415 4347 vice
1443 4302 1594 4348 versa
1622 4290 1714 4347 lib.
1744 4307 1793 4357 ι,
1820 4304 1875 4344 ιι.
1907 4291 1997 4359 16,
2029 4290 2195 4346 habes

599 4371 1012 4431 substitutionem
1040 4363 1333 4419 creationis.
1463 4384 1471 4391 -

670 4446 750 4517 (a)
778 4441 903 4496 Sola
928 4436 1091 4494 editio
1116 4434 1265 4517 P_ar.,
1286 4435 1452 4517 sitque
1477 4433 1665 4507 potius,
1694 4449 1799 4488 non
1826 4442 2020 4502 tecum,
2051 4433 2193 4505 quod

602 4510 746 4573 idem
772 4523 857 4569 est
880 4524 942 4565 ac
968 4510 1248 4562 secundum
1274 4516 1342 4562 te.

676 4586 749 4659 (ὁ)
781 4583 909 4640 Bad.
939 4589 993 4636 et
1020 4581 1133 4639 ΕΓ..
1165 4580 1320 4659 totius
1349 4578 1573 4659 creatio:
1602 4591 1801 4659 exque
1832 4575 2087 4659 Erasmus
2119 4578 2196 4659 Ie:

603 4646 837 4731 gendum
874 4662 1021 4723 putat
1059 4667 1121 4731 ea:
1156 4650 1347 4731 ordine_
1376 4649 1528 4731 totius
1550 4648 1841 4731 ereptionis.
1872 4646 2074 4731 Verius
2103 4647 2197 4702 alii

606 4716 728 4786 lvibri
746 4772 758 4795 ,
793 4716 926 4782 totus
954 4724 1175 4777 creutio;
1195 4720 1350 4844 Βυοά
1378 4720 1501 4773 aliis
1530 4720 1708 4774 verbis
1736 4716 1931 4771 deinde
1958 4717 2200 4773 declara-

606 4811 693 4844 ιιη-
744 4811 867 4844 nuta
888 4838 900 4844 -
928 4811 992 4844 ea:
1019 4794 1161 4844 nullo
1247 4808 1354 4844 eus.
1384 4789 1516 4844 Nam
1547 4788 1769 4844 creatio.
1802 4799 1861 4841 ut
1892 4788 2007 4844 inse
2035 4791 2198 4844 etiam

606 4811 714 4867 tur,
744 4811 868 4871 puta
888 4838 900 4855 .
928 4811 992 4871 ea:
1019 4794 1161 4847 nutto

614 4858 867 4927 Erasmus
888 4866 1139 4927 advertit,
1162 4863 1360 4917 llilario
1385 4862 1469 4915 hic
1491 4860 1629 4914 idem
1652 4858 1894 4928 estquod
1912 4874 1991 4913 res
2010 4871 2199 4915 creata.

613 4935 1178 5013 Subjiciturproxitne
1207 4931 1583 5013 haereticorum
1616 4930 1774 4995 ratio,
1802 4945 1899 5013 cur
1928 4930 2094 5013 ﬁlium
2125 4933 2206 4987 di-

610 5002 742 5072 cant'
765 5028 833 5069 ex
859 5002 1177 5076 adoptione,
1212 5005 1461 5076 nimirum
1489 5003 1609 5071 quia
1637 5002 1893 5076 generatio
1921 5004 2202 5076 eiustetc.

612 5085 752 5158 quod
780 5072 1006 5158 barbare
1031 5073 1526 5158 iliceret'tt‘Scbolat,
1550 5077 1669 5158 quia
1689 5072 1874 5155 ﬁtiatio
1894 5076 2027 5158 ejus.
2050 5073 2209 5158 _Unde

614 5144 721 5213 non
753 5163 837 5208 est
865 5147 1160 5205 audiendus
1193 5146 1312 5204 Vat.
1341 5146 1459 5201 bas.
1487 5148 1690 5211 codex,
1737 5145 1789 5199 in
1830 5160 1938 5215 quo
1976 5144 2209 5203 habetur

612 5231 731 5301 quia
755 5224 944 5301 creatio
966 5222 1100 5301 ejus.
1307 5287 1349 5301 Π
1539 5294 1551 5301 Δ
1668 5285 1717 5301 ﬂ
2018 5234 2035 5301 ζ

685 5299 760 5371 (c)
791 5296 866 5350 tta
894 5285 1131 5371 potiores
1301 5287 1441 5371 :l‘res
1465 5294 1645 5371 autem
1668 5285 1843 5344 Vatic.
1871 5302 1995 5344 cum
2018 5287 2204 5360 Vind.,

613 5360 717 5427 vita
740 5360 952 5424 sensus:
972 5361 1141 5417 1nale.
1175 5360 1315 5419 liditi
1343 5373 1500 5422 vero,
1528 5361 1644 5415 vita:
1666 5375 1866 5414 sensus.

653 5437 657 5441 ’
687 5442 765 5514 (d)
796 5437 914 5493 Vat.
947 5436 1058 5489 bas.
1091 5447 1191 5514 tus.
1220 5429 1605 5514 institueriszln
1634 5432 1716 5514 his
1742 5446 1848 5486 non
1876 5440 2041 5514 negat.
2062 5432 2210 5514 llila-

615 5502 731 5569 riu‘s
747 5502 1030 5580 peccatum
1053 5506 1295 5580 originis,
1319 5502 1460 5574 quod
1484 5503 1617 5557 alias
1637 5503 1891 5580 trequens
1910 5502 2210 5580 aedisertis

615 5573 790 5640 verbis
818 5576 1067 5635 adstruit.
1088 5573 1318 5645 maxime
1345 5573 1476 5629 vero
1492 5573 1833 5645 perspicuum
1864 5583 1945 5629 est
1974 5575 2105 5629 itlnd
2136 5577 2207 5632 ab

618 5654 917 5725 Augustino
941 5646 1106 5725 ipsius
1133 5644 1388 5725 nomine_
1402 5644 1674 5701 laudatum
1708 5647 1799 5725 lib.
1827 5660 1866 5699 tt
1896 5655 2080 5725 contra
2104 5645 2205 5701 ,Ιιιὲ

620 5716 841 5790 natium,
881 5737 932 5777 c.
963 5716 1027 5776 8:
1060 5719 1126 5774 In
1157 5718 1282 5790 Adw
1309 5716 1506 5790 olfensa
1541 5718 1926 5790 generositatem
1943 5719 2208 5790 primieiet

618 5798 773 5851 beata:
795 5786 937 5851 it'tius
961 5789 1231 5844 creationis
1255 5786 1677 5846 amisimusISed
1699 5786 1805 5844 hoc
1831 5796 2038 5843 tantum
2064 5789 2201 5857 νιιιῑ,

1247 4808 1354 4845 eus.
1384 4789 1516 4845 Nam
1547 4788 1769 4853 rreatio,
1802 4799 1861 4841 ut
1892 4788 2007 4857 ipse
2035 4791 2198 4844 etiam
2226 4768 2278 4828 D

2294 3942 2463 3989 totum
2492 3934 2862 4009 bonumesse,
2889 3936 3032 4009 quod
3061 3936 3218 3993 nobis
3243 3951 3275 3995 a
3307 3936 3418 3999 Dco
3445 3938 3742 4009 praestitum
3768 3947 3853 3997 est
3874 3978 3898 4009 ,

2294 4018 2470 4076 neque
2498 4006 2554 4061 in
2584 4006 2881 4063 bonitatem
2910 4006 3060 4065 illius
3087 4009 3325 4073 cadere;
3354 4010 3413 4063 ut
3447 4006 3547 4066 nos
3591 4011 3798 4066 ratione
3824 4006 3897 4067 ab

2295 4079 2411 4146 ipso
2439 4077 2742 4154 indultaAad
2770 4080 3155 4150 intelligendos
3182 4080 3476 4154 prophetas
3516 4089 3763 4150 utentes,
3797 4097 3898 4154 per

2295 4163 2392 4203 eos
2420 4149 2713 4218 deceperit.
2959 4149 2968 4150 “
3184 4149 3196 4151 “
3287 4149 3301 4154 ’
3753 4149 3756 4150 ⁷
3798 4149 3813 4169 τ

2371 4220 2442 4289 (ε)
2470 4220 2527 4275 In
2558 4220 2680 4276 Vat.
2722 4222 2836 4276 bas.
2876 4221 3000 4278 cod.
3023 4264 3039 4290 ,
3076 4222 3292 4278 Domine
3318 4241 3421 4280 non
3449 4224 3703 4282 alterum:
3730 4223 3895 4281 male.-

2298 4291 2495 4345 Cont'er
2521 4291 2614 4346 lib.
2648 4308 2702 4357 ν,
2730 4310 2786 4348 ιι.
2814 4293 2905 4357 ⁸56,
2941 4292 3027 4349 ubi
3058 4295 3423 4352 conﬁtendum
3457 4297 3617 4353 docet
3642 4294 3809 4350 Deum
3830 4311 3901 4352 ea:

2297 4361 2427 4431 Deo,
2458 4373 2505 4416 et
2534 4362 2700 4418 Deum
2723 4365 2777 4418 in
2800 4363 2933 4432 Deo,
2963 4382 3065 4419 non
3092 4367 3447 4435 corporalibus
3470 4364 3667 4433 modis,
3698 4367 3787 4422 sed
3813 4367 3899 4419 di-

2294 4436 2424 4510 vinis
2458 4435 2761 4503 virtutibus;
2799 4454 2890 4490 nec
2925 4440 3201 4493 naturain
3234 4451 3477 4494 naturam
3505 4440 3852 4510 transfusione
3869 4436 3903 4505 ,'

2297 4506 2389 4581 sed
2413 4510 2652 4581 mysterio
2677 4518 2726 4562 et
2754 4518 3000 4581 potestate
3027 4520 3243 4565 naturw.

2372 4576 2675 4651 (filioque
2705 4576 2883 4635 verius
2911 4583 2995 4635 hic
3027 4582 3317 4651 ttrmdictus
3347 4596 3449 4638 ms.
3479 4600 3542 4640 ea:
3566 4583 3776 4639 veritate
3801 4597 3906 4637 na-

2301 4657 2451 4702 turae.
2496 4649 2627 4702 Nam
2670 4660 2728 4702 ιιι
2755 4662 2875 4704 mox
2904 4649 3207 4707 audivimus
3228 4669 3295 4709 ex
3324 4653 3418 4709 lib.
3449 4669 3503 4717 ν,
3538 4656 3680 4711 Deus
3706 4654 3758 4708 iu
3792 4655 3907 4709 Deo

2300 4729 2384 4797 est
2409 4721 2591 4773 divinis
2618 4722 2884 4797 uirtutibus
2909 4733 2955 4797 et
2985 4733 3232 4797 potestate
3256 4734 3470 4780 naturae.
3505 4727 3822 4797 Expressius
3849 4725 3911 4795 ιιι

2304 4790 2758 4861 subsequentibus
2787 4790 3026 4864 ejusdem
3064 4796 3187 4849 libri
3215 4798 3414 4861 verbis,
3446 4811 3516 4853 ex
3541 4790 3775 4852 viarum
3801 4790 3903 4852 ita?

2307 4877 2465 4916 1mm
2488 4864 2540 4915 in
2562 4873 2797 4919 naturam
2820 4865 3049 4919 eamdem
3074 4868 3338 4921 nativitate
3359 4868 3605 4923 subsistit.
3634 4864 3705 4927 Ut
3725 4879 3909 4923 autem

2310 4935 2531 5009 ponitur
2538 4950 2621 5009 _ac
2651 4938 2906 5004 probatur
2933 4953 2987 5009 ιι.
3016 4935 3071 5002 '5,
3123 4950 3320 4993 natura:
3346 4940 3505 5009 virtus
3534 4948 3738 5009 ρνιεδιιιι
3776 4940 3915 4993 reri-

2310 5013 2463 5059 tatem
2514 5004 2611 5061 llic
2637 5009 2921 5078 respicitur
2946 5008 3095 5062 locus
3134 5011 3345 5065 ESaitc:
3384 5008 3452 5065 In
3487 5004 3544 5066 ιε’
3571 5018 3646 5067 est
3671 5009 3835 5077 Deus,
3862 5017 3916 5071 et

2312 5092 2412 5151 non
2440 5087 2515 5151 est
2534 5088 2721 5151 praeter
2747 5090 2821 5146 te,
2853 5078 2925 5151 de
2942 5094 3049 5149 quo
3076 5079 3170 5136 lib.
3200 5098 3252 5147 v,
3282 5097 3335 5135 ιι.
3364 5082 3453 5136 58.

2354 5147 2464 5221 '(g)
2498 5147 2553 5204 lu
2592 5151 2839 5221 vulgatis,
2894 5147 3057 5205 Deum
3092 5161 3140 5206 et
3175 5153 3450 5207 hominem.
3495 5153 3821 5210 Particulam
3865 5162 3915 5211 et

2316 5235 2379 5297 ex
2390 5222 2670 5297 pangimus
2696 5222 3014 5297 auctoritate
3043 5236 3171 5297 mss.
3201 5225 3338 5280 Tum
3358 5225 3418 5297 in
3444 5222 3705 5297 eo,quod
3733 5224 3918 5296 sequi-

2317 5292 2679 5415 turbltlabctur
2703 5292 2966 5364 expOsitio
2994 5294 3316 5352 verborum:
3346 5294 3505 5381 Pater
3530 5292 3597 5352 ἔπ’
3611 5314 3690 5353 me
3706 5338 3721 5361 ,
3744 5306 3791 5373 ert
3810 5292 3917 5375 ego

2317 5376 2363 5415 ut
2445 5380 2476 5415 (ι
2502 5378 2573 5415 re.

2311 5366 2363 5415 in
2401 5366 2573 5419 Patre.
3488 5366 3497 5381 '
3768 5366 3773 5373 '
3828 5366 3833 5375 '

2385 5433 2460 5515 (It)
2492 5434 2613 5489 Vat.
2644 5434 2758 5515 bas:
2785 5436 2953 5493 codex
2975 5478 2989 5505 ,
3017 5447 3064 5515 et
3088 5437 3157 5492 ad
3196 5455 3394 5515 omne;_
3416 5438 3784 5515 praeferendus
3825 5436 3919 5515 hic

2313 5500 2606 5571 videretur,
2652 5507 2755 5580 nisi
2804 5500 3073 5580 corruptis
3111 5514 3190 5575 tot
3224 5500 3519 5580 aliis'locis
3555 5512 3727 5567 {uetus

2311 5586 2609 5646 suspectus.
2649 5578 2835 5661 itaque
2857 5572 3022 5661 omne
3060 5572 3787 5661 priedication’isevangelicw
3824 5572 3917 5657 sal"

2307 5658 2620 5703 crumentum
2648 5650 2992 5727 intelligimus
3023 5650 3213 5711 omnes
3235 5654 3569 5727 evangelicae
3605 5650 3737 5727 legis
3776 5650 3920 5725 prae;

2304 5732 2488 5773 cones.

2378 5787 2457 5865 (ι),
2486 5791 2575 5887 Sic
2615 5800 2669 5891 et
2692 5792 3057 5885 Tertullianus
3084 5796 3151 5887 de
3176 5794 3464 5877 Scorpiace
3491 5813 3545 5873 ῃ.
3575 5797 3646 5875 12
3686 5794 3923 5873 Ραυιωιι
