4246 6260
411 263 515 321 1ῒὸ
596 259 604 264 ’

1629 254 1715 315 DE
1749 255 2133 315 TRINITATE
2172 256 2380 314 LIBER
2423 256 2507 313 Vl.

3626 267 3724 323 174

405 374 726 449 martyrium
747 417 760 440 ,
795 373 847 429 in
893 372 1154 445 martyrio
1186 371 1441 442 perfect-ac
1500 369 1623 426 ﬁdei
1653 380 2020 425 consummata
2051 376 2103 435 Α
2127 385 2230 442 qua
2261 385 2405 425 nunc
2432 370 2627 441 agitur,
2661 369 2934 435 elaborat,
2973 385 3040 427 ne
3071 369 3325 427 Dominus
3354 385 3537 431 uoster
3567 378 3727 451 148

405 469 599 525 libatio
629 467 700 538 (ll
729 466 863 522 Tim.
896 483 970 533 tv,
998 465 1031 520 6
1061 476 1107 520 et
1136 465 1214 536 7).

476 562 571 615 21.
604 560 771 628 Quam
802 559 954 635 ﬁrmi
988 558 1129 611 illius
1158 555 1374 612 tle'Filii
1404 574 1520 612 cum
1551 557 1709 611 Putre
1738 557 2029 628 wqualitate

405 655 570 726 ﬁdes;
596 663 643 709 et
672 652 807 706 unde
828 653 1002 723 ﬁrma.
1030 680 1101 692 --
1129 650 1212 705 Ab
1242 650 1325 706 his
1363 666 1463 721 ego
1501 667 1621 723 quae
1661 659 1819 706 teneo
1867 648 2027 704 edoc-

410 756 498 803 tus
520 763 662 813 sum,
681 744 764 799 his
787 743 1258 799 immedicabiliter
1278 742 1514 801 imbutus
1535 756 1677 797 sum.
1700 742 1763 794 Et
1786 741 2025 814 ignosce,

408 843 755 919 omnipotens
779 838 951 903 Deus,
981 838 1103 907 quia
1136 838 1187 891 in
1220 836 1303 891 his
1331 851 1431 893 nec
1458 835 1735 892 emendari
1763 850 1982 905 possum
2005 875 2020 900 ,

410 947 461 989 et
504 932 765 987 commori
809 944 1055 1003 possum.
1107 927 1283 983 Tarde
1323 926 1458 985 mini
1496 929 1596 983 bos
1635 926 1983 998 impiissimos
2008 963 2025 993 ,

411 1036 670 1098 quantum
701 1039 801 1097 ego
833 1022 1092 1088 arbitror,
1124 1021 1375 1076 doctores
1404 1030 1536 1075 aetas
1562 1019 1724 1090 hujus
1757 1033 1898 1073 nunc
1928 1032 2029 1071 sa:-

422 1119 531 1173 culi
574 1114 816 1187 protulit.
861 1114 1001 1169 Sero
1042 1112 1143 1167 hos
1181 1111 1367 1169 habuit
1403 1112 1536 1167 ﬁdes
1577 1126 1733 1176 mea,
1773 1124 1931 1181 quam
1974 1116 2028 1164 tu

416 1211 673 1277 crudisti,
706 1200 1016 1285 magistros.
1052 1206 1313 1262 lnauditis
1343 1222 1441 1278 ego
1470 1210 1550 1277 (a)
1594 1206 1676 1260 bis
1720 1204 2029 1260 nominibus

419 1306 475 1359 in
528 1313 579 1359 te
609 1304 678 1357 ita
709 1300 907 1357 credidi
933 1342 947 1366 ,
980 1314 1077 1370 per
1106 1307 1159 1355 te
1188 1299 1257 1352 ita
1286 1307 1503 1355 renatus
1546 1313 1700 1363 sum;
1742 1306 1796 1355 et
1836 1295 2030 1351 exinde

417 1405 541 1451 tuos
572 1395 641 1449 ita
673 1410 811 1448 sum.
840 1391 1277 1461 Omnipotentem
1318 1398 1368 1444 te
1395 1390 1543 1457 scio,
1573 1405 1673 1445 nec
1697 1388 1926 1444 conscire
1954 1386 2028 1459 (b)

414 1490 505 1546 libi
541 1498 748 1544 tantum
779 1497 943 1556 atque
975 1487 1073 1557 ipsi
1107 1484 1400 1554 Uuigeuito
1444 1493 1534 1539 luo
1576 1482 1872 1540 nativitatis
1911 1482 2031 1538 ine-

415 1580 702 1635 narranda:
734 1587 990 1648 exspecto
1030 1576 1318 1632 rationem.
1361 1575 1704 1646 lmpossibile
1745 1577 1889 1631 enim
1933 1574 2029 1629 tibi

414 1675 547 1733 nihil
576 1683 697 1742 est,
735 1684 788 1730 et
817 1674 1060 1755 genitum
1103 1687 1131 1724 a
1178 1683 1228 1727 te
1267 1671 1434 1726 ﬁlium
1477 1670 1881 1745 omnipotentiae
1921 1678 2028 1724 tuae

2129 461 2286 519 Jesns
2308 463 2552 518 Christus
2576 478 2703 518 vere
2728 463 2817 517 Dei
2842 463 2982 519 ﬁlius
3005 464 3147 520 Deus
3173 480 3332 522 verus
3358 468 3446 522 sit.
3472 468 3608 526 Vere
3631 473 3729 528 Dei

2131 554 2298 609 ﬁlium
2340 555 2673 627 unigenitum
2723 555 2888 612 Deum
2932 557 3214 614 Dominum
3260 568 3500 615 nostrum
3546 563 3730 620 Jesum

2129 648 2398 703 Christum
2430 663 2549 703 esse
2579 663 2641 703 ac
2670 648 2875 715 doceri,
2909 649 3092 705 multis
3122 650 3297 707 modis
3325 654 3598 727 cognitum
3628 667 3729 723 est,

2130 738 2256 793 dum
2284 739 2352 795 de
2377 755 2443 794 eo
2468 748 2690 795 testatur
2716 740 2897 810 Pater,
2939 740 3067 801 dum
3109 742 3176 799 de
3200 760 3258 799 sc
3282 744 3399 816 ipse
3424 748 3730 818 prolitetur,

2129 833 2256 888 dum
2286 834 2515 904 apostoli
2546 834 2872 904 prtedicant,
2902 835 3029 890 dum
3058 837 3292 909 religiosi
3320 841 3577 904 credunt.
3606 845 3735 898 dum

2129 927 2408 983 dtemones
2446 927 2794 995 conﬁtentur,
2827 928 2953 984 dum
2983 929 3153 986 Judaei
3185 942 3415 1004 negant,
3446 934 3571 991 dum
3603 954 3735 1007 gen-

2122 1028 2211 1075 tes
2238 1021 2290 1073 in
2326 1020 2577 1088 passione
2605 1030 2955 1091 cognoscunt.
2992 1022 3177 1094 Neque
3206 1026 3347 1079 enim
3379 1032 3735 1087 ex‘comntu-

2132 1112 2293 1166 nione
2340 1111 2757 1182 nuncupationis
2811 1121 2923 1178 est,
2952 1116 3096 1186 quod
3125 1116 3192 1170 de
3235 1118 3577 1188 proprietatis
3628 1123 3735 1179 ﬁde

2131 1202 2347 1258 dicitur.
2393 1204 2457 1257 Et
2495 1220 2615 1258 cum
2656 1203 2869 1273 (llilltia,
2900 1221 3020 1276 quae
3046 1206 3294 1264 Christus
3340 1208 3598 1268 Dominus
3642 1224 3737 1270 aut

2131 1293 2241 1365 egit
2264 1303 2358 1348 aut
2383 1295 2597 1363 docuit,
2627 1296 2766 1351 ultra
2795 1299 2970 1352 omnia
3000 1314 3190 1355 eorum
3219 1302 3325 1356 sint
3350 1303 3441 1373 qui
3474 1303 3570 1359 ﬁlii
3600 1323 3737 1361 nun-

2131 1395 2429 1455 cupautur;
2462 1396 2517 1441 et
2545 1386 2623 1459 (Ιι)
2655 1388 2706 1443 in
2736 1389 2802 1443 iis
2823 1391 3107 1461 omnibus,
3150 1409 3271 1463 qua:
3312 1397 3581 1467 principum
3626 1399 3737 1452 sint

2131 1477 2363 1543 Christi,
2394 1479 2496 1535 hoc
2524 1481 2603 1536 vel
2635 1483 2976 1551 potissimum
3003 1484 3264 1541 doceatur
3290 1504 3436 1557 esse,
3466 1491 3607 1561 quod
3642 1493 3735 1553 Dei

2134 1572 2276 1626 ﬁlius
2304 1583 2416 1630 eSt:
2448 1588 2555 1628 non
2582 1582 2668 1630 est
2699 1575 2750 1630 in
2782 1590 2847 1633 eo
2878 1576 2970 1633 ﬁlii
3002 1592 3069 1635 ex
3098 1582 3337 1651 generali
3368 1582 3737 1642 familiaritate

2132 1679 2457 1736 cognomen.

418 1769 617 1822 virtute
648 1781 757 1821 non
798 1746 1032 1835 ambigo.
1076 1762 1370 1835 Ambigeus
1409 1763 1551 1819 enim
1574 1804 1588 1829 ,
1624 1762 1734 1835 jam
1777 1763 2027 1833 omnipo-
2056 1765 2115 1826 Β
2198 1758 2290 1813 25.
2326 1756 2449 1812 Non
2477 1758 2795 1831 adaptivum,
2830 1762 2919 1815 sed
2947 1766 3219 1836 praprium
3258 1784 3369 1825 esse
3393 1746 3742 1831 Patervtcsta-

417 1870 621 1917 tentem
654 1870 704 1913 te
735 1857 962 1931 negabo.
995 1856 1204 1910 Bonum
1235 1867 1285 1911 te
1312 1859 1473 1911 etiam
1506 1874 1569 1911 ex
1602 1856 1879 1911 nativitate
1909 1870 2029 1910 mea

416 1954 616 2010 didici:
647 1962 808 2024 atque
836 1952 905 2008 ob
937 1951 989 2006 id
1023 1966 1129 2004 non
1164 1950 1402 2005 invidum
1437 1961 1486 2004 te
1519 1952 1783 2006 honorum
1816 1961 2027 2005 tuorum

414 2051 469 2104 in
504 2044 774 2118 Unigeniti
810 2044 880 2099 tui
916 2042 1194 2100 nativitate
1222 2060 1343 2099 esse
1371 2043 1606 2098 conﬁdo.
1641 2043 1819 2099 Credo
1849 2044 2025 2105 enim,

414 2141 561 2213 quod
594 2156 713 2210 qua:
746 2149 833 2194 tua
864 2150 988 2193 sunt
1016 2182 1030 2207 ,
1057 2137 1174 2205 ejus
1204 2139 1348 2203 sint;
1381 2145 1437 2193 et
1462 2155 1580 2210 qua:
1607 2139 1725 2209 ejus
1751 2147 1911 2205 sunt,
1943 2148 2029 2191 tua

417 2235 548 2289 sint.
572 2232 880 2303 Sapientem
914 2240 965 2288 te
993 2233 1124 2289 mihi
1148 2232 1309 2289 etiam
1340 2232 1452 2305 ipsa
1476 2229 1659 2286 mundi
1684 2231 1885 2287 creatio
1910 2245 2033 2302 pro-

416 2327 591 2383 didit:
624 2326 955 2397 Sapient‘am
1001 2335 1053 2381 te
1086 2324 1158 2398 (ε)
1192 2335 1337 2381 tuam
1359 2369 1372 2391 ,
1416 2342 1522 2380 non
1565 2325 1922 2389 dissimilem,
1965 2339 2032 2379 ex

421 2429 475 2475 te
502 2420 754 2489 genuisse
786 2419 915 2474 mihi
946 2419 1197 2475 conscius
1238 2435 1376 2473 sum.
1408 2421 1486 2491 (l)
1514 2417 1591 2491 (ά)
1624 2418 1759 2474 Vere
1798 2428 1855 2474 et
1896 2433 2033 2474 unus

421 2512 553 2566 mibi
603 2513 741 2566 Deus
782 2526 886 2566 es:
929 2511 1023 2567 sed
1064 2527 1172 2569 non
1214 2512 1356 2566 aliud
1397 2511 1450 2567 in
1492 2527 1594 2577 eo,
1624 2512 1716 2582 qui
1746 2527 1810 2568 ex
1843 2519 1893 2566 te
1923 2511 2033 2565 Deo

420 2614 503 2661 est
526 2647 541 2670 ,
573 2605 791 2663 credam
826 2605 1042 2673 inesse,
1072 2608 1145 2676 (e)
1177 2620 1334 2675 quam
1366 2612 1513 2660 tuum
1544 2613 1644 2660 est.
1677 2604 1743 2659 Et
1772 2605 1823 2658 in
1856 2620 1920 2659 eo
1948 2610 2034 2658 m'e

413 2700 631 2773 judica,
663 2701 706 2754 si
742 2699 873 2754 mihi
901 2701 1104 2755 crimen
1144 2708 1261 2765 est,
1305 2699 1525 2753 nimimn
1568 2714 1653 2753 me
1698 2714 1794 2768 per
1837 2696 2030 2753 Filium

422 2805 573 2847 tuum
607 2804 660 2848 et
690 2793 793 2864 legi
814 2836 828 2860 ,
862 2802 915 2847 et
947 2792 1257 2865 prophetis.
1293 2804 1346 2848 et
1379 2792 1641 2863 aposmlis
1670 2791 1993 2847 credidisse.

491 2886 586 2940 2:).
633 2883 865 2941 Christus
910 2885 955 2940 si
999 2902 1153 2941 verus
1187 2883 1287 2938 Dei
1334 2885 1509 2956 ﬁlius,
1558 2894 1630 2938 est
1659 2900 1857 2956 quoque
1887 2900 2034 2938 verus

426 2978 590 3034 Deus.
647 2976 772 3032 Vere
814 2975 912 3032 Dei
954 2977 1124 3047 ﬁlium
1166 2994 1278 3031 eum
1318 2993 1430 3031 esse
1459 2976 1633 3029 multis
1660 2974 1828 3029 modis
1857 2985 2035 3029 notum

423 3081 514 3126 est.
536 3101 604 3112 —--
624 3069 733 3127 Sed
755 3078 932 3125 cesset
955 3068 1500 3141 sermojtcmerm-ins,
1528 3077 1578 3122 et
1604 3083 1667 3121 ex
1699 3066 1802 3132 bis,
1833 3066 1886 3121 in
1914 3082 2035 3136 qua:

2132 1859 2234 1904 tur.
2259 1879 2330 1889 —
2350 1849 2466 1905 Non
2498 1855 2808 1910 contamino
2838 1856 3081 1912 veritatis
3110 1858 3303 1925 ﬁdem,
3334 1870 3395 1917 ut
3422 1863 3526 1919 hoc
3556 1867 3736 1921 verbis

2132 1941 2270 1996 meis
2316 1942 2614 1999 adstroam.
2664 1945 2960 2017 Loquatur,
3004 1960 3061 2005 ut
3105 1965 3250 2023 saepe
3286 1955 3480 2027 solitus
3518 1967 3630 2027 est,
3669 1958 3737 2013 de

2133 2031 2425 2104 Unigenito
2454 2050 2554 2091 suo
2585 2035 2767 2102 Pater,
2801 2055 2869 2094 ne
2903 2041 3004 2095 sub
3045 2049 3453 2107 consummandi
3487 2051 3742 2120 baptismi

2132 2135 2476 2183 sacramento
2499 2128 2657 2185 Jcsus
2683 2130 2931 2187 Christus
2964 2135 3272 2204 ignorabilis
3301 2142 3471 2209 possit
3499 2158 3619 2198 esse
3647 2159 3743 2212 per

2134 2233 2360 2289 corpus:
2395 2219 2500 2273 Hic
2529 2232 2602 2276 est
2629 2222 2768 2290 [ilius
2808 2241 2948 2279 meus
2988 2226 3234 2295 dilectus,
3269 2229 3332 2302 (i)
3368 2234 3421 2287 in
3457 2251 3559 2306 quo
3598 2253 3743 2293 cont-

2106 2316 2111 2321 ‘
2136 2312 2308 2382 placui
2331 2311 2544 2385 (Matth.
2566 2330 2653 2381 ιιι,
2678 2315 2787 2387 17).
2814 2316 2966 2390 Rogo
2994 2320 3045 2374 in
3073 2337 3182 2391 quo
3204 2324 3404 2380 veritas
3431 2327 3660 2398 deperit,
3689 2337 3745 2385 ct

2132 2401 2185 2458 in
2210 2419 2316 2474 quo
2338 2406 2545 2460 inﬁrma
2572 2406 2704 2463 ﬁdes
2731 2407 3083 2477 professionis
3108 2415 3227 2469 est?
3248 2416 3365 2471 Non
3391 2422 3742 2476 annuntiatus

2137 2510 2235 2567 per
2279 2497 2526 2568 angelum
2567 2498 2634 2553 de
2673 2509 2860 2555 sancto
2924 2500 3131 2571 Spiritu
3171 2514 3354 2575 partus
3394 2525 3459 2563 ex
3504 2512 3741 2583 virgine,

2136 2606 2245 2644 non
2276 2591 2436 2647 index
2465 2591 2629 2662 Magis
2656 2593 2844 2657 stella,
2888 2610 2987 2649 nec
3015 2596 3221 2651 adorati
3258 2598 3311 2652 in
3352 2603 3504 2656 cunis
3546 2604 3741 2671 honor,

2138 2698 2238 2739 nec
2286 2682 2354 2757 (j)
2402 2684 2707 2753 baptizandi
2750 2687 2852 2739 sub
2897 2686 3151 2758 Baptista:
3196 2691 3532 2760 professione
3577 2697 3748 2753 virtus

2136 2779 2267 2833 satis
2297 2794 2418 2833 esse
2447 2779 2512 2836 ad
2545 2780 3062 2839 demonstrationem
3097 2785 3396 2857 majestatis
3426 2791 3747 2850 existimau-

2141 2883 2255 2927 tur:
2292 2872 2451 2930 Pater
2479 2873 2547 2929 de
2573 2874 2713 2929 cwlo
2756 2876 3013 2946 loquitur,
3048 2886 3103 2931 cl
3132 2879 3200 2933 ita
3236 2880 3467 2951 loquitur
3501 2903 3514 2938 :
3549 2885 3652 2940 llic
3670 2897 3747 2942 est

2137 2964 2280 3035 ﬁlius
2307 2982 2470 3019 meus.
2493 2965 2629 3033 Quid
2659 2967 2761 3022 sibi
2790 2968 2902 3022 vult
2930 2984 3035 3024 non
3062 2975 3439 3042 cognominant
3458 3018 3472 3040 ,
3497 2979 3590 3035 sed
3619 2995 3750 3050 pro-

2139 3056 2416 3111 nominum
2449 3057 2619 3112 ﬁdes?
2650 3058 2984 3129 Cognomina
3028 3061 3172 3117 enim
3202 3064 3512 3124 nominibus
3539 3070 3749 3127 addun-

426 3161 866 3218 detnonstrandm
888 3159 1419 3215 stultitixbzereticte
1440 3157 1760 3214 necessitate
1785 3174 2041 3231 prorupe-
2066 3158 2113 3223 (ζ
2147 3157 2255 3213 tur,
2286 3151 2601 3220 pronomina
2633 3165 2763 3206 vero
2793 3151 3037 3207 obtinent
3068 3154 3119 3209 in
3150 3170 3209 3211 se
3252 3160 3532 3216 nominum
3573 3164 3745 3220 virtu-

424 3267 542 3320 rat,
579 3257 633 3310 in
667 3253 957 3311 reddenda:
991 3256 1168 3324 potius
1212 3255 1436 3308 rationis
1477 3253 1832 3308 ministerium
1872 3252 2036 3309 dece-

427 3349 458 3402 d
480 3357 514 3402 tt
549 3363 563 3402 :
612 3357 671 3402 ut
698 3345 780 3420 (Ξ)
811 3346 887 3421 (f)
921 3347 963 3402 si
994 3347 1081 3415 qui
1123 3345 1298 3401 adhuc
1337 3346 1471 3401 salvi
1503 3360 1622 3401 esse
1663 3354 1921 3415 possunt,
1968 3345 2035 3400 ad

428 3445 587 3501 ﬁdem
618 3455 836 3500 teneant
864 3443 1192 3515 evangeliea:
1222 3443 1483 3497 doctrinre
1524 3449 1685 3511 atque
1723 3440 2035 3513 apostolicae

432 3536 564 3602 iter,
597 3552 663 3592 ac
692 3550 877 3591 verum
914 3536 1003 3590 Dei
1036 3533 1200 3590 ﬁlium
1235 3550 1338 3589 non
1371 3549 1435 3590 ex
1466 3534 1788 3606 adoptione,
1834 3535 1927 3589 scd
1970 3548 2037 3588 ex

433 3640 619 3685 natura
664 3629 988 3699 intelligant.
1032 3627 1187 3683 "unc
1231 3628 1376 3682 enim
1423 3627 1792 3697 responsionis
1835 3636 2035 3681 nostra:

431 3742 549 3781 esse
575 3724 821 3781 ordinem
848 3724 1128 3778 convenit:
1153 3731 1213 3777 ut
1240 3722 1468 3792 primum
1498 3720 1593 3775 Dei
1623 3720 1790 3776 ﬁlium
1817 3719 1895 3793 (g)
1916 3733 2040 3775 esse

431 3818 757 3875 doceamus:
796 3828 854 3872 ut
886 3826 1077 3871 natura
1110 3817 1161 3870 in
1205 3830 1270 3870 eo
1309 3812 1640 3879 divinitatis,
1675 3828 1769 3881 per
1799 3811 1940 3881 quod
1974 3812 2036 3864 li-

432 3912 536 3968 lius
564 3920 683 3976 est,
717 3908 961 3965 absoluta
1001 3909 1089 3963 sit.
1122 3907 1177 3962 ld
1208 3907 1352 3963 enim
1396 3904 1629 3960 maxime
1668 3902 1927 3971 hmrcsis,
1971 3903 2039 3957 de

538 4031 585 4099 1)
623 4030 789 4085 Verus
813 4039 864 4083 et
890 4045 1021 4083 unus
1040 4069 1054 4095 ,
1083 4043 1237 4089 mox,
1266 4028 1352 4097 qui
1378 4042 1444 4082 ea:
1465 4038 1513 4081 te
1540 4026 1677 4081 Deus
1702 4034 1797 4079 est.

503 4030 583 4174 ἓξ)
616 4101 680 4157 Si
724 4101 812 4171 qui
855 4101 1025 4154 adhuc
1058 4100 1190 4154 salvi
1227 4115 1337 4154 esse
1376 4099 1443 4153 ad
1485 4098 1638 4169 ﬁdem
1677 4112 1794 4168 pass

2139 3252 2267 3299 tem.
2296 3241 2649 3313 PrOprietatis
2675 3252 2853 3299 autem
2883 3245 3202 3316 signiﬁcatio
3230 3260 3345 3317 est,
3369 3253 3458 3308 ubi
3487 3264 3541 3309 et
3565 3255 3650 3309 hic
3673 3266 3750 3311 est

2138 3338 2341 3394 dictum
2370 3354 2492 3395 esse
2519 3338 2756 3404 auditur,
2784 3348 2839 3396 et
2869 3357 3007 3394 meus
3035 3351 3127 3396 est.
3164 3343 3231 3398 Et
3260 3347 3497 3420 intellige
3526 3364 3646 3420 qua:
3674 3352 3748 3406 sit

2140 3433 2340 3489 veritas
2383 3442 2438 3488 et
2476 3434 2614 3488 ratio
2652 3432 2938 3489 dictorum.
2976 3434 3242 3507 Legeras:
3274 3438 3443 3495 Filios
3482 3445 3667 3511 genui,
3698 3452 3746 3499 et

2141 3527 2364 3583 exaltari
2398 3524 2579 3599 (Esai.
2611 3542 2659 3594 ι,
2693 3526 2795 3596 2);
2828 3527 2924 3582 sed
2956 3544 3060 3582 non
3103 3529 3341 3600 legeras,
3383 3532 3519 3588 ﬁlios
3560 3552 3740 3593 meos:

2141 3630 2404 3693 genuerat
2446 3622 2589 3675 enim
2629 3635 2724 3675 eos
2764 3620 2865 3675 sibi
2896 3636 2992 3690 per
3019 3622 3337 3680 divisionem
3377 3630 3648 3698 gentium,
3690 3640 3746 3687 et

2142 3716 2355 3784 plebem
2396 3712 2726 3769 haereditatis
2767 3712 2820 3765 in
2867 3712 3024 3768 ﬁlios.
3071 3715 3151 3771 Ne
3178 3717 3340 3787 igitur
3370 3735 3466 3788 per
3492 3736 3743 3777 commu-

2143 3810 2360 3863 nionem
2389 3806 2657 3876 adoptivae
2686 3804 3021 3859 bzereditatis
3046 3821 3458 3877 cognomentum
3492 3812 3587 3867 ﬁlii
3619 3814 3741 3868 uni-

2142 3899 2325 3973 geuito
2367 3898 2475 3953 Deo
2504 3896 2818 3963 adderetur,
2852 3902 3060 3951 naturae
3099 3899 3299 3953 veritas
3336 3916 3434 3972 per
3473 3904 3746 3976 signiﬁca-

526 4095 583 4173 2)
616 4101 680 4157 Si
724 4101 812 4171 qui
855 4101 1025 4154 adhuc
1058 4100 1190 4154 salvi
1227 4095 1337 4154 esse
1376 4099 1443 4153 ad
1485 4098 1638 4169 ﬁdem
1677 4104 1920 4168 possunt,
1965 4097 2193 4153 teneant,
2234 4095 2340 4140 etc.

436 4215 801 4281 immittenda,
831 4212 972 4283 quod
1001 4212 1145 4266 illum
1176 4212 1320 4266 Deus
1345 4209 1571 4283 paradisi
1600 4215 1881 4277 compotem
1910 4205 2025 4283 fecit

438 4300 552 4343 ante
576 4277 899 4358 martyrium.
929 4284 1042 4358 Non
1070 4294 1150 4339 est
1180 4277 1355 4358 tamen
1385 4282 1525 4337 unde
1552 4283 1910 4358 approbemus
1940 4277 2029 4358 lli-

439 4359 629 4416 larium
673 4347 794 4413 cum
837 4356 1170 4413 'l‘ertulliauo
1212 4353 1263 4409 in
1306 4352 1407 4408 hoc
1454 4347 1802 4407 consentire:
1846 4347 2025 4420 quod,

442 4428 738 4502 prtcscrtim
767 4429 860 4483 lib.
885 4427 952 4482 de
981 4427 1168 4481 Anima
1198 4443 1252 4480 u.
1281 4425 1379 4494 55,
1409 4424 1708 4497 paradisum
1740 4419 1899 4477 nullis
1928 4419 2030 4474 nisi

443 4503 766 4573 martyribus
793 4510 976 4569 patere
1004 4507 1324 4567 pr0pugnat.

513 4615 590 4690 (a)
624 4615 788 4690 Editi,
822 4613 1053 4667 omnibus
1080 4610 1180 4665 his.
1212 4609 1281 4665 At
1306 4625 1437 4666 mss.
1468 4608 1754 4690 nominibus
1780 4606 1880 4670 his,
1910 4613 2035 4690 puta

444 4678 706 4743 novorum
735 4686 1014 4740 doctorum
1035 4723 1048 4747 ,
1077 4697 1305 4752 quorum
1335 4697 1433 4737 nec
1458 4682 1732 4750 antiquum
1756 4721 1769 4745 ,
1800 4693 1899 4732 nec
1927 4678 2035 4752 ullo

445 4761 599 4816 titulo
619 4758 832 4814 celebre
858 4771 1053 4811 nomen
1072 4749 1233 4819 {cum
1261 4763 1447 4810 centra
1468 4749 1639 4825 Moysi
1661 4793 1677 4820 ,
1707 4749 2034 4825 Salomonis,

446 4832 639 4893 Esaiae,
668 4838 776 4885 etc.
806 4828 1019 4882 nomina
1050 4825 1297 4898 pluribus
1340 4824 1527 4895 elogiis
1562 4821 1626 4880 ἐι
1674 4821 1887 4879 saeculis
1932 4822 2041 4874 sint

446 4900 837 4960 commendata.

520 4996 595 5069 (b)
624 4991 1088 5069 Perspicui_or__est
1124 4989 1452 5069 lectio_mss.
1482 4986 1604 5069 Vat.
1635 4987 1749 5069 bas.
1781 4994 1833 5069 et
1860 4983 2038 5069 illam”

448 5054 537 5124 neé
564 5054 783 5121 conscire
809 5064 907 5117 nisi
935 5062 1052 5123 tibi,
1076 5073 1181 5118 etc.
1213 5060 1321 5117 Sed
1347 5061 1464 5116 sine
1493 5059 1612 5125 nisi,
1643 5057 1870 5111 habetur
1898 5054 2039 5110 idem

448 5152 671 5201 sensus:
704 5134 813 5190 Nec
837 5135 1134 5200 nativitatis,
1163 5133 1249 5187 tibi
1277 5140 1475 5188 tantum
1488 5140 1638 5201 atque
1660 5126 1928 5201 Unigenito
1956 5136 2042 5181 tuo

448 5200 679 5277 conscire,
710 5217 814 5262 etc.
847 5207 957 5277 Hoc
983 5206 1167 5261 nititur
1195 5205 1380 5277 verbis
1383 5200 1735 5277 evangelicis,
1756 5200 1927 5277 emo
1950 5214 2013 5277 uo
2031 5225 2046 5239 ο

449 5269 515 5336 vit
542 5269 774 5345 Filium,
804 5277 900 5331 nisi
926 5274 1103 5343 Pater,
1131 5286 1234 5332 etc.
1268 5275 1337 5330 Ut
1362 5269 1563 5329 Hilario
1585 5312 1601 5337 ,
1630 5273 1701 5327 ita
1740 5269 2039 5345 Augustino

450 5354 714 5411 familiare
738 5341 854 5416 est,
884 5341 1138 5405 :etcrnain
1174 5347 1289 5402 Filii
1316 5345 1718 5416 generationem
1759 5358 1825 5416 ex
1863 5341 2039 5416 l’atris

451 5410 851 5491 otnnipoteotia
880 5420 1269 5491 demonstrare.
1315 5410 1605 5491 Crenturis,
1648 5414 1823 5491 inquit
1859 5413 2034 5466 Serm.

452 5488 644 5559 cxxxtx
666 5536 681 5556 ,
716 5509 770 5551 η.
802 5488 866 5558 4,
911 5491 1017 5545 suis
1044 5490 1181 5545 dedit
1205 5488 1366 5555 Deus,
1394 5499 1447 5542 ut
1474 5489 1569 5543 hoc
1592 5488 1725 5558 quod
1748 5496 1861 5539 sunt
1884 5499 2039 5559 gene-

454 5562 592 5621 ren't:
619 5575 667 5618 et
695 5557 987 5639 putasﬂuia
1009 5563 1102 5616 hoc
1135 5561 1254 5639 sibi
1276 5577 1376 5615 non
1399 5559 1810 5639 Potuitserpare
1842 5557 1927 5621 qui
1968 5562 2044 5607 est

454 5578 592 5621 rent:
619 5578 667 5618 et
695 5578 843 5633 putas
867 5579 987 5633 qum
1009 5578 1102 5616 noc
1141 5578 1235 5614 sun
1276 5578 1376 5615 non
1399 5578 1579 5686 ιξοῖῑιιι
1612 5578 1810 5639 δεηηξνε
1842 5578 1927 5621 qut
1968 5578 2042 5607 est

454 5648 566 5693 ante
588 5634 820 5692 δίει-αἰαῖ)
845 5632 935 5689 Sic
960 5646 1013 5687 et
1041 5649 1104 5688 ex
1135 5632 1372 5687 bonitate
1441 5631 1568 5685 atris
1596 5628 1794 5685 iuvulta
1826 5639 2043 5698 prorsus

456 5710 693 5789 cgpertis
720 5705 770 5762 id
810 5705 983 5789 ipsum
1014 5705 1203 5789 probat
1233 5721 1286 5777 ιι.
1324 5699 1618 5789 διε-(ἰατιᾴει
1654 5698 2044 5789 Patcrjquamll‘o

456 5765 547 5836 illi
570 5765 717 5852 atquo
756 5765 965 5832 unicum
1000 5765 1165 5850 ﬁlium
1183 5792 1200 5829 :
1224 5765 1439 5852 gaudet,
1462 5774 1581 5843 quia
1605 5788 1706 5827 non
1735 5765 1939 5825 invidet.
1978 5765 2045 5820 Et

2062 4527 2119 4587 D

2138 4196 2295 4259 Deus,
2326 4193 2447 4276 quia
2478 4192 2626 4246 unico
2656 4188 2799 4245 Filio
2829 4206 2931 4245 non
2962 4190 3178 4262 invidet,
3209 4194 3307 4250 Itoc
3351 4200 3491 4270 quod
3527 4204 3636 4276 ipse
3664 4221 3739 4266 es:

2172 4267 2416 4323 encravit.

2135 4286 2608 4475 θωέἷξαὲἶὲωριςπ
2635 4335 2796 4392 811ντε
2829 4334 3050 4403 majoris
3068 4378 3083 4403 ,
3108 4337 3185 4392 lui
3213 4355 3313 4393 non
3341 4341 3664 4410 dissimilem.

2236 4409 2291 4475 d)
2332 4410 2420 4464 Sic
2462 4411 2697 4475 potiores
2730 4422 2858 4460 mss.
2901 4407 3097 4472 Caru.,
3143 4423 3252 4465 tres
3290 4412 3479 4475 Colh..
3524 4419 3664 4475 Gem

2236 4409 2291 4478 d)
2317 4410 2425 4483 Sic
2462 4411 2697 4478 potiores
2730 4422 2858 4483 mss.
2901 4407 3252 4483 Carn.,_u:es
3290 4412 3479 4483 Colh.,
3524 4407 3706 4480 Germ,

2143 4468 2286 4554 unus,
2308 4468 2566 4554 Sorlgt'mq
2592 4486 2698 4532 etc.
2721 4479 2824 4532 Alii
2855 4492 2984 4533 vero
3007 4468 3148 4548 libl‘i:
3179 4480 3343 4537 Vm“
3368 4496 3416 4539 εί
3434 4468 3736 4554 Ϋτῖητῖδ-’.ῗῗῖ

2142 4553 2228 4623 qui
2256 4568 2318 4623 ea:
2346 4560 2392 4605 te
2412 4549 2549 4623 Deus
2569 4558 2663 4604 est.

2240 4622 2286 4707 ς)
2316 4622 2489 4686 Editi,
2520 4636 2670 4690 quam
2692 4630 2754 4707 μς
2784 4634 2873 4685 es;
2904 4617 3377 4707 et-admarginem
3410 4625 3528 4695 Er.,
3559 4633 3706 4707 Lips.

2143 4708 2197 4753 et
2222 4682 2348 4751 Plan
2381 4682 2543 4764 qud";
2565 4690 2703 4761 quad
2733 4682 2875 4764 tum?"
2906 4699 3011 4744 θδίῖ
3045 4682 3439 4764 Γθίτὶῖέὲηιηῃιε
3472 4682 3732 4760 mss—.11",

2216 4765 2297 4853 tt.)
2323 4760 2447 4821 Ρίίικ
2485 4760 2623 4853 ,αξ-ει,
2648 4760 2955 4853 veitice
2992 4760 3324 4853 ,φξτφηιν
3370 4769 3414 4853 εί
3454 4775 3540 4841 qui
3580 4780 3737 4853 Imjus

2143 4835 2286 4893 salvi
2301 4854 2407 4891 esse
2430 4836 2497 4890 ad
2521 4835 2678 4905 [idem
2709 4842 2950 4907 possunt,
2979 4835 3309 4907 evangeﬁlicw,
3344 4848 3448 4896 etc.

2223 4908 2299 4984 (g)
2334 4907 2465 4963 Male
2492 4904 2703 4988 innmss.
2739 4904 2862 4985 Vat.
2904 4904 3114 4988 bas..et
3155 4904 3446 4988 ll‘lartL‘AItic
3484 4918 3737 4988 adjicitur

2150 4976 2500 5063 Deam-£31m
2523 4977 2795 5063 Christum
2823 4976 3139 5063 simpliciter
3166 4978 3256 5032 Dei
3284 4979 3450 5063 ﬁlium
3478 4976 3579 5046 sib'i
3610 4976 3737 5063 pro;

2149 5062 2316 5125 ponat
2340 5046 2967 5125 llilariosdemonstrare
2989 5064 3001 5099 :
3030 5064 3136 5116 quo
3155 5051 3321 5106 semel
3341 5046 3709 5124 demonstrato

2147 5110 2449 5198 Dil'ﬁllllﬁﬂ
2477 5119 2772 5198 (ιίνὶηξιηιὶε
2803 5119 2853 5171 ἱιι
2885 5136 2951 5173 et)
2981 5110 3101 5198 esse
3131 5110 3419 5198 "au-imm."
3452 5110 3731 5137 """"“-va

2220 5192 2299 5267 (h)
2328 5193 2448 5267 Hoc
2469 5198 2586 5267 est,
2624 5190 2754 5244 inter
2793 5206 2853 5267 ea
2893 5190 3061 5244 omnia
3105 5194 3329 5267 nomina.
3374 5198 3496 5257 Mox
3534 5205 3587 5262 in
3628 5225 3731 5267 ms,

2144 5261 2473 5341 “Albus”
2534 5261 2758 5328 dicatur,
2826 5262 2946 5316 loco
3010 5263 3159 5319 verbi
3201 5264 3442 5326 doceatur
3472 5315 3487 5339 ,
3531 5261 3735 5341 omisso

2144 5335 2339 5394 deinde
2368 5351 2493 5390 esse.

2216 5408 2295 5492 0.)-
2321 5403 2582 5492 .Edmj,i¢
2603 5410 2663 5492 ne!
2692 5402 2828 5492 intra
2861 5419 2924 5492 ηἶ
2946 5402 3038 5471 21,
3069 5406 3121 5459 in
3151 5424 3249 5478 quo
3280 5411 3400 5469 bene
3426 5424 3714 5492 complacui

2144 5469 2443 5536 υιὲίῖὺὶαιιε
2468 5476 2621 5529 abest
2645 5477 2767 5528 bene
2791 5491 2817 5526 a
2848 5488 2977 5527 mss.
3025 5469 3031 5471 ⁷
3162 5469 3172 5478 ’
3462 5469 3499 5472 "
3525 5469 3735 5492 TW":-

2215 5545 2590 5632 (j)_1tls._Vat.
2632 5545 3089 5632 bas.,'baptisali:
3128 5564 3302 5621 neque
3319 5553 3416 5632 hic
3442 5574 3741 5632 agnoscen-

2147 5614 2278 5677 dus:
2306 5620 2529 5701 Nntsuur
2559 5616 2757 5688 quippe
2783 5614 3007 5701 Joannis
3062 5614 3361 5701 rever-entia
3381 5671 3393 5693 ,
3422 5614 3735 5701 within};-

2148 5703 2260 5772 ttun
2284 5734 2298 5755 ,
2329 5700 2454 5753 ante
2482 5687 2792 5772 quamcum
2836 5687 3123 5758 baptizare!
3150 5732 3165 5760 ,
3206 5694 3310 5755 sibi
3351 5687 3742 5772 dignitate-su-

2150 5765 2417 5836 periorcm
2448 5760 2684 5831 agnovit.
