4246 6260
268 173 368 263 ’ἃ

356 374 466 431 177

1614 367 1701 428 ou
1737 346 2111 428 fumum:
2152 371 2356 430 LIBER
2394 374 2481 431 vr.

3571 378 3676 435 178

352 487 607 558 frequens
660 499 768 542 non
802 485 964 541 habet
1011 485 1115 542 hoc
1159 485 1460 541 insolentiae
1506 484 1718 551 vitium,
1749 493 1811 539 ut
1852 484 1953 539 sibi
1981 488 2032 548 Α
2059 495 2162 543 est.
2198 487 2331 545 Tam
2356 448 2671 559 ignoraliilis
2700 500 2785 547 est
2815 490 3003 560 Filius,
3038 506 3198 561 quam
3229 500 3283 548 et
3312 491 3491 549 Pater.
3542 492 3673 549 0m-

353 580 529 634 aliena
556 578 634 651 (l)
672 578 917 635 vendicet
946 622 959 644 ,
992 587 1047 633 et
1077 593 1182 633 non
1210 594 1306 633 sua
1344 577 1636 646 defendat,
1664 585 1719 633 et
1745 577 1963 647 proprie

354 675 467 730 Deo
496 673 826 744 coccquanda
858 681 1167 743 praesumat.
1199 672 1311 728 Nec
1339 673 1452 743 pari
1489 671 1825 737 temeritate,
1857 686 1959 741 qua

355 779 562 841 patrem
593 777 907 838 nuncupat,
942 784 1001 823 se
1046 784 1261 840 quoque
1308 768 1472 823 lilium
1506 766 1823 839 proﬁteatur
1870 765 1960 822 di-

351 876 486 917 cens
518 881 530 914 :
564 859 675 915 Nec
705 861 842 915 enim
870 860 1006 915 misit
1033 857 1174 915 Deus
1198 859 1365 930 ﬁlium
1392 876 1539 913 suum
1568 859 1622 912 in
1651 858 1786 912 hunc
1809 873 1962 912 mun-

352 958 502 1020 dum,
534 966 586 1011 ut
603 955 804 1027 judicet
833 954 1104 1022 mundum,
1131 956 1221 1008 sed
1242 963 1296 1007 ut
1318 954 1490 1007 sulcus
1512 953 1606 1022 fiat
1626 951 1847 1006 mundus
1869 966 1961 1021 per

353 1068 470 1107 eum
493 1049 697 1124 (leam,
748 1064 831 1114 ιιι,
880 1047 1000 1121 17);
1030 1049 1113 1103 vel
1145 1050 1336 1103 iterum
1368 1065 1380 1100 :
1415 1046 1491 1101 Tu
1512 1046 1676 1100 credis
1714 1046 1767 1099 in
1791 1045 1960 1115 ﬁlium

353 1142 454 1196 Dei
482 1140 688 1215 (Joan.,
717 1158 791 1207 ix,
838 1140 970 1212 55)?
998 1139 1136 1209 Quid
1168 1154 1307 1194 nunc
1334 1139 1564 1210 agimus,
1596 1138 1960 1193 concedentes

355 1242 565 1288 tantum
595 1231 671 1304 (a)
702 1231 827 1287 Jesu
858 1229 1078 1287 Christo
1108 1246 1305 1286 nomen
1334 1229 1674 1300 adeptionis?
1695 1246 1790 1300 per
1814 1229 1959 1300 quod

353 1337 413 1383 et
451 1328 504 1381 in
540 1336 690 1396 patre
719 1326 813 1382 sibi
867 1324 1021 1398 151
1080 1325 1191 1379 Deo
1241 1324 1604 1391 nuncupandn
1656 1323 1957 1378 temeraria:

349 1434 480 1475 eum
513 1418 787 1489 arguimns
828 1416 1288 1487 prmsnmptionis.
1324 1417 1552 1471 Paterna
1582 1415 1649 1471 de
1678 1415 1819 1470 coelo
1854 1429 1956 1468 vox

351 1522 468 1567 est:
491 1510 649 1565 Hunc
664 1510 841 1564 audite
863 1509 1102 1582 (Matth.,
1130 1509 1353 1579 xvu,5).
1378 1508 1555 1564 Audio
1584 1527 1596 1561 :
1628 1506 1804 1569 Pater.
1834 1522 1959 1579 gra-

351 1607 451 1660 tias
497 1622 593 1675 ago
622 1604 712 1658 tibi
740 1601 923 1677 (Joan.
954 1619 1016 1669 ll,
1047 1602 1141 1675 41)
1186 1621 1199 1657 :
1229 1602 1411 1669 audio,
1451 1600 1635 1656 Dicitis
1666 1602 1786 1670 quia
1815 1600 1955 1655 blas-

350 1700 605 1771 phemaui,
636 1698 878 1769 quoniam
909 1698 1040 1763 dixi,
1068 1696 1236 1752 Filius
1253 1695 1351 1751 Dei
1375 1714 1487 1752 sum
1517 1696 1725 1768 (Joan.,
1747 1712 1798 1759 κ,
1824 1695 1916 1768 36)
1940 1713 1953 1750 :

350 1792 395 1846 si
451 1806 558 1845 non
603 1790 771 1846 credo
805 1790 1137 1854 nominibus,
1185 1790 1232 1844 si
1276 1800 1523 1843 naturam
1559 1787 1633 1860 (Ii)
1679 1787 1954 1842 vocabulis

2068 582 2154 635 nia
2188 581 2237 637 ei
2272 583 2463 639 tradita
2509 594 2635 639 sunt
2668 603 2682 641 :
2713 593 2766 640 et
2808 586 2860 640 in
2891 585 3144 640 omnibus
3190 586 3321 641 nihil
3355 586 3674 657 intelligitur

2066 683 2376 743 exceptum.
2427 677 2482 733 Si
2531 685 2773 747 potestas
2820 688 3099 749 exmquata
3143 689 3249 747 est,
3307 679 3352 734 si
3397 689 3673 735 secretum

2064 768 2389 839 cognitionis
2419 771 2625 842 aequale
2652 779 2758 837 est,
2790 770 2835 825 si
2865 781 3053 826 natura
3097 771 3149 826 in
3196 770 3507 828 nominibus
3540 780 3626 828 est
3655 787 3671 826 :

2064 876 2253 931 qnmro
2286 864 2560 932 quomodo
2608 863 2749 933 quod
2781 872 3046 919 vocantur
3080 878 3184 917 non
3234 874 3359 919 sunt
3383 906 3398 928 ,
3442 877 3669 933 quorum

2063 959 2119 1007 et
2148 950 2226 1025 (4)
2261 954 2336 1025 (f)
2366 956 2446 1008 vis
2475 957 2530 1009 in
2556 964 2841 1024 potestate,
2870 966 2925 1011 et
2961 953 3253 1012 difﬁcultas
3280 956 3334 1011 in
3362 957 3671 1027 cognitione

2066 1061 2172 1099 non
2203 1045 2407 1101 differt.
2437 1046 2553 1101 Non
2583 1048 2719 1102 fallit
2756 1048 2936 1118 itaque
2971 1050 3023 1102 in
3046 1049 3323 1103 vocabulis
3356 1049 3498 1104 Deus
3525 1090 3540 1115 ,
3572 1064 3672 1104 nec

2063 1153 2123 1193 se
2152 1148 2244 1193 aut
2278 1139 2434 1194 Pater
2458 1142 2740 1205 mentitur,
2765 1149 2858 1196 aut
2877 1140 3049 1196 Filius
3083 1158 3095 1193 :
3121 1148 3174 1195 et
3199 1140 3382 1211 accipe
3405 1139 3484 1213 (g)
3510 1156 3670 1211 quam

2064 1227 2118 1283 in
2151 1230 2233 1283 his
2269 1229 2403 1285 ﬁdes
2432 1231 2710 1287 nominum
2739 1234 2829 1287 sit.

2141 1320 2296 1393 152
2322 1321 2416 1376 27.
2454 1320 2626 1393 Opera
2653 1332 2908 1379 testantur
2938 1324 3105 1395 ﬁlium
3125 1339 3240 1378 eum
3262 1339 3387 1378 esse.
3414 1321 3511 1377 Nil
3525 1322 3672 1377 aliud

2062 1415 2245 1465 asserit
2295 1411 2473 1467 Patris
2515 1414 2880 1469 testimonium.
2938 1413 3177 1470 Christus
3206 1432 3237 1468 a
3265 1416 3391 1486 ﬁliis
3417 1415 3673 1487 adoptivis

2062 1504 2366 1558 secernitur.
2410 1535 2482 1544 —
2510 1504 2601 1559 Ait
2645 1507 2789 1562 enim
2821 1524 2835 1560 :
2872 1506 3045 1577 Opera
3070 1509 3206 1562 enim
3235 1523 3350 1578 qua!
3376 1506 3515 1560 dedit
3546 1504 3674 1560 milti

2063 1595 2243 1659 Pater,
2276 1595 2356 1668 (h)
2380 1607 2436 1650 ut
2468 1599 2732 1668 perficiam
2760 1616 2841 1665 ea,
2872 1601 2989 1669 ipsa
3019 1616 3175 1669 opera
3201 1616 3317 1669 quce
3337 1600 3495 1668 facio,
3530 1594 3673 1652 testi-

2063 1691 2294 1743 monium
2332 1690 2595 1760 perhibent
2638 1691 2701 1745 de
2729 1708 2826 1750 me.
2856 1693 3101 1762 quoniam
3125 1690 3286 1746 Pater
3314 1693 3452 1746 misit
3476 1708 3557 1746 me
3579 1707 3598 1746 :
3626 1700 3673 1746 et

2058 1782 2146 1853 qui
2166 1783 2303 1837 misit
2327 1799 2407 1837 me
2435 1782 2613 1849 Pater,
2637 1785 2748 1855 ipse
2776 1785 3077 1854 testiﬁcatus
3102 1795 3175 1839 est
3197 1785 3259 1841 de
3276 1801 3356 1838 me
3376 1783 3579 1856 (Joan.,
3608 1801 3667 1851 ν,

348 1898 458 1937 non
491 1881 738 1952 intelligo
765 1923 778 1946 ,
832 1882 920 1951 qui
974 1879 1304 1936 credendum
1351 1889 1406 1935 et
1450 1877 1859 1949 intelligendum
1888 1879 1960 1935 sit
1989 1882 2037 1942 B
2066 1874 2136 1929 56
2161 1885 2215 1928 et
2241 1877 2354 1943 57).
2386 1875 2708 1947 Unigenitus
2741 1878 2882 1932 Deus
2930 1894 3037 1932 non
3067 1878 3301 1932 nominis
3330 1888 3534 1933 tantum
3560 1889 3671 1932 tes-

345 1992 554 2048 qumro.
586 1975 706 2030 Non
745 1976 875 2029 mihi
909 1975 1229 2045 relinquitur
1266 1974 1369 2029 alia
1399 1973 1657 2043 suspicio.
1705 1974 1954 2029 Auctori-

350 2080 430 2123 tas
462 2078 681 2139 paterna
711 2067 779 2123 de
822 2069 961 2124 cmlo
992 2075 1077 2123 est
1105 2086 1117 2122 :
1151 2066 1250 2121 Hic
1275 2076 1350 2121 est
1372 2068 1514 2137 ﬁlius
1534 2084 1697 2121 meus.
1727 2065 1950 2122 Profes-

348 2163 431 2218 sio
480 2160 574 2217 ﬁlii
606 2161 674 2217 de
722 2176 783 2216 se
809 2170 889 2216 est
911 2159 990 2233 (Ξ)
1019 2160 1087 2232 (c)
1122 2178 1135 2214 :
1164 2157 1390 2214 Domum
1416 2160 1581 2230 patris
1605 2160 1728 2227 mei,
1757 2168 1812 2215 et
1842 2159 1953 2213 Pa-

351 2263 427 2307 ter
453 2269 618 2309 meus.
667 2252 935 2308 Prolcssio
963 2251 1200 2307 nominis
1230 2252 1381 2308 salus
1428 2261 1530 2318 est,
1575 2266 1697 2307 cum
1724 2252 1954 2307 interro-

348 2348 494 2419 gatio
525 2347 688 2403 tidem
730 2347 990 2416 postulat,
1023 2346 1248 2401 dicens:
1283 2345 1366 2400 Tu
1393 2347 1558 2400 credis
1584 2346 1639 2399 in
1658 2344 1827 2416 ﬁlium
1855 2343 1956 2401 Dei

352 2439 563 2509 (Joan.,
593 2454 669 2505 ιιι,
706 2437 795 2509 14)
828 2438 851 2493 ?
887 2439 967 2509 (ὅ)
994 2436 1340 2507 Proprietatis
1373 2438 1591 2493 nomina
1617 2449 1951 2507 sequuntur,

350 2531 441 2586 ubi
467 2547 607 2586 meus
635 2540 740 2585 est.
782 2530 899 2585 Tibi
929 2544 1135 2601 qumro,
1173 2528 1458 2596 haeretice,
1514 2528 1657 2584 unde
1687 2529 1789 2583 alia
1818 2543 1954 2598 prm-

353 2626 589 2694 snmptio
620 2624 711 2679 sit.
747 2624 958 2679 Atliinis
988 2625 1130 2679 Patri
1164 2623 1346 2690 ﬁdem,
1376 2624 1486 2678 lilio
1515 2623 1908 2694 professionem
1937 2665 1952 2689 ,

355 2716 667 2770 nominibus
712 2726 997 2771 naturam:
1026 2715 1136 2769 vim
1183 2715 1366 2771 verbis
1406 2715 1501 2770 Dei
1534 2713 1728 2783 aliers,
1759 2731 1826 2770 ne
1847 2715 1957 2770 sint

350 2807 493 2879 quod
516 2807 820 2864 enuntiarit.
848 2806 1144 2876 lrnpietatis
1188 2818 1292 2862 tua:
1322 2807 1433 2862 sola
1464 2806 1793 2878 impudentia
1822 2818 1905 2863 est
1937 2849 1952 2874 ,

353 2911 407 2955 ut
438 2903 726 2957 mentitum
758 2902 825 2956 de
855 2915 915 2957 se
942 2902 1113 2957 Deum
1146 2916 1361 2974 arguas.

421 2995 514 3052 26.
553 2995 900 3068 Pr0prietates
928 2997 1026 3064 ﬁlii
1056 2998 1122 3050 ad
1155 3013 1339 3051 nomen
1369 2998 1604 3071 adjectw.
1641 2996 1813 3067 Opera
1855 3006 1956 3051 tes-

356 3097 535 3142 tantur
564 3088 732 3158 ﬁlium
753 3105 866 3143 eum
894 3105 1022 3143 esse.
1052 3119 1121 3131 —-
1143 3091 1477 3159 Quamquam
1514 3089 1673 3159 igitur
1693 3088 1804 3142 sola
1827 3090 1957 3143 sim-

352 3182 476 3252 plex
517 3180 792 3237 coofessio
824 3192 1030 3237 natura:
1069 3184 1285 3239 nomina
1330 3183 1621 3247 ostendat,
1663 3193 1723 3238 ιιι
1750 3183 1818 3237 de
1848 3199 1955 3255 quo

2062 1966 2312 2032 timouio,
2339 1968 2435 2022 sed
2460 1968 2619 2022 etiam
2665 1969 2732 2040 (ἰ)
2773 1970 2983 2024 virtutis
3001 2011 3014 2034 ,
3045 1970 3205 2025 docet
3225 1984 3284 2025 se
3308 1985 3429 2026 esse
3452 1968 3622 2025 ﬁlium
3649 1987 3665 2027 :

2058 2072 2222 2129 Opera
2252 2061 2393 2114 enim
2412 2060 2552 2131 ejus,
2579 2076 2699 2132 qua:
2726 2060 2870 2126 facit,
2892 2070 3155 2116 testantur
3201 2076 3230 2116 a
3260 2060 3421 2118 Patre
3450 2078 3511 2117 se
3533 2062 3667 2118 niis-

2058 2166 2203 2211 sum.
2250 2152 2485 2221 Quaero,
2520 2170 2681 2225 quam
2725 2170 2838 2210 rem
2888 2170 3051 2224 opera
3103 2154 3410 2210 testentur?
3442 2154 3665 2210 Missum

2060 2259 2292 2315 namque
2329 2260 2471 2301 esse.
2510 2246 2583 2319 (ἱ)
2606 2246 2789 2319 itaque
2815 2257 2868 2302 et
2897 2245 3021 2301 Filii
3042 2246 3346 2302 obedientia
3371 2256 3425 2303 et
3445 2257 3668 2317 paterna

2060 2341 2352 2395 auctoritas
2378 2340 2604 2395 docetur
2628 2342 2679 2394 in
2723 2342 2909 2406 misso,
2939 2340 3067 2396 dum
3097 2342 3323 2397 alterius
3342 2356 3509 2412 opera
3538 2356 3663 2397 esse

2060 2448 2168 2488 non
2198 2442 2425 2503 possunt
2458 2449 2581 2504 qum
2608 2433 2775 2500 facit,
2818 2434 2921 2488 nisi
2950 2433 3069 2503 ejus
3100 2435 3192 2504 qui
3226 2435 3475 2489 missusa
3507 2433 3668 2489 Patre

2059 2528 2149 2583 sit.
2199 2526 2307 2584 Sed
2344 2542 2509 2597 opera
2552 2542 2657 2580 non
2710 2526 2986 2581 sufficiunt
3026 2525 3210 2599 (5)(k)
3260 2525 3667 2581 incredibilibus

2058 2621 2124 2676 ad
2157 2620 2545 2687 testimonium,
2607 2618 2749 2690 quod
2799 2634 2860 2673 se
2908 2618 3070 2673 Pater
3114 2619 3343 2673 miserit.
3408 2618 3664 2688 Sequitur

2060 2729 2286 2783 namque
2318 2729 2331 2766 :
2364 2711 2435 2766 Et
2458 2713 2546 2783 qui
2574 2712 2713 2765 misit
2754 2728 2834 2767 me
2867 2710 3044 2777 Pater,
3088 2712 3201 2781 ipse
3241 2711 3547 2781 testiﬁcatus
3588 2722 3664 2766 est

2058 2806 2122 2860 de
2149 2822 2230 2860 me
2253 2823 2270 2871 ;
2313 2821 2475 2875 neque
2496 2821 2667 2859 vocem
2692 2805 2804 2875 ejus
2832 2804 3054 2858 audistis
3072 2845 3088 2871 ,
3122 2819 3284 2874 neque
3307 2804 3530 2875 ﬁguram
3549 2807 3666 2877 ejus

2058 2898 2255 2953 uidistis
2284 2896 2488 2970 (leam,
2521 2912 2576 2961 v,
2605 2898 2719 2969 37).
2754 2896 2951 2964 Quarto
2989 2895 3132 2966 quod
3165 2895 3533 2950 testimonium
3564 2895 3665 2950 Pa-

2062 2991 2157 3047 tris
2188 2991 2250 3061 (ι)
2281 2990 2350 3045 de
2373 3005 2440 3045 eo
2465 2989 2645 3045 fuerit.
2683 2988 2890 3044 Evolve
2922 2988 3235 3058 evangelica
3282 2987 3575 3052 volumina,
3608 2997 3666 3043 et

2063 3092 2231 3138 totum
2271 3098 2457 3138 eorum
2480 3097 2617 3153 Opus
2651 3096 2896 3137 recense.
2939 3081 3011 3135 Da
3045 3080 3412 3137 testimonium
3462 3081 3660 3150 Patris,

2068 3187 2266 3249 praeter
2288 3192 2452 3248 quam
2483 3175 2622 3247 quod
2663 3175 2904 3230 auditum
2936 3182 3057 3230 est:
3110 3174 3211 3229 Hic
3237 3187 3313 3230 est
3355 3176 3496 3245 ﬁlius
3523 3193 3666 3231 meus

352 3274 557 3331 dictum
582 3284 665 3330 est
692 3292 705 3328 :
743 3274 845 3329 Hic
885 3286 959 3330 est
988 3276 1129 3345 ﬁlius
1168 3293 1329 3343 meus,
1362 3287 1416 3331 ct
1454 3274 1520 3330 ad
1553 3292 1712 3347 quem
1743 3276 1946 3332 dictum
1980 3274 2025 3337 C
2056 3271 2293 3337 dilectus,
2322 3270 2378 3324 in
2402 3287 2502 3337 quo
2533 3268 3082 3339 complacui(Matt/t.,
3110 3284 3191 3333 ιιι,
3232 3268 3348 3340 17),
3379 3279 3433 3324 ct
3463 3288 3475 3324 :
3507 3269 3585 3324 Tu
3612 3287 3667 3326 es

353 3377 472 3436 est,
507 3366 666 3422 Pater
692 3384 854 3435 meus,
884 3367 989 3424 hoc
1017 3368 1127 3422 sint
1155 3366 1298 3438 quod
1329 3379 1742 3437 nuncupantur:
1770 3377 1948 3423 tamen

356 3477 424 3518 ne
450 3470 540 3516 aut
566 3462 877 3532 adoptionis
908 3461 961 3516 in
988 3461 1126 3516 Filio
1156 3476 1352 3516 nomen
1398 3460 1490 3528 sit,
1520 3470 1611 3516 aut
1643 3461 1866 3517 honoris
1897 3463 1950 3516 in

355 3556 547 3611 Patre:
579 3554 865 3610 videamus
895 3571 1013 3626 qua:
1040 3555 1119 3628 (ιι)
1153 3556 1510 3626 proprietates
1537 3570 1633 3625 per
1658 3554 1851 3611 Filium
1884 3555 1951 3611 ad

356 3651 447 3705 lilii
469 3665 668 3707 nomen
692 3650 920 3720 adjecta;
944 3650 1072 3703 sint.
1106 3650 1193 3703 Ait
1221 3666 1234 3703 :
1262 3648 1450 3703 Omnia
1476 3648 1603 3703 mihi
1625 3649 1817 3703 tradita
1836 3659 1954 3704 sunt

352 3762 385 3799 a
420 3743 576 3798 Patre
615 3759 743 3806 meo,
776 3752 825 3797 et
855 3758 1001 3798 nemo
1045 3742 1180 3796 novit
1210 3740 1404 3795 Filium
1434 3741 1534 3794 nisi
1564 3739 1723 3795 Pater
1746 3782 1761 3805 ,
1794 3757 1957 3811 neque

354 3836 569 3892 Patrem
593 3839 706 3907 quis
733 3838 873 3891 novit
901 3837 1002 3890 nisi
1027 3835 1215 3899 Filius,
1241 3844 1288 3888 et
1315 3835 1397 3888 cui
1426 3833 1640 3888 voluerit
1675 3832 1842 3888 Filius
1868 3850 1951 3888 re-

351 3928 521 3983 velare
553 3926 766 4000 (Matth.
803 3942 862 3994 tt,
893 3926 1009 3998 27).
1044 3926 1123 3981 Ad
1181 3925 1230 3979 id
1277 3925 1417 3995 quod
1445 3924 1647 3979 dictum
1689 3939 1769 3980 εει
1806 3942 1819 3978 :
1855 3924 1955 3979 Hic

351 4030 429 4074 est
469 4020 609 4089 ﬁlius
626 4035 789 4085 meus,
810 4028 864 4073 et
894 4017 1052 4071 Pater
1075 4033 1238 4083 mens,
1267 4024 1518 4070 utrumne
1539 4016 1638 4070 sibi
1662 4017 1949 4070 convenit:

354 4110 525 4165 Nemo
554 4111 691 4166 novit
714 4108 910 4164 Filium
940 4108 1041 4163 nisi
1064 4117 1228 4178 pater,
1262 4122 1422 4177 neque
1449 4104 1660 4159 Patrem
1682 4106 1797 4175 quis
1815 4106 1952 4159 novit

352 4205 456 4258 nisi
487 4203 702 4259 Filius?
729 4202 846 4258 Non
893 4204 1036 4257 enim
1069 4202 1168 4255 nisi
1201 4215 1295 4270 per
1326 4209 1564 4253 mutuam
1598 4197 1667 4271 (ε)
1703 4198 1954 4253 testiﬁca-

353 4298 559 4351 tiouem
598 4296 852 4367 cognosci
881 4295 965 4350 vel
995 4310 1089 4364 per
1132 4293 1345 4347 Patrem
1382 4290 1547 4346 Filius
1571 4330 1586 4356 ,
1638 4290 1718 4345 vel
1747 4306 1841 4359 per
1860 4290 1953 4360 Fi-

353 4388 487 4441 lium
511 4386 671 4443 Pater
695 4387 889 4457 potuit.
914 4385 1031 4441 Vox
1058 4401 1087 4441 e
1108 4384 1261 4441 caelis
1286 4394 1369 4439 est
1398 4403 1410 4438 :
1438 4398 1622 4439 sermo
1644 4383 1809 4438 etiam
1835 4381 1958 4440 Filii

458 4547 508 4614 1)
546 4545 803 4600 Vindicet.

448 4617 509 4686 ‘2)
544 4616 807 4688 l’rofessio
841 4615 1009 4688 fidelis
1030 4625 1121 4671 est.

452 4689 508 4759 ὅ)
537 4687 904 4759 Proprietates.

356 4896 401 4951 ϐ
430 4824 507 4897 (a)
535 4824 661 4949 Pa}.
713 4824 1263 4952 eunblvetlustioribus
1293 4838 1421 4881 mss.
1454 4822 1634 4892 Colb.,
1665 4820 1874 4894 Remig.
1908 4831 1964 4879 et

407 4914 575 4952 ιἸΊιΙ..
642 4914 778 4951 esum
868 4912 958 4950 ms
986 4913 1091 4950 um.

407 4914 575 4958 ertn.,
604 4912 778 4951 Jesum
810 4912 1091 4952 bttrtstum.

432 4966 511 5037 (b)
542 4968 731 5023 Excusi
767 5009 782 5032 ,
816 4979 1055 5022 naturam
1076 4967 1329 5023 vocabuli.
1353 4967 1575 5023 Rectius
1594 4980 1725 5037 mss.
1744 4965 1964 5021 vocabu-

356 5033 453 5094 lis.‘
478 5033 667 5107 supple
694 5040 999 5110 signiﬁcari.
1031 5039 1122 5095 Sic
1146 5041 1236 5094 lib.
1270 5055 1308 5106 ι,
1340 5055 1489 5093 ηιιιιι.
1531 5038 1592 5091 ‘21
1623 5057 1636 5090 :
1675 5033 1848 5107 Neque
1872 5052 1961 5090 uo-

357 5111 558 5183 cabulis
583 5111 969 5183 intelligentiam
993 5111 1332 5183 confundant.
1353 5181 1361 5183 _
1482 5154 1485 5157 ν

435 5179 507 5253 (c)
537 5179 594 5234 in
646 5178 792 5253 mss.
817 5178 997 5247 Colb.,
1029 5178 1207 5249 nam,
1241 5181 1401 5235 (ξονι).
1437 5187 1491 5234 ct
1521 5178 1964 5253 _aliis_,_prof_essio

362 5249 535 5323 ﬁdelis
563 5261 655 5305 est.
684 5251 740 5306 lu
769 5251 927 5305 Carn.
955 5254 1206 5323 professio
1235 5252 1364 5323 fides
1394 5261 1487 5307 est.
1518 5249 1576 5304 in
1610 5249 1732 5304 aliis
1757 5250 1966 5315 tribus,

360 5326 615 5394 professio
647 5323 742 5394 ﬁlii
769 5332 863 5378 est.

440 5391 522 5465 (α)
567 5391 682 5448 Vat.
734 5395 847 5448 bas.
910 5408 1012 5448 ms.
1060 5394 1438 5465 professiones:
1469 5393 1557 5463 qui
1600 5393 1762 5449 etiam
1805 5391 1967 5462 paulo

364 5476 489 5519 ante
516 5466 697 5530 habet,
724 5466 1099 5533 professionum
1127 5467 1336 5519 nomina
1371 5474 1674 5536 sequuntur,
1706 5479 1810 5518 non
1839 5481 1963 5535 pro-

365 5537 602 5606 prietatis
634 5539 842 5591 nomina
864 5547 1168 5607 sequuntur.

441 5607 512 5680 (ε)
535 5607 590 5663 In
620 5609 813 5664 eodem
840 5609 1028 5664 codice
1061 5622 1268 5664 necnon
1301 5608 1454 5663 Mart.
1487 5607 1919 5680 signiﬁcationem
1946 5625 1960 5662 :

367 5694 466 5732 vox
501 5680 679 5735 minus
708 5681 931 5735 diserta.

441 5750 512 5822 (ί)
547 5750 608 5823 1ηῄ
633 5766 763 5823 mss.
799 5751 917 5807 huic
963 5767 1064 5807 vox
1092 5753 1165 5808 ita
1197 5751 1438 5823 pingitur
1459 5793 1474 5819 ,
1526 5758 1585 5806 ιιι
1602 5752 1695 5823 jus
1724 5763 1880 5820 asque
1905 5763 1970 5805 ac

365 5824 443 5876 vis
468 5821 639 5890 possit
658 5822 893 5877 admitti.

441 5889 523 5963 (a)
555 5892 721 5962 Editi,
743 5909 860 5963 qua!
884 5895 937 5949 in
967 5895 1044 5950 his
1082 5894 1251 5961 ﬁdes:
1287 5893 1617 5963 castigantur
1641 5907 1706 5946 ex
1737 5889 1971 5962 scriptis.

1979 4668 2190 4759 Dis

2058 3366 2199 3436 ﬁlius
2224 3381 2368 3420 meus
2394 3363 2612 3436 (Mam,
2632 3380 2669 3430 ι,
2697 3364 2808 3432 11).
2833 3363 2947 3418 Hoc
2968 3362 3204 3418 Joannes
3236 3363 3360 3419 licet
3381 3377 3489 3418 non
3513 3364 3666 3433 igna-

2059 3470 2156 3512 rus
2178 3456 2403 3522 audivit,
2456 3466 2632 3510 tamen
2665 3454 2732 3510 ad
2780 3455 3083 3510 doctrinam
3125 3462 3368 3509 nostram
3420 3465 3662 3525 paterna:

2058 3551 2210 3607 vocis
2239 3549 2609 3606 testimonium
2652 3548 2883 3603 mittitur
2916 3567 2929 3603 :
2963 3562 3062 3603 nec
3092 3550 3197 3603 hoc
3222 3547 3443 3603 sufﬁcit.
3501 3546 3664 3603 Joan-

2061 3655 2159 3697 nes
2187 3641 2405 3709 quidem
2447 3640 2501 3696 in
2544 3638 2764 3696 deserto
2792 3639 2988 3711 dignus
3015 3638 3117 3693 hac
3163 3654 3296 3696 voce
3326 3648 3429 3705 est,
3473 3638 3569 3694 sed
3607 3648 3666 3695 et

2059 3735 2292 3806 apostoli
2329 3734 2408 3807 (tl)
2446 3750 2554 3789 non
2586 3733 2805 3790 fuerunt
2831 3733 2992 3805 hujus
3013 3735 3307 3790 testimonii
3338 3734 3661 3790 anetoritate

2065 3826 2332 3896 privandi.
2367 3824 2568 3881 Eadem
2596 3825 2664 3881 de
2693 3826 2833 3881 coelo
2860 3826 2927 3881 ad
2949 3841 3045 3881 eos
3087 3841 3194 3879 vox
3217 3825 3369 3881 adest
3401 3842 3415 3876 :
3445 3825 3542 3880 sed
3567 3840 3663 3879 ac.

2061 3921 2266 3990 cipiunt
2289 3919 2408 3988 plus
2432 3917 2661 3974 Joanne.
2686 3917 2925 3974 Joannes
2950 3919 3092 3974 enim
3115 3918 3224 3987 jam
3256 3918 3325 3973 ab
3356 3927 3514 3973 utero
3538 3932 3663 3986 pro-

2062 4011 2294 4083 phetans
2339 4029 2447 4069 non
2474 4013 2622 4083 eguit
2652 4012 2752 4066 hac
2799 4027 2929 4067 voce
2963 4031 2976 4065 :
3010 4011 3164 4067 Hunc
3189 4012 3386 4067 audite.
3432 4010 3661 4067 Audiam

2064 4106 2270 4175 plane:
2322 4119 2422 4159 nec
2458 4119 2782 4174 quemquam
2827 4114 3024 4173 praeter
3067 4104 3211 4160 hunc
3258 4104 3511 4171 audiam,
3560 4104 3664 4159 nisi

2063 4211 2184 4251 eum
2215 4196 2304 4265 qui
2349 4194 2583 4250 audierit
2624 4205 2680 4249 ut
2710 4194 2953 4251 doceret.
2987 4196 3041 4252 Si
3085 4196 3289 4252 nullum
3320 4196 3463 4251 aliud
3488 4196 3663 4251 Patris

2062 4291 2132 4347 de
2156 4289 2294 4345 Filio
2322 4290 2690 4345 testimonium
2719 4299 2897 4346 exstat
2920 4289 2972 4346 in
3004 4291 3177 4358 libris,
3213 4306 3373 4362 quam
3401 4290 3547 4362 quod
3577 4291 3665 4345 hic

2064 4382 2209 4439 ﬁlius
2236 4398 2367 4440 suus
2394 4382 2467 4437 sit
2494 4400 2507 4437 :
2537 4383 2832 4439 testimonii
2857 4382 3019 4454 hujus
3044 4385 3243 4440 veritas
3269 4393 3373 4449 est,
3398 4394 3457 4441 ut
3500 4398 3663 4455 opera

2135 4539 2216 4615 (ξ)
2248 4541 2346 4615 {us
2373 4541 2576 4615 diserte
2599 4541 2859 4609 scriptum
2884 4547 2971 4596 est
3000 4540 3052 4595 in
3079 4547 3269 4595 nostro
3294 4538 3502 4596 codice.

2135 4611 2202 4681 ('5'
2250 4611 2567 4668 Incredulis.

2135 4613 2216 4757 (6i
2246 4683 2369 4739 Non
2398 4686 2564 4756 fuerat

2246 4683 2297 4739 Ν
2304 4702 2369 4739 on
2398 4686 2623 4756 fuerant.

2142 4822 2234 4905 (Ιι)
2255 4819 2861 4905 Exemplar-Viatqbasq
2898 4832 2955 4876 ut
2976 4820 3435 4905 faciam,‘ot_nisso
3471 4819 3669 4878 deinde

2070 4893 2342 4967 quwjfacio
2370 4894 2647 4967 {quodin
2686 4893 2839 4967 Hart.
2876 4893 3076 4967 pariter
3095 4893 3378 4967 omittitur.

2148 4962 2216 5037 (ἰ)
2258 4962 2447 5036 Apud.
2478 4965 2607 5019 Bad.
2641 4974 2696 5021 et
2728 4964 2819 5037 Er.
2856 4964 2989 5019 utin
3010 4966 3329 5037 recentiore
3352 4978 3457 5037 gms.
3487 4962 3667 5037 (John,

2071 5033 2319 5091 veritatis:
2354 5037 2411 5092 ln
2441 5051 2575 5092 mss.
2611 5038 2727 5089 Vat.
2754 5035 2869 5091 bas.
2897 5046 2950 5091 et
2978 5036 3158 5101 Mart.,
3184 5036 3475 5088 uirtutibus.
3503 5033 3672 5105 Magis

2071 5110 2390 5181 placetcum
2416 5109 2536 5181 aliis
2565 5108 2739 5173 libris,
2766 5108 2991 5171 virtutis,
3018 5107 3209 5181 supple
3236 5106 3542 5181 testimonio.

2148 5179 2215 5250 (ᾗ)
2237 5178 2563 5233 Particulam
2585 5181 2755 5248 itaque
2773 5194 3055 5249 perperam
3083 5175 3113 5231 a
3142 5175 3327 5247 Lipsio
3346 5186 3672 5247 expunctum

2072 5252 2409 5306 restituimus
2434 5264 2500 5304 ex
2532 5250 2661 5304 Bad.
2686 5291 2701 5316 ,
2747 5250 2835 5306 Er.
2860 5262 2912 5303 et
2941 5264 3074 5305 mss.

2171 5320 2222 5390 k)
2256 5319 2401 5389 Lips.
2422 5336 2543 5375 cum
2568 5321 2773 5389 aliquot
2797 5336 2929 5375 mss.
2956 5318 3260 5374 incredulis.
3289 5317 3360 5373 At
3387 5318 3544 5387 Bad.,
3576 5318 3668 5374 Er.

2071 5401 2128 5448 et
2156 5390 2278 5447 Par.
2305 5406 2426 5445 cum
2458 5390 2777 5457 potioribus,
2801 5390 3186 5447 incredibilibus
3212 5408 3225 5443 :
3251 5392 3537 5452 sincerius.
3565 5391 3667 5445 etsi

2070 5479 2179 5519 non
2207 5463 2313 5515 alio
2338 5476 2520 5517 sensu.
2555 5464 2642 5517 Sie
2678 5464 2729 5516 in
2752 5462 2941 5517 Matth.
2967 5504 2981 5528 ,
3025 5477 3073 5518 c.
3100 5476 3229 5523 xvu.
3261 5477 3315 5515 ιι.
3345 5460 3400 5525 6,
3431 5460 3672 5530 Apostoli

2069 5534 2339 5609 generatio
2384 5531 2699 5609 incredibilis
2726 5544 2795 5609 _et
2844 5549 3082 5609 perversa
3140 5531 3683 5609 nuncupantur._Ea-

2076 5603 2199 5662 dem
2234 5621 2335 5658 vox
2383 5605 2575 5659 eadem
2635 5603 2852 5660 ratione
2892 5605 2949 5660 in
2986 5605 3206 5675 Vulgata
3252 5613 3433 5675 nostra
3482 5603 3680 5675 usitata

2076 5687 2184 5805 ﬁt,
2234 5686 2291 5804 lt]!
2331 5676 2519 5731 videre
2557 5682 2642 5730 est
2687 5676 2854 5730 Eccli.
2888 5694 2928 5743 ι,
2976 5676 3068 5741 56,
3094 5673 3183 5741 'n,
3218 5676 3318 5740 18;
3378 5673 3611 5728 Baruclt.
3638 5690 3677 5741 ι,

2158 5789 2173 5805 .
2202 5765 2233 5803 e
2258 5763 2309 5803 c.

2202 5756 2309 5804 etc.

2369 5833 2473 5874 ms.
2506 5817 2663 5893 Mart.
2700 5816 2787 5873 hic
2815 5818 3115 5893 occurrit,
3162 5825 3346 5891 praeter
3365 5832 3519 5888 quam
3546 5815 3686 5889 quod

2086 5889 2325 5948 auditum
2356 5901 2452 5957 est,
2481 5889 2626 5960 quod
2654 5905 2718 5945 ex
2748 5889 3004 5960 subjectis
3032 5889 3246 5948 videtur
3272 5902 3607 5959 expressum.
3670 5959 3678 5964 Δ
