  <div class='ocr_page' id='page_1' title='image "/cluster/home/n/w/nwhite01/storage/ocr_20150623/10/hvd.32044096580386/096.png"; bbox 0 0 4246 6260; ppageno 0'>
   <div class='ocr_carea' id='block_1_1' title="bbox 386 333 490 392">
    <p class='ocr_par' dir='ltr' id='par_1_1' title="bbox 386 333 490 392">
     <span class='ocr_line' id='line_1_1' title="bbox 386 333 490 392; baseline -0.029 0"><span class='ocrx_word' id='word_1_1' title='bbox 386 333 490 392; x_wconf 77' lang='lat'><strong>‘18!</strong></span> 
     </span>
    </p>
   </div>
   <div class='ocr_carea' id='block_1_2' title="bbox 1614 327 2484 390">
    <p class='ocr_par' dir='ltr' id='par_1_2' title="bbox 1614 327 2484 390">
     <span class='ocr_line' id='line_1_2' title="bbox 1614 327 2484 390; baseline 0.003 -6"><span class='ocrx_word' id='word_1_2' title='bbox 1614 327 1704 385; x_wconf 85' lang='lat' dir='ltr'><strong>DE</strong></span> <span class='ocrx_word' id='word_1_3' title='bbox 1737 327 2105 387; x_wconf 77' lang='lat' dir='ltr'><strong>TRINITATE</strong></span> <span class='ocrx_word' id='word_1_4' title='bbox 2147 329 2355 388; x_wconf 78' lang='lat' dir='ltr'><strong>LIBER</strong></span> <span class='ocrx_word' id='word_1_5' title='bbox 2395 331 2484 390; x_wconf 85' lang='lat' dir='ltr'><strong>Vl.</strong></span> 
     </span>
    </p>
   </div>
   <div class='ocr_carea' id='block_1_3' title="bbox 3606 341 3711 399">
    <p class='ocr_par' dir='ltr' id='par_1_3' title="bbox 3606 341 3711 399">
     <span class='ocr_line' id='line_1_3' title="bbox 3606 341 3711 399; baseline -0.019 0"><span class='ocrx_word' id='word_1_6' title='bbox 3606 341 3711 399; x_wconf 70' lang='grc'><strong>182</strong></span> 
     </span>
    </p>
   </div>
   <div class='ocr_carea' id='block_1_4' title="bbox 386 446 3706 526">
    <p class='ocr_par' dir='ltr' id='par_1_4' title="bbox 386 446 3706 526">
     <span class='ocr_line' id='line_1_4' title="bbox 386 446 3706 526; baseline 0.002 -20"><span class='ocrx_word' id='word_1_7' title='bbox 386 446 540 523; x_wconf 83' lang='lat' dir='ltr'><strong>impii</strong></span> <span class='ocrx_word' id='word_1_8' title='bbox 568 458 623 506; x_wconf 90' lang='lat' dir='ltr'><strong>et</strong></span> <span class='ocrx_word' id='word_1_9' title='bbox 648 447 923 507; x_wconf 74' lang='lat' dir='ltr'><strong>Christum</strong></span> <span class='ocrx_word' id='word_1_10' title='bbox 950 446 1229 515; x_wconf 89' lang='lat' dir='ltr'><strong>nesciunt,</strong></span> <span class='ocrx_word' id='word_1_11' title='bbox 1285 457 1340 505; x_wconf 90' lang='lat' dir='ltr'><strong>et</strong></span> <span class='ocrx_word' id='word_1_12' title='bbox 1396 446 1538 507; x_wconf 88' lang='lat' dir='ltr'><strong>unde</strong></span> <span class='ocrx_word' id='word_1_13' title='bbox 1591 446 1663 504; x_wconf 91' lang='lat' dir='ltr'><strong>sit</strong></span> <span class='ocrx_word' id='word_1_14' title='bbox 1713 448 1998 506; x_wconf 85' lang='lat' dir='ltr'><strong>nesciunt?</strong></span> <span class='ocrx_word' id='word_1_15' title='bbox 2023 446 2214 512; x_wconf 77' lang='grc' dir='ltr'><strong>ΑΙ)εο</strong></span> <span class='ocrx_word' id='word_1_16' title='bbox 2251 450 2416 517; x_wconf 70' lang='lat' dir='ltr'><strong>exivi,</strong></span> <span class='ocrx_word' id='word_1_17' title='bbox 2470 449 2678 523; x_wconf 91' lang='lat' dir='ltr'><strong>etquid</strong></span> <span class='ocrx_word' id='word_1_18' title='bbox 2703 460 2852 509; x_wconf 89' lang='lat' dir='ltr'><strong>esset</strong></span> <span class='ocrx_word' id='word_1_19' title='bbox 2878 460 2925 508; x_wconf 90' lang='lat' dir='ltr'><strong>et</strong></span> <span class='ocrx_word' id='word_1_20' title='bbox 2954 451 3400 512; x_wconf 85' lang='lat' dir='ltr'><strong>veni:continuo</strong></span> <span class='ocrx_word' id='word_1_21' title='bbox 3443 452 3706 526; x_wconf 73' lang='lat' dir='ltr'><strong>subjecit,</strong></span> 
     </span>
    </p>
   </div>
   <div class='ocr_carea' id='block_1_5' title="bbox 386 540 2003 616">
    <p class='ocr_par' dir='ltr' id='par_1_5' title="bbox 386 540 2003 616">
     <span class='ocr_line' id='line_1_5' title="bbox 386 540 2003 616; baseline -0.003 -13"><span class='ocrx_word' id='word_1_22' title='bbox 386 542 523 603; x_wconf 79' lang='lat' dir='ltr'><strong>Nam</strong></span> <span class='ocrx_word' id='word_1_23' title='bbox 549 542 750 616; x_wconf 91' lang='lat' dir='ltr'><strong>id,(a)</strong></span> <span class='ocrx_word' id='word_1_24' title='bbox 780 542 925 614; x_wconf 92' lang='lat' dir='ltr'><strong>quod</strong></span> <span class='ocrx_word' id='word_1_25' title='bbox 982 540 1124 598; x_wconf 92' lang='lat' dir='ltr'><strong>unde</strong></span> <span class='ocrx_word' id='word_1_26' title='bbox 1167 540 1238 597; x_wconf 91' lang='lat' dir='ltr'><strong>sit</strong></span> <span class='ocrx_word' id='word_1_27' title='bbox 1291 541 1594 613; x_wconf 79' lang='lat' dir='ltr'><strong>ignoratur,</strong></span> <span class='ocrx_word' id='word_1_28' title='bbox 1638 551 1887 597; x_wconf 81' lang='lat' dir='ltr'><strong>naturam</strong></span> <span class='ocrx_word' id='word_1_29' title='bbox 1933 558 2003 599; x_wconf 79' lang='lat' dir='ltr'><strong>ex</strong></span> 
     </span>
    </p>
   </div>
   <div class='ocr_carea' id='block_1_6' title="bbox 389 634 2002 713">
    <p class='ocr_par' dir='ltr' id='par_1_6' title="bbox 389 634 2002 713">
     <span class='ocr_line' id='line_1_6' title="bbox 389 634 2002 713; baseline -0.001 -18"><span class='ocrx_word' id='word_1_30' title='bbox 389 655 497 713; x_wconf 89' lang='lat' dir='ltr'><strong>qua</strong></span> <span class='ocrx_word' id='word_1_31' title='bbox 526 649 632 705; x_wconf 85' lang='lat' dir='ltr'><strong>est,</strong></span> <span class='ocrx_word' id='word_1_32' title='bbox 664 637 791 693; x_wconf 92' lang='lat' dir='ltr'><strong>dum</strong></span> <span class='ocrx_word' id='word_1_33' title='bbox 823 635 964 693; x_wconf 90' lang='lat' dir='ltr'><strong>unde</strong></span> <span class='ocrx_word' id='word_1_34' title='bbox 1013 635 1086 692; x_wconf 88' lang='lat' dir='ltr'><strong>sil.</strong></span> <span class='ocrx_word' id='word_1_35' title='bbox 1136 635 1397 701; x_wconf 89' lang='lat' dir='ltr'><strong>nescitur,</strong></span> <span class='ocrx_word' id='word_1_36' title='bbox 1455 634 1711 692; x_wconf 89' lang='lat' dir='ltr'><strong>ostendit.</strong></span> <span class='ocrx_word' id='word_1_37' title='bbox 1761 636 2002 707; x_wconf 86' lang='lat' dir='ltr'><strong>lgnorari</strong></span> 
     </span>
    </p>
   </div>
   <div class='ocr_carea' id='block_1_7' title="bbox 387 727 1998 800">
    <p class='ocr_par' dir='ltr' id='par_1_7' title="bbox 387 727 1998 800">
     <span class='ocr_line' id='line_1_7' title="bbox 387 727 1998 800; baseline -0.004 -9"><span class='ocrx_word' id='word_1_38' title='bbox 387 732 535 791; x_wconf 87' lang='lat' dir='ltr'><strong>enim</strong></span> <span class='ocrx_word' id='word_1_39' title='bbox 568 730 709 786; x_wconf 90' lang='lat' dir='ltr'><strong>unde</strong></span> <span class='ocrx_word' id='word_1_40' title='bbox 736 729 805 785; x_wconf 90' lang='lat' dir='ltr'><strong>sit</strong></span> <span class='ocrx_word' id='word_1_41' title='bbox 828 745 936 784; x_wconf 92' lang='lat' dir='ltr'><strong>non</strong></span> <span class='ocrx_word' id='word_1_42' title='bbox 964 738 1176 800; x_wconf 91' lang='lat' dir='ltr'><strong>potest,</strong></span> <span class='ocrx_word' id='word_1_43' title='bbox 1204 727 1422 800; x_wconf 86' lang='lat' dir='ltr'><strong>quiquid</strong></span> <span class='ocrx_word' id='word_1_44' title='bbox 1445 728 1684 783; x_wconf 83' lang='lat' dir='ltr'><strong>substitit</strong></span> <span class='ocrx_word' id='word_1_45' title='bbox 1710 744 1777 784; x_wconf 80' lang='lat' dir='ltr'><strong>ex</strong></span> <span class='ocrx_word' id='word_1_46' title='bbox 1796 728 1998 784; x_wconf 89' lang='lat' dir='ltr'><strong>nihilo:</strong></span> 
     </span>
    </p>
   </div>
   <div class='ocr_carea' id='block_1_8' title="bbox 388 819 1996 897">
    <p class='ocr_par' dir='ltr' id='par_1_8' title="bbox 388 819 1996 897">
     <span class='ocr_line' id='line_1_8' title="bbox 388 819 1996 897; baseline -0.001 -19"><span class='ocrx_word' id='word_1_47' title='bbox 388 826 514 897; x_wconf 87' lang='lat' dir='ltr'><strong>quia</strong></span> <span class='ocrx_word' id='word_1_48' title='bbox 553 824 658 880; x_wconf 91' lang='lat' dir='ltr'><strong>hoc</strong></span> <span class='ocrx_word' id='word_1_49' title='bbox 722 824 934 893; x_wconf 87' lang='lat' dir='ltr'><strong>ipsum,</strong></span> <span class='ocrx_word' id='word_1_50' title='bbox 989 823 1133 892; x_wconf 90' lang='lat' dir='ltr'><strong>quod</strong></span> <span class='ocrx_word' id='word_1_51' title='bbox 1182 836 1291 875; x_wconf 81' lang='lat' dir='ltr'><strong>non</strong></span> <span class='ocrx_word' id='word_1_52' title='bbox 1341 820 1623 892; x_wconf 71' lang='lat' dir='ltr'><strong>ignoratur</strong></span> <span class='ocrx_word' id='word_1_53' title='bbox 1670 835 1739 875; x_wconf 77' lang='lat' dir='ltr'><strong>ex</strong></span> <span class='ocrx_word' id='word_1_54' title='bbox 1788 819 1996 887; x_wconf 83' lang='lat' dir='ltr'><strong>nihilo,</strong></span> 
     </span>
    </p>
   </div>
   <div class='ocr_carea' id='block_1_9' title="bbox 387 913 2002 993">
    <p class='ocr_par' dir='ltr' id='par_1_9' title="bbox 387 913 2002 993">
     <span class='ocr_line' id='line_1_9' title="bbox 387 913 2002 993; baseline -0.004 -16"><span class='ocrx_word' id='word_1_55' title='bbox 387 919 782 993; x_wconf 81' lang='lat' dir='ltr'><strong>ignorationem</strong></span> <span class='ocrx_word' id='word_1_56' title='bbox 819 917 937 986; x_wconf 91' lang='lat' dir='ltr'><strong>ejus</strong></span> <span class='ocrx_word' id='word_1_57' title='bbox 966 914 1110 970; x_wconf 92' lang='lat' dir='ltr'><strong>unde</strong></span> <span class='ocrx_word' id='word_1_58' title='bbox 1156 913 1226 971; x_wconf 86' lang='lat' dir='ltr'><strong>sit</strong></span> <span class='ocrx_word' id='word_1_59' title='bbox 1255 930 1361 969; x_wconf 89' lang='lat' dir='ltr'><strong>non</strong></span> <span class='ocrx_word' id='word_1_60' title='bbox 1384 913 1569 970; x_wconf 92' lang='lat' dir='ltr'><strong>habet.</strong></span> <span class='ocrx_word' id='word_1_61' title='bbox 1592 913 1709 969; x_wconf 88' lang='lat' dir='ltr'><strong>Non</strong></span> <span class='ocrx_word' id='word_1_62' title='bbox 1739 929 1807 971; x_wconf 80' lang='lat' dir='ltr'><strong>ex</strong></span> <span class='ocrx_word' id='word_1_63' title='bbox 1828 929 1889 970; x_wconf 89' lang='lat' dir='ltr'><strong>se</strong></span> <span class='ocrx_word' id='word_1_64' title='bbox 1917 924 2002 971; x_wconf 90' lang='lat' dir='ltr'><strong>est</strong></span> 
     </span>
    </p>
   </div>
   <div class='ocr_carea' id='block_1_10' title="bbox 392 1007 1997 1081">
    <p class='ocr_par' dir='ltr' id='par_1_10' title="bbox 392 1007 1997 1081">
     <span class='ocr_line' id='line_1_10' title="bbox 392 1007 1997 1081; baseline -0.005 -11"><span class='ocrx_word' id='word_1_65' title='bbox 392 1025 576 1070; x_wconf 88' lang='lat' dir='ltr'><strong>autem</strong></span> <span class='ocrx_word' id='word_1_66' title='bbox 601 1012 688 1068; x_wconf 90' lang='lat' dir='ltr'><strong>ille</strong></span> <span class='ocrx_word' id='word_1_67' title='bbox 715 1010 805 1081; x_wconf 87' lang='lat' dir='ltr'><strong>qui</strong></span> <span class='ocrx_word' id='word_1_68' title='bbox 833 1009 1009 1074; x_wconf 91' lang='lat' dir='ltr'><strong>venit;</strong></span> <span class='ocrx_word' id='word_1_69' title='bbox 1069 1008 1166 1063; x_wconf 90' lang='lat' dir='ltr'><strong>sed</strong></span> <span class='ocrx_word' id='word_1_70' title='bbox 1211 1007 1303 1077; x_wconf 89' lang='lat' dir='ltr'><strong>qui</strong></span> <span class='ocrx_word' id='word_1_71' title='bbox 1356 1009 1504 1062; x_wconf 86' lang='lat' dir='ltr'><strong>misit</strong></span> <span class='ocrx_word' id='word_1_72' title='bbox 1532 1023 1654 1062; x_wconf 89' lang='lat' dir='ltr'><strong>eum</strong></span> <span class='ocrx_word' id='word_1_73' title='bbox 1682 1022 1845 1062; x_wconf 82' lang='lat' dir='ltr'><strong>verax</strong></span> <span class='ocrx_word' id='word_1_74' title='bbox 1874 1020 1997 1079; x_wconf 87' lang='lat' dir='ltr'><strong>est,</strong></span> 
     </span>
    </p>
   </div>
   <div class='ocr_carea' id='block_1_11' title="bbox 392 1104 2001 1182">
    <p class='ocr_par' dir='ltr' id='par_1_11' title="bbox 392 1104 2001 1182">
     <span class='ocr_line' id='line_1_11' title="bbox 392 1104 2001 1182; baseline -0.002 -16"><span class='ocrx_word' id='word_1_75' title='bbox 392 1125 554 1182; x_wconf 89' lang='lat' dir='ltr'><strong>quem</strong></span> <span class='ocrx_word' id='word_1_76' title='bbox 585 1107 736 1178; x_wconf 86' lang='lat' dir='ltr'><strong>impii</strong></span> <span class='ocrx_word' id='word_1_77' title='bbox 767 1106 1041 1163; x_wconf 90' lang='lat' dir='ltr'><strong>nesciunt.</strong></span> <span class='ocrx_word' id='word_1_78' title='bbox 1072 1104 1192 1161; x_wconf 85' lang='lat' dir='ltr'><strong>Jam</strong></span> <span class='ocrx_word' id='word_1_79' title='bbox 1222 1119 1353 1176; x_wconf 90' lang='lat' dir='ltr'><strong>ergo</strong></span> <span class='ocrx_word' id='word_1_80' title='bbox 1380 1104 1471 1159; x_wconf 89' lang='lat' dir='ltr'><strong>ille</strong></span> <span class='ocrx_word' id='word_1_81' title='bbox 1518 1106 1609 1175; x_wconf 90' lang='lat' dir='ltr'><strong>qui</strong></span> <span class='ocrx_word' id='word_1_82' title='bbox 1667 1105 1850 1173; x_wconf 89' lang='lat' dir='ltr'><strong>misit,</strong></span> <span class='ocrx_word' id='word_1_83' title='bbox 1886 1105 2001 1175; x_wconf 86' lang='lat' dir='ltr'><strong>ipse</strong></span> 
     </span>
    </p>
   </div>
   <div class='ocr_carea' id='block_1_12' title="bbox 389 1199 2002 1274">
    <p class='ocr_par' dir='ltr' id='par_1_12' title="bbox 389 1199 2002 1274">
     <span class='ocr_line' id='line_1_12' title="bbox 389 1199 2002 1274; baseline -0.003 -14"><span class='ocrx_word' id='word_1_84' title='bbox 389 1218 480 1261; x_wconf 87' lang='lat' dir='ltr'><strong>est</strong></span> <span class='ocrx_word' id='word_1_85' title='bbox 502 1204 590 1274; x_wconf 89' lang='lat' dir='ltr'><strong>qui</strong></span> <span class='ocrx_word' id='word_1_86' title='bbox 619 1203 828 1258; x_wconf 79' lang='lat' dir='ltr'><strong>misisse</strong></span> <span class='ocrx_word' id='word_1_87' title='bbox 854 1200 1167 1271; x_wconf 71' lang='lat' dir='ltr'><strong>ignoratur.</strong></span> <span class='ocrx_word' id='word_1_88' title='bbox 1198 1199 1281 1254; x_wconf 83' lang='lat' dir='ltr'><strong>Ab</strong></span> <span class='ocrx_word' id='word_1_89' title='bbox 1303 1216 1367 1255; x_wconf 90' lang='lat' dir='ltr'><strong>eo</strong></span> <span class='ocrx_word' id='word_1_90' title='bbox 1393 1215 1559 1270; x_wconf 89' lang='lat' dir='ltr'><strong>ergo,</strong></span> <span class='ocrx_word' id='word_1_91' title='bbox 1592 1202 1683 1271; x_wconf 89' lang='lat' dir='ltr'><strong>qui</strong></span> <span class='ocrx_word' id='word_1_92' title='bbox 1708 1199 1887 1268; x_wconf 87' lang='lat' dir='ltr'><strong>misit,</strong></span> <span class='ocrx_word' id='word_1_93' title='bbox 1916 1210 2002 1256; x_wconf 88' lang='lat' dir='ltr'><strong>est</strong></span> 
     </span>
    </p>
   </div>
   <div class='ocr_carea' id='block_1_13' title="bbox 394 1291 1996 1367">
    <p class='ocr_par' dir='ltr' id='par_1_13' title="bbox 394 1291 1996 1367">
     <span class='ocr_line' id='line_1_13' title="bbox 394 1291 1996 1367; baseline -0.002 -15"><span class='ocrx_word' id='word_1_94' title='bbox 394 1298 495 1353; x_wconf 87' lang='lat' dir='ltr'><strong>ille</strong></span> <span class='ocrx_word' id='word_1_95' title='bbox 514 1298 603 1367; x_wconf 88' lang='lat' dir='ltr'><strong>qui</strong></span> <span class='ocrx_word' id='word_1_96' title='bbox 626 1296 818 1350; x_wconf 89' lang='lat' dir='ltr'><strong>missus</strong></span> <span class='ocrx_word' id='word_1_97' title='bbox 848 1303 931 1349; x_wconf 90' lang='lat' dir='ltr'><strong>est</strong></span> <span class='ocrx_word' id='word_1_98' title='bbox 958 1311 971 1347; x_wconf 90' lang='lat'><strong>:</strong></span> <span class='ocrx_word' id='word_1_99' title='bbox 996 1301 1051 1347; x_wconf 92' lang='lat' dir='ltr'><strong>et</strong></span> <span class='ocrx_word' id='word_1_100' title='bbox 1074 1292 1143 1347; x_wconf 89' lang='lat' dir='ltr'><strong>ab</strong></span> <span class='ocrx_word' id='word_1_101' title='bbox 1168 1306 1235 1348; x_wconf 90' lang='lat' dir='ltr'><strong>eo</strong></span> <span class='ocrx_word' id='word_1_102' title='bbox 1265 1300 1350 1347; x_wconf 90' lang='lat' dir='ltr'><strong>est</strong></span> <span class='ocrx_word' id='word_1_103' title='bbox 1380 1292 1524 1348; x_wconf 90' lang='lat' dir='ltr'><strong>unde</strong></span> <span class='ocrx_word' id='word_1_104' title='bbox 1570 1306 1692 1347; x_wconf 91' lang='lat' dir='ltr'><strong>esse</strong></span> <span class='ocrx_word' id='word_1_105' title='bbox 1720 1291 1996 1360; x_wconf 85' lang='lat' dir='ltr'><strong>nescitur;</strong></span> 
     </span>
    </p>
   </div>
   <div class='ocr_carea' id='block_1_14' title="bbox 391 1383 2000 1458">
    <p class='ocr_par' dir='ltr' id='par_1_14' title="bbox 391 1383 2000 1458">
     <span class='ocr_line' id='line_1_14' title="bbox 391 1383 2000 1458; baseline -0.003 -14"><span class='ocrx_word' id='word_1_106' title='bbox 391 1400 447 1445; x_wconf 90' lang='lat' dir='ltr'><strong>et</strong></span> <span class='ocrx_word' id='word_1_107' title='bbox 469 1389 541 1443; x_wconf 90' lang='lat' dir='ltr'><strong>ob</strong></span> <span class='ocrx_word' id='word_1_108' title='bbox 562 1390 663 1442; x_wconf 87' lang='lat' dir='ltr'><strong>hoc</strong></span> <span class='ocrx_word' id='word_1_109' title='bbox 683 1387 773 1458; x_wconf 87' lang='lat' dir='ltr'><strong>qui</strong></span> <span class='ocrx_word' id='word_1_110' title='bbox 799 1387 867 1441; x_wconf 85' lang='lat' dir='ltr'><strong>sit</strong></span> <span class='ocrx_word' id='word_1_111' title='bbox 889 1386 1007 1456; x_wconf 90' lang='lat' dir='ltr'><strong>ipse</strong></span> <span class='ocrx_word' id='word_1_112' title='bbox 1036 1386 1297 1449; x_wconf 90' lang='lat' dir='ltr'><strong>nescitur,</strong></span> <span class='ocrx_word' id='word_1_113' title='bbox 1322 1383 1450 1439; x_wconf 82' lang='lat' dir='ltr'><strong>dum</strong></span> <span class='ocrx_word' id='word_1_114' title='bbox 1482 1384 1760 1455; x_wconf 80' lang='lat' dir='ltr'><strong>ignoratur</strong></span> <span class='ocrx_word' id='word_1_115' title='bbox 1812 1400 1842 1439; x_wconf 92' lang='lat' dir='ltr'><strong>a</strong></span> <span class='ocrx_word' id='word_1_116' title='bbox 1892 1400 2000 1454; x_wconf 91' lang='lat' dir='ltr'><strong>quo</strong></span> 
     </span>
    </p>
   </div>
   <div class='ocr_carea' id='block_1_15' title="bbox 391 1478 1998 1550">
    <p class='ocr_par' dir='ltr' id='par_1_15' title="bbox 391 1478 1998 1550">
     <span class='ocr_line' id='line_1_15' title="bbox 391 1478 1998 1550; baseline -0.004 -8"><span class='ocrx_word' id='word_1_117' title='bbox 391 1485 483 1543; x_wconf 86' lang='lat' dir='ltr'><strong>sit.</strong></span> <span class='ocrx_word' id='word_1_118' title='bbox 507 1483 622 1538; x_wconf 87' lang='lat' dir='ltr'><strong>Non</strong></span> <span class='ocrx_word' id='word_1_119' title='bbox 652 1482 803 1537; x_wconf 85' lang='lat' dir='ltr'><strong>novit</strong></span> <span class='ocrx_word' id='word_1_120' title='bbox 834 1478 1111 1536; x_wconf 86' lang='lat' dir='ltr'><strong>Christum</strong></span> <span class='ocrx_word' id='word_1_121' title='bbox 1135 1518 1151 1547; x_wconf 95' lang='lat'><strong>,</strong></span> <span class='ocrx_word' id='word_1_122' title='bbox 1206 1480 1297 1550; x_wconf 90' lang='lat' dir='ltr'><strong>qui</strong></span> <span class='ocrx_word' id='word_1_123' title='bbox 1330 1479 1472 1535; x_wconf 90' lang='lat' dir='ltr'><strong>unde</strong></span> <span class='ocrx_word' id='word_1_124' title='bbox 1495 1478 1742 1535; x_wconf 79' lang='lat' dir='ltr'><strong>Christus</strong></span> <span class='ocrx_word' id='word_1_125' title='bbox 1781 1482 1853 1534; x_wconf 87' lang='lat' dir='ltr'><strong>sit</strong></span> <span class='ocrx_word' id='word_1_126' title='bbox 1873 1495 1998 1535; x_wconf 87' lang='lat' dir='ltr'><strong>nes-</strong></span> 
     </span>
    </p>
   </div>
   <div class='ocr_carea' id='block_1_16' title="bbox 393 1573 1995 1644">
    <p class='ocr_par' dir='ltr' id='par_1_16' title="bbox 393 1573 1995 1644">
     <span class='ocr_line' id='line_1_16' title="bbox 393 1573 1995 1644; baseline -0.006 -8"><span class='ocrx_word' id='word_1_127' title='bbox 393 1580 500 1644; x_wconf 88' lang='lat' dir='ltr'><strong>cit;</strong></span> <span class='ocrx_word' id='word_1_128' title='bbox 524 1593 624 1633; x_wconf 91' lang='lat' dir='ltr'><strong>nec</strong></span> <span class='ocrx_word' id='word_1_129' title='bbox 655 1576 824 1631; x_wconf 90' lang='lat' dir='ltr'><strong>ﬁlium</strong></span> <span class='ocrx_word' id='word_1_130' title='bbox 847 1577 1157 1641; x_wconf 86' lang='lat' dir='ltr'><strong>conﬁtetur,</strong></span> <span class='ocrx_word' id='word_1_131' title='bbox 1187 1573 1280 1644; x_wconf 91' lang='lat' dir='ltr'><strong>qui</strong></span> <span class='ocrx_word' id='word_1_132' title='bbox 1304 1582 1465 1644; x_wconf 89' lang='lat' dir='ltr'><strong>negat</strong></span> <span class='ocrx_word' id='word_1_133' title='bbox 1486 1582 1705 1639; x_wconf 88' lang='lat' dir='ltr'><strong>natum;</strong></span> <span class='ocrx_word' id='word_1_134' title='bbox 1741 1587 1840 1628; x_wconf 90' lang='lat' dir='ltr'><strong>nec</strong></span> <span class='ocrx_word' id='word_1_135' title='bbox 1894 1588 1995 1627; x_wconf 89' lang='lat' dir='ltr'><strong>na-</strong></span> 
     </span>
    </p>
   </div>
   <div class='ocr_carea' id='block_1_17' title="bbox 396 1666 2003 1742">
    <p class='ocr_par' dir='ltr' id='par_1_17' title="bbox 396 1666 2003 1742">
     <span class='ocr_line' id='line_1_17' title="bbox 396 1666 2003 1742; baseline -0.006 -13"><span class='ocrx_word' id='word_1_136' title='bbox 396 1684 510 1729; x_wconf 87' lang='lat' dir='ltr'><strong>tum</strong></span> <span class='ocrx_word' id='word_1_137' title='bbox 540 1671 818 1742; x_wconf 79' lang='lat' dir='ltr'><strong>intelligit,</strong></span> <span class='ocrx_word' id='word_1_138' title='bbox 850 1668 939 1739; x_wconf 89' lang='lat' dir='ltr'><strong>qui</strong></span> <span class='ocrx_word' id='word_1_139' title='bbox 968 1668 1177 1739; x_wconf 87' lang='lat' dir='ltr'><strong>putavit</strong></span> <span class='ocrx_word' id='word_1_140' title='bbox 1202 1683 1269 1722; x_wconf 79' lang='lat' dir='ltr'><strong>ex</strong></span> <span class='ocrx_word' id='word_1_141' title='bbox 1298 1666 1493 1722; x_wconf 82' lang='lat' dir='ltr'><strong>nihilo.</strong></span> <span class='ocrx_word' id='word_1_142' title='bbox 1566 1666 1643 1721; x_wconf 80' lang='lat' dir='ltr'><strong>Ex</strong></span> <span class='ocrx_word' id='word_1_143' title='bbox 1694 1666 1861 1721; x_wconf 86' lang='lat' dir='ltr'><strong>nihilo</strong></span> <span class='ocrx_word' id='word_1_144' title='bbox 1906 1682 2003 1720; x_wconf 86' lang='lat' dir='ltr'><strong>au-</strong></span> 
     </span>
    </p>
   </div>
   <div class='ocr_carea' id='block_1_18' title="bbox 399 1758 1995 1835">
    <p class='ocr_par' dir='ltr' id='par_1_18' title="bbox 399 1758 1995 1835">
     <span class='ocr_line' id='line_1_18' title="bbox 399 1758 1995 1835; baseline -0.005 -14"><span class='ocrx_word' id='word_1_145' title='bbox 399 1775 507 1822; x_wconf 88' lang='lat' dir='ltr'><strong>tem</strong></span> <span class='ocrx_word' id='word_1_146' title='bbox 557 1779 726 1835; x_wconf 87' lang='lat' dir='ltr'><strong>usque</strong></span> <span class='ocrx_word' id='word_1_147' title='bbox 754 1762 893 1818; x_wconf 90' lang='lat' dir='ltr'><strong>adeo</strong></span> <span class='ocrx_word' id='word_1_148' title='bbox 919 1776 1027 1816; x_wconf 91' lang='lat' dir='ltr'><strong>non</strong></span> <span class='ocrx_word' id='word_1_149' title='bbox 1058 1768 1171 1827; x_wconf 90' lang='lat' dir='ltr'><strong>est,</strong></span> <span class='ocrx_word' id='word_1_150' title='bbox 1197 1767 1257 1814; x_wconf 95' lang='lat' dir='ltr'><strong>ut</strong></span> <span class='ocrx_word' id='word_1_151' title='bbox 1285 1759 1433 1830; x_wconf 87' lang='lat' dir='ltr'><strong>impii</strong></span> <span class='ocrx_word' id='word_1_152' title='bbox 1466 1758 1607 1814; x_wconf 91' lang='lat' dir='ltr'><strong>unde</strong></span> <span class='ocrx_word' id='word_1_153' title='bbox 1634 1758 1704 1813; x_wconf 92' lang='lat' dir='ltr'><strong>sit</strong></span> <span class='ocrx_word' id='word_1_154' title='bbox 1732 1758 1995 1814; x_wconf 80' lang='lat' dir='ltr'><strong>nesciant.</strong></span> 
     </span>
    </p>
   </div>
   <div class='ocr_carea' id='block_1_19' title="bbox 2106 541 3708 619">
    <p class='ocr_par' dir='ltr' id='par_1_19' title="bbox 2106 541 3708 619">
     <span class='ocr_line' id='line_1_19' title="bbox 2106 541 3708 619; baseline 0.004 -22"><span class='ocrx_word' id='word_1_155' title='bbox 2106 541 2220 597; x_wconf 87' lang='lat' dir='ltr'><strong>Nec</strong></span> <span class='ocrx_word' id='word_1_156' title='bbox 2244 544 2379 599; x_wconf 89' lang='lat' dir='ltr'><strong>enim</strong></span> <span class='ocrx_word' id='word_1_157' title='bbox 2406 560 2438 598; x_wconf 90' lang='lat' dir='ltr'><strong>a</strong></span> <span class='ocrx_word' id='word_1_158' title='bbox 2464 560 2545 598; x_wconf 88' lang='lat' dir='ltr'><strong>me</strong></span> <span class='ocrx_word' id='word_1_159' title='bbox 2574 545 2717 612; x_wconf 92' lang='lat' dir='ltr'><strong>veni,</strong></span> <span class='ocrx_word' id='word_1_160' title='bbox 2749 546 2839 601; x_wconf 85' lang='lat' dir='ltr'><strong>sed</strong></span> <span class='ocrx_word' id='word_1_161' title='bbox 2868 546 2959 602; x_wconf 86' lang='lat' dir='ltr'><strong>ille</strong></span> <span class='ocrx_word' id='word_1_162' title='bbox 2986 562 3066 603; x_wconf 86' lang='lat' dir='ltr'><strong>me</strong></span> <span class='ocrx_word' id='word_1_163' title='bbox 3088 545 3245 602; x_wconf 93' lang='lat' dir='ltr'><strong>misit.</strong></span> <span class='ocrx_word' id='word_1_164' title='bbox 3280 547 3349 619; x_wconf 80' lang='lat' dir='ltr'><strong>(f)</strong></span> <span class='ocrx_word' id='word_1_165' title='bbox 3369 545 3487 603; x_wconf 84' lang='lat' dir='ltr'><strong>Non</strong></span> <span class='ocrx_word' id='word_1_166' title='bbox 3511 561 3570 603; x_wconf 88' lang='lat' dir='ltr'><strong>se</strong></span> <span class='ocrx_word' id='word_1_167' title='bbox 3602 549 3708 605; x_wconf 85' lang='lat' dir='ltr'><strong>sibi</strong></span> 
     </span>
    </p>
   </div>
   <div class='ocr_carea' id='block_1_20' title="bbox 2104 635 3704 709">
    <p class='ocr_par' dir='ltr' id='par_1_20' title="bbox 2104 635 3704 709">
     <span class='ocr_line' id='line_1_20' title="bbox 2104 635 3704 709; baseline 0.004 -19"><span class='ocrx_word' id='word_1_168' title='bbox 2104 648 2226 690; x_wconf 88' lang='lat' dir='ltr'><strong>esse</strong></span> <span class='ocrx_word' id='word_1_169' title='bbox 2251 635 2513 706; x_wconf 80' lang='lat' dir='ltr'><strong>originem</strong></span> <span class='ocrx_word' id='word_1_170' title='bbox 2535 637 2758 706; x_wconf 92' lang='lat' dir='ltr'><strong>docuit,</strong></span> <span class='ocrx_word' id='word_1_171' title='bbox 2781 654 2904 695; x_wconf 92' lang='lat' dir='ltr'><strong>cum</strong></span> <span class='ocrx_word' id='word_1_172' title='bbox 2931 640 3006 695; x_wconf 91' lang='lat' dir='ltr'><strong>ait</strong></span> <span class='ocrx_word' id='word_1_173' title='bbox 3035 659 3049 697; x_wconf 91' lang='lat'><strong>:</strong></span> <span class='ocrx_word' id='word_1_174' title='bbox 3086 639 3199 696; x_wconf 84' lang='lat' dir='ltr'><strong>Nec</strong></span> <span class='ocrx_word' id='word_1_175' title='bbox 3228 641 3408 697; x_wconf 86' lang='lat' dir='ltr'><strong>enima</strong></span> <span class='ocrx_word' id='word_1_176' title='bbox 3432 657 3513 697; x_wconf 89' lang='lat' dir='ltr'><strong>me</strong></span> <span class='ocrx_word' id='word_1_177' title='bbox 3552 643 3666 697; x_wconf 81' lang='lat' dir='ltr'><strong>veni</strong></span> <span class='ocrx_word' id='word_1_178' title='bbox 3689 664 3704 709; x_wconf 82' lang='lat'><strong>,</strong></span> 
     </span>
    </p>
   </div>
   <div class='ocr_carea' id='block_1_21' title="bbox 2107 726 3711 803">
    <p class='ocr_par' dir='ltr' id='par_1_21' title="bbox 2107 726 3711 803">
     <span class='ocr_line' id='line_1_21' title="bbox 2107 726 3711 803; baseline 0.004 -21"><span class='ocrx_word' id='word_1_179' title='bbox 2107 737 2161 783; x_wconf 88' lang='lat' dir='ltr'><strong>et</strong></span> <span class='ocrx_word' id='word_1_180' title='bbox 2184 726 2424 801; x_wconf 79' lang='lat' dir='ltr'><strong>(supple,</strong></span> <span class='ocrx_word' id='word_1_181' title='bbox 2457 731 2603 800; x_wconf 89' lang='lat' dir='ltr'><strong>cum)</strong></span> <span class='ocrx_word' id='word_1_182' title='bbox 2637 746 2855 787; x_wconf 87' lang='lat' dir='ltr'><strong>rursum</strong></span> <span class='ocrx_word' id='word_1_183' title='bbox 2878 747 2945 787; x_wconf 80' lang='lat' dir='ltr'><strong>ex</strong></span> <span class='ocrx_word' id='word_1_184' title='bbox 2981 733 3091 789; x_wconf 90' lang='lat' dir='ltr'><strong>Deo</strong></span> <span class='ocrx_word' id='word_1_185' title='bbox 3116 744 3177 789; x_wconf 88' lang='lat' dir='ltr'><strong>se</strong></span> <span class='ocrx_word' id='word_1_186' title='bbox 3204 732 3411 803; x_wconf 81' lang='lat' dir='ltr'><strong>exisse,</strong></span> <span class='ocrx_word' id='word_1_187' title='bbox 3444 738 3500 791; x_wconf 85' lang='lat' dir='ltr'><strong>ct</strong></span> <span class='ocrx_word' id='word_1_188' title='bbox 3524 733 3595 790; x_wconf 88' lang='lat' dir='ltr'><strong>ab</strong></span> <span class='ocrx_word' id='word_1_189' title='bbox 3645 750 3711 789; x_wconf 92' lang='lat' dir='ltr'><strong>co</strong></span> 
     </span>
    </p>
   </div>
   <div class='ocr_carea' id='block_1_22' title="bbox 2104 821 3707 899">
    <p class='ocr_par' dir='ltr' id='par_1_22' title="bbox 2104 821 3707 899">
     <span class='ocr_line' id='line_1_22' title="bbox 2104 821 3707 899; baseline 0.005 -23"><span class='ocrx_word' id='word_1_190' title='bbox 2104 821 2327 877; x_wconf 87' lang='lat' dir='ltr'><strong>missum</strong></span> <span class='ocrx_word' id='word_1_191' title='bbox 2352 838 2474 879; x_wconf 78' lang='lat' dir='ltr'><strong>eSse</strong></span> <span class='ocrx_word' id='word_1_192' title='bbox 2500 833 2749 880; x_wconf 88' lang='lat' dir='ltr'><strong>testatur.</strong></span> <span class='ocrx_word' id='word_1_193' title='bbox 2780 826 2887 882; x_wconf 90' lang='lat' dir='ltr'><strong>Sed</strong></span> <span class='ocrx_word' id='word_1_194' title='bbox 2918 842 3039 881; x_wconf 90' lang='lat' dir='ltr'><strong>cum</strong></span> <span class='ocrx_word' id='word_1_195' title='bbox 3068 828 3136 882; x_wconf 89' lang='lat' dir='ltr'><strong>ab</strong></span> <span class='ocrx_word' id='word_1_196' title='bbox 3161 829 3227 885; x_wconf 92' lang='lat' dir='ltr'><strong>iis</strong></span> <span class='ocrx_word' id='word_1_197' title='bbox 3246 870 3262 896; x_wconf 94' lang='lat'><strong>,</strong></span> <span class='ocrx_word' id='word_1_198' title='bbox 3294 830 3385 899; x_wconf 91' lang='lat' dir='ltr'><strong>qui</strong></span> <span class='ocrx_word' id='word_1_199' title='bbox 3411 829 3513 884; x_wconf 84' lang='lat' dir='ltr'><strong>sibi</strong></span> <span class='ocrx_word' id='word_1_200' title='bbox 3540 830 3707 885; x_wconf 88' lang='lat' dir='ltr'><strong>Deum</strong></span> 
     </span>
    </p>
   </div>
   <div class='ocr_carea' id='block_1_23' title="bbox 2104 908 3708 995">
    <p class='ocr_par' dir='ltr' id='par_1_23' title="bbox 2104 908 3708 995">
     <span class='ocr_line' id='line_1_23' title="bbox 2104 908 3708 995; baseline 0.007 -28"><span class='ocrx_word' id='word_1_201' title='bbox 2104 925 2314 986; x_wconf 80' lang='lat' dir='ltr'><strong>patrem</strong></span> <span class='ocrx_word' id='word_1_202' title='bbox 2343 917 2621 985; x_wconf 89' lang='lat' dir='ltr'><strong>dicerent,</strong></span> <span class='ocrx_word' id='word_1_203' title='bbox 2654 908 2856 975; x_wconf 87' lang='lat' dir='ltr'><strong>idcirco</strong></span> <span class='ocrx_word' id='word_1_204' title='bbox 2884 936 2944 976; x_wconf 89' lang='lat' dir='ltr'><strong>se</strong></span> <span class='ocrx_word' id='word_1_205' title='bbox 2966 921 3298 993; x_wconf 87' lang='lat' dir='ltr'><strong>diligendum</strong></span> <span class='ocrx_word' id='word_1_206' title='bbox 3333 923 3437 990; x_wconf 89' lang='lat' dir='ltr'><strong>ait,</strong></span> <span class='ocrx_word' id='word_1_207' title='bbox 3461 924 3587 995; x_wconf 89' lang='lat' dir='ltr'><strong>quia</strong></span> <span class='ocrx_word' id='word_1_208' title='bbox 3639 938 3708 980; x_wconf 77' lang='lat' dir='ltr'><strong>ex</strong></span> 
     </span>
    </p>
   </div>
   <div class='ocr_carea' id='block_1_24' title="bbox 2106 1007 3707 1076">
    <p class='ocr_par' dir='ltr' id='par_1_24' title="bbox 2106 1007 3707 1076">
     <span class='ocr_line' id='line_1_24' title="bbox 2106 1007 3707 1076; baseline 0.007 -14"><span class='ocrx_word' id='word_1_209' title='bbox 2106 1008 2217 1063; x_wconf 89' lang='lat' dir='ltr'><strong>Deo</strong></span> <span class='ocrx_word' id='word_1_210' title='bbox 2247 1007 2487 1076; x_wconf 82' lang='lat' dir='ltr'><strong>exisset;</strong></span> <span class='ocrx_word' id='word_1_211' title='bbox 2515 1025 2733 1066; x_wconf 85' lang='lat' dir='ltr'><strong>causam</strong></span> <span class='ocrx_word' id='word_1_212' title='bbox 2759 1012 3065 1070; x_wconf 85' lang='lat' dir='ltr'><strong>dilectionis</strong></span> <span class='ocrx_word' id='word_1_213' title='bbox 3091 1030 3161 1071; x_wconf 83' lang='lat' dir='ltr'><strong>ex</strong></span> <span class='ocrx_word' id='word_1_214' title='bbox 3182 1031 3346 1072; x_wconf 88' lang='lat' dir='ltr'><strong>causa</strong></span> <span class='ocrx_word' id='word_1_215' title='bbox 3384 1017 3565 1072; x_wconf 84' lang='lat' dir='ltr'><strong>docuit</strong></span> <span class='ocrx_word' id='word_1_216' title='bbox 3586 1032 3707 1073; x_wconf 88' lang='lat' dir='ltr'><strong>esse</strong></span> 
     </span>
    </p>
   </div>
   <div class='ocr_carea' id='block_1_25' title="bbox 2103 1101 3707 1176">
    <p class='ocr_par' dir='ltr' id='par_1_25' title="bbox 2103 1101 3707 1176">
     <span class='ocr_line' id='line_1_25' title="bbox 2103 1101 3707 1176; baseline 0.005 -21"><span class='ocrx_word' id='word_1_217' title='bbox 2103 1101 2384 1158; x_wconf 90' lang='lat' dir='ltr'><strong>nascendi.</strong></span> <span class='ocrx_word' id='word_1_218' title='bbox 2416 1102 2607 1159; x_wconf 76' lang='lat' dir='ltr'><strong>Exisse</strong></span> <span class='ocrx_word' id='word_1_219' title='bbox 2634 1105 2778 1159; x_wconf 90' lang='lat' dir='ltr'><strong>enim</strong></span> <span class='ocrx_word' id='word_1_220' title='bbox 2807 1104 2874 1160; x_wconf 91' lang='lat' dir='ltr'><strong>ad</strong></span> <span class='ocrx_word' id='word_1_221' title='bbox 2901 1105 3266 1176; x_wconf 87' lang='lat' dir='ltr'><strong>incorporalis</strong></span> <span class='ocrx_word' id='word_1_222' title='bbox 3295 1108 3590 1164; x_wconf 80' lang='lat' dir='ltr'><strong>nativitatis</strong></span> <span class='ocrx_word' id='word_1_223' title='bbox 3619 1124 3707 1163; x_wconf 90' lang='lat' dir='ltr'><strong>re-</strong></span> 
     </span>
    </p>
   </div>
   <div class='ocr_carea' id='block_1_26' title="bbox 2103 1194 3709 1271">
    <p class='ocr_par' dir='ltr' id='par_1_26' title="bbox 2103 1194 3709 1271">
     <span class='ocr_line' id='line_1_26' title="bbox 2103 1194 3709 1271; baseline 0.005 -23"><span class='ocrx_word' id='word_1_224' title='bbox 2103 1194 2225 1250; x_wconf 91' lang='lat' dir='ltr'><strong>tulit</strong></span> <span class='ocrx_word' id='word_1_225' title='bbox 2270 1212 2466 1251; x_wconf 88' lang='lat' dir='ltr'><strong>nomen</strong></span> <span class='ocrx_word' id='word_1_226' title='bbox 2511 1215 2525 1251; x_wconf 91' lang='lat'><strong>:</strong></span> <span class='ocrx_word' id='word_1_227' title='bbox 2578 1198 2701 1268; x_wconf 89' lang='lat' dir='ltr'><strong>quia</strong></span> <span class='ocrx_word' id='word_1_228' title='bbox 2758 1198 2947 1269; x_wconf 82' lang='lat' dir='ltr'><strong>religio</strong></span> <span class='ocrx_word' id='word_1_229' title='bbox 2998 1199 3285 1270; x_wconf 87' lang='lat' dir='ltr'><strong>proﬁtendi</strong></span> <span class='ocrx_word' id='word_1_230' title='bbox 3346 1200 3450 1256; x_wconf 88' lang='lat' dir='ltr'><strong>sibi</strong></span> <span class='ocrx_word' id='word_1_231' title='bbox 3503 1208 3709 1271; x_wconf 85' lang='lat' dir='ltr'><strong>patrem</strong></span> 
     </span>
    </p>
   </div>
   <div class='ocr_carea' id='block_1_27' title="bbox 2104 1290 3711 1368">
    <p class='ocr_par' dir='ltr' id='par_1_27' title="bbox 2104 1290 3711 1368">
     <span class='ocr_line' id='line_1_27' title="bbox 2104 1290 3711 1368; baseline 0.006 -24"><span class='ocrx_word' id='word_1_232' title='bbox 2104 1290 2272 1345; x_wconf 87' lang='lat' dir='ltr'><strong>Deum</strong></span> <span class='ocrx_word' id='word_1_233' title='bbox 2294 1331 2309 1355; x_wconf 90' lang='lat'><strong>,</strong></span> <span class='ocrx_word' id='word_1_234' title='bbox 2332 1307 2400 1346; x_wconf 77' lang='lat' dir='ltr'><strong>ex</strong></span> <span class='ocrx_word' id='word_1_235' title='bbox 2419 1290 2711 1348; x_wconf 88' lang='lat' dir='ltr'><strong>dilectione</strong></span> <span class='ocrx_word' id='word_1_236' title='bbox 2734 1291 2934 1349; x_wconf 78' lang='lat' dir='ltr'><strong>Christi</strong></span> <span class='ocrx_word' id='word_1_237' title='bbox 2963 1295 3055 1366; x_wconf 91' lang='lat' dir='ltr'><strong>qui</strong></span> <span class='ocrx_word' id='word_1_238' title='bbox 3082 1311 3148 1350; x_wconf 81' lang='lat' dir='ltr'><strong>ex</strong></span> <span class='ocrx_word' id='word_1_239' title='bbox 3173 1311 3240 1352; x_wconf 90' lang='lat' dir='ltr'><strong>eo</strong></span> <span class='ocrx_word' id='word_1_240' title='bbox 3266 1296 3481 1368; x_wconf 88' lang='lat' dir='ltr'><strong>genitus</strong></span> <span class='ocrx_word' id='word_1_241' title='bbox 3526 1306 3610 1353; x_wconf 90' lang='lat' dir='ltr'><strong>est</strong></span> <span class='ocrx_word' id='word_1_242' title='bbox 3635 1298 3711 1353; x_wconf 82' lang='lat' dir='ltr'><strong>sit</strong></span> 
     </span>
    </p>
   </div>
   <div class='ocr_carea' id='block_1_28' title="bbox 2104 1383 3710 1460">
    <p class='ocr_par' dir='ltr' id='par_1_28' title="bbox 2104 1383 3710 1460">
     <span class='ocr_line' id='line_1_28' title="bbox 2104 1383 3710 1460; baseline 0.006 -24"><span class='ocrx_word' id='word_1_243' title='bbox 2104 1383 2379 1438; x_wconf 89' lang='lat' dir='ltr'><strong>merenda.</strong></span> <span class='ocrx_word' id='word_1_244' title='bbox 2412 1384 2543 1439; x_wconf 82' lang='lat' dir='ltr'><strong>Nam</strong></span> <span class='ocrx_word' id='word_1_245' title='bbox 2568 1401 2688 1441; x_wconf 88' lang='lat' dir='ltr'><strong>cum</strong></span> <span class='ocrx_word' id='word_1_246' title='bbox 2711 1387 2819 1441; x_wconf 88' lang='lat' dir='ltr'><strong>ait:</strong></span> <span class='ocrx_word' id='word_1_247' title='bbox 2849 1387 2950 1454; x_wconf 82' lang='lat' dir='ltr'><strong>Qui</strong></span> <span class='ocrx_word' id='word_1_248' title='bbox 2980 1405 3059 1443; x_wconf 89' lang='lat' dir='ltr'><strong>me</strong></span> <span class='ocrx_word' id='word_1_249' title='bbox 3087 1390 3226 1458; x_wconf 86' lang='lat' dir='ltr'><strong>odit,</strong></span> <span class='ocrx_word' id='word_1_250' title='bbox 3245 1401 3289 1444; x_wconf 91' lang='lat' dir='ltr'><strong>et</strong></span> <span class='ocrx_word' id='word_1_251' title='bbox 3314 1400 3515 1460; x_wconf 79' lang='lat' dir='ltr'><strong>patrem</strong></span> <span class='ocrx_word' id='word_1_252' title='bbox 3543 1409 3710 1447; x_wconf 86' lang='lat' dir='ltr'><strong>meum</strong></span> 
     </span>
    </p>
   </div>
   <div class='ocr_carea' id='block_1_29' title="bbox 2104 1477 3709 1549">
    <p class='ocr_par' dir='ltr' id='par_1_29' title="bbox 2104 1477 3709 1549">
     <span class='ocr_line' id='line_1_29' title="bbox 2104 1477 3709 1549; baseline 0.006 -20"><span class='ocrx_word' id='word_1_253' title='bbox 2104 1477 2212 1530; x_wconf 85' lang='lat' dir='ltr'><strong>odit</strong></span> <span class='ocrx_word' id='word_1_254' title='bbox 2242 1477 2425 1545; x_wconf 83' lang='lat' dir='ltr'><strong>(Joan.</strong></span> <span class='ocrx_word' id='word_1_255' title='bbox 2450 1495 2538 1546; x_wconf 82' lang='lat' dir='ltr'><strong>xv,</strong></span> <span class='ocrx_word' id='word_1_256' title='bbox 2573 1479 2666 1549; x_wconf 68' lang='lat'><strong>&#39;25)</strong></span> <span class='ocrx_word' id='word_1_257' title='bbox 2688 1494 2709 1534; x_wconf 90' lang='lat'><strong><em>:</em></strong></span> <span class='ocrx_word' id='word_1_258' title='bbox 2740 1497 2911 1534; x_wconf 88' lang='lat' dir='ltr'><strong>meum</strong></span> <span class='ocrx_word' id='word_1_259' title='bbox 2940 1496 3064 1537; x_wconf 89' lang='lat' dir='ltr'><strong>cum</strong></span> <span class='ocrx_word' id='word_1_260' title='bbox 3115 1483 3220 1548; x_wconf 90' lang='lat' dir='ltr'><strong>ait,</strong></span> <span class='ocrx_word' id='word_1_261' title='bbox 3272 1486 3709 1541; x_wconf 88' lang='lat' dir='ltr'><strong>communionem</strong></span> 
     </span>
    </p>
   </div>
   <div class='ocr_carea' id='block_1_30' title="bbox 2105 1570 3703 1649">
    <p class='ocr_par' dir='ltr' id='par_1_30' title="bbox 2105 1570 3703 1649">
     <span class='ocr_line' id='line_1_30' title="bbox 2105 1570 3703 1649; baseline 0.004 -24"><span class='ocrx_word' id='word_1_262' title='bbox 2105 1570 2341 1625; x_wconf 87' lang='lat' dir='ltr'><strong>nominis</strong></span> <span class='ocrx_word' id='word_1_263' title='bbox 2368 1570 2612 1640; x_wconf 84' lang='lat' dir='ltr'><strong>(supple,</strong></span> <span class='ocrx_word' id='word_1_264' title='bbox 2646 1586 2770 1628; x_wconf 89' lang='lat' dir='ltr'><strong>cum</strong></span> <span class='ocrx_word' id='word_1_265' title='bbox 2798 1573 2945 1644; x_wconf 83' lang='lat' dir='ltr'><strong>aliis)</strong></span> <span class='ocrx_word' id='word_1_266' title='bbox 2974 1591 3069 1645; x_wconf 92' lang='lat' dir='ltr'><strong>per</strong></span> <span class='ocrx_word' id='word_1_267' title='bbox 3099 1575 3546 1646; x_wconf 89' lang='lat' dir='ltr'><strong>signiﬁcationem</strong></span> <span class='ocrx_word' id='word_1_268' title='bbox 3576 1594 3703 1649; x_wconf 86' lang='lat' dir='ltr'><strong>pro-</strong></span> 
     </span>
    </p>
   </div>
   <div class='ocr_carea' id='block_1_31' title="bbox 2102 1663 3708 1739">
    <p class='ocr_par' dir='ltr' id='par_1_31' title="bbox 2102 1663 3708 1739">
     <span class='ocr_line' id='line_1_31' title="bbox 2102 1663 3708 1739; baseline 0.005 -22"><span class='ocrx_word' id='word_1_269' title='bbox 2102 1663 2347 1734; x_wconf 85' lang='lat' dir='ltr'><strong>prietatis</strong></span> <span class='ocrx_word' id='word_1_270' title='bbox 2374 1663 2630 1720; x_wconf 82' lang='lat' dir='ltr'><strong>exclusit.</strong></span> <span class='ocrx_word' id='word_1_271' title='bbox 2656 1664 2927 1721; x_wconf 77' lang='lat' dir='ltr'><strong>Czeterum</strong></span> <span class='ocrx_word' id='word_1_272' title='bbox 2961 1667 3308 1737; x_wconf 86' lang='lat' dir='ltr'><strong>proﬁtentem</strong></span> <span class='ocrx_word' id='word_1_273' title='bbox 3361 1669 3464 1725; x_wconf 87' lang='lat' dir='ltr'><strong>sibi</strong></span> <span class='ocrx_word' id='word_1_274' title='bbox 3499 1681 3708 1739; x_wconf 86' lang='lat' dir='ltr'><strong>patrem</strong></span> 
     </span>
    </p>
   </div>
   <div class='ocr_carea' id='block_1_32' title="bbox 2106 1754 3705 1830">
    <p class='ocr_par' dir='ltr' id='par_1_32' title="bbox 2106 1754 3705 1830">
     <span class='ocr_line' id='line_1_32' title="bbox 2106 1754 3705 1830; baseline 0.006 -21"><span class='ocrx_word' id='word_1_275' title='bbox 2106 1754 2307 1819; x_wconf 87' lang='lat' dir='ltr'><strong>Deum,</strong></span> <span class='ocrx_word' id='word_1_276' title='bbox 2362 1763 2418 1810; x_wconf 91' lang='lat' dir='ltr'><strong>et</strong></span> <span class='ocrx_word' id='word_1_277' title='bbox 2460 1770 2649 1810; x_wconf 89' lang='lat' dir='ltr'><strong>senon</strong></span> <span class='ocrx_word' id='word_1_278' title='bbox 2699 1757 3045 1828; x_wconf 81' lang='lat' dir='ltr'><strong>diligentem,</strong></span> <span class='ocrx_word' id='word_1_279' title='bbox 3100 1758 3156 1814; x_wconf 91' lang='lat' dir='ltr'><strong>in</strong></span> <span class='ocrx_word' id='word_1_280' title='bbox 3212 1760 3423 1830; x_wconf 89' lang='lat' dir='ltr'><strong>paterni</strong></span> <span class='ocrx_word' id='word_1_281' title='bbox 3470 1761 3705 1817; x_wconf 85' lang='lat' dir='ltr'><strong>nominis</strong></span> 
     </span>
    </p>
   </div>
   <div class='ocr_carea' id='block_1_33' title="bbox 469 1848 3707 1927">
    <p class='ocr_par' dir='ltr' id='par_1_33' title="bbox 469 1848 3707 1927">
     <span class='ocr_line' id='line_1_33' title="bbox 469 1848 3707 1927; baseline -0.003 -9"><span class='ocrx_word' id='word_1_282' title='bbox 469 1860 559 1918; x_wconf 83' lang='lat'><strong>50.</strong></span> <span class='ocrx_word' id='word_1_283' title='bbox 589 1858 733 1914; x_wconf 86' lang='lat' dir='ltr'><strong>Deus</strong></span> <span class='ocrx_word' id='word_1_284' title='bbox 757 1858 820 1912; x_wconf 83' lang='lat' dir='ltr'><strong>iis</strong></span> <span class='ocrx_word' id='word_1_285' title='bbox 845 1858 969 1912; x_wconf 84' lang='lat' dir='ltr'><strong>solis</strong></span> <span class='ocrx_word' id='word_1_286' title='bbox 998 1866 1070 1911; x_wconf 83' lang='lat' dir='ltr'><strong>est</strong></span> <span class='ocrx_word' id='word_1_287' title='bbox 1092 1864 1237 1927; x_wconf 85' lang='lat' dir='ltr'><strong>pater</strong></span> <span class='ocrx_word' id='word_1_288' title='bbox 1262 1856 1348 1925; x_wconf 88' lang='lat' dir='ltr'><strong>qui</strong></span> <span class='ocrx_word' id='word_1_289' title='bbox 1374 1854 1538 1926; x_wconf 76' lang='lat' dir='ltr'><strong>ﬁlium</strong></span> <span class='ocrx_word' id='word_1_290' title='bbox 1570 1853 1745 1909; x_wconf 89' lang='lat' dir='ltr'><strong>colunt</strong></span> <span class='ocrx_word' id='word_1_291' title='bbox 1772 1895 1786 1919; x_wconf 92' lang='lat'><strong>,</strong></span> <span class='ocrx_word' id='word_1_292' title='bbox 1818 1870 1920 1907; x_wconf 89' lang='lat' dir='ltr'><strong>non</strong></span> <span class='ocrx_word' id='word_1_293' title='bbox 1946 1860 2002 1908; x_wconf 90' lang='lat' dir='ltr'><strong>ut</strong></span> <span class='ocrx_word' id='word_1_294' title='bbox 2032 1855 2078 1916; x_wconf 83' lang='grc' dir='ltr'><strong>Β</strong></span> <span class='ocrx_word' id='word_1_295' title='bbox 2108 1848 2456 1918; x_wconf 88' lang='lat' dir='ltr'><strong>usurpatione</strong></span> <span class='ocrx_word' id='word_1_296' title='bbox 2478 1849 2806 1905; x_wconf 87' lang='lat' dir='ltr'><strong>condemnat</strong></span> <span class='ocrx_word' id='word_1_297' title='bbox 2838 1868 2853 1904; x_wconf 84' lang='lat'><strong>:</strong></span> <span class='ocrx_word' id='word_1_298' title='bbox 2891 1851 3051 1924; x_wconf 76' lang='lat'><strong>156</strong></span> <span class='ocrx_word' id='word_1_299' title='bbox 3091 1850 3172 1924; x_wconf 91' lang='lat' dir='ltr'><strong>(g)</strong></span> <span class='ocrx_word' id='word_1_300' title='bbox 3225 1853 3353 1924; x_wconf 88' lang='lat' dir='ltr'><strong>quia</strong></span> <span class='ocrx_word' id='word_1_301' title='bbox 3370 1855 3459 1925; x_wconf 90' lang='lat' dir='ltr'><strong>qui</strong></span> <span class='ocrx_word' id='word_1_302' title='bbox 3482 1870 3541 1910; x_wconf 87' lang='lat' dir='ltr'><strong>se</strong></span> <span class='ocrx_word' id='word_1_303' title='bbox 3564 1855 3707 1923; x_wconf 89' lang='lat' dir='ltr'><strong>odit,</strong></span> 
     </span>
    </p>
   </div>
   <div class='ocr_carea' id='block_1_34' title="bbox 392 1946 1999 2022">
    <p class='ocr_par' dir='ltr' id='par_1_34' title="bbox 392 1946 1999 2022">
     <span class='ocr_line' id='line_1_34' title="bbox 392 1946 1999 2022; baseline -0.004 -14"><span class='ocrx_word' id='word_1_304' title='bbox 392 1953 712 2022; x_wconf 77' lang='lat' dir='ltr'><strong>adoptivum.</strong></span> <span class='ocrx_word' id='word_1_305' title='bbox 742 1949 901 2006; x_wconf 75' lang='lat' dir='ltr'><strong>Exire</strong></span> <span class='ocrx_word' id='word_1_306' title='bbox 926 1966 991 2004; x_wconf 73' lang='lat' dir='ltr'><strong>ex</strong></span> <span class='ocrx_word' id='word_1_307' title='bbox 1016 1946 1127 2004; x_wconf 86' lang='lat' dir='ltr'><strong>Deo</strong></span> <span class='ocrx_word' id='word_1_308' title='bbox 1151 1948 1275 2019; x_wconf 89' lang='lat' dir='ltr'><strong>quid</strong></span> <span class='ocrx_word' id='word_1_309' title='bbox 1297 1949 1383 2002; x_wconf 87' lang='lat' dir='ltr'><strong>sit.</strong></span> <span class='ocrx_word' id='word_1_310' title='bbox 1402 1946 1530 2002; x_wconf 80' lang='lat' dir='ltr'><strong>Filii</strong></span> <span class='ocrx_word' id='word_1_311' title='bbox 1554 1946 1804 2019; x_wconf 84' lang='lat' dir='ltr'><strong>diligendi</strong></span> <span class='ocrx_word' id='word_1_312' title='bbox 1823 1964 1999 2015; x_wconf 85' lang='lat' dir='ltr'><strong>causa,</strong></span> 
     </span>
    </p>
   </div>
   <div class='ocr_carea' id='block_1_35' title="bbox 393 2039 2004 2111">
    <p class='ocr_par' dir='ltr' id='par_1_35' title="bbox 393 2039 2004 2111">
     <span class='ocr_line' id='line_1_35' title="bbox 393 2039 2004 2111; baseline -0.005 -11"><span class='ocrx_word' id='word_1_313' title='bbox 393 2046 527 2100; x_wconf 85' lang='lat' dir='ltr'><strong>ratio</strong></span> <span class='ocrx_word' id='word_1_314' title='bbox 547 2044 810 2100; x_wconf 84' lang='lat' dir='ltr'><strong>nascendi.</strong></span> <span class='ocrx_word' id='word_1_315' title='bbox 841 2072 914 2085; x_wconf 84' lang='lat'><strong>-—</strong></span> <span class='ocrx_word' id='word_1_316' title='bbox 938 2041 1200 2097; x_wconf 82' lang='lat' dir='ltr'><strong>Nesciunt</strong></span> <span class='ocrx_word' id='word_1_317' title='bbox 1226 2042 1408 2111; x_wconf 87' lang='lat' dir='ltr'><strong>plane,</strong></span> <span class='ocrx_word' id='word_1_318' title='bbox 1437 2039 1718 2107; x_wconf 87' lang='lat' dir='ltr'><strong>nesciunt,</strong></span> <span class='ocrx_word' id='word_1_319' title='bbox 1765 2040 1855 2110; x_wconf 91' lang='lat' dir='ltr'><strong>qui</strong></span> <span class='ocrx_word' id='word_1_320' title='bbox 1908 2055 2004 2093; x_wconf 86' lang='lat' dir='ltr'><strong>na-</strong></span> 
     </span>
    </p>
   </div>
   <div class='ocr_carea' id='block_1_36' title="bbox 396 2131 2000 2207">
    <p class='ocr_par' dir='ltr' id='par_1_36' title="bbox 396 2131 2000 2207">
     <span class='ocr_line' id='line_1_36' title="bbox 396 2131 2000 2207; baseline -0.004 -15"><span class='ocrx_word' id='word_1_321' title='bbox 396 2147 573 2192; x_wconf 89' lang='lat' dir='ltr'><strong>turam</strong></span> <span class='ocrx_word' id='word_1_322' title='bbox 598 2135 804 2192; x_wconf 89' lang='lat' dir='ltr'><strong>nomini</strong></span> <span class='ocrx_word' id='word_1_323' title='bbox 831 2134 1110 2201; x_wconf 89' lang='lat' dir='ltr'><strong>adimunt,</strong></span> <span class='ocrx_word' id='word_1_324' title='bbox 1138 2132 1212 2207; x_wconf 82' lang='lat' dir='ltr'><strong>tb)</strong></span> <span class='ocrx_word' id='word_1_325' title='bbox 1236 2132 1329 2204; x_wconf 90' lang='lat' dir='ltr'><strong>qui</strong></span> <span class='ocrx_word' id='word_1_326' title='bbox 1357 2133 1665 2189; x_wconf 88' lang='lat' dir='ltr'><strong>nescientes</strong></span> <span class='ocrx_word' id='word_1_327' title='bbox 1686 2148 1793 2188; x_wconf 91' lang='lat' dir='ltr'><strong>non</strong></span> <span class='ocrx_word' id='word_1_328' title='bbox 1845 2131 2000 2205; x_wconf 79' lang='lat'><strong>155</strong></span> 
     </span>
    </p>
   </div>
   <div class='ocr_carea' id='block_1_37' title="bbox 394 2225 2001 2297">
    <p class='ocr_par' dir='ltr' id='par_1_37' title="bbox 394 2225 2001 2297">
     <span class='ocr_line' id='line_1_37' title="bbox 394 2225 2001 2297; baseline -0.002 -12"><span class='ocrx_word' id='word_1_329' title='bbox 394 2238 578 2285; x_wconf 89' lang='lat' dir='ltr'><strong>amant</strong></span> <span class='ocrx_word' id='word_1_330' title='bbox 600 2229 763 2284; x_wconf 89' lang='lat' dir='ltr'><strong>scire.</strong></span> <span class='ocrx_word' id='word_1_331' title='bbox 788 2228 853 2284; x_wconf 85' lang='lat' dir='ltr'><strong>Et</strong></span> <span class='ocrx_word' id='word_1_332' title='bbox 877 2226 1101 2281; x_wconf 87' lang='lat' dir='ltr'><strong>audiant</strong></span> <span class='ocrx_word' id='word_1_333' title='bbox 1128 2225 1324 2281; x_wconf 88' lang='lat' dir='ltr'><strong>Filium</strong></span> <span class='ocrx_word' id='word_1_334' title='bbox 1354 2225 1600 2285; x_wconf 73' lang='lat' dir='ltr'><strong>scientiae</strong></span> <span class='ocrx_word' id='word_1_335' title='bbox 1646 2225 1806 2297; x_wconf 86' lang='lat' dir='ltr'><strong>hujus</strong></span> <span class='ocrx_word' id='word_1_336' title='bbox 1851 2226 2001 2295; x_wconf 85' lang='lat' dir='ltr'><strong>igno-</strong></span> 
     </span>
    </p>
   </div>
   <div class='ocr_carea' id='block_1_38' title="bbox 394 2318 2001 2391">
    <p class='ocr_par' dir='ltr' id='par_1_38' title="bbox 394 2318 2001 2391">
     <span class='ocr_line' id='line_1_38' title="bbox 394 2318 2001 2391; baseline -0.002 -12"><span class='ocrx_word' id='word_1_337' title='bbox 394 2323 662 2379; x_wconf 85' lang='lat' dir='ltr'><strong>rationem</strong></span> <span class='ocrx_word' id='word_1_338' title='bbox 695 2320 874 2391; x_wconf 88' lang='lat' dir='ltr'><strong>impiis</strong></span> <span class='ocrx_word' id='word_1_339' title='bbox 893 2318 1349 2390; x_wconf 81' lang='lat' dir='ltr'><strong>exprobrantem,</strong></span> <span class='ocrx_word' id='word_1_340' title='bbox 1378 2329 1491 2374; x_wconf 91' lang='lat' dir='ltr'><strong>tum</strong></span> <span class='ocrx_word' id='word_1_341' title='bbox 1521 2333 1644 2375; x_wconf 90' lang='lat' dir='ltr'><strong>cum</strong></span> <span class='ocrx_word' id='word_1_342' title='bbox 1668 2318 1771 2375; x_wconf 84' lang='lat' dir='ltr'><strong>sibi</strong></span> <span class='ocrx_word' id='word_1_343' title='bbox 1794 2328 2001 2390; x_wconf 89' lang='lat' dir='ltr'><strong>patrem</strong></span> 
     </span>
    </p>
   </div>
   <div class='ocr_carea' id='block_1_39' title="bbox 396 2409 2001 2484">
    <p class='ocr_par' dir='ltr' id='par_1_39' title="bbox 396 2409 2001 2484">
     <span class='ocr_line' id='line_1_39' title="bbox 396 2409 2001 2484; baseline -0.003 -12"><span class='ocrx_word' id='word_1_344' title='bbox 396 2418 568 2472; x_wconf 87' lang='lat' dir='ltr'><strong>Deum</strong></span> <span class='ocrx_word' id='word_1_345' title='bbox 589 2414 762 2471; x_wconf 53' lang='lat' dir='ltr'><strong>Judaei</strong></span> <span class='ocrx_word' id='word_1_346' title='bbox 792 2412 1073 2479; x_wconf 87' lang='lat' dir='ltr'><strong>dicerent;</strong></span> <span class='ocrx_word' id='word_1_347' title='bbox 1104 2412 1180 2467; x_wconf 87' lang='lat' dir='ltr'><strong>ait</strong></span> <span class='ocrx_word' id='word_1_348' title='bbox 1208 2412 1354 2468; x_wconf 87' lang='lat' dir='ltr'><strong>enim</strong></span> <span class='ocrx_word' id='word_1_349' title='bbox 1386 2429 1400 2466; x_wconf 87' lang='lat'><strong>:</strong></span> <span class='ocrx_word' id='word_1_350' title='bbox 1431 2411 1492 2467; x_wconf 86' lang='lat' dir='ltr'><strong>Si</strong></span> <span class='ocrx_word' id='word_1_351' title='bbox 1520 2409 1664 2467; x_wconf 85' lang='lat' dir='ltr'><strong>Deus</strong></span> <span class='ocrx_word' id='word_1_352' title='bbox 1701 2421 1849 2484; x_wconf 88' lang='lat' dir='ltr'><strong>pater</strong></span> <span class='ocrx_word' id='word_1_353' title='bbox 1892 2428 2001 2467; x_wconf 82' lang='lat' dir='ltr'><strong>ves-</strong></span> 
     </span>
    </p>
   </div>
   <div class='ocr_carea' id='block_1_40' title="bbox 393 2501 1997 2579">
    <p class='ocr_par' dir='ltr' id='par_1_40' title="bbox 393 2501 1997 2579">
     <span class='ocr_line' id='line_1_40' title="bbox 393 2501 1997 2579; baseline -0.005 -13"><span class='ocrx_word' id='word_1_354' title='bbox 393 2521 473 2566; x_wconf 79' lang='lat' dir='ltr'><strong>ter</strong></span> <span class='ocrx_word' id='word_1_355' title='bbox 492 2518 653 2575; x_wconf 84' lang='lat' dir='ltr'><strong>esset,</strong></span> <span class='ocrx_word' id='word_1_356' title='bbox 679 2505 962 2579; x_wconf 87' lang='lat' dir='ltr'><strong>diligeretis</strong></span> <span class='ocrx_word' id='word_1_357' title='bbox 984 2507 1159 2575; x_wconf 84' lang='lat' dir='ltr'><strong>utique</strong></span> <span class='ocrx_word' id='word_1_358' title='bbox 1178 2520 1296 2570; x_wconf 88' lang='lat' dir='ltr'><strong>me;</strong></span> <span class='ocrx_word' id='word_1_359' title='bbox 1317 2520 1410 2576; x_wconf 81' lang='lat' dir='ltr'><strong>ego</strong></span> <span class='ocrx_word' id='word_1_360' title='bbox 1429 2504 1565 2559; x_wconf 85' lang='lat' dir='ltr'><strong>enim</strong></span> <span class='ocrx_word' id='word_1_361' title='bbox 1610 2520 1642 2558; x_wconf 90' lang='lat' dir='ltr'><strong>a</strong></span> <span class='ocrx_word' id='word_1_362' title='bbox 1684 2501 1794 2559; x_wconf 87' lang='lat' dir='ltr'><strong>Deo</strong></span> <span class='ocrx_word' id='word_1_363' title='bbox 1830 2504 1997 2570; x_wconf 75' lang='lat' dir='ltr'><strong>exivi,</strong></span> 
     </span>
    </p>
   </div>
   <div class='ocr_carea' id='block_1_41' title="bbox 394 2595 1997 2669">
    <p class='ocr_par' dir='ltr' id='par_1_41' title="bbox 394 2595 1997 2669">
     <span class='ocr_line' id='line_1_41' title="bbox 394 2595 1997 2669; baseline -0.005 -10"><span class='ocrx_word' id='word_1_364' title='bbox 394 2613 445 2659; x_wconf 90' lang='lat' dir='ltr'><strong>et</strong></span> <span class='ocrx_word' id='word_1_365' title='bbox 473 2603 625 2658; x_wconf 79' lang='lat' dir='ltr'><strong>veni:</strong></span> <span class='ocrx_word' id='word_1_366' title='bbox 648 2618 739 2656; x_wconf 88' lang='lat' dir='ltr'><strong>nec</strong></span> <span class='ocrx_word' id='word_1_367' title='bbox 766 2617 798 2655; x_wconf 91' lang='lat' dir='ltr'><strong>a</strong></span> <span class='ocrx_word' id='word_1_368' title='bbox 819 2617 899 2655; x_wconf 91' lang='lat' dir='ltr'><strong>me</strong></span> <span class='ocrx_word' id='word_1_369' title='bbox 923 2599 1035 2654; x_wconf 83' lang='lat' dir='ltr'><strong>veni</strong></span> <span class='ocrx_word' id='word_1_370' title='bbox 1053 2639 1069 2664; x_wconf 90' lang='lat'><strong>,</strong></span> <span class='ocrx_word' id='word_1_371' title='bbox 1098 2596 1187 2653; x_wconf 86' lang='lat' dir='ltr'><strong>sed</strong></span> <span class='ocrx_word' id='word_1_372' title='bbox 1214 2597 1301 2653; x_wconf 89' lang='lat' dir='ltr'><strong>ille</strong></span> <span class='ocrx_word' id='word_1_373' title='bbox 1341 2613 1421 2651; x_wconf 86' lang='lat' dir='ltr'><strong>me</strong></span> <span class='ocrx_word' id='word_1_374' title='bbox 1449 2596 1587 2651; x_wconf 86' lang='lat' dir='ltr'><strong>misit</strong></span> <span class='ocrx_word' id='word_1_375' title='bbox 1632 2595 1815 2669; x_wconf 82' lang='lat' dir='ltr'><strong>(Joan.</strong></span> <span class='ocrx_word' id='word_1_376' title='bbox 1866 2610 1961 2652; x_wconf 85' lang='lat' dir='ltr'><strong>vut</strong></span> <span class='ocrx_word' id='word_1_377' title='bbox 1981 2636 1997 2663; x_wconf 90' lang='lat'><strong>,</strong></span> 
     </span>
    </p>
   </div>
   <div class='ocr_carea' id='block_1_42' title="bbox 391 2688 2002 2768">
    <p class='ocr_par' dir='ltr' id='par_1_42' title="bbox 391 2688 2002 2768">
     <span class='ocr_line' id='line_1_42' title="bbox 391 2688 2002 2768; baseline -0.005 -15"><span class='ocrx_word' id='word_1_378' title='bbox 391 2695 513 2768; x_wconf 71' lang='lat'><strong>42).</strong></span> <span class='ocrx_word' id='word_1_379' title='bbox 544 2695 807 2766; x_wconf 85' lang='lat' dir='ltr'><strong>Religiosi</strong></span> <span class='ocrx_word' id='word_1_380' title='bbox 835 2693 1068 2749; x_wconf 86' lang='lat' dir='ltr'><strong>nominis</strong></span> <span class='ocrx_word' id='word_1_381' title='bbox 1094 2690 1516 2762; x_wconf 90' lang='lat' dir='ltr'><strong>assumptionem</strong></span> <span class='ocrx_word' id='word_1_382' title='bbox 1545 2688 1638 2745; x_wconf 91' lang='lat' dir='ltr'><strong>Dei</strong></span> <span class='ocrx_word' id='word_1_383' title='bbox 1667 2689 1810 2745; x_wconf 89' lang='lat' dir='ltr'><strong>ﬁlius</strong></span> <span class='ocrx_word' id='word_1_384' title='bbox 1836 2690 1890 2744; x_wconf 92' lang='lat' dir='ltr'><strong>in</strong></span> <span class='ocrx_word' id='word_1_385' title='bbox 1917 2689 2002 2745; x_wconf 87' lang='lat' dir='ltr'><strong>his</strong></span> 
     </span>
    </p>
   </div>
   <div class='ocr_carea' id='block_1_43' title="bbox 393 2781 1999 2863">
    <p class='ocr_par' dir='ltr' id='par_1_43' title="bbox 393 2781 1999 2863">
     <span class='ocr_line' id='line_1_43' title="bbox 393 2781 1999 2863; baseline -0.007 -16"><span class='ocrx_word' id='word_1_386' title='bbox 393 2790 490 2863; x_wconf 89' lang='lat' dir='ltr'><strong>qui</strong></span> <span class='ocrx_word' id='word_1_387' title='bbox 516 2805 576 2846; x_wconf 89' lang='lat' dir='ltr'><strong>se</strong></span> <span class='ocrx_word' id='word_1_388' title='bbox 600 2790 693 2845; x_wconf 89' lang='lat' dir='ltr'><strong>Dei</strong></span> <span class='ocrx_word' id='word_1_389' title='bbox 719 2786 789 2862; x_wconf 89' lang='lat' dir='ltr'><strong>(c)</strong></span> <span class='ocrx_word' id='word_1_390' title='bbox 823 2787 991 2842; x_wconf 89' lang='lat' dir='ltr'><strong>ﬁlium</strong></span> <span class='ocrx_word' id='word_1_391' title='bbox 1042 2784 1364 2840; x_wconf 88' lang='lat' dir='ltr'><strong>conﬁtentes</strong></span> <span class='ocrx_word' id='word_1_392' title='bbox 1431 2792 1640 2854; x_wconf 85' lang='lat' dir='ltr'><strong>patrem</strong></span> <span class='ocrx_word' id='word_1_393' title='bbox 1685 2784 1787 2838; x_wconf 91' lang='lat' dir='ltr'><strong>sibi</strong></span> <span class='ocrx_word' id='word_1_394' title='bbox 1832 2781 1999 2838; x_wconf 91' lang='lat' dir='ltr'><strong>Deum</strong></span> 
     </span>
    </p>
   </div>
   <div class='ocr_carea' id='block_1_44' title="bbox 392 2876 1998 2953">
    <p class='ocr_par' dir='ltr' id='par_1_44' title="bbox 392 2876 1998 2953">
     <span class='ocr_line' id='line_1_44' title="bbox 392 2876 1998 2953; baseline -0.006 -12"><span class='ocrx_word' id='word_1_395' title='bbox 392 2885 669 2947; x_wconf 90' lang='lat' dir='ltr'><strong>dicerent,</strong></span> <span class='ocrx_word' id='word_1_396' title='bbox 693 2899 796 2938; x_wconf 90' lang='lat' dir='ltr'><strong>non</strong></span> <span class='ocrx_word' id='word_1_397' title='bbox 821 2881 1181 2953; x_wconf 85' lang='lat' dir='ltr'><strong>improbavit;</strong></span> <span class='ocrx_word' id='word_1_398' title='bbox 1209 2878 1303 2935; x_wconf 90' lang='lat' dir='ltr'><strong>sed</strong></span> <span class='ocrx_word' id='word_1_399' title='bbox 1329 2878 1667 2934; x_wconf 88' lang='lat' dir='ltr'><strong>temerariam</strong></span> <span class='ocrx_word' id='word_1_400' title='bbox 1689 2876 1998 2933; x_wconf 68' lang='lat' dir='ltr'><strong>Judasorum</strong></span> 
     </span>
    </p>
   </div>
   <div class='ocr_carea' id='block_1_45' title="bbox 397 2971 1996 3046">
    <p class='ocr_par' dir='ltr' id='par_1_45' title="bbox 397 2971 1996 3046">
     <span class='ocr_line' id='line_1_45' title="bbox 397 2971 1996 3046; baseline -0.006 -13"><span class='ocrx_word' id='word_1_401' title='bbox 397 2976 843 3046; x_wconf 79' lang='lat' dir='ltr'><strong>usurpationem,</strong></span> <span class='ocrx_word' id='word_1_402' title='bbox 878 2983 1084 3045; x_wconf 87' lang='lat' dir='ltr'><strong>patrem</strong></span> <span class='ocrx_word' id='word_1_403' title='bbox 1131 2972 1238 3028; x_wconf 86' lang='lat' dir='ltr'><strong>sibi</strong></span> <span class='ocrx_word' id='word_1_404' title='bbox 1292 2971 1465 3027; x_wconf 90' lang='lat' dir='ltr'><strong>Deum</strong></span> <span class='ocrx_word' id='word_1_405' title='bbox 1513 2971 1996 3042; x_wconf 71' lang='lat' dir='ltr'><strong>prtesumentium,</strong></span> 
     </span>
    </p>
   </div>
   <div class='ocr_carea' id='block_1_46' title="bbox 395 3063 2002 3143">
    <p class='ocr_par' dir='ltr' id='par_1_46' title="bbox 395 3063 2002 3143">
     <span class='ocr_line' id='line_1_46' title="bbox 395 3063 2002 3143; baseline -0.004 -17"><span class='ocrx_word' id='word_1_406' title='bbox 395 3088 495 3143; x_wconf 86' lang='lat' dir='ltr'><strong>per</strong></span> <span class='ocrx_word' id='word_1_407' title='bbox 523 3070 577 3126; x_wconf 89' lang='lat' dir='ltr'><strong>id</strong></span> <span class='ocrx_word' id='word_1_408' title='bbox 598 3070 742 3141; x_wconf 92' lang='lat' dir='ltr'><strong>quod</strong></span> <span class='ocrx_word' id='word_1_409' title='bbox 764 3085 824 3125; x_wconf 90' lang='lat' dir='ltr'><strong>se</strong></span> <span class='ocrx_word' id='word_1_410' title='bbox 849 3085 959 3124; x_wconf 90' lang='lat' dir='ltr'><strong>non</strong></span> <span class='ocrx_word' id='word_1_411' title='bbox 980 3067 1299 3138; x_wconf 90' lang='lat' dir='ltr'><strong>diligerent,</strong></span> <span class='ocrx_word' id='word_1_412' title='bbox 1326 3066 1573 3138; x_wconf 84' lang='lat' dir='ltr'><strong>objurgat</strong></span> <span class='ocrx_word' id='word_1_413' title='bbox 1605 3084 1619 3122; x_wconf 87' lang='lat'><strong>:</strong></span> <span class='ocrx_word' id='word_1_414' title='bbox 1651 3065 1715 3121; x_wconf 89' lang='lat' dir='ltr'><strong>Si</strong></span> <span class='ocrx_word' id='word_1_415' title='bbox 1744 3063 1887 3120; x_wconf 87' lang='lat' dir='ltr'><strong>Deus</strong></span> <span class='ocrx_word' id='word_1_416' title='bbox 1910 3083 2002 3136; x_wconf 85' lang='lat' dir='ltr'><strong>pa-</strong></span> 
     </span>
    </p>
   </div>
   <div class='ocr_carea' id='block_1_47' title="bbox 393 3157 1999 3232">
    <p class='ocr_par' dir='ltr' id='par_1_47' title="bbox 393 3157 1999 3232">
     <span class='ocr_line' id='line_1_47' title="bbox 393 3157 1999 3232; baseline -0.005 -10"><span class='ocrx_word' id='word_1_417' title='bbox 393 3174 476 3223; x_wconf 77' lang='lat' dir='ltr'><strong>ter</strong></span> <span class='ocrx_word' id='word_1_418' title='bbox 503 3174 664 3220; x_wconf 82' lang='lat' dir='ltr'><strong>vester</strong></span> <span class='ocrx_word' id='word_1_419' title='bbox 690 3172 818 3219; x_wconf 85' lang='lat' dir='ltr'><strong>esset</strong></span> <span class='ocrx_word' id='word_1_420' title='bbox 842 3205 856 3228; x_wconf 96' lang='lat'><strong>,</strong></span> <span class='ocrx_word' id='word_1_421' title='bbox 888 3162 1170 3232; x_wconf 84' lang='lat' dir='ltr'><strong>diligeretis</strong></span> <span class='ocrx_word' id='word_1_422' title='bbox 1216 3160 1391 3231; x_wconf 85' lang='lat' dir='ltr'><strong>utique</strong></span> <span class='ocrx_word' id='word_1_423' title='bbox 1417 3175 1527 3225; x_wconf 77' lang='lat' dir='ltr'><strong>me;</strong></span> <span class='ocrx_word' id='word_1_424' title='bbox 1556 3174 1647 3231; x_wconf 87' lang='lat' dir='ltr'><strong>ego</strong></span> <span class='ocrx_word' id='word_1_425' title='bbox 1671 3160 1806 3214; x_wconf 89' lang='lat' dir='ltr'><strong>enim</strong></span> <span class='ocrx_word' id='word_1_426' title='bbox 1834 3177 1866 3214; x_wconf 91' lang='lat' dir='ltr'><strong>a</strong></span> <span class='ocrx_word' id='word_1_427' title='bbox 1888 3157 1999 3216; x_wconf 88' lang='lat' dir='ltr'><strong>Deo</strong></span> 
     </span>
    </p>
   </div>
   <div class='ocr_carea' id='block_1_48' title="bbox 2107 1940 3705 2019">
    <p class='ocr_par' dir='ltr' id='par_1_48' title="bbox 2107 1940 3705 2019">
     <span class='ocr_line' id='line_1_48' title="bbox 2107 1940 3705 2019; baseline 0.003 -21"><span class='ocrx_word' id='word_1_428' title='bbox 2107 1940 2283 1998; x_wconf 89' lang='lat' dir='ltr'><strong>oderit</strong></span> <span class='ocrx_word' id='word_1_429' title='bbox 2318 1953 2373 1997; x_wconf 90' lang='lat' dir='ltr'><strong>et</strong></span> <span class='ocrx_word' id='word_1_430' title='bbox 2395 1941 2642 2007; x_wconf 84' lang='lat' dir='ltr'><strong>Patrem;</strong></span> <span class='ocrx_word' id='word_1_431' title='bbox 2673 1957 2772 1997; x_wconf 91' lang='lat' dir='ltr'><strong>nec</strong></span> <span class='ocrx_word' id='word_1_432' title='bbox 2793 1945 2846 1997; x_wconf 89' lang='lat' dir='ltr'><strong>in</strong></span> <span class='ocrx_word' id='word_1_433' title='bbox 2885 1944 3052 1999; x_wconf 89' lang='lat' dir='ltr'><strong>Deum</strong></span> <span class='ocrx_word' id='word_1_434' title='bbox 3105 1954 3313 2014; x_wconf 90' lang='lat' dir='ltr'><strong>patrem</strong></span> <span class='ocrx_word' id='word_1_435' title='bbox 3369 1948 3442 2003; x_wconf 90' lang='lat' dir='ltr'><strong>sit</strong></span> <span class='ocrx_word' id='word_1_436' title='bbox 3483 1948 3705 2019; x_wconf 87' lang='lat' dir='ltr'><strong>religio-</strong></span> 
     </span>
    </p>
   </div>
   <div class='ocr_carea' id='block_1_49' title="bbox 2105 2032 3703 2109">
    <p class='ocr_par' dir='ltr' id='par_1_49' title="bbox 2105 2032 3703 2109">
     <span class='ocr_line' id='line_1_49' title="bbox 2105 2032 3703 2109; baseline 0.005 -21"><span class='ocrx_word' id='word_1_437' title='bbox 2105 2048 2220 2102; x_wconf 89' lang='lat' dir='ltr'><strong>sus,</strong></span> <span class='ocrx_word' id='word_1_438' title='bbox 2239 2032 2331 2104; x_wconf 92' lang='lat' dir='ltr'><strong>qui</strong></span> <span class='ocrx_word' id='word_1_439' title='bbox 2351 2050 2458 2089; x_wconf 90' lang='lat' dir='ltr'><strong>non</strong></span> <span class='ocrx_word' id='word_1_440' title='bbox 2482 2034 2672 2105; x_wconf 86' lang='lat' dir='ltr'><strong>diligat</strong></span> <span class='ocrx_word' id='word_1_441' title='bbox 2701 2035 2933 2103; x_wconf 87' lang='lat' dir='ltr'><strong>Filium;</strong></span> <span class='ocrx_word' id='word_1_442' title='bbox 2963 2052 3088 2092; x_wconf 88' lang='lat' dir='ltr'><strong>cum</strong></span> <span class='ocrx_word' id='word_1_443' title='bbox 3114 2037 3371 2109; x_wconf 79' lang='lat' dir='ltr'><strong>diligendi</strong></span> <span class='ocrx_word' id='word_1_444' title='bbox 3424 2039 3546 2095; x_wconf 87' lang='lat' dir='ltr'><strong>Filii</strong></span> <span class='ocrx_word' id='word_1_445' title='bbox 3593 2057 3703 2096; x_wconf 83' lang='lat' dir='ltr'><strong>ncn</strong></span> 
     </span>
    </p>
   </div>
   <div class='ocr_carea' id='block_1_50' title="bbox 2105 2127 3707 2203">
    <p class='ocr_par' dir='ltr' id='par_1_50' title="bbox 2105 2127 3707 2203">
     <span class='ocr_line' id='line_1_50' title="bbox 2105 2127 3707 2203; baseline 0.004 -22"><span class='ocrx_word' id='word_1_446' title='bbox 2105 2127 2209 2181; x_wconf 91' lang='lat' dir='ltr'><strong>alia</strong></span> <span class='ocrx_word' id='word_1_447' title='bbox 2239 2140 2401 2182; x_wconf 87' lang='lat' dir='ltr'><strong>causa</strong></span> <span class='ocrx_word' id='word_1_448' title='bbox 2432 2128 2522 2194; x_wconf 93' lang='lat' dir='ltr'><strong>sit,</strong></span> <span class='ocrx_word' id='word_1_449' title='bbox 2552 2136 2711 2198; x_wconf 85' lang='lat' dir='ltr'><strong>quam</strong></span> <span class='ocrx_word' id='word_1_450' title='bbox 2738 2128 2884 2198; x_wconf 87' lang='lat' dir='ltr'><strong>quod</strong></span> <span class='ocrx_word' id='word_1_451' title='bbox 2906 2143 2970 2183; x_wconf 84' lang='lat' dir='ltr'><strong>ex</strong></span> <span class='ocrx_word' id='word_1_452' title='bbox 3004 2129 3114 2184; x_wconf 90' lang='lat' dir='ltr'><strong>Deo</strong></span> <span class='ocrx_word' id='word_1_453' title='bbox 3136 2131 3225 2184; x_wconf 88' lang='lat' dir='ltr'><strong>sit.</strong></span> <span class='ocrx_word' id='word_1_454' title='bbox 3261 2130 3341 2185; x_wconf 86' lang='lat' dir='ltr'><strong>Ex</strong></span> <span class='ocrx_word' id='word_1_455' title='bbox 3384 2130 3498 2187; x_wconf 91' lang='lat' dir='ltr'><strong>Deo</strong></span> <span class='ocrx_word' id='word_1_456' title='bbox 3545 2131 3707 2203; x_wconf 81' lang='lat' dir='ltr'><strong>igitur</strong></span> 
     </span>
    </p>
   </div>
   <div class='ocr_carea' id='block_1_51' title="bbox 2105 2220 3706 2297">
    <p class='ocr_par' dir='ltr' id='par_1_51' title="bbox 2105 2220 3706 2297">
     <span class='ocr_line' id='line_1_51' title="bbox 2105 2220 3706 2297; baseline 0.002 -20"><span class='ocrx_word' id='word_1_457' title='bbox 2105 2220 2276 2277; x_wconf 85' lang='lat' dir='ltr'><strong>Filius</strong></span> <span class='ocrx_word' id='word_1_458' title='bbox 2301 2229 2415 2285; x_wconf 88' lang='lat' dir='ltr'><strong>est,</strong></span> <span class='ocrx_word' id='word_1_459' title='bbox 2447 2236 2556 2276; x_wconf 90' lang='lat' dir='ltr'><strong>non</strong></span> <span class='ocrx_word' id='word_1_460' title='bbox 2593 2221 2862 2289; x_wconf 87' lang='lat' dir='ltr'><strong>adventu,</strong></span> <span class='ocrx_word' id='word_1_461' title='bbox 2892 2222 2988 2278; x_wconf 91' lang='lat' dir='ltr'><strong>sed</strong></span> <span class='ocrx_word' id='word_1_462' title='bbox 3016 2222 3293 2279; x_wconf 86' lang='lat' dir='ltr'><strong>nativitate</strong></span> <span class='ocrx_word' id='word_1_463' title='bbox 3341 2240 3355 2277; x_wconf 93' lang='lat'><strong>:</strong></span> <span class='ocrx_word' id='word_1_464' title='bbox 3407 2233 3462 2279; x_wconf 90' lang='lat' dir='ltr'><strong>et</strong></span> <span class='ocrx_word' id='word_1_465' title='bbox 3499 2222 3580 2297; x_wconf 79' lang='lat'><strong>(5)</strong></span> <span class='ocrx_word' id='word_1_466' title='bbox 3626 2223 3706 2280; x_wconf 89' lang='lat' dir='ltr'><strong>di-</strong></span> 
     </span>
    </p>
   </div>
   <div class='ocr_carea' id='block_1_52' title="bbox 2104 2313 3710 2389">
    <p class='ocr_par' dir='ltr' id='par_1_52' title="bbox 2104 2313 3710 2389">
     <span class='ocr_line' id='line_1_52' title="bbox 2104 2313 3710 2389; baseline 0.002 -18"><span class='ocrx_word' id='word_1_467' title='bbox 2104 2314 2264 2371; x_wconf 89' lang='lat' dir='ltr'><strong>lectio</strong></span> <span class='ocrx_word' id='word_1_468' title='bbox 2290 2315 2344 2369; x_wconf 93' lang='lat' dir='ltr'><strong>in</strong></span> <span class='ocrx_word' id='word_1_469' title='bbox 2374 2314 2590 2371; x_wconf 88' lang='lat' dir='ltr'><strong>Patrem</strong></span> <span class='ocrx_word' id='word_1_470' title='bbox 2623 2313 2704 2389; x_wconf 79' lang='lat' dir='ltr'><strong>(It)</strong></span> <span class='ocrx_word' id='word_1_471' title='bbox 2727 2314 2817 2371; x_wconf 90' lang='lat' dir='ltr'><strong>hic</strong></span> <span class='ocrx_word' id='word_1_472' title='bbox 2842 2317 2948 2373; x_wconf 90' lang='lat' dir='ltr'><strong>erit</strong></span> <span class='ocrx_word' id='word_1_473' title='bbox 2972 2316 3174 2387; x_wconf 90' lang='lat' dir='ltr'><strong>omnis,</strong></span> <span class='ocrx_word' id='word_1_474' title='bbox 3228 2316 3277 2372; x_wconf 87' lang='lat' dir='ltr'><strong>si</strong></span> <span class='ocrx_word' id='word_1_475' title='bbox 3311 2316 3483 2375; x_wconf 85' lang='lat' dir='ltr'><strong>Filius</strong></span> <span class='ocrx_word' id='word_1_476' title='bbox 3532 2333 3601 2374; x_wconf 80' lang='lat' dir='ltr'><strong>ex</strong></span> <span class='ocrx_word' id='word_1_477' title='bbox 3643 2333 3710 2375; x_wconf 92' lang='lat' dir='ltr'><strong>eo</strong></span> 
     </span>
    </p>
   </div>
   <div class='ocr_carea' id='block_1_53' title="bbox 2103 2408 2526 2466">
    <p class='ocr_par' dir='ltr' id='par_1_53' title="bbox 2103 2408 2526 2466">
     <span class='ocr_line' id='line_1_53' title="bbox 2103 2408 2526 2466; baseline 0 0"><span class='ocrx_word' id='word_1_478' title='bbox 2103 2424 2226 2466; x_wconf 89' lang='lat' dir='ltr'><strong>esse</strong></span> <span class='ocrx_word' id='word_1_479' title='bbox 2252 2408 2526 2466; x_wconf 87' lang='lat' dir='ltr'><strong>credatur.</strong></span> 
     </span>
    </p>
   </div>
   <div class='ocr_carea' id='block_1_54' title="bbox 2175 2505 3709 2579">
    <p class='ocr_par' dir='ltr' id='par_1_54' title="bbox 2175 2505 3709 2579">
     <span class='ocr_line' id='line_1_54' title="bbox 2175 2505 3709 2579; baseline 0.003 -18"><span class='ocrx_word' id='word_1_480' title='bbox 2175 2507 2264 2563; x_wconf 78' lang='grc'><strong>51.</strong></span> <span class='ocrx_word' id='word_1_481' title='bbox 2290 2505 2546 2579; x_wconf 80' lang='lat' dir='ltr'><strong>Perfectw</strong></span> <span class='ocrx_word' id='word_1_482' title='bbox 2568 2506 2631 2562; x_wconf 87' lang='lat' dir='ltr'><strong>de</strong></span> <span class='ocrx_word' id='word_1_483' title='bbox 2660 2505 2802 2562; x_wconf 85' lang='lat' dir='ltr'><strong>Filio</strong></span> <span class='ocrx_word' id='word_1_484' title='bbox 2823 2506 2950 2579; x_wconf 78' lang='lat' dir='ltr'><strong>ﬁdei</strong></span> <span class='ocrx_word' id='word_1_485' title='bbox 2969 2508 3227 2563; x_wconf 83' lang='lat' dir='ltr'><strong>meritum.</strong></span> <span class='ocrx_word' id='word_1_486' title='bbox 3260 2507 3363 2573; x_wconf 83' lang='lat' dir='ltr'><strong>Qui</strong></span> <span class='ocrx_word' id='word_1_487' title='bbox 3387 2519 3437 2564; x_wconf 89' lang='lat' dir='ltr'><strong>et</strong></span> <span class='ocrx_word' id='word_1_488' title='bbox 3464 2510 3709 2565; x_wconf 83' lang='lat' dir='ltr'><strong>nativita-</strong></span> 
     </span>
    </p>
   </div>
   <div class='ocr_carea' id='block_1_55' title="bbox 2103 2599 3711 2672">
    <p class='ocr_par' dir='ltr' id='par_1_55' title="bbox 2103 2599 3711 2672">
     <span class='ocr_line' id='line_1_55' title="bbox 2103 2599 3711 2672; baseline 0.002 -17"><span class='ocrx_word' id='word_1_489' title='bbox 2103 2609 2202 2655; x_wconf 86' lang='lat' dir='ltr'><strong>tem</strong></span> <span class='ocrx_word' id='word_1_490' title='bbox 2228 2616 2291 2655; x_wconf 80' lang='lat' dir='ltr'><strong>ea:</strong></span> <span class='ocrx_word' id='word_1_491' title='bbox 2312 2599 2471 2655; x_wconf 86' lang='lat' dir='ltr'><strong>Patre</strong></span> <span class='ocrx_word' id='word_1_492' title='bbox 2490 2608 2540 2654; x_wconf 87' lang='lat' dir='ltr'><strong>et</strong></span> <span class='ocrx_word' id='word_1_493' title='bbox 2565 2601 2842 2655; x_wconf 81' lang='lat' dir='ltr'><strong>adventum</strong></span> <span class='ocrx_word' id='word_1_494' title='bbox 2866 2600 2935 2655; x_wconf 89' lang='lat' dir='ltr'><strong>ad</strong></span> <span class='ocrx_word' id='word_1_495' title='bbox 2962 2617 3054 2656; x_wconf 89' lang='lat' dir='ltr'><strong>nos</strong></span> <span class='ocrx_word' id='word_1_496' title='bbox 3094 2600 3398 2672; x_wconf 84' lang='lat' dir='ltr'><strong>distinguat.</strong></span> <span class='ocrx_word' id='word_1_497' title='bbox 3424 2631 3497 2642; x_wconf 90' lang='lat'><strong>—</strong></span> <span class='ocrx_word' id='word_1_498' title='bbox 3516 2602 3711 2658; x_wconf 79' lang='lat' dir='ltr'><strong>Testa-</strong></span> 
     </span>
    </p>
   </div>
   <div class='ocr_carea' id='block_1_56' title="bbox 2102 2691 3711 2767">
    <p class='ocr_par' dir='ltr' id='par_1_56' title="bbox 2102 2691 3711 2767">
     <span class='ocr_line' id='line_1_56' title="bbox 2102 2691 3711 2767; baseline 0.002 -20"><span class='ocrx_word' id='word_1_499' title='bbox 2102 2700 2190 2747; x_wconf 93' lang='lat' dir='ltr'><strong>tur</strong></span> <span class='ocrx_word' id='word_1_500' title='bbox 2215 2691 2319 2747; x_wconf 90' lang='lat' dir='ltr'><strong>hoc</strong></span> <span class='ocrx_word' id='word_1_501' title='bbox 2347 2691 2601 2748; x_wconf 89' lang='lat' dir='ltr'><strong>Dominus</strong></span> <span class='ocrx_word' id='word_1_502' title='bbox 2623 2691 2812 2748; x_wconf 90' lang='lat' dir='ltr'><strong>dicens</strong></span> <span class='ocrx_word' id='word_1_503' title='bbox 2845 2711 2859 2748; x_wconf 91' lang='lat'><strong>:</strong></span> <span class='ocrx_word' id='word_1_504' title='bbox 2894 2692 3020 2748; x_wconf 87' lang='lat' dir='ltr'><strong>Non</strong></span> <span class='ocrx_word' id='word_1_505' title='bbox 3050 2692 3217 2749; x_wconf 87' lang='lat' dir='ltr'><strong>dicam</strong></span> <span class='ocrx_word' id='word_1_506' title='bbox 3264 2695 3436 2761; x_wconf 81' lang='lat' dir='ltr'><strong>vobis,</strong></span> <span class='ocrx_word' id='word_1_507' title='bbox 3468 2696 3711 2767; x_wconf 83' lang='lat' dir='ltr'><strong>quoniam</strong></span> 
     </span>
    </p>
   </div>
   <div class='ocr_carea' id='block_1_57' title="bbox 2103 2784 3715 2858">
    <p class='ocr_par' dir='ltr' id='par_1_57' title="bbox 2103 2784 3715 2858">
     <span class='ocr_line' id='line_1_57' title="bbox 2103 2784 3715 2858; baseline 0.004 -17"><span class='ocrx_word' id='word_1_508' title='bbox 2103 2802 2194 2857; x_wconf 89' lang='lat' dir='ltr'><strong>ego</strong></span> <span class='ocrx_word' id='word_1_509' title='bbox 2220 2784 2410 2858; x_wconf 87' lang='lat' dir='ltr'><strong>rogabo</strong></span> <span class='ocrx_word' id='word_1_510' title='bbox 2438 2785 2648 2841; x_wconf 83' lang='lat' dir='ltr'><strong>Patrem</strong></span> <span class='ocrx_word' id='word_1_511' title='bbox 2675 2803 2769 2858; x_wconf 86' lang='lat' dir='ltr'><strong>pro</strong></span> <span class='ocrx_word' id='word_1_512' title='bbox 2796 2788 2937 2843; x_wconf 86' lang='lat' dir='ltr'><strong>vobis</strong></span> <span class='ocrx_word' id='word_1_513' title='bbox 2992 2803 3006 2842; x_wconf 90' lang='lat'><strong>:</strong></span> <span class='ocrx_word' id='word_1_514' title='bbox 3060 2789 3171 2858; x_wconf 88' lang='lat' dir='ltr'><strong>ipse</strong></span> <span class='ocrx_word' id='word_1_515' title='bbox 3217 2790 3355 2843; x_wconf 85' lang='lat' dir='ltr'><strong>enim</strong></span> <span class='ocrx_word' id='word_1_516' title='bbox 3385 2788 3546 2845; x_wconf 82' lang='lat' dir='ltr'><strong>Pater</strong></span> <span class='ocrx_word' id='word_1_517' title='bbox 3572 2803 3715 2847; x_wconf 85' lang='lat' dir='ltr'><strong>amat</strong></span> 
     </span>
    </p>
   </div>
   <div class='ocr_carea' id='block_1_58' title="bbox 2102 2879 3714 2956">
    <p class='ocr_par' dir='ltr' id='par_1_58' title="bbox 2102 2879 3714 2956">
     <span class='ocr_line' id='line_1_58' title="bbox 2102 2879 3714 2956; baseline 0.004 -24"><span class='ocrx_word' id='word_1_518' title='bbox 2102 2894 2189 2933; x_wconf 87' lang='lat' dir='ltr'><strong>vos</strong></span> <span class='ocrx_word' id='word_1_519' title='bbox 2208 2920 2221 2945; x_wconf 96' lang='lat'><strong>,</strong></span> <span class='ocrx_word' id='word_1_520' title='bbox 2247 2879 2488 2949; x_wconf 86' lang='lat' dir='ltr'><strong>quoniam</strong></span> <span class='ocrx_word' id='word_1_521' title='bbox 2517 2896 2602 2934; x_wconf 87' lang='lat' dir='ltr'><strong>vos</strong></span> <span class='ocrx_word' id='word_1_522' title='bbox 2625 2896 2704 2934; x_wconf 85' lang='lat' dir='ltr'><strong>nte</strong></span> <span class='ocrx_word' id='word_1_523' title='bbox 2729 2881 2933 2948; x_wconf 87' lang='lat' dir='ltr'><strong>amatis,</strong></span> <span class='ocrx_word' id='word_1_524' title='bbox 2971 2889 3018 2935; x_wconf 89' lang='lat' dir='ltr'><strong>et</strong></span> <span class='ocrx_word' id='word_1_525' title='bbox 3043 2880 3253 2935; x_wconf 86' lang='lat' dir='ltr'><strong>creditis</strong></span> <span class='ocrx_word' id='word_1_526' title='bbox 3281 2883 3526 2951; x_wconf 86' lang='lat' dir='ltr'><strong>quoniam</strong></span> <span class='ocrx_word' id='word_1_527' title='bbox 3548 2898 3640 2956; x_wconf 86' lang='lat' dir='ltr'><strong>ego</strong></span> <span class='ocrx_word' id='word_1_528' title='bbox 3681 2900 3714 2939; x_wconf 92' lang='lat' dir='ltr'><strong>a</strong></span> 
     </span>
    </p>
   </div>
   <div class='ocr_carea' id='block_1_59' title="bbox 2103 2970 3704 3047">
    <p class='ocr_par' dir='ltr' id='par_1_59' title="bbox 2103 2970 3704 3047">
     <span class='ocr_line' id='line_1_59' title="bbox 2103 2970 3704 3047; baseline 0.006 -23"><span class='ocrx_word' id='word_1_529' title='bbox 2103 2970 2213 3027; x_wconf 87' lang='lat' dir='ltr'><strong>Deo</strong></span> <span class='ocrx_word' id='word_1_530' title='bbox 2242 2972 2395 3037; x_wconf 71' lang='lat' dir='ltr'><strong>exivi,</strong></span> <span class='ocrx_word' id='word_1_531' title='bbox 2420 2981 2516 3025; x_wconf 77' lang='grc' dir='ltr'><strong>ειη</strong></span> <span class='ocrx_word' id='word_1_532' title='bbox 2542 2971 2699 3027; x_wconf 86' lang='lat' dir='ltr'><strong>Patre</strong></span> <span class='ocrx_word' id='word_1_533' title='bbox 2723 2973 2835 3027; x_wconf 87' lang='lat' dir='ltr'><strong>veni</strong></span> <span class='ocrx_word' id='word_1_534' title='bbox 2856 2973 2909 3028; x_wconf 88' lang='lat' dir='ltr'><strong>in</strong></span> <span class='ocrx_word' id='word_1_535' title='bbox 2939 2974 3074 3029; x_wconf 84' lang='lat' dir='ltr'><strong>hunc</strong></span> <span class='ocrx_word' id='word_1_536' title='bbox 3102 2975 3351 3030; x_wconf 86' lang='lat' dir='ltr'><strong>mundum</strong></span> <span class='ocrx_word' id='word_1_537' title='bbox 3383 2976 3559 3047; x_wconf 86' lang='lat' dir='ltr'><strong>(Joan.</strong></span> <span class='ocrx_word' id='word_1_538' title='bbox 3594 2990 3704 3045; x_wconf 68' lang='grc' dir='ltr'><strong>ΧΠ,</strong></span> 
     </span>
    </p>
   </div>
   <div class='ocr_carea' id='block_1_60' title="bbox 2100 3064 3709 3136">
    <p class='ocr_par' dir='ltr' id='par_1_60' title="bbox 2100 3064 3709 3136">
     <span class='ocr_line' id='line_1_60' title="bbox 2100 3064 3709 3136; baseline 0.006 -16"><span class='ocrx_word' id='word_1_539' title='bbox 2100 3066 2170 3120; x_wconf 74' lang='grc'><strong>27</strong></span> <span class='ocrx_word' id='word_1_540' title='bbox 2191 3076 2238 3122; x_wconf 89' lang='lat' dir='ltr'><strong>et</strong></span> <span class='ocrx_word' id='word_1_541' title='bbox 2264 3065 2380 3136; x_wconf 74' lang='grc'><strong>28).</strong></span> <span class='ocrx_word' id='word_1_542' title='bbox 2395 3064 2555 3122; x_wconf 87' lang='lat' dir='ltr'><strong>Caret</strong></span> <span class='ocrx_word' id='word_1_543' title='bbox 2571 3067 2710 3136; x_wconf 89' lang='lat' dir='ltr'><strong>apud</strong></span> <span class='ocrx_word' id='word_1_544' title='bbox 2725 3068 2939 3124; x_wconf 85' lang='lat' dir='ltr'><strong>Patrem</strong></span> <span class='ocrx_word' id='word_1_545' title='bbox 2968 3070 3370 3126; x_wconf 78' lang='lat' dir='ltr'><strong>intercessimtis</strong></span> <span class='ocrx_word' id='word_1_546' title='bbox 3387 3073 3709 3130; x_wconf 83' lang='lat' dir='ltr'><strong>necessitate</strong></span> 
     </span>
    </p>
   </div>
   <div class='ocr_carea' id='block_1_61' title="bbox 2102 3158 3703 3232">
    <p class='ocr_par' dir='ltr' id='par_1_61' title="bbox 2102 3158 3703 3232">
     <span class='ocr_line' id='line_1_61' title="bbox 2102 3158 3703 3232; baseline 0.004 -17"><span class='ocrx_word' id='word_1_547' title='bbox 2102 3158 2340 3229; x_wconf 79' lang='lat' dir='ltr'><strong>perfecta</strong></span> <span class='ocrx_word' id='word_1_548' title='bbox 2368 3158 2436 3214; x_wconf 89' lang='lat' dir='ltr'><strong>de</strong></span> <span class='ocrx_word' id='word_1_549' title='bbox 2464 3158 2606 3215; x_wconf 87' lang='lat' dir='ltr'><strong>Filio</strong></span> <span class='ocrx_word' id='word_1_550' title='bbox 2629 3160 2798 3228; x_wconf 89' lang='lat' dir='ltr'><strong>ﬁdes,</strong></span> <span class='ocrx_word' id='word_1_551' title='bbox 2831 3176 2951 3232; x_wconf 74' lang='lat' dir='ltr'><strong>qua:</strong></span> <span class='ocrx_word' id='word_1_552' title='bbox 2972 3162 3116 3232; x_wconf 87' lang='lat' dir='ltr'><strong>quod</strong></span> <span class='ocrx_word' id='word_1_553' title='bbox 3146 3179 3175 3217; x_wconf 88' lang='lat' dir='ltr'><strong>a</strong></span> <span class='ocrx_word' id='word_1_554' title='bbox 3204 3164 3315 3219; x_wconf 88' lang='lat' dir='ltr'><strong>Deo</strong></span> <span class='ocrx_word' id='word_1_555' title='bbox 3344 3165 3537 3220; x_wconf 78' lang='lat' dir='ltr'><strong>exierit</strong></span> <span class='ocrx_word' id='word_1_556' title='bbox 3579 3178 3703 3222; x_wconf 85' lang='lat' dir='ltr'><strong>crc-</strong></span> 
     </span>
    </p>
   </div>
   <div class='ocr_carea' id='block_1_62' title="bbox 396 3250 3715 3326">
    <p class='ocr_par' dir='ltr' id='par_1_62' title="bbox 396 3250 3715 3326">
     <span class='ocr_line' id='line_1_62' title="bbox 396 3250 3715 3326; baseline 0 -12"><span class='ocrx_word' id='word_1_557' title='bbox 581 3256 880 3323; x_wconf 89' lang='lat' dir='ltr'><strong>Omnibus,</strong></span> <span class='ocrx_word' id='word_1_558' title='bbox 918 3254 1114 3326; x_wconf 88' lang='lat' dir='ltr'><strong>quibus</strong></span> <span class='ocrx_word' id='word_1_559' title='bbox 1155 3269 1249 3324; x_wconf 91' lang='lat' dir='ltr'><strong>per</strong></span> <span class='ocrx_word' id='word_1_560' title='bbox 1294 3252 1455 3308; x_wconf 90' lang='lat' dir='ltr'><strong>ﬁdem</strong></span> <span class='ocrx_word' id='word_1_561' title='bbox 1498 3252 1639 3308; x_wconf 91' lang='lat' dir='ltr'><strong>Deus</strong></span> <span class='ocrx_word' id='word_1_562' title='bbox 1683 3262 1833 3323; x_wconf 86' lang='lat' dir='ltr'><strong>pater</strong></span> <span class='ocrx_word' id='word_1_563' title='bbox 1881 3262 1965 3307; x_wconf 89' lang='lat' dir='ltr'><strong>est</strong></span> <span class='ocrx_word' id='word_1_564' title='bbox 1985 3293 2000 3318; x_wconf 89' lang='lat'><strong>,</strong></span> <span class='ocrx_word' id='word_1_565' title='bbox 2029 3251 2074 3314; x_wconf 91' lang='lat' dir='ltr'><strong>C</strong></span> <span class='ocrx_word' id='word_1_566' title='bbox 2109 3250 2203 3307; x_wconf 87' lang='lat' dir='ltr'><strong>dat</strong></span> <span class='ocrx_word' id='word_1_567' title='bbox 2230 3259 2393 3321; x_wconf 84' lang='lat' dir='ltr'><strong>atque</strong></span> <span class='ocrx_word' id='word_1_568' title='bbox 2414 3260 2559 3307; x_wconf 90' lang='lat' dir='ltr'><strong>amet</strong></span> <span class='ocrx_word' id='word_1_569' title='bbox 2586 3270 2598 3308; x_wconf 89' lang='lat'><strong>:</strong></span> <span class='ocrx_word' id='word_1_570' title='bbox 2625 3262 2681 3308; x_wconf 92' lang='lat' dir='ltr'><strong>et</strong></span> <span class='ocrx_word' id='word_1_571' title='bbox 2711 3268 2809 3322; x_wconf 87' lang='lat' dir='ltr'><strong>per</strong></span> <span class='ocrx_word' id='word_1_572' title='bbox 2833 3269 2891 3308; x_wconf 84' lang='lat' dir='ltr'><strong>se</strong></span> <span class='ocrx_word' id='word_1_573' title='bbox 2915 3255 3028 3324; x_wconf 90' lang='lat' dir='ltr'><strong>ipsa</strong></span> <span class='ocrx_word' id='word_1_574' title='bbox 3049 3257 3159 3325; x_wconf 90' lang='lat' dir='ltr'><strong>jam</strong></span> <span class='ocrx_word' id='word_1_575' title='bbox 3182 3264 3237 3311; x_wconf 91' lang='lat' dir='ltr'><strong>et</strong></span> <span class='ocrx_word' id='word_1_576' title='bbox 3267 3256 3443 3311; x_wconf 84' lang='lat' dir='ltr'><strong>audiri</strong></span> <span class='ocrx_word' id='word_1_577' title='bbox 3472 3266 3715 3315; x_wconf 89' lang='lat' dir='ltr'><strong>meretur</strong></span> 
     </span>
    </p>
   </div>
   <div class='ocr_carea' id='block_1_63' title="bbox 401 3344 2004 3424">
    <p class='ocr_par' dir='ltr' id='par_1_63' title="bbox 401 3344 2004 3424">
     <span class='ocr_line' id='line_1_63' title="bbox 401 3344 2004 3424; baseline -0.004 -17"><span class='ocrx_word' id='word_1_578' title='bbox 401 3368 496 3424; x_wconf 84' lang='lat' dir='ltr'><strong>per</strong></span> <span class='ocrx_word' id='word_1_579' title='bbox 521 3367 641 3407; x_wconf 89' lang='lat' dir='ltr'><strong>eam</strong></span> <span class='ocrx_word' id='word_1_580' title='bbox 668 3350 827 3406; x_wconf 89' lang='lat' dir='ltr'><strong>ﬁdem</strong></span> <span class='ocrx_word' id='word_1_581' title='bbox 857 3356 1010 3420; x_wconf 87' lang='lat' dir='ltr'><strong>pater</strong></span> <span class='ocrx_word' id='word_1_582' title='bbox 1039 3356 1155 3414; x_wconf 87' lang='lat' dir='ltr'><strong>est,</strong></span> <span class='ocrx_word' id='word_1_583' title='bbox 1184 3361 1289 3418; x_wconf 90' lang='lat' dir='ltr'><strong>qua</strong></span> <span class='ocrx_word' id='word_1_584' title='bbox 1310 3346 1495 3402; x_wconf 84' lang='lat' dir='ltr'><strong>Jesum</strong></span> <span class='ocrx_word' id='word_1_585' title='bbox 1518 3344 1790 3401; x_wconf 87' lang='lat' dir='ltr'><strong>Christum</strong></span> <span class='ocrx_word' id='word_1_586' title='bbox 1824 3345 1913 3400; x_wconf 91' lang='lat' dir='ltr'><strong>Dei</strong></span> <span class='ocrx_word' id='word_1_587' title='bbox 1943 3344 2004 3400; x_wconf 88' lang='lat' dir='ltr'><strong>ﬁ-</strong></span> 
     </span>
    </p>
   </div>
   <div class='ocr_carea' id='block_1_64' title="bbox 399 3439 2001 3503">
    <p class='ocr_par' dir='ltr' id='par_1_64' title="bbox 399 3439 2001 3503">
     <span class='ocr_line' id='line_1_64' title="bbox 399 3439 2001 3503; baseline -0.004 -2"><span class='ocrx_word' id='word_1_588' title='bbox 399 3446 531 3503; x_wconf 86' lang='lat' dir='ltr'><strong>lium</strong></span> <span class='ocrx_word' id='word_1_589' title='bbox 556 3443 897 3501; x_wconf 88' lang='lat' dir='ltr'><strong>conﬁtemur.</strong></span> <span class='ocrx_word' id='word_1_590' title='bbox 953 3440 1208 3497; x_wconf 87' lang='lat' dir='ltr'><strong>Conliteri</strong></span> <span class='ocrx_word' id='word_1_591' title='bbox 1263 3451 1443 3497; x_wconf 90' lang='lat' dir='ltr'><strong>autem</strong></span> <span class='ocrx_word' id='word_1_592' title='bbox 1496 3439 1666 3494; x_wconf 87' lang='lat' dir='ltr'><strong>ﬁlium</strong></span> <span class='ocrx_word' id='word_1_593' title='bbox 1706 3439 2001 3496; x_wconf 88' lang='lat' dir='ltr'><strong>secundum</strong></span> 
     </span>
    </p>
   </div>
   <div class='ocr_carea' id='block_1_65' title="bbox 395 3532 2005 3611">
    <p class='ocr_par' dir='ltr' id='par_1_65' title="bbox 395 3532 2005 3611">
     <span class='ocr_line' id='line_1_65' title="bbox 395 3532 2005 3611; baseline -0.004 -18"><span class='ocrx_word' id='word_1_594' title='bbox 395 3538 653 3611; x_wconf 87' lang='lat' dir='ltr'><strong>generale</strong></span> <span class='ocrx_word' id='word_1_595' title='bbox 676 3546 987 3593; x_wconf 88' lang='lat' dir='ltr'><strong>sanctorum</strong></span> <span class='ocrx_word' id='word_1_596' title='bbox 1014 3549 1230 3598; x_wconf 89' lang='lat' dir='ltr'><strong>nomen,</strong></span> <span class='ocrx_word' id='word_1_597' title='bbox 1255 3534 1383 3606; x_wconf 88' lang='lat' dir='ltr'><strong>quid</strong></span> <span class='ocrx_word' id='word_1_598' title='bbox 1405 3532 1568 3589; x_wconf 90' lang='lat' dir='ltr'><strong>habet</strong></span> <span class='ocrx_word' id='word_1_599' title='bbox 1597 3532 1742 3601; x_wconf 88' lang='lat' dir='ltr'><strong>ﬁdei,</strong></span> <span class='ocrx_word' id='word_1_600' title='bbox 1774 3542 1830 3588; x_wconf 94' lang='lat' dir='ltr'><strong>ut</strong></span> <span class='ocrx_word' id='word_1_601' title='bbox 1858 3532 2005 3589; x_wconf 84' lang='lat' dir='ltr'><strong>dica-</strong></span> 
     </span>
    </p>
   </div>
   <div class='ocr_carea' id='block_1_66' title="bbox 398 3627 2004 3699">
    <p class='ocr_par' dir='ltr' id='par_1_66' title="bbox 398 3627 2004 3699">
     <span class='ocr_line' id='line_1_66' title="bbox 398 3627 2004 3699; baseline -0.001 -13"><span class='ocrx_word' id='word_1_602' title='bbox 398 3645 559 3697; x_wconf 82' lang='lat' dir='ltr'><strong>mus,</strong></span> <span class='ocrx_word' id='word_1_603' title='bbox 588 3627 739 3686; x_wconf 87' lang='lat' dir='ltr'><strong>Unus</strong></span> <span class='ocrx_word' id='word_1_604' title='bbox 788 3644 854 3685; x_wconf 82' lang='lat' dir='ltr'><strong>ex</strong></span> <span class='ocrx_word' id='word_1_605' title='bbox 885 3627 1007 3683; x_wconf 87' lang='lat' dir='ltr'><strong>ﬁliis</strong></span> <span class='ocrx_word' id='word_1_606' title='bbox 1034 3628 1152 3685; x_wconf 89' lang='lat' dir='ltr'><strong>est?</strong></span> <span class='ocrx_word' id='word_1_607' title='bbox 1174 3627 1280 3685; x_wconf 89' lang='lat' dir='ltr'><strong>Sed</strong></span> <span class='ocrx_word' id='word_1_608' title='bbox 1324 3628 1583 3699; x_wconf 85' lang='lat' dir='ltr'><strong>numquid</strong></span> <span class='ocrx_word' id='word_1_609' title='bbox 1638 3638 1692 3683; x_wconf 92' lang='lat' dir='ltr'><strong>et</strong></span> <span class='ocrx_word' id='word_1_610' title='bbox 1735 3629 1920 3684; x_wconf 67' lang='lat' dir='ltr'><strong>caeteri</strong></span> <span class='ocrx_word' id='word_1_611' title='bbox 1948 3628 2004 3685; x_wconf 90' lang='lat' dir='ltr'><strong>in</strong></span> 
     </span>
    </p>
   </div>
   <div class='ocr_carea' id='block_1_67' title="bbox 396 3720 2001 3792">
    <p class='ocr_par' dir='ltr' id='par_1_67' title="bbox 396 3720 2001 3792">
     <span class='ocr_line' id='line_1_67' title="bbox 396 3720 2001 3792; baseline 0.001 -15"><span class='ocrx_word' id='word_1_612' title='bbox 396 3722 503 3778; x_wconf 89' lang='lat' dir='ltr'><strong>hac</strong></span> <span class='ocrx_word' id='word_1_613' title='bbox 524 3734 787 3778; x_wconf 77' lang='lat' dir='ltr'><strong>creatura:</strong></span> <span class='ocrx_word' id='word_1_614' title='bbox 813 3736 923 3777; x_wconf 67' lang='lat' dir='ltr'><strong>suae</strong></span> <span class='ocrx_word' id='word_1_615' title='bbox 950 3720 1260 3777; x_wconf 87' lang='lat' dir='ltr'><strong>inﬁrmitate</strong></span> <span class='ocrx_word' id='word_1_616' title='bbox 1286 3736 1394 3776; x_wconf 90' lang='lat' dir='ltr'><strong>non</strong></span> <span class='ocrx_word' id='word_1_617' title='bbox 1442 3720 1539 3777; x_wconf 86' lang='lat' dir='ltr'><strong>lilii</strong></span> <span class='ocrx_word' id='word_1_618' title='bbox 1566 3721 1738 3777; x_wconf 86' lang='lat' dir='ltr'><strong>sunt?</strong></span> <span class='ocrx_word' id='word_1_619' title='bbox 1781 3721 1841 3776; x_wconf 89' lang='lat' dir='ltr'><strong>In</strong></span> <span class='ocrx_word' id='word_1_620' title='bbox 1895 3738 2001 3792; x_wconf 87' lang='lat' dir='ltr'><strong>quo</strong></span> 
     </span>
    </p>
   </div>
   <div class='ocr_carea' id='block_1_68' title="bbox 398 3813 2005 3887">
    <p class='ocr_par' dir='ltr' id='par_1_68' title="bbox 398 3813 2005 3887">
     <span class='ocr_line' id='line_1_68' title="bbox 398 3813 2005 3887; baseline -0.001 -15"><span class='ocrx_word' id='word_1_621' title='bbox 398 3831 531 3887; x_wconf 85' lang='lat' dir='ltr'><strong>ergo</strong></span> <span class='ocrx_word' id='word_1_622' title='bbox 556 3814 729 3871; x_wconf 91' lang='lat' dir='ltr'><strong>ﬁlium</strong></span> <span class='ocrx_word' id='word_1_623' title='bbox 755 3813 853 3871; x_wconf 88' lang='lat' dir='ltr'><strong>Dei</strong></span> <span class='ocrx_word' id='word_1_624' title='bbox 870 3814 1058 3872; x_wconf 68' lang='lat' dir='ltr'><strong>Iesum</strong></span> <span class='ocrx_word' id='word_1_625' title='bbox 1087 3814 1359 3871; x_wconf 80' lang='lat' dir='ltr'><strong>Christum</strong></span> <span class='ocrx_word' id='word_1_626' title='bbox 1416 3813 1552 3869; x_wconf 90' lang='lat' dir='ltr'><strong>ﬁdes</strong></span> <span class='ocrx_word' id='word_1_627' title='bbox 1592 3813 1839 3871; x_wconf 77' lang='lat' dir='ltr'><strong>confessa&quot;</strong></span> <span class='ocrx_word' id='word_1_628' title='bbox 1866 3830 2005 3886; x_wconf 67' lang='lat' dir='ltr'><strong>prce—</strong></span> 
     </span>
    </p>
   </div>
   <div class='ocr_carea' id='block_1_69' title="bbox 396 3908 2001 3980">
    <p class='ocr_par' dir='ltr' id='par_1_69' title="bbox 396 3908 2001 3980">
     <span class='ocr_line' id='line_1_69' title="bbox 396 3908 2001 3980; baseline -0.002 -13"><span class='ocrx_word' id='word_1_629' title='bbox 396 3909 580 3979; x_wconf 87' lang='lat' dir='ltr'><strong>cellit,</strong></span> <span class='ocrx_word' id='word_1_630' title='bbox 604 3925 727 3965; x_wconf 92' lang='lat' dir='ltr'><strong>cum</strong></span> <span class='ocrx_word' id='word_1_631' title='bbox 755 3909 808 3965; x_wconf 89' lang='lat' dir='ltr'><strong>ei</strong></span> <span class='ocrx_word' id='word_1_632' title='bbox 823 3908 903 3980; x_wconf 71' lang='grc' dir='ltr'>(Δ)</span> <span class='ocrx_word' id='word_1_633' title='bbox 930 3908 1227 3966; x_wconf 88' lang='lat' dir='ltr'><strong>secundum</strong></span> <span class='ocrx_word' id='word_1_634' title='bbox 1255 3908 1424 3976; x_wconf 88' lang='lat' dir='ltr'><strong>ﬁlios,</strong></span> <span class='ocrx_word' id='word_1_635' title='bbox 1457 3908 1557 3965; x_wconf 89' lang='lat' dir='ltr'><strong>ﬁlii</strong></span> <span class='ocrx_word' id='word_1_636' title='bbox 1604 3923 1713 3964; x_wconf 94' lang='lat' dir='ltr'><strong>non</strong></span> <span class='ocrx_word' id='word_1_637' title='bbox 1769 3919 1961 3965; x_wconf 89' lang='lat' dir='ltr'><strong>natura</strong></span> <span class='ocrx_word' id='word_1_638' title='bbox 1984 3950 2001 3977; x_wconf 95' lang='lat'><strong>,</strong></span> 
     </span>
    </p>
   </div>
   <div class='ocr_carea' id='block_1_70' title="bbox 398 4002 2003 4077">
    <p class='ocr_par' dir='ltr' id='par_1_70' title="bbox 398 4002 2003 4077">
     <span class='ocr_line' id='line_1_70' title="bbox 398 4002 2003 4077; baseline -0.002 -15"><span class='ocrx_word' id='word_1_639' title='bbox 398 4006 505 4062; x_wconf 77' lang='lat' dir='ltr'><strong>sed</strong></span> <span class='ocrx_word' id='word_1_640' title='bbox 530 4020 727 4061; x_wconf 82' lang='lat' dir='ltr'><strong>nomen</strong></span> <span class='ocrx_word' id='word_1_641' title='bbox 750 4004 855 4060; x_wconf 79' lang='lat' dir='ltr'><strong>sit?</strong></span> <span class='ocrx_word' id='word_1_642' title='bbox 880 4002 1152 4061; x_wconf 88' lang='lat' dir='ltr'><strong>Christum</strong></span> <span class='ocrx_word' id='word_1_643' title='bbox 1184 4004 1404 4074; x_wconf 88' lang='lat' dir='ltr'><strong>perﬁdia</strong></span> <span class='ocrx_word' id='word_1_644' title='bbox 1418 4002 1520 4059; x_wconf 88' lang='lat' dir='ltr'><strong>ista</strong></span> <span class='ocrx_word' id='word_1_645' title='bbox 1549 4018 1654 4059; x_wconf 91' lang='lat' dir='ltr'><strong>non</strong></span> <span class='ocrx_word' id='word_1_646' title='bbox 1678 4003 1880 4074; x_wconf 81' lang='lat' dir='ltr'><strong>diligit,</strong></span> <span class='ocrx_word' id='word_1_647' title='bbox 1921 4002 2003 4077; x_wconf 83' lang='grc'><strong>(1)</strong></span> 
     </span>
    </p>
   </div>
   <div class='ocr_carea' id='block_1_71' title="bbox 401 4094 2005 4167">
    <p class='ocr_par' dir='ltr' id='par_1_71' title="bbox 401 4094 2005 4167">
     <span class='ocr_line' id='line_1_71' title="bbox 401 4094 2005 4167; baseline -0.002 -14"><span class='ocrx_word' id='word_1_648' title='bbox 401 4112 507 4153; x_wconf 88' lang='lat' dir='ltr'><strong>nec</strong></span> <span class='ocrx_word' id='word_1_649' title='bbox 537 4096 652 4152; x_wconf 59' lang='lat' dir='ltr'><strong>haec</strong></span> <span class='ocrx_word' id='word_1_650' title='bbox 691 4096 855 4167; x_wconf 88' lang='lat' dir='ltr'><strong>impia</strong></span> <span class='ocrx_word' id='word_1_651' title='bbox 881 4094 1148 4167; x_wconf 80' lang='lat' dir='ltr'><strong>professio</strong></span> <span class='ocrx_word' id='word_1_652' title='bbox 1179 4096 1264 4166; x_wconf 88' lang='lat' dir='ltr'><strong>pie</strong></span> <span class='ocrx_word' id='word_1_653' title='bbox 1291 4095 1396 4150; x_wconf 88' lang='lat' dir='ltr'><strong>sibi</strong></span> <span class='ocrx_word' id='word_1_654' title='bbox 1449 4095 1679 4151; x_wconf 89' lang='lat' dir='ltr'><strong>assumit</strong></span> <span class='ocrx_word' id='word_1_655' title='bbox 1718 4097 1884 4151; x_wconf 91' lang='lat' dir='ltr'><strong>Deum</strong></span> <span class='ocrx_word' id='word_1_656' title='bbox 1910 4112 2005 4166; x_wconf 86' lang='lat' dir='ltr'><strong>pa-</strong></span> 
     </span>
    </p>
   </div>
   <div class='ocr_carea' id='block_1_72' title="bbox 404 4186 2003 4260">
    <p class='ocr_par' dir='ltr' id='par_1_72' title="bbox 404 4186 2003 4260">
     <span class='ocr_line' id='line_1_72' title="bbox 404 4186 2003 4260; baseline 0.001 -16"><span class='ocrx_word' id='word_1_657' title='bbox 404 4200 563 4245; x_wconf 89' lang='lat' dir='ltr'><strong>trem:</strong></span> <span class='ocrx_word' id='word_1_658' title='bbox 578 4190 703 4260; x_wconf 89' lang='lat' dir='ltr'><strong>quia</strong></span> <span class='ocrx_word' id='word_1_659' title='bbox 715 4188 762 4243; x_wconf 88' lang='lat' dir='ltr'><strong>si</strong></span> <span class='ocrx_word' id='word_1_660' title='bbox 774 4188 876 4243; x_wconf 88' lang='lat' dir='ltr'><strong>sibi</strong></span> <span class='ocrx_word' id='word_1_661' title='bbox 891 4198 1041 4258; x_wconf 90' lang='lat' dir='ltr'><strong>pater</strong></span> <span class='ocrx_word' id='word_1_662' title='bbox 1057 4188 1194 4244; x_wconf 89' lang='lat' dir='ltr'><strong>Deus</strong></span> <span class='ocrx_word' id='word_1_663' title='bbox 1209 4186 1653 4254; x_wconf 82' lang='lat' dir='ltr'><strong>eSSet,Christum</strong></span> <span class='ocrx_word' id='word_1_664' title='bbox 1668 4189 1737 4243; x_wconf 93' lang='lat' dir='ltr'><strong>ob</strong></span> <span class='ocrx_word' id='word_1_665' title='bbox 1751 4188 1803 4242; x_wconf 91' lang='lat' dir='ltr'><strong>id</strong></span> <span class='ocrx_word' id='word_1_666' title='bbox 1818 4188 2003 4258; x_wconf 86' lang='lat' dir='ltr'><strong>dilige-</strong></span> 
     </span>
    </p>
   </div>
   <div class='ocr_carea' id='block_1_73' title="bbox 403 4279 2008 4351">
    <p class='ocr_par' dir='ltr' id='par_1_73' title="bbox 403 4279 2008 4351">
     <span class='ocr_line' id='line_1_73' title="bbox 403 4279 2008 4351; baseline -0.002 -14"><span class='ocrx_word' id='word_1_667' title='bbox 403 4291 546 4346; x_wconf 88' lang='lat' dir='ltr'><strong>rent,</strong></span> <span class='ocrx_word' id='word_1_668' title='bbox 565 4281 689 4351; x_wconf 91' lang='lat' dir='ltr'><strong>quia</strong></span> <span class='ocrx_word' id='word_1_669' title='bbox 702 4279 896 4336; x_wconf 79' lang='lat' dir='ltr'><strong>exisset</strong></span> <span class='ocrx_word' id='word_1_670' title='bbox 913 4298 976 4335; x_wconf 77' lang='lat' dir='ltr'><strong>ex</strong></span> <span class='ocrx_word' id='word_1_671' title='bbox 995 4280 1320 4336; x_wconf 76' lang='lat' dir='ltr'><strong>Deo.Exisse</strong></span> <span class='ocrx_word' id='word_1_672' title='bbox 1341 4296 1407 4336; x_wconf 75' lang='lat' dir='ltr'><strong>ex</strong></span> <span class='ocrx_word' id='word_1_673' title='bbox 1426 4281 1533 4335; x_wconf 88' lang='lat' dir='ltr'><strong>Deo</strong></span> <span class='ocrx_word' id='word_1_674' title='bbox 1546 4280 1671 4350; x_wconf 89' lang='lat' dir='ltr'><strong>quid</strong></span> <span class='ocrx_word' id='word_1_675' title='bbox 1692 4280 2008 4349; x_wconf 90' lang='lat' dir='ltr'><strong>sitrequiro.</strong></span> 
     </span>
    </p>
   </div>
   <div class='ocr_carea' id='block_1_74' title="bbox 402 4372 2015 4443">
    <p class='ocr_par' dir='ltr' id='par_1_74' title="bbox 402 4372 2015 4443">
     <span class='ocr_line' id='line_1_74' title="bbox 402 4372 2015 4443; baseline 0.001 -15"><span class='ocrx_word' id='word_1_676' title='bbox 402 4372 523 4429; x_wconf 84' lang='lat' dir='ltr'><strong>Non</strong></span> <span class='ocrx_word' id='word_1_677' title='bbox 575 4372 759 4443; x_wconf 87' lang='lat' dir='ltr'><strong>utique</strong></span> <span class='ocrx_word' id='word_1_678' title='bbox 809 4373 915 4429; x_wconf 88' lang='lat' dir='ltr'><strong>dici</strong></span> <span class='ocrx_word' id='word_1_679' title='bbox 962 4382 1155 4442; x_wconf 90' lang='lat' dir='ltr'><strong>potest,</strong></span> <span class='ocrx_word' id='word_1_680' title='bbox 1193 4373 1245 4429; x_wconf 89' lang='lat' dir='ltr'><strong>id</strong></span> <span class='ocrx_word' id='word_1_681' title='bbox 1279 4375 1451 4443; x_wconf 74' lang='lat' dir='ltr'><strong>ipsum</strong></span> <span class='ocrx_word' id='word_1_682' title='bbox 1495 4386 1615 4427; x_wconf 87' lang='lat' dir='ltr'><strong>esse</strong></span> <span class='ocrx_word' id='word_1_683' title='bbox 1655 4389 1683 4427; x_wconf 89' lang='lat' dir='ltr'><strong>a</strong></span> <span class='ocrx_word' id='word_1_684' title='bbox 1711 4372 1820 4428; x_wconf 89' lang='lat' dir='ltr'><strong>Deo</strong></span> <span class='ocrx_word' id='word_1_685' title='bbox 1837 4373 2015 4429; x_wconf 82' lang='lat' dir='ltr'><strong>exisse</strong></span> 
     </span>
    </p>
   </div>
   <div class='ocr_carea' id='block_1_75' title="bbox 406 4464 2019 4539">
    <p class='ocr_par' dir='ltr' id='par_1_75' title="bbox 406 4464 2019 4539">
     <span class='ocr_line' id='line_1_75' title="bbox 406 4464 2019 4539; baseline 0.001 -19"><span class='ocrx_word' id='word_1_686' title='bbox 406 4464 487 4537; x_wconf 72' lang='grc' dir='ltr'><strong>(Ξ)</strong></span> <span class='ocrx_word' id='word_1_687' title='bbox 512 4465 611 4539; x_wconf 87' lang='lat' dir='ltr'><strong>(e),</strong></span> <span class='ocrx_word' id='word_1_688' title='bbox 631 4467 773 4537; x_wconf 90' lang='lat' dir='ltr'><strong>quod</strong></span> <span class='ocrx_word' id='word_1_689' title='bbox 791 4474 847 4523; x_wconf 92' lang='lat' dir='ltr'><strong>et</strong></span> <span class='ocrx_word' id='word_1_690' title='bbox 868 4467 1097 4533; x_wconf 83' lang='lat' dir='ltr'><strong>venisse;</strong></span> <span class='ocrx_word' id='word_1_691' title='bbox 1118 4483 1239 4522; x_wconf 91' lang='lat' dir='ltr'><strong>nam</strong></span> <span class='ocrx_word' id='word_1_692' title='bbox 1264 4478 1552 4539; x_wconf 84' lang='lat' dir='ltr'><strong>utrumque</strong></span> <span class='ocrx_word' id='word_1_693' title='bbox 1572 4466 1860 4537; x_wconf 83' lang='lat' dir='ltr'><strong>signiﬁcat:</strong></span> <span class='ocrx_word' id='word_1_694' title='bbox 1881 4466 2019 4533; x_wconf 85' lang='lat' dir='ltr'><strong>Quo-</strong></span> 
     </span>
    </p>
   </div>
   <div class='ocr_carea' id='block_1_76' title="bbox 2107 3346 3697 3420">
    <p class='ocr_par' dir='ltr' id='par_1_76' title="bbox 2107 3346 3697 3420">
     <span class='ocr_line' id='line_1_76' title="bbox 2107 3346 3697 3420; baseline 0.006 -20"><span class='ocrx_word' id='word_1_695' title='bbox 2107 3353 2162 3400; x_wconf 91' lang='lat' dir='ltr'><strong>et</strong></span> <span class='ocrx_word' id='word_1_696' title='bbox 2187 3346 2380 3413; x_wconf 87' lang='lat' dir='ltr'><strong>amari,</strong></span> <span class='ocrx_word' id='word_1_697' title='bbox 2408 3358 2592 3402; x_wconf 86' lang='lat' dir='ltr'><strong>natum</strong></span> <span class='ocrx_word' id='word_1_698' title='bbox 2610 3362 2675 3402; x_wconf 77' lang='lat' dir='ltr'><strong>ex</strong></span> <span class='ocrx_word' id='word_1_699' title='bbox 2708 3346 2821 3403; x_wconf 91' lang='lat' dir='ltr'><strong>Deo</strong></span> <span class='ocrx_word' id='word_1_700' title='bbox 2852 3346 3046 3403; x_wconf 82' lang='lat' dir='ltr'><strong>Filium</strong></span> <span class='ocrx_word' id='word_1_701' title='bbox 3074 3350 3403 3420; x_wconf 90' lang='lat' dir='ltr'><strong>missumque</strong></span> <span class='ocrx_word' id='word_1_702' title='bbox 3428 3350 3697 3410; x_wconf 75' lang='lat' dir='ltr'><strong>confessa.</strong></span> 
     </span>
    </p>
   </div>
   <div class='ocr_carea' id='block_1_77' title="bbox 2107 3436 3711 3511">
    <p class='ocr_par' dir='ltr' id='par_1_77' title="bbox 2107 3436 3711 3511">
     <span class='ocr_line' id='line_1_77' title="bbox 2107 3436 3711 3511; baseline 0.005 -18"><span class='ocrx_word' id='word_1_703' title='bbox 2107 3436 2372 3493; x_wconf 87' lang='lat' dir='ltr'><strong>Nativitas</strong></span> <span class='ocrx_word' id='word_1_704' title='bbox 2427 3439 2609 3511; x_wconf 89' lang='lat' dir='ltr'><strong>itaque</strong></span> <span class='ocrx_word' id='word_1_705' title='bbox 2672 3439 2790 3510; x_wconf 89' lang='lat' dir='ltr'><strong>ejus</strong></span> <span class='ocrx_word' id='word_1_706' title='bbox 2838 3449 2893 3495; x_wconf 89' lang='lat' dir='ltr'><strong>et</strong></span> <span class='ocrx_word' id='word_1_707' title='bbox 2936 3440 3203 3497; x_wconf 83' lang='lat' dir='ltr'><strong>adventus</strong></span> <span class='ocrx_word' id='word_1_708' title='bbox 3244 3443 3550 3498; x_wconf 89' lang='lat' dir='ltr'><strong>ostenditur</strong></span> <span class='ocrx_word' id='word_1_709' title='bbox 3589 3458 3711 3501; x_wconf 88' lang='lat' dir='ltr'><strong>cum</strong></span> 
     </span>
    </p>
   </div>
   <div class='ocr_carea' id='block_1_78' title="bbox 2108 3530 3715 3604">
    <p class='ocr_par' dir='ltr' id='par_1_78' title="bbox 2108 3530 3715 3604">
     <span class='ocr_line' id='line_1_78' title="bbox 2108 3530 3715 3604; baseline 0.003 -18"><span class='ocrx_word' id='word_1_710' title='bbox 2108 3530 2506 3587; x_wconf 86' lang='lat' dir='ltr'><strong>absolutissima</strong></span> <span class='ocrx_word' id='word_1_711' title='bbox 2562 3531 2932 3603; x_wconf 75' lang='lat' dir='ltr'><strong>signiﬁcanda:</strong></span> <span class='ocrx_word' id='word_1_712' title='bbox 2977 3533 3325 3604; x_wconf 84' lang='lat' dir='ltr'><strong>proprietatis</strong></span> <span class='ocrx_word' id='word_1_713' title='bbox 3367 3535 3616 3591; x_wconf 86' lang='lat' dir='ltr'><strong>veritate.</strong></span> <span class='ocrx_word' id='word_1_714' title='bbox 3668 3537 3715 3591; x_wconf 80' lang='grc' dir='ltr'><strong><em>Α</em></strong></span> 
     </span>
    </p>
   </div>
   <div class='ocr_carea' id='block_1_79' title="bbox 2110 3627 3713 3700">
    <p class='ocr_par' dir='ltr' id='par_1_79' title="bbox 2110 3627 3713 3700">
     <span class='ocr_line' id='line_1_79' title="bbox 2110 3627 3713 3700; baseline 0.002 -17"><span class='ocrx_word' id='word_1_715' title='bbox 2110 3629 2222 3684; x_wconf 87' lang='lat' dir='ltr'><strong>Deo</strong></span> <span class='ocrx_word' id='word_1_716' title='bbox 2240 3673 2254 3698; x_wconf 90' lang='lat'><strong>,</strong></span> <span class='ocrx_word' id='word_1_717' title='bbox 2286 3629 2388 3696; x_wconf 89' lang='lat' dir='ltr'><strong>ait,</strong></span> <span class='ocrx_word' id='word_1_718' title='bbox 2423 3629 2588 3696; x_wconf 70' lang='lat' dir='ltr'><strong>exivi;</strong></span> <span class='ocrx_word' id='word_1_719' title='bbox 2613 3643 2684 3685; x_wconf 89' lang='lat' dir='ltr'><strong>ne</strong></span> <span class='ocrx_word' id='word_1_720' title='bbox 2712 3628 2766 3683; x_wconf 91' lang='lat' dir='ltr'><strong>in</strong></span> <span class='ocrx_word' id='word_1_721' title='bbox 2793 3643 2861 3685; x_wconf 90' lang='lat' dir='ltr'><strong>eo</strong></span> <span class='ocrx_word' id='word_1_722' title='bbox 2888 3627 2993 3683; x_wconf 90' lang='lat' dir='ltr'><strong>alia</strong></span> <span class='ocrx_word' id='word_1_723' title='bbox 3012 3644 3172 3700; x_wconf 89' lang='lat' dir='ltr'><strong>quam</strong></span> <span class='ocrx_word' id='word_1_724' title='bbox 3200 3629 3499 3686; x_wconf 85' lang='lat' dir='ltr'><strong>nativitatis</strong></span> <span class='ocrx_word' id='word_1_725' title='bbox 3520 3639 3713 3686; x_wconf 87' lang='lat' dir='ltr'><strong>natura</strong></span> 
     </span>
    </p>
   </div>
   <div class='ocr_carea' id='block_1_80' title="bbox 2108 3724 3710 3789">
    <p class='ocr_par' dir='ltr' id='par_1_80' title="bbox 2108 3724 3710 3789">
     <span class='ocr_line' id='line_1_80' title="bbox 2108 3724 3710 3789; baseline -0.001 -8"><span class='ocrx_word' id='word_1_726' title='bbox 2108 3740 2231 3782; x_wconf 88' lang='lat' dir='ltr'><strong>esse</strong></span> <span class='ocrx_word' id='word_1_727' title='bbox 2252 3725 2693 3787; x_wconf 82' lang='lat' dir='ltr'><strong>existimaretur;</strong></span> <span class='ocrx_word' id='word_1_728' title='bbox 2727 3737 2851 3779; x_wconf 90' lang='lat' dir='ltr'><strong>cum</strong></span> <span class='ocrx_word' id='word_1_729' title='bbox 2883 3724 3034 3779; x_wconf 81' lang='lat' dir='ltr'><strong>exire</strong></span> <span class='ocrx_word' id='word_1_730' title='bbox 3056 3740 3086 3777; x_wconf 77' lang='grc' dir='ltr'><strong>ει</strong></span> <span class='ocrx_word' id='word_1_731' title='bbox 3112 3724 3254 3788; x_wconf 91' lang='lat' dir='ltr'><strong>Deo,</strong></span> <span class='ocrx_word' id='word_1_732' title='bbox 3286 3724 3337 3779; x_wconf 85' lang='lat' dir='ltr'><strong>id</strong></span> <span class='ocrx_word' id='word_1_733' title='bbox 3361 3732 3480 3789; x_wconf 91' lang='lat' dir='ltr'><strong>est,</strong></span> <span class='ocrx_word' id='word_1_734' title='bbox 3512 3739 3577 3779; x_wconf 85' lang='lat' dir='ltr'><strong>ex</strong></span> <span class='ocrx_word' id='word_1_735' title='bbox 3612 3740 3710 3779; x_wconf 75' lang='lat' dir='ltr'><strong>na&#39;~</strong></span> 
     </span>
    </p>
   </div>
   <div class='ocr_carea' id='block_1_81' title="bbox 2108 3814 3707 3889">
    <p class='ocr_par' dir='ltr' id='par_1_81' title="bbox 2108 3814 3707 3889">
     <span class='ocr_line' id='line_1_81' title="bbox 2108 3814 3707 3889; baseline 0 -16"><span class='ocrx_word' id='word_1_736' title='bbox 2108 3819 2317 3874; x_wconf 86' lang='lat' dir='ltr'><strong>tivilate</strong></span> <span class='ocrx_word' id='word_1_737' title='bbox 2350 3818 2682 3885; x_wconf 88' lang='lat' dir='ltr'><strong>subsistere,</strong></span> <span class='ocrx_word' id='word_1_738' title='bbox 2714 3816 2844 3887; x_wconf 88' lang='lat' dir='ltr'><strong>quid</strong></span> <span class='ocrx_word' id='word_1_739' title='bbox 2872 3815 3017 3871; x_wconf 85' lang='lat' dir='ltr'><strong>aliud</strong></span> <span class='ocrx_word' id='word_1_740' title='bbox 3045 3830 3204 3886; x_wconf 86' lang='lat' dir='ltr'><strong>quam</strong></span> <span class='ocrx_word' id='word_1_741' title='bbox 3231 3814 3376 3871; x_wconf 88' lang='lat' dir='ltr'><strong>Deus</strong></span> <span class='ocrx_word' id='word_1_742' title='bbox 3414 3815 3479 3889; x_wconf 73' lang='grc' dir='ltr'><strong>(ἱ)</strong></span> <span class='ocrx_word' id='word_1_743' title='bbox 3498 3819 3707 3886; x_wconf 79' lang='lat' dir='ltr'><strong>posset?</strong></span> 
     </span>
    </p>
   </div>
   <div class='ocr_carea' id='block_1_82' title="bbox 2109 3902 3708 3981">
    <p class='ocr_par' dir='ltr' id='par_1_82' title="bbox 2109 3902 3708 3981">
     <span class='ocr_line' id='line_1_82' title="bbox 2109 3902 3708 3981; baseline 0.001 -17"><span class='ocrx_word' id='word_1_744' title='bbox 2109 3910 2226 3966; x_wconf 79' lang='lat' dir='ltr'><strong>Eta</strong></span> <span class='ocrx_word' id='word_1_745' title='bbox 2248 3908 2423 3976; x_wconf 88' lang='lat' dir='ltr'><strong>Patre,</strong></span> <span class='ocrx_word' id='word_1_746' title='bbox 2448 3909 2641 3981; x_wconf 89' lang='lat' dir='ltr'><strong>inquit,</strong></span> <span class='ocrx_word' id='word_1_747' title='bbox 2660 3910 2774 3963; x_wconf 87' lang='lat' dir='ltr'><strong>veni</strong></span> <span class='ocrx_word' id='word_1_748' title='bbox 2795 3909 2849 3962; x_wconf 88' lang='lat' dir='ltr'><strong>in</strong></span> <span class='ocrx_word' id='word_1_749' title='bbox 2877 3909 3012 3962; x_wconf 84' lang='lat' dir='ltr'><strong>hunc</strong></span> <span class='ocrx_word' id='word_1_750' title='bbox 3040 3908 3309 3964; x_wconf 87' lang='lat' dir='ltr'><strong>mundum.</strong></span> <span class='ocrx_word' id='word_1_751' title='bbox 3334 3906 3404 3964; x_wconf 91' lang='lat' dir='ltr'><strong>Ut</strong></span> <span class='ocrx_word' id='word_1_752' title='bbox 3431 3902 3599 3964; x_wconf 80' lang='lat' dir='ltr'><strong>exitio</strong></span> <span class='ocrx_word' id='word_1_753' title='bbox 3617 3909 3708 3965; x_wconf 86' lang='lat' dir='ltr'><strong>illa</strong></span> 
     </span>
    </p>
   </div>
   <div class='ocr_carea' id='block_1_83' title="bbox 2107 4001 3707 4075">
    <p class='ocr_par' dir='ltr' id='par_1_83' title="bbox 2107 4001 3707 4075">
     <span class='ocr_line' id='line_1_83' title="bbox 2107 4001 3707 4075; baseline 0.001 -15"><span class='ocrx_word' id='word_1_754' title='bbox 2107 4020 2137 4059; x_wconf 91' lang='lat' dir='ltr'><strong>a</strong></span> <span class='ocrx_word' id='word_1_755' title='bbox 2161 4004 2535 4060; x_wconf 85' lang='lat' dir='ltr'><strong>Deonativitas</strong></span> <span class='ocrx_word' id='word_1_756' title='bbox 2556 4001 2850 4075; x_wconf 85' lang='lat' dir='ltr'><strong>signiﬁcata</strong></span> <span class='ocrx_word' id='word_1_757' title='bbox 2873 4016 2993 4058; x_wconf 90' lang='lat' dir='ltr'><strong>esse</strong></span> <span class='ocrx_word' id='word_1_758' title='bbox 3011 4002 3401 4075; x_wconf 87' lang='lat' dir='ltr'><strong>intelligeretur</strong></span> <span class='ocrx_word' id='word_1_759' title='bbox 3430 4017 3494 4060; x_wconf 81' lang='lat' dir='ltr'><strong>ex</strong></span> <span class='ocrx_word' id='word_1_760' title='bbox 3522 4003 3707 4071; x_wconf 84' lang='lat' dir='ltr'><strong>Patre,</strong></span> 
     </span>
    </p>
   </div>
   <div class='ocr_carea' id='block_1_84' title="bbox 2109 4093 3707 4165">
    <p class='ocr_par' dir='ltr' id='par_1_84' title="bbox 2109 4093 3707 4165">
     <span class='ocr_line' id='line_1_84' title="bbox 2109 4093 3707 4165; baseline 0 -13"><span class='ocrx_word' id='word_1_761' title='bbox 2109 4111 2139 4152; x_wconf 93' lang='lat' dir='ltr'><strong>a</strong></span> <span class='ocrx_word' id='word_1_762' title='bbox 2194 4096 2352 4151; x_wconf 75' lang='lat' dir='ltr'><strong>Patre</strong></span> <span class='ocrx_word' id='word_1_763' title='bbox 2400 4111 2460 4153; x_wconf 87' lang='lat' dir='ltr'><strong>se</strong></span> <span class='ocrx_word' id='word_1_764' title='bbox 2488 4097 2544 4152; x_wconf 94' lang='lat' dir='ltr'><strong>in</strong></span> <span class='ocrx_word' id='word_1_765' title='bbox 2570 4096 2715 4151; x_wconf 91' lang='lat' dir='ltr'><strong>hunc</strong></span> <span class='ocrx_word' id='word_1_766' title='bbox 2737 4094 2996 4150; x_wconf 91' lang='lat' dir='ltr'><strong>mundum</strong></span> <span class='ocrx_word' id='word_1_767' title='bbox 3019 4093 3296 4165; x_wconf 79' lang='lat' dir='ltr'><strong>professus</strong></span> <span class='ocrx_word' id='word_1_768' title='bbox 3336 4105 3421 4153; x_wconf 88' lang='lat' dir='ltr'><strong>est</strong></span> <span class='ocrx_word' id='word_1_769' title='bbox 3470 4097 3707 4154; x_wconf 89' lang='lat' dir='ltr'><strong>venisse.</strong></span> 
     </span>
    </p>
   </div>
   <div class='ocr_carea' id='block_1_85' title="bbox 2110 4186 3716 4261">
    <p class='ocr_par' dir='ltr' id='par_1_85' title="bbox 2110 4186 3716 4261">
     <span class='ocr_line' id='line_1_85' title="bbox 2110 4186 3716 4261; baseline 0.001 -18"><span class='ocrx_word' id='word_1_770' title='bbox 2110 4186 2357 4245; x_wconf 90' lang='lat' dir='ltr'><strong>Alterum</strong></span> <span class='ocrx_word' id='word_1_771' title='bbox 2384 4189 2565 4261; x_wconf 88' lang='lat' dir='ltr'><strong>itaque</strong></span> <span class='ocrx_word' id='word_1_772' title='bbox 2594 4189 2648 4245; x_wconf 91' lang='lat' dir='ltr'><strong>in</strong></span> <span class='ocrx_word' id='word_1_773' title='bbox 2675 4187 3113 4259; x_wconf 90' lang='lat' dir='ltr'><strong>dispensatione,</strong></span> <span class='ocrx_word' id='word_1_774' title='bbox 3137 4188 3371 4244; x_wconf 88' lang='lat' dir='ltr'><strong>alterum</strong></span> <span class='ocrx_word' id='word_1_775' title='bbox 3418 4187 3475 4244; x_wconf 90' lang='lat' dir='ltr'><strong>in</strong></span> <span class='ocrx_word' id='word_1_776' title='bbox 3522 4196 3716 4244; x_wconf 89' lang='lat' dir='ltr'><strong>natura</strong></span> 
     </span>
    </p>
   </div>
   <div class='ocr_carea' id='block_1_86' title="bbox 2115 4281 3712 4353">
    <p class='ocr_par' dir='ltr' id='par_1_86' title="bbox 2115 4281 3712 4353">
     <span class='ocr_line' id='line_1_86' title="bbox 2115 4281 3712 4353; baseline -0.002 -16"><span class='ocrx_word' id='word_1_777' title='bbox 2115 4291 2217 4337; x_wconf 87' lang='lat' dir='ltr'><strong>est.</strong></span> <span class='ocrx_word' id='word_1_778' title='bbox 2247 4282 2357 4337; x_wconf 87' lang='lat' dir='ltr'><strong>Nec</strong></span> <span class='ocrx_word' id='word_1_779' title='bbox 2383 4283 2581 4353; x_wconf 88' lang='lat' dir='ltr'><strong>patitur</strong></span> <span class='ocrx_word' id='word_1_780' title='bbox 2602 4282 2893 4339; x_wconf 85' lang='lat' dir='ltr'><strong>exitionem</strong></span> <span class='ocrx_word' id='word_1_781' title='bbox 2921 4281 3211 4336; x_wconf 88' lang='lat' dir='ltr'><strong>adventum</strong></span> <span class='ocrx_word' id='word_1_782' title='bbox 3241 4281 3564 4349; x_wconf 82' lang='lat' dir='ltr'><strong>existimari,</strong></span> <span class='ocrx_word' id='word_1_783' title='bbox 3589 4296 3712 4338; x_wconf 91' lang='lat' dir='ltr'><strong>cum</strong></span> 
     </span>
    </p>
   </div>
   <div class='ocr_carea' id='block_1_87' title="bbox 2120 4374 3714 4445">
    <p class='ocr_par' dir='ltr' id='par_1_87' title="bbox 2120 4374 3714 4445">
     <span class='ocr_line' id='line_1_87' title="bbox 2120 4374 3714 4445; baseline 0.001 -16"><span class='ocrx_word' id='word_1_784' title='bbox 2120 4383 2241 4445; x_wconf 90' lang='lat' dir='ltr'><strong>post</strong></span> <span class='ocrx_word' id='word_1_785' title='bbox 2266 4374 2559 4430; x_wconf 82' lang='lat' dir='ltr'><strong>exitionem</strong></span> <span class='ocrx_word' id='word_1_786' title='bbox 2580 4391 2609 4430; x_wconf 90' lang='lat' dir='ltr'><strong>a</strong></span> <span class='ocrx_word' id='word_1_787' title='bbox 2630 4374 2739 4431; x_wconf 88' lang='lat' dir='ltr'><strong>Deo</strong></span> <span class='ocrx_word' id='word_1_788' title='bbox 2760 4419 2775 4443; x_wconf 96' lang='lat'><strong>,</strong></span> <span class='ocrx_word' id='word_1_789' title='bbox 2806 4374 3098 4430; x_wconf 86' lang='lat' dir='ltr'><strong>adventum</strong></span> <span class='ocrx_word' id='word_1_790' title='bbox 3127 4385 3519 4431; x_wconf 89' lang='lat' dir='ltr'><strong>commemoret</strong></span> <span class='ocrx_word' id='word_1_791' title='bbox 3549 4389 3578 4430; x_wconf 91' lang='lat' dir='ltr'><strong>a</strong></span> <span class='ocrx_word' id='word_1_792' title='bbox 3608 4375 3714 4430; x_wconf 85' lang='lat' dir='ltr'><strong>Pa-</strong></span> 
     </span>
    </p>
   </div>
   <div class='ocr_carea' id='block_1_88' title="bbox 2123 4466 3717 4537">
    <p class='ocr_par' dir='ltr' id='par_1_88' title="bbox 2123 4466 3717 4537">
     <span class='ocr_line' id='line_1_88' title="bbox 2123 4466 3717 4537; baseline 0.001 -13"><span class='ocrx_word' id='word_1_793' title='bbox 2123 4477 2223 4524; x_wconf 87' lang='lat' dir='ltr'><strong>tre.</strong></span> <span class='ocrx_word' id='word_1_794' title='bbox 2248 4470 2292 4523; x_wconf 90' lang='lat' dir='ltr'><strong>A</strong></span> <span class='ocrx_word' id='word_1_795' title='bbox 2318 4466 2479 4524; x_wconf 85' lang='lat' dir='ltr'><strong>Patre</strong></span> <span class='ocrx_word' id='word_1_796' title='bbox 2499 4470 2643 4524; x_wconf 90' lang='lat' dir='ltr'><strong>enim</strong></span> <span class='ocrx_word' id='word_1_797' title='bbox 2673 4470 2888 4525; x_wconf 87' lang='lat' dir='ltr'><strong>venisse</strong></span> <span class='ocrx_word' id='word_1_798' title='bbox 2905 4510 2921 4535; x_wconf 91' lang='lat'><strong>,</strong></span> <span class='ocrx_word' id='word_1_799' title='bbox 2951 4481 3007 4525; x_wconf 90' lang='lat' dir='ltr'><strong>et</strong></span> <span class='ocrx_word' id='word_1_800' title='bbox 3033 4485 3101 4525; x_wconf 87' lang='lat' dir='ltr'><strong>ex</strong></span> <span class='ocrx_word' id='word_1_801' title='bbox 3128 4469 3238 4525; x_wconf 91' lang='lat' dir='ltr'><strong>Deo</strong></span> <span class='ocrx_word' id='word_1_802' title='bbox 3258 4470 3438 4526; x_wconf 80' lang='lat' dir='ltr'><strong>exisse</strong></span> <span class='ocrx_word' id='word_1_803' title='bbox 3456 4510 3472 4537; x_wconf 92' lang='lat'><strong>,</strong></span> <span class='ocrx_word' id='word_1_804' title='bbox 3506 4487 3613 4525; x_wconf 88' lang='lat' dir='ltr'><strong>non</strong></span> <span class='ocrx_word' id='word_1_805' title='bbox 3632 4480 3717 4526; x_wconf 91' lang='lat' dir='ltr'><strong>est</strong></span> 
     </span>
    </p>
   </div>
   <div class='ocr_carea' id='block_1_89' title="bbox 404 4548 3715 4634">
    <p class='ocr_par' dir='ltr' id='par_1_89' title="bbox 404 4548 3715 4634">
     <span class='ocr_line' id='line_1_89' title="bbox 404 4548 3715 4634; baseline 0.001 -21"><span class='ocrx_word' id='word_1_806' title='bbox 404 4561 550 4613; x_wconf 84' lang='lat' dir='ltr'><strong>niam</strong></span> <span class='ocrx_word' id='word_1_807' title='bbox 574 4576 606 4613; x_wconf 91' lang='lat' dir='ltr'><strong>a</strong></span> <span class='ocrx_word' id='word_1_808' title='bbox 627 4557 741 4615; x_wconf 85' lang='lat' dir='ltr'><strong>Deo</strong></span> <span class='ocrx_word' id='word_1_809' title='bbox 790 4560 942 4628; x_wconf 76' lang='lat' dir='ltr'><strong>exivi,</strong></span> <span class='ocrx_word' id='word_1_810' title='bbox 971 4569 1017 4615; x_wconf 89' lang='lat' dir='ltr'><strong>et</strong></span> <span class='ocrx_word' id='word_1_811' title='bbox 1060 4562 1196 4616; x_wconf 86' lang='lat' dir='ltr'><strong>veni.</strong></span> <span class='ocrx_word' id='word_1_812' title='bbox 1228 4559 1292 4615; x_wconf 87' lang='lat' dir='ltr'><strong>Et</strong></span> <span class='ocrx_word' id='word_1_813' title='bbox 1318 4560 1612 4617; x_wconf 87' lang='lat' dir='ltr'><strong>ostendens</strong></span> <span class='ocrx_word' id='word_1_814' title='bbox 1632 4558 1758 4631; x_wconf 88' lang='lat' dir='ltr'><strong>quid</strong></span> <span class='ocrx_word' id='word_1_815' title='bbox 1786 4568 1932 4616; x_wconf 91' lang='lat' dir='ltr'><strong>esset</strong></span> <span class='ocrx_word' id='word_1_816' title='bbox 1981 4578 2015 4615; x_wconf 90' lang='lat' dir='ltr'><strong>a</strong></span> <span class='ocrx_word' id='word_1_817' title='bbox 2040 4548 2094 4609; x_wconf 92' lang='lat' dir='ltr'><strong>D</strong></span> <span class='ocrx_word' id='word_1_818' title='bbox 2118 4561 2529 4633; x_wconf 87' lang='lat' dir='ltr'><strong>signiﬁcationis</strong></span> <span class='ocrx_word' id='word_1_819' title='bbox 2555 4561 2797 4632; x_wconf 89' lang='lat' dir='ltr'><strong>ejusdem</strong></span> <span class='ocrx_word' id='word_1_820' title='bbox 2830 4568 2920 4617; x_wconf 89' lang='lat' dir='ltr'><strong>:ct</strong></span> <span class='ocrx_word' id='word_1_821' title='bbox 2945 4569 3207 4632; x_wconf 86' lang='lat' dir='ltr'><strong>quantum</strong></span> <span class='ocrx_word' id='word_1_822' title='bbox 3226 4561 3451 4617; x_wconf 91' lang='lat' dir='ltr'><strong>interest</strong></span> <span class='ocrx_word' id='word_1_823' title='bbox 3476 4559 3555 4634; x_wconf 90' lang='lat' dir='ltr'><strong>(j)</strong></span> <span class='ocrx_word' id='word_1_824' title='bbox 3585 4577 3715 4617; x_wconf 88' lang='lat' dir='ltr'><strong>nas-</strong></span> 
     </span>
    </p>
   </div>
   <div class='ocr_carea' id='block_1_90' title="bbox 489 4716 2004 4797">
    <p class='ocr_par' dir='ltr' id='par_1_90' title="bbox 489 4716 2004 4797">
     <span class='ocr_line' id='line_1_90' title="bbox 489 4716 2004 4797; baseline -0.005 -16"><span class='ocrx_word' id='word_1_825' title='bbox 489 4722 569 4797; x_wconf 76' lang='lat' dir='ltr'><strong>(i)</strong></span> <span class='ocrx_word' id='word_1_826' title='bbox 599 4721 713 4778; x_wconf 84' lang='lat' dir='ltr'><strong>Nec</strong></span> <span class='ocrx_word' id='word_1_827' title='bbox 740 4721 905 4793; x_wconf 86' lang='lat' dir='ltr'><strong>impia</strong></span> <span class='ocrx_word' id='word_1_828' title='bbox 924 4720 1177 4793; x_wconf 78' lang='lat' dir='ltr'><strong>professio</strong></span> <span class='ocrx_word' id='word_1_829' title='bbox 1206 4719 1288 4791; x_wconf 87' lang='lat' dir='ltr'><strong>pie</strong></span> <span class='ocrx_word' id='word_1_830' title='bbox 1317 4719 1415 4775; x_wconf 84' lang='lat' dir='ltr'><strong>sibi</strong></span> <span class='ocrx_word' id='word_1_831' title='bbox 1441 4719 1675 4776; x_wconf 85' lang='lat' dir='ltr'><strong>adsumet</strong></span> <span class='ocrx_word' id='word_1_832' title='bbox 1702 4718 1875 4776; x_wconf 86' lang='lat' dir='ltr'><strong>Deum</strong></span> <span class='ocrx_word' id='word_1_833' title='bbox 1897 4716 2004 4774; x_wconf 54' lang='lat' dir='ltr'><strong>Pa.</strong></span> 
     </span>
    </p>
   </div>
   <div class='ocr_carea' id='block_1_91' title="bbox 405 4809 558 4856">
    <p class='ocr_par' dir='ltr' id='par_1_91' title="bbox 405 4809 558 4856">
     <span class='ocr_line' id='line_1_91' title="bbox 405 4809 558 4856; baseline -0.013 -1"><span class='ocrx_word' id='word_1_834' title='bbox 405 4809 558 4856; x_wconf 80' lang='lat' dir='ltr'><strong>trem.</strong></span> 
     </span>
    </p>
   </div>
   <div class='ocr_carea' id='block_1_92' title="bbox 546 4932 1757 5011">
    <p class='ocr_par' dir='ltr' id='par_1_92' title="bbox 546 4932 1757 5011">
     <span class='ocr_line' id='line_1_92' title="bbox 546 4932 1757 5011; baseline -0.005 -20"><span class='ocrx_word' id='word_1_835' title='bbox 546 4934 645 5011; x_wconf 86' lang='lat' dir='ltr'><strong>)ld</strong></span> <span class='ocrx_word' id='word_1_836' title='bbox 666 4945 788 5011; x_wconf 85' lang='lat' dir='ltr'><strong>est,</strong></span> <span class='ocrx_word' id='word_1_837' title='bbox 818 4935 960 5011; x_wconf 88' lang='lat' dir='ltr'><strong>quod</strong></span> <span class='ocrx_word' id='word_1_838' title='bbox 992 4935 1065 5011; x_wconf 73' lang='lat' dir='ltr'><strong>ait</strong></span> <span class='ocrx_word' id='word_1_839' title='bbox 1094 4932 1505 5011; x_wconf 64' lang='lat' dir='ltr'><strong>ignorariuude</strong></span> <span class='ocrx_word' id='word_1_840' title='bbox 1532 4933 1647 5002; x_wconf 84' lang='lat' dir='ltr'><strong>ipse</strong></span> <span class='ocrx_word' id='word_1_841' title='bbox 1670 4934 1757 5011; x_wconf 84' lang='lat' dir='ltr'><strong>sit.</strong></span> 
     </span>
    </p>
   </div>
   <div class='ocr_carea' id='block_1_93' title="bbox 504 5004 2009 5079">
    <p class='ocr_par' dir='ltr' id='par_1_93' title="bbox 504 5004 2009 5079">
     <span class='ocr_line' id='line_1_93' title="bbox 504 5004 2009 5079; baseline -0.003 -16"><span class='ocrx_word' id='word_1_842' title='bbox 504 5004 561 5079; x_wconf 70' lang='grc' dir='ltr'>δ)</span> <span class='ocrx_word' id='word_1_843' title='bbox 580 5010 744 5074; x_wconf 87' lang='lat' dir='ltr'><strong>Editi,</strong></span> <span class='ocrx_word' id='word_1_844' title='bbox 761 5004 882 5079; x_wconf 89' lang='lat' dir='ltr'><strong>quia</strong></span> <span class='ocrx_word' id='word_1_845' title='bbox 903 5008 1197 5079; x_wconf 86' lang='lat' dir='ltr'><strong>nescientes.</strong></span> <span class='ocrx_word' id='word_1_846' title='bbox 1233 5004 1425 5061; x_wconf 86' lang='lat' dir='ltr'><strong>Verius</strong></span> <span class='ocrx_word' id='word_1_847' title='bbox 1443 5019 1573 5079; x_wconf 78' lang='lat' dir='ltr'><strong>mss.</strong></span> <span class='ocrx_word' id='word_1_848' title='bbox 1598 5006 1685 5074; x_wconf 87' lang='lat' dir='ltr'><strong>qui</strong></span> <span class='ocrx_word' id='word_1_849' title='bbox 1701 5004 2009 5059; x_wconf 83' lang='lat' dir='ltr'><strong>nescientes:</strong></span> 
     </span>
    </p>
   </div>
   <div class='ocr_carea' id='block_1_94' title="bbox 411 5076 2011 5152">
    <p class='ocr_par' dir='ltr' id='par_1_94' title="bbox 411 5076 2011 5152">
     <span class='ocr_line' id='line_1_94' title="bbox 411 5076 2011 5152; baseline -0.004 -16"><span class='ocrx_word' id='word_1_850' title='bbox 411 5076 503 5152; x_wconf 86' lang='lat' dir='ltr'><strong>qui</strong></span> <span class='ocrx_word' id='word_1_851' title='bbox 528 5076 783 5152; x_wconf 83' lang='lat' dir='ltr'><strong>nimirum</strong></span> <span class='ocrx_word' id='word_1_852' title='bbox 817 5094 933 5152; x_wconf 80' lang='lat' dir='ltr'><strong>nec</strong></span> <span class='ocrx_word' id='word_1_853' title='bbox 986 5078 1355 5152; x_wconf 73' lang='lat' dir='ltr'><strong>intelligentiae</strong></span> <span class='ocrx_word' id='word_1_854' title='bbox 1403 5076 1667 5152; x_wconf 78' lang='lat' dir='ltr'><strong>rationem</strong></span> <span class='ocrx_word' id='word_1_855' title='bbox 1728 5084 2011 5145; x_wconf 61' lang='lat' dir='ltr'><strong>quaerunt,</strong></span> 
     </span>
    </p>
   </div>
   <div class='ocr_carea' id='block_1_95' title="bbox 412 5147 2013 5220">
    <p class='ocr_par' dir='ltr' id='par_1_95' title="bbox 412 5147 2013 5220">
     <span class='ocr_line' id='line_1_95' title="bbox 412 5147 2013 5220; baseline -0.005 -11"><span class='ocrx_word' id='word_1_856' title='bbox 412 5147 517 5210; x_wconf 83' lang='lat' dir='ltr'><strong>nec</strong></span> <span class='ocrx_word' id='word_1_857' title='bbox 549 5155 616 5208; x_wconf 85' lang='lat' dir='ltr'><strong>ab</strong></span> <span class='ocrx_word' id='word_1_858' title='bbox 663 5151 785 5208; x_wconf 88' lang='lat' dir='ltr'><strong>aliis</strong></span> <span class='ocrx_word' id='word_1_859' title='bbox 812 5150 1112 5207; x_wconf 88' lang='lat' dir='ltr'><strong>intimatam</strong></span> <span class='ocrx_word' id='word_1_860' title='bbox 1159 5150 1412 5220; x_wconf 74' lang='lat' dir='ltr'><strong>cupiunt,</strong></span> <span class='ocrx_word' id='word_1_861' title='bbox 1471 5156 1529 5203; x_wconf 89' lang='lat' dir='ltr'><strong>ut</strong></span> <span class='ocrx_word' id='word_1_862' title='bbox 1575 5147 1803 5201; x_wconf 83' lang='lat' dir='ltr'><strong>habetur</strong></span> <span class='ocrx_word' id='word_1_863' title='bbox 1852 5153 2013 5218; x_wconf 83' lang='lat' dir='ltr'><strong>supra</strong></span> 
     </span>
    </p>
   </div>
   <div class='ocr_carea' id='block_1_96' title="bbox 413 5223 681 5281">
    <p class='ocr_par' dir='ltr' id='par_1_96' title="bbox 413 5223 681 5281">
     <span class='ocr_line' id='line_1_96' title="bbox 413 5223 681 5281; baseline -0.015 0"><span class='ocrx_word' id='word_1_864' title='bbox 413 5238 564 5281; x_wconf 87' lang='lat' dir='ltr'><strong>num.</strong></span> <span class='ocrx_word' id='word_1_865' title='bbox 595 5223 681 5279; x_wconf 70' lang='grc'><strong>15.</strong></span> 
     </span>
    </p>
   </div>
   <div class='ocr_carea' id='block_1_97' title="bbox 487 5291 2018 5367">
    <p class='ocr_par' dir='ltr' id='par_1_97' title="bbox 487 5291 2018 5367">
     <span class='ocr_line' id='line_1_97' title="bbox 487 5291 2018 5367; baseline -0.001 -18"><span class='ocrx_word' id='word_1_866' title='bbox 487 5295 559 5367; x_wconf 83' lang='lat' dir='ltr'><strong>(c)</strong></span> <span class='ocrx_word' id='word_1_867' title='bbox 589 5296 706 5358; x_wconf 85' lang='lat' dir='ltr'><strong>Er.,</strong></span> <span class='ocrx_word' id='word_1_868' title='bbox 726 5293 875 5362; x_wconf 87' lang='lat' dir='ltr'><strong>Lips.</strong></span> <span class='ocrx_word' id='word_1_869' title='bbox 907 5302 963 5348; x_wconf 86' lang='lat' dir='ltr'><strong>et</strong></span> <span class='ocrx_word' id='word_1_870' title='bbox 984 5291 1105 5347; x_wconf 86' lang='lat' dir='ltr'><strong>Par.</strong></span> <span class='ocrx_word' id='word_1_871' title='bbox 1134 5294 1222 5366; x_wconf 83' lang='lat' dir='ltr'><strong>qui</strong></span> <span class='ocrx_word' id='word_1_872' title='bbox 1253 5293 1433 5367; x_wconf 56' lang='grc' dir='ltr'><strong>εςρεὶ</strong></span> <span class='ocrx_word' id='word_1_873' title='bbox 1462 5292 1600 5361; x_wconf 83' lang='lat' dir='ltr'><strong>ﬁlios</strong></span> <span class='ocrx_word' id='word_1_874' title='bbox 1633 5307 1652 5346; x_wconf 91' lang='lat'><strong><em>:</em></strong></span> <span class='ocrx_word' id='word_1_875' title='bbox 1674 5299 1926 5356; x_wconf 85' lang='lat' dir='ltr'><strong>corrupte</strong></span> <span class='ocrx_word' id='word_1_876' title='bbox 1954 5305 2018 5367; x_wconf 81' lang='lat' dir='ltr'><strong>ac</strong></span> 
     </span>
    </p>
   </div>
   <div class='ocr_carea' id='block_1_98' title="bbox 417 5363 2013 5434">
    <p class='ocr_par' dir='ltr' id='par_1_98' title="bbox 417 5363 2013 5434">
     <span class='ocr_line' id='line_1_98' title="bbox 417 5363 2013 5434; baseline -0.006 -11"><span class='ocrx_word' id='word_1_877' title='bbox 417 5363 630 5423; x_wconf 74' lang='lat' dir='ltr'><strong>Sublata</strong></span> <span class='ocrx_word' id='word_1_878' title='bbox 655 5368 705 5420; x_wconf 88' lang='lat' dir='ltr'><strong>vi</strong></span> <span class='ocrx_word' id='word_1_879' title='bbox 737 5367 909 5420; x_wconf 84' lang='lat' dir='ltr'><strong>totius</strong></span> <span class='ocrx_word' id='word_1_880' title='bbox 925 5363 1247 5434; x_wconf 84' lang='lat' dir='ltr'><strong>argumenti.</strong></span> <span class='ocrx_word' id='word_1_881' title='bbox 1280 5363 1358 5418; x_wconf 86' lang='lat' dir='ltr'><strong>lbi</strong></span> <span class='ocrx_word' id='word_1_882' title='bbox 1392 5366 1590 5434; x_wconf 82' lang='lat' dir='ltr'><strong>quippe</strong></span> <span class='ocrx_word' id='word_1_883' title='bbox 1612 5404 1627 5430; x_wconf 93' lang='lat'><strong>,</strong></span> <span class='ocrx_word' id='word_1_884' title='bbox 1688 5371 1739 5416; x_wconf 88' lang='lat' dir='ltr'><strong>et</strong></span> <span class='ocrx_word' id='word_1_885' title='bbox 1765 5374 1911 5434; x_wconf 15' lang='lat' dir='ltr'><strong>illlOX</strong></span> <span class='ocrx_word' id='word_1_886' title='bbox 1962 5363 2013 5415; x_wconf 89' lang='lat' dir='ltr'><strong>in</strong></span> 
     </span>
    </p>
   </div>
   <div class='ocr_carea' id='block_1_99' title="bbox 414 5432 2013 5509">
    <p class='ocr_par' dir='ltr' id='par_1_99' title="bbox 414 5432 2013 5509">
     <span class='ocr_line' id='line_1_99' title="bbox 414 5432 2013 5509; baseline -0.006 -14"><span class='ocrx_word' id='word_1_887' title='bbox 414 5440 534 5506; x_wconf 83' lang='lat' dir='ltr'><strong>his,</strong></span> <span class='ocrx_word' id='word_1_888' title='bbox 561 5439 698 5509; x_wconf 86' lang='lat' dir='ltr'><strong>quod</strong></span> <span class='ocrx_word' id='word_1_889' title='bbox 737 5452 791 5491; x_wconf 90' lang='lat' dir='ltr'><strong>se</strong></span> <span class='ocrx_word' id='word_1_890' title='bbox 837 5453 940 5491; x_wconf 85' lang='lat' dir='ltr'><strong>non</strong></span> <span class='ocrx_word' id='word_1_891' title='bbox 971 5432 1267 5509; x_wconf 77' lang='lat' dir='ltr'><strong>diligerent,</strong></span> <span class='ocrx_word' id='word_1_892' title='bbox 1291 5432 1500 5509; x_wconf 52' lang='lat' dir='ltr'><strong>vocula</strong></span> <span class='ocrx_word' id='word_1_893' title='bbox 1527 5432 1599 5509; x_wconf 75' lang='lat' dir='ltr'><strong>se</strong></span> <span class='ocrx_word' id='word_1_894' title='bbox 1632 5434 1698 5503; x_wconf 82' lang='lat' dir='ltr'><strong>ad</strong></span> <span class='ocrx_word' id='word_1_895' title='bbox 1739 5432 2013 5509; x_wconf 69' lang='lat' dir='ltr'><strong>Christum</strong></span> 
     </span>
    </p>
   </div>
   <div class='ocr_carea' id='block_1_100' title="bbox 414 5504 2017 5592">
    <p class='ocr_par' dir='ltr' id='par_1_100' title="bbox 414 5504 2017 5592">
     <span class='ocr_line' id='line_1_100' title="bbox 414 5504 2017 5592; baseline -0.006 -26"><span class='ocrx_word' id='word_1_896' title='bbox 414 5504 681 5592; x_wconf 68' lang='lat' dir='ltr'><strong>refertur;</strong></span> <span class='ocrx_word' id='word_1_897' title='bbox 710 5518 1000 5592; x_wconf 59' lang='lat' dir='ltr'><strong>inrogetque</strong></span> <span class='ocrx_word' id='word_1_898' title='bbox 1025 5504 1386 5592; x_wconf 50' lang='lat' dir='ltr'><strong>Hilariusunon</strong></span> <span class='ocrx_word' id='word_1_899' title='bbox 1410 5507 1743 5592; x_wconf 42' lang='lat' dir='ltr'><strong>improbatus</strong></span> <span class='ocrx_word' id='word_1_900' title='bbox 1769 5504 2017 5592; x_wconf 34' lang='lat' dir='ltr'><strong>cos-luis:</strong></span> 
     </span>
    </p>
   </div>
   <div class='ocr_carea' id='block_1_101' title="bbox 419 5578 2023 5652">
    <p class='ocr_par' dir='ltr' id='par_1_101' title="bbox 419 5578 2023 5652">
     <span class='ocr_line' id='line_1_101' title="bbox 419 5578 2023 5652; baseline -0.006 -14"><span class='ocrx_word' id='word_1_901' title='bbox 419 5594 478 5638; x_wconf 77' lang='lat' dir='ltr'><strong>se</strong></span> <span class='ocrx_word' id='word_1_902' title='bbox 499 5625 513 5648; x_wconf 93' lang='lat'><strong>,</strong></span> <span class='ocrx_word' id='word_1_903' title='bbox 538 5582 628 5652; x_wconf 79' lang='lat' dir='ltr'><strong>qui</strong></span> <span class='ocrx_word' id='word_1_904' title='bbox 659 5594 784 5636; x_wconf 89' lang='lat' dir='ltr'><strong>cum</strong></span> <span class='ocrx_word' id='word_1_905' title='bbox 805 5578 1075 5652; x_wconf 76' lang='lat' dir='ltr'><strong>Christum</strong></span> <span class='ocrx_word' id='word_1_906' title='bbox 1107 5580 1199 5634; x_wconf 86' lang='lat' dir='ltr'><strong>Dei</strong></span> <span class='ocrx_word' id='word_1_907' title='bbox 1230 5579 1395 5652; x_wconf 80' lang='lat' dir='ltr'><strong>ﬁlium</strong></span> <span class='ocrx_word' id='word_1_908' title='bbox 1445 5578 1500 5633; x_wconf 82' lang='lat' dir='ltr'><strong>et</strong></span> <span class='ocrx_word' id='word_1_909' title='bbox 1556 5580 1945 5652; x_wconf 63' lang='lat' dir='ltr'><strong>Conﬁterentur</strong></span> <span class='ocrx_word' id='word_1_910' title='bbox 1968 5581 2023 5629; x_wconf 87' lang='lat' dir='ltr'><strong>et</strong></span> 
     </span>
    </p>
   </div>
   <div class='ocr_carea' id='block_1_102' title="bbox 420 5649 2027 5719">
    <p class='ocr_par' dir='ltr' id='par_1_102' title="bbox 420 5649 2027 5719">
     <span class='ocr_line' id='line_1_102' title="bbox 420 5649 2027 5719; baseline -0.005 -11"><span class='ocrx_word' id='word_1_911' title='bbox 420 5649 709 5719; x_wconf 76' lang='lat' dir='ltr'><strong>amarent,</strong></span> <span class='ocrx_word' id='word_1_912' title='bbox 742 5654 913 5706; x_wconf 86' lang='lat' dir='ltr'><strong>Deum</strong></span> <span class='ocrx_word' id='word_1_913' title='bbox 942 5650 1045 5706; x_wconf 78' lang='lat' dir='ltr'><strong>sibi</strong></span> <span class='ocrx_word' id='word_1_914' title='bbox 1070 5660 1274 5719; x_wconf 86' lang='lat' dir='ltr'><strong>patrem</strong></span> <span class='ocrx_word' id='word_1_915' title='bbox 1333 5650 1595 5705; x_wconf 89' lang='lat' dir='ltr'><strong>dicerent.</strong></span> <span class='ocrx_word' id='word_1_916' title='bbox 1648 5649 1887 5704; x_wconf 88' lang='lat' dir='ltr'><strong>Pessime</strong></span> <span class='ocrx_word' id='word_1_917' title='bbox 1932 5660 2027 5700; x_wconf 91' lang='lat' dir='ltr'><strong>au-</strong></span> 
     </span>
    </p>
   </div>
   <div class='ocr_carea' id='block_1_103' title="bbox 424 5721 2026 5792">
    <p class='ocr_par' dir='ltr' id='par_1_103' title="bbox 424 5721 2026 5792">
     <span class='ocr_line' id='line_1_103' title="bbox 424 5721 2026 5792; baseline -0.006 -12"><span class='ocrx_word' id='word_1_918' title='bbox 424 5735 530 5781; x_wconf 79' lang='lat' dir='ltr'><strong>tem</strong></span> <span class='ocrx_word' id='word_1_919' title='bbox 570 5725 691 5779; x_wconf 81' lang='lat' dir='ltr'><strong>Vat.</strong></span> <span class='ocrx_word' id='word_1_920' title='bbox 731 5724 847 5779; x_wconf 86' lang='lat' dir='ltr'><strong>bas.</strong></span> <span class='ocrx_word' id='word_1_921' title='bbox 904 5734 1006 5777; x_wconf 87' lang='lat' dir='ltr'><strong>ms.</strong></span> <span class='ocrx_word' id='word_1_922' title='bbox 1045 5724 1131 5777; x_wconf 89' lang='lat' dir='ltr'><strong>hic</strong></span> <span class='ocrx_word' id='word_1_923' title='bbox 1176 5724 1335 5776; x_wconf 89' lang='lat' dir='ltr'><strong>etiam</strong></span> <span class='ocrx_word' id='word_1_924' title='bbox 1385 5721 1590 5777; x_wconf 87' lang='lat' dir='ltr'><strong>habens</strong></span> <span class='ocrx_word' id='word_1_925' title='bbox 1633 5721 1771 5792; x_wconf 85' lang='lat' dir='ltr'><strong>ﬁlios</strong></span> <span class='ocrx_word' id='word_1_926' title='bbox 1796 5761 1810 5784; x_wconf 92' lang='lat'><strong>,</strong></span> <span class='ocrx_word' id='word_1_927' title='bbox 1845 5728 2026 5792; x_wconf 78' lang='lat' dir='ltr'><strong>postea</strong></span> 
     </span>
    </p>
   </div>
   <div class='ocr_carea' id='block_1_104' title="bbox 424 5789 2029 5866">
    <p class='ocr_par' dir='ltr' id='par_1_104' title="bbox 424 5789 2029 5866">
     <span class='ocr_line' id='line_1_104' title="bbox 424 5789 2029 5866; baseline -0.004 -14"><span class='ocrx_word' id='word_1_928' title='bbox 424 5797 683 5866; x_wconf 87' lang='lat' dir='ltr'><strong>subjicit,</strong></span> <span class='ocrx_word' id='word_1_929' title='bbox 725 5812 826 5849; x_wconf 86' lang='lat' dir='ltr'><strong>non</strong></span> <span class='ocrx_word' id='word_1_930' title='bbox 844 5795 1012 5850; x_wconf 86' lang='lat' dir='ltr'><strong>solum</strong></span> <span class='ocrx_word' id='word_1_931' title='bbox 1034 5793 1377 5866; x_wconf 82' lang='lat' dir='ltr'><strong>improbavit,</strong></span> <span class='ocrx_word' id='word_1_932' title='bbox 1410 5809 1511 5866; x_wconf 88' lang='lat' dir='ltr'><strong>pro</strong></span> <span class='ocrx_word' id='word_1_933' title='bbox 1539 5789 1642 5849; x_wconf 84' lang='lat' dir='ltr'><strong>non</strong></span> <span class='ocrx_word' id='word_1_934' title='bbox 1668 5789 1970 5863; x_wconf 84' lang='lat' dir='ltr'><strong>improbavit</strong></span> <span class='ocrx_word' id='word_1_935' title='bbox 2010 5803 2029 5845; x_wconf 89' lang='lat'><strong><em>:</em></strong></span> 
     </span>
    </p>
   </div>
   <div class='ocr_carea' id='block_1_105' title="bbox 428 5875 990 5929">
    <p class='ocr_par' dir='ltr' id='par_1_105' title="bbox 428 5875 990 5929">
     <span class='ocr_line' id='line_1_105' title="bbox 428 5875 990 5929; baseline -0.004 -4"><span class='ocrx_word' id='word_1_936' title='bbox 428 5875 669 5929; x_wconf 79' lang='lat' dir='ltr'><strong>erratum</strong></span> <span class='ocrx_word' id='word_1_937' title='bbox 695 5882 765 5927; x_wconf 73' lang='lat' dir='ltr'><strong>ex</strong></span> <span class='ocrx_word' id='word_1_938' title='bbox 790 5876 990 5926; x_wconf 87' lang='lat' dir='ltr'><strong>errato.</strong></span> 
     </span>
    </p>
   </div>
   <div class='ocr_carea' id='block_1_106' title="bbox 2178 4716 2469 4789">
    <p class='ocr_par' dir='ltr' id='par_1_106' title="bbox 2178 4716 2469 4789">
     <span class='ocr_line' id='line_1_106' title="bbox 2178 4716 2469 4789; baseline -0.003 -17"><span class='ocrx_word' id='word_1_939' title='bbox 2178 4716 2258 4789; x_wconf 71' lang='lat'><strong>(2)</strong></span> <span class='ocrx_word' id='word_1_940' title='bbox 2290 4718 2469 4773; x_wconf 70' lang='lat' dir='ltr'><strong>Exire.</strong></span> 
     </span>
    </p>
   </div>
   <div class='ocr_carea' id='block_1_107' title="bbox 2176 4787 3274 4863">
    <p class='ocr_par' dir='ltr' id='par_1_107' title="bbox 2176 4787 3274 4863">
     <span class='ocr_line' id='line_1_107' title="bbox 2176 4787 3274 4863; baseline -0.004 -17"><span class='ocrx_word' id='word_1_941' title='bbox 2176 4787 2253 4863; x_wconf 80' lang='grc'>(5)</span> <span class='ocrx_word' id='word_1_942' title='bbox 2276 4790 2496 4847; x_wconf 85' lang='lat' dir='ltr'><strong>Dilectio</strong></span> <span class='ocrx_word' id='word_1_943' title='bbox 2522 4790 2579 4845; x_wconf 90' lang='lat' dir='ltr'><strong>in</strong></span> <span class='ocrx_word' id='word_1_944' title='bbox 2598 4787 2809 4846; x_wconf 89' lang='lat' dir='ltr'><strong>Patrem</strong></span> <span class='ocrx_word' id='word_1_945' title='bbox 2832 4789 2995 4844; x_wconf 85' lang='lat' dir='ltr'><strong>omnis</strong></span> <span class='ocrx_word' id='word_1_946' title='bbox 3015 4787 3135 4844; x_wconf 86' lang='lat' dir='ltr'><strong>hinc</strong></span> <span class='ocrx_word' id='word_1_947' title='bbox 3159 4787 3274 4843; x_wconf 90' lang='lat' dir='ltr'><strong>erit.</strong></span> 
     </span>
    </p>
   </div>
   <div class='ocr_carea' id='block_1_108' title="bbox 2188 4925 3716 5004">
    <p class='ocr_par' dir='ltr' id='par_1_108' title="bbox 2188 4925 3716 5004">
     <span class='ocr_line' id='line_1_108' title="bbox 2188 4925 3716 5004; baseline -0.001 -20"><span class='ocrx_word' id='word_1_948' title='bbox 2188 4930 2275 5004; x_wconf 79' lang='grc' dir='ltr'><strong>(ά)</strong></span> <span class='ocrx_word' id='word_1_949' title='bbox 2302 4932 2453 5004; x_wconf 82' lang='lat' dir='ltr'><strong>Apud</strong></span> <span class='ocrx_word' id='word_1_950' title='bbox 2478 4931 2571 4986; x_wconf 87' lang='lat' dir='ltr'><strong>Er.</strong></span> <span class='ocrx_word' id='word_1_951' title='bbox 2604 4931 2657 4985; x_wconf 88' lang='lat' dir='ltr'><strong>in</strong></span> <span class='ocrx_word' id='word_1_952' title='bbox 2689 4931 2963 5000; x_wconf 84' lang='lat' dir='ltr'><strong>margine,</strong></span> <span class='ocrx_word' id='word_1_953' title='bbox 2989 4930 3294 5004; x_wconf 81' lang='lat' dir='ltr'><strong>_secundum</strong></span> <span class='ocrx_word' id='word_1_954' title='bbox 3338 4928 3523 5004; x_wconf 73' lang='lat' dir='ltr'><strong>illos_:</strong></span> <span class='ocrx_word' id='word_1_955' title='bbox 3566 4925 3716 5004; x_wconf 65' lang='lat' dir='ltr'><strong>quod</strong></span> 
     </span>
    </p>
   </div>
   <div class='ocr_carea' id='block_1_109' title="bbox 2117 4999 3719 5074">
    <p class='ocr_par' dir='ltr' id='par_1_109' title="bbox 2117 4999 3719 5074">
     <span class='ocr_line' id='line_1_109' title="bbox 2117 4999 3719 5074; baseline -0.004 -17"><span class='ocrx_word' id='word_1_956' title='bbox 2117 4999 2583 5074; x_wconf 77' lang='lat' dir='ltr'><strong>deindeaLipsio</strong></span> <span class='ocrx_word' id='word_1_957' title='bbox 2633 4999 2938 5072; x_wconf 78' lang='lat' dir='ltr'><strong>arreptum,</strong></span> <span class='ocrx_word' id='word_1_958' title='bbox 2988 5000 3113 5074; x_wconf 82' lang='lat' dir='ltr'><strong>Par.</strong></span> <span class='ocrx_word' id='word_1_959' title='bbox 3164 5000 3407 5074; x_wconf 77' lang='lat' dir='ltr'><strong>retinnit.</strong></span> <span class='ocrx_word' id='word_1_960' title='bbox 3457 4999 3719 5074; x_wconf 82' lang='lat' dir='ltr'><strong>Restitui-</strong></span> 
     </span>
    </p>
   </div>
   <div class='ocr_carea' id='block_1_110' title="bbox 2118 5070 3719 5143">
    <p class='ocr_par' dir='ltr' id='par_1_110' title="bbox 2118 5070 3719 5143">
     <span class='ocr_line' id='line_1_110' title="bbox 2118 5070 3719 5143; baseline -0.002 -15"><span class='ocrx_word' id='word_1_961' title='bbox 2118 5090 2238 5129; x_wconf 88' lang='lat' dir='ltr'><strong>mus</strong></span> <span class='ocrx_word' id='word_1_962' title='bbox 2263 5089 2326 5129; x_wconf 72' lang='lat' dir='ltr'><strong>ex</strong></span> <span class='ocrx_word' id='word_1_963' title='bbox 2364 5070 2492 5129; x_wconf 79' lang='lat' dir='ltr'><strong>Bad.</strong></span> <span class='ocrx_word' id='word_1_964' title='bbox 2524 5083 2580 5129; x_wconf 89' lang='lat' dir='ltr'><strong>et</strong></span> <span class='ocrx_word' id='word_1_965' title='bbox 2606 5090 2737 5127; x_wconf 89' lang='lat' dir='ltr'><strong>mss.</strong></span> <span class='ocrx_word' id='word_1_966' title='bbox 2760 5070 3044 5129; x_wconf 73' lang='lat' dir='ltr'><strong>secundum</strong></span> <span class='ocrx_word' id='word_1_967' title='bbox 3062 5072 3339 5143; x_wconf 78' lang='lat' dir='ltr'><strong>ﬁlios,hoc</strong></span> <span class='ocrx_word' id='word_1_968' title='bbox 3358 5079 3443 5128; x_wconf 87' lang='lat' dir='ltr'><strong>est</strong></span> <span class='ocrx_word' id='word_1_969' title='bbox 3460 5112 3476 5141; x_wconf 89' lang='lat'><strong>,</strong></span> <span class='ocrx_word' id='word_1_970' title='bbox 3509 5070 3577 5126; x_wconf 86' lang='lat' dir='ltr'><strong>ad</strong></span> <span class='ocrx_word' id='word_1_971' title='bbox 3603 5084 3719 5125; x_wconf 85' lang='lat' dir='ltr'><strong>nto-</strong></span> 
     </span>
    </p>
   </div>
   <div class='ocr_carea' id='block_1_111' title="bbox 2120 5145 2880 5201">
    <p class='ocr_par' dir='ltr' id='par_1_111' title="bbox 2120 5145 2880 5201">
     <span class='ocr_line' id='line_1_111' title="bbox 2120 5145 2880 5201; baseline 0 -1"><span class='ocrx_word' id='word_1_972' title='bbox 2120 5145 2245 5200; x_wconf 89' lang='lat' dir='ltr'><strong>dum</strong></span> <span class='ocrx_word' id='word_1_973' title='bbox 2269 5155 2591 5201; x_wconf 75' lang='lat' dir='ltr'><strong>cmterorum</strong></span> <span class='ocrx_word' id='word_1_974' title='bbox 2622 5146 2880 5200; x_wconf 90' lang='lat' dir='ltr'><strong>ﬁliorum.</strong></span> 
     </span>
    </p>
   </div>
   <div class='ocr_carea' id='block_1_112' title="bbox 2216 5214 3621 5285">
    <p class='ocr_par' dir='ltr' id='par_1_112' title="bbox 2216 5214 3621 5285">
     <span class='ocr_line' id='line_1_112' title="bbox 2216 5214 3621 5285; baseline -0.001 -15"><span class='ocrx_word' id='word_1_975' title='bbox 2216 5218 2265 5285; x_wconf 89' lang='lat' dir='ltr'><strong>e)</strong></span> <span class='ocrx_word' id='word_1_976' title='bbox 2300 5218 2431 5271; x_wconf 88' lang='lat' dir='ltr'><strong>Tres</strong></span> <span class='ocrx_word' id='word_1_977' title='bbox 2463 5232 2593 5270; x_wconf 87' lang='lat' dir='ltr'><strong>mss.</strong></span> <span class='ocrx_word' id='word_1_978' title='bbox 2619 5215 2769 5271; x_wconf 91' lang='lat' dir='ltr'><strong>Colb.</strong></span> <span class='ocrx_word' id='word_1_979' title='bbox 2802 5232 2925 5271; x_wconf 89' lang='lat' dir='ltr'><strong>cum</strong></span> <span class='ocrx_word' id='word_1_980' title='bbox 2947 5215 3108 5271; x_wconf 90' lang='lat' dir='ltr'><strong>Carn.</strong></span> <span class='ocrx_word' id='word_1_981' title='bbox 3142 5224 3195 5271; x_wconf 91' lang='lat' dir='ltr'><strong>et</strong></span> <span class='ocrx_word' id='word_1_982' title='bbox 3222 5214 3431 5284; x_wconf 88' lang='lat' dir='ltr'><strong>Germ.,</strong></span> <span class='ocrx_word' id='word_1_983' title='bbox 3462 5217 3621 5272; x_wconf 79' lang='lat' dir='ltr'><strong>exire.</strong></span> 
     </span>
    </p>
   </div>
   <div class='ocr_carea' id='block_1_113' title="bbox 2193 5224 3724 5359">
    <p class='ocr_par' dir='ltr' id='par_1_113' title="bbox 2193 5224 3724 5359">
     <span class='ocr_line' id='line_1_113' title="bbox 2216 5224 3621 5285; baseline -0.001 -15"><span class='ocrx_word' id='word_1_984' title='bbox 2216 5224 2265 5285; x_wconf 92' lang='lat' dir='ltr'><strong>e)</strong></span> <span class='ocrx_word' id='word_1_985' title='bbox 2300 5224 2431 5271; x_wconf 66' lang='lat' dir='ltr'><strong>&#39;l‘res</strong></span> <span class='ocrx_word' id='word_1_986' title='bbox 2463 5232 2593 5270; x_wconf 87' lang='lat' dir='ltr'><strong>mss.</strong></span> <span class='ocrx_word' id='word_1_987' title='bbox 2619 5224 2769 5271; x_wconf 79' lang='lat' dir='ltr'><strong>Colb.</strong></span> <span class='ocrx_word' id='word_1_988' title='bbox 2802 5232 2925 5271; x_wconf 88' lang='lat' dir='ltr'><strong>cum</strong></span> <span class='ocrx_word' id='word_1_989' title='bbox 2947 5224 3108 5271; x_wconf 75' lang='lat' dir='ltr'><strong>Uarn.</strong></span> <span class='ocrx_word' id='word_1_990' title='bbox 3142 5224 3195 5271; x_wconf 88' lang='lat' dir='ltr'><strong>et</strong></span> <span class='ocrx_word' id='word_1_991' title='bbox 3222 5224 3431 5284; x_wconf 77' lang='lat' dir='ltr'><strong>Germ.,</strong></span> <span class='ocrx_word' id='word_1_992' title='bbox 3462 5224 3621 5272; x_wconf 78' lang='lat' dir='ltr'><strong>exire.</strong></span> 
     </span>
     <span class='ocr_line' id='line_1_114' title="bbox 2193 5224 3724 5359; baseline 0.002 -20"><span class='ocrx_word' id='word_1_993' title='bbox 2193 5224 2262 5359; x_wconf 41' lang='lat' dir='ltr'><strong>in</strong></span> <span class='ocrx_word' id='word_1_994' title='bbox 2294 5286 2449 5359; x_wconf 69' lang='lat' dir='ltr'><strong>Lips.</strong></span> <span class='ocrx_word' id='word_1_995' title='bbox 2480 5296 2533 5359; x_wconf 86' lang='lat' dir='ltr'><strong>et</strong></span> <span class='ocrx_word' id='word_1_996' title='bbox 2565 5288 2713 5353; x_wconf 64' lang='lat' dir='ltr'><strong>Pan,</strong></span> <span class='ocrx_word' id='word_1_997' title='bbox 2745 5302 2848 5341; x_wconf 86' lang='lat' dir='ltr'><strong>non</strong></span> <span class='ocrx_word' id='word_1_998' title='bbox 2870 5305 2901 5340; x_wconf 92' lang='lat' dir='ltr'><strong>a</strong></span> <span class='ocrx_word' id='word_1_999' title='bbox 2927 5303 2982 5341; x_wconf 87' lang='lat' dir='ltr'><strong>se</strong></span> <span class='ocrx_word' id='word_1_1000' title='bbox 3009 5304 3021 5341; x_wconf 89' lang='lat'><strong>:</strong></span> <span class='ocrx_word' id='word_1_1001' title='bbox 3054 5289 3471 5359; x_wconf 80' lang='lat' dir='ltr'><strong>reluctantibus</strong></span> <span class='ocrx_word' id='word_1_1002' title='bbox 3498 5289 3616 5341; x_wconf 87' lang='lat' dir='ltr'><strong>aliis</strong></span> <span class='ocrx_word' id='word_1_1003' title='bbox 3657 5288 3724 5342; x_wconf 92' lang='lat' dir='ltr'><strong>li-</strong></span> 
     </span>
    </p>
   </div>
   <div class='ocr_carea' id='block_1_114' title="bbox 2126 5357 3717 5431">
    <p class='ocr_par' dir='ltr' id='par_1_114' title="bbox 2126 5357 3717 5431">
     <span class='ocr_line' id='line_1_115' title="bbox 2126 5357 3717 5431; baseline 0 -18"><span class='ocrx_word' id='word_1_1004' title='bbox 2126 5357 2261 5431; x_wconf 71' lang='lat' dir='ltr'><strong>bris.</strong></span> <span class='ocrx_word' id='word_1_1005' title='bbox 2288 5357 2459 5431; x_wconf 77' lang='lat' dir='ltr'><strong>Porro</strong></span> <span class='ocrx_word' id='word_1_1006' title='bbox 2492 5358 2696 5413; x_wconf 80' lang='lat' dir='ltr'><strong>Hilario</strong></span> <span class='ocrx_word' id='word_1_1007' title='bbox 2725 5358 3045 5416; x_wconf 87' lang='lat' dir='ltr'><strong>vocabulum</strong></span> <span class='ocrx_word' id='word_1_1008' title='bbox 3077 5360 3222 5430; x_wconf 87' lang='lat' dir='ltr'><strong>origo</strong></span> <span class='ocrx_word' id='word_1_1009' title='bbox 3252 5374 3398 5431; x_wconf 64' lang='lat' dir='ltr'><strong>saepe</strong></span> <span class='ocrx_word' id='word_1_1010' title='bbox 3424 5358 3566 5415; x_wconf 89' lang='lat' dir='ltr'><strong>idem</strong></span> <span class='ocrx_word' id='word_1_1011' title='bbox 3597 5368 3717 5427; x_wconf 86' lang='lat' dir='ltr'><strong>est,</strong></span> 
     </span>
    </p>
   </div>
   <div class='ocr_carea' id='block_1_115' title="bbox 2125 5428 2798 5501">
    <p class='ocr_par' dir='ltr' id='par_1_115' title="bbox 2125 5428 2798 5501">
     <span class='ocr_line' id='line_1_116' title="bbox 2125 5428 2798 5501; baseline 0 -18"><span class='ocrx_word' id='word_1_1012' title='bbox 2125 5430 2266 5501; x_wconf 86' lang='lat' dir='ltr'><strong>quod</strong></span> <span class='ocrx_word' id='word_1_1013' title='bbox 2291 5428 2447 5501; x_wconf 84' lang='lat' dir='ltr'><strong>nobis</strong></span> <span class='ocrx_word' id='word_1_1014' title='bbox 2469 5430 2798 5501; x_wconf 72' lang='lat' dir='ltr'><strong>principium.</strong></span> 
     </span>
    </p>
   </div>
   <div class='ocr_carea' id='block_1_116' title="bbox 2200 5498 3727 5573">
    <p class='ocr_par' dir='ltr' id='par_1_116' title="bbox 2200 5498 3727 5573">
     <span class='ocr_line' id='line_1_117' title="bbox 2200 5498 3727 5573; baseline 0.001 -18"><span class='ocrx_word' id='word_1_1015' title='bbox 2200 5500 2277 5572; x_wconf 86' lang='lat' dir='ltr'><strong>(g)</strong></span> <span class='ocrx_word' id='word_1_1016' title='bbox 2310 5498 2479 5573; x_wconf 83' lang='lat' dir='ltr'><strong>Vetus</strong></span> <span class='ocrx_word' id='word_1_1017' title='bbox 2504 5498 2756 5573; x_wconf 51' lang='grc' dir='ltr'><strong>φόως-8.</strong></span> <span class='ocrx_word' id='word_1_1018' title='bbox 2790 5500 3001 5555; x_wconf 79' lang='lat' dir='ltr'><strong>Martini</strong></span> <span class='ocrx_word' id='word_1_1019' title='bbox 3031 5499 3259 5566; x_wconf 89' lang='lat' dir='ltr'><strong>Turon.,</strong></span> <span class='ocrx_word' id='word_1_1020' title='bbox 3309 5502 3428 5573; x_wconf 87' lang='lat' dir='ltr'><strong>quia</strong></span> <span class='ocrx_word' id='word_1_1021' title='bbox 3473 5502 3518 5557; x_wconf 86' lang='lat' dir='ltr'><strong>si</strong></span> <span class='ocrx_word' id='word_1_1022' title='bbox 3559 5499 3727 5556; x_wconf 87' lang='lat' dir='ltr'><strong>oderit</strong></span> 
     </span>
    </p>
   </div>
   <div class='ocr_carea' id='block_1_117' title="bbox 2126 5570 2886 5634">
    <p class='ocr_par' dir='ltr' id='par_1_117' title="bbox 2126 5570 2886 5634">
     <span class='ocr_line' id='line_1_118' title="bbox 2126 5570 2886 5634; baseline -0.001 -8"><span class='ocrx_word' id='word_1_1023' title='bbox 2126 5570 2176 5625; x_wconf 88' lang='lat' dir='ltr'><em>F</em></span> <span class='ocrx_word' id='word_1_1024' title='bbox 2178 5570 2326 5626; x_wconf 84' lang='lat' dir='ltr'><strong>ilium</strong></span> <span class='ocrx_word' id='word_1_1025' title='bbox 2353 5614 2365 5634; x_wconf 91' lang='lat'><strong>,</strong></span> <span class='ocrx_word' id='word_1_1026' title='bbox 2400 5572 2562 5625; x_wconf 81' lang='lat' dir='ltr'><strong>oderit</strong></span> <span class='ocrx_word' id='word_1_1027' title='bbox 2586 5582 2631 5624; x_wconf 84' lang='lat' dir='ltr'><strong>et</strong></span> <span class='ocrx_word' id='word_1_1028' title='bbox 2660 5570 2886 5625; x_wconf 87' lang='lat' dir='ltr'><strong>Patrem.</strong></span> 
     </span>
    </p>
   </div>
   <div class='ocr_carea' id='block_1_118' title="bbox 2200 5640 3436 5714">
    <p class='ocr_par' dir='ltr' id='par_1_118' title="bbox 2200 5640 3436 5714">
     <span class='ocr_line' id='line_1_119' title="bbox 2200 5640 3436 5714; baseline 0.006 -21"><span class='ocrx_word' id='word_1_1029' title='bbox 2200 5644 2277 5714; x_wconf 80' lang='grc' dir='ltr'>(Ιι)</span> <span class='ocrx_word' id='word_1_1030' title='bbox 2302 5645 2391 5698; x_wconf 88' lang='lat' dir='ltr'><strong>Sic</strong></span> <span class='ocrx_word' id='word_1_1031' title='bbox 2415 5642 2654 5714; x_wconf 83' lang='lat' dir='ltr'><strong>potiores</strong></span> <span class='ocrx_word' id='word_1_1032' title='bbox 2675 5642 2815 5697; x_wconf 85' lang='lat' dir='ltr'><strong>libri.</strong></span> <span class='ocrx_word' id='word_1_1033' title='bbox 2848 5643 2949 5714; x_wconf 69' lang='lat' dir='ltr'><strong>Alii</strong></span> <span class='ocrx_word' id='word_1_1034' title='bbox 2979 5656 3109 5696; x_wconf 85' lang='lat' dir='ltr'><strong>vero</strong></span> <span class='ocrx_word' id='word_1_1035' title='bbox 3130 5684 3145 5709; x_wconf 94' lang='lat'><strong>,</strong></span> <span class='ocrx_word' id='word_1_1036' title='bbox 3175 5640 3294 5700; x_wconf 81' lang='lat' dir='ltr'><strong>hinc</strong></span> <span class='ocrx_word' id='word_1_1037' title='bbox 3320 5646 3436 5701; x_wconf 85' lang='lat' dir='ltr'><strong>erit.</strong></span> 
     </span>
    </p>
   </div>
   <div class='ocr_carea' id='block_1_119' title="bbox 2208 5711 3220 5788">
    <p class='ocr_par' dir='ltr' id='par_1_119' title="bbox 2208 5711 3220 5788">
     <span class='ocr_line' id='line_1_120' title="bbox 2208 5711 3220 5788; baseline 0.002 -21"><span class='ocrx_word' id='word_1_1038' title='bbox 2208 5711 2278 5788; x_wconf 60' lang='grc' dir='ltr'><strong>(εἰ)</strong></span> <span class='ocrx_word' id='word_1_1039' title='bbox 2302 5716 2363 5788; x_wconf 68' lang='lat' dir='ltr'><strong>in</strong></span> <span class='ocrx_word' id='word_1_1040' title='bbox 2387 5711 2487 5768; x_wconf 73' lang='lat' dir='ltr'><strong>nis.</strong></span> <span class='ocrx_word' id='word_1_1041' title='bbox 2512 5714 2695 5788; x_wconf 77' lang='lat' dir='ltr'><strong>Mart.,</strong></span> <span class='ocrx_word' id='word_1_1042' title='bbox 2725 5711 3045 5788; x_wconf 13' lang='lat' dir='ltr'><strong>quamiDeus</strong></span> <span class='ocrx_word' id='word_1_1043' title='bbox 3072 5724 3220 5769; x_wconf 84' lang='lat' dir='ltr'><strong>esset.</strong></span> 
     </span>
    </p>
   </div>
   <div class='ocr_carea' id='block_1_120' title="bbox 2203 5785 3730 5860">
    <p class='ocr_par' dir='ltr' id='par_1_120' title="bbox 2203 5785 3730 5860">
     <span class='ocr_line' id='line_1_121' title="bbox 2203 5785 3730 5860; baseline 0.002 -20"><span class='ocrx_word' id='word_1_1044' title='bbox 2203 5785 2291 5860; x_wconf 62' lang='lat' dir='ltr'><strong>(&#39;j)</strong></span> <span class='ocrx_word' id='word_1_1045' title='bbox 2324 5785 2527 5860; x_wconf 66' lang='lat' dir='ltr'><strong>Escusi</strong></span> <span class='ocrx_word' id='word_1_1046' title='bbox 2553 5828 2566 5853; x_wconf 92' lang='lat'><strong>,</strong></span> <span class='ocrx_word' id='word_1_1047' title='bbox 2600 5786 2730 5860; x_wconf 74' lang='lat' dir='ltr'><strong>inter</strong></span> <span class='ocrx_word' id='word_1_1048' title='bbox 2751 5787 2929 5860; x_wconf 79' lang='lat' dir='ltr'><strong>nasci;</strong></span> <span class='ocrx_word' id='word_1_1049' title='bbox 2958 5795 3018 5860; x_wconf 71' lang='lat' dir='ltr'><strong>et</strong></span> <span class='ocrx_word' id='word_1_1050' title='bbox 3036 5802 3159 5860; x_wconf 56' lang='lat' dir='ltr'><strong>mox</strong></span> <span class='ocrx_word' id='word_1_1051' title='bbox 3179 5828 3194 5853; x_wconf 94' lang='lat'><strong>,</strong></span> <span class='ocrx_word' id='word_1_1052' title='bbox 3225 5789 3279 5843; x_wconf 88' lang='lat' dir='ltr'><strong>in</strong></span> <span class='ocrx_word' id='word_1_1053' title='bbox 3300 5787 3585 5845; x_wconf 85' lang='lat' dir='ltr'><strong>substantia</strong></span> <span class='ocrx_word' id='word_1_1054' title='bbox 3638 5803 3730 5843; x_wconf 80' lang='lat' dir='ltr'><strong>na-</strong></span> 
     </span>
    </p>
   </div>
   <div class='ocr_carea' id='block_1_121' title="bbox 2129 5857 3431 5931">
    <p class='ocr_par' dir='ltr' id='par_1_121' title="bbox 2129 5857 3431 5931">
     <span class='ocr_line' id='line_1_122' title="bbox 2129 5857 3431 5931; baseline 0.003 -16"><span class='ocrx_word' id='word_1_1055' title='bbox 2129 5857 2340 5915; x_wconf 74' lang='lat' dir='ltr'><strong>tivitatis</strong></span> <span class='ocrx_word' id='word_1_1056' title='bbox 2372 5859 2557 5926; x_wconf 75' lang='lat' dir='ltr'><strong>exisse,</strong></span> <span class='ocrx_word' id='word_1_1057' title='bbox 2584 5857 2727 5913; x_wconf 86' lang='lat' dir='ltr'><strong>aliud</strong></span> <span class='ocrx_word' id='word_1_1058' title='bbox 2751 5858 2838 5926; x_wconf 79' lang='lat' dir='ltr'><strong>sit,</strong></span> <span class='ocrx_word' id='word_1_1059' title='bbox 2860 5868 2966 5915; x_wconf 88' lang='lat' dir='ltr'><strong>etc.</strong></span> <span class='ocrx_word' id='word_1_1060' title='bbox 2989 5857 3275 5931; x_wconf 89' lang='lat' dir='ltr'><strong>Sequimur</strong></span> <span class='ocrx_word' id='word_1_1061' title='bbox 3301 5875 3431 5919; x_wconf 86' lang='lat' dir='ltr'><strong>mss.</strong></span> 
     </span>
    </p>
   </div>
  </div>
