4246 6260
517 268 624 331 185

1737 268 1980 326 SANCTI
2021 269 2274 328 lllLARll
2313 271 2622 331 EPISCOPI

3722 282 3828 342 184

510 389 563 442 ci
586 429 602 455 ,
629 395 683 443 et
704 384 933 453 adesse,
966 392 1174 442 tantum
1205 399 1236 440 a
1265 398 1324 442 se
1351 392 1580 456 uterque
1627 399 1811 440 sermo
1846 385 2111 441 discerni-
2139 396 2191 451 Α
2217 389 2312 442 hoc
2334 390 2585 444 credimus
2610 391 2730 457 quia
2753 410 2784 446 a
2815 391 2924 446 Deo
2963 390 3113 446 existi
3161 390 3341 464 (Joau.
3379 408 3493 461 xvn,
3520 392 3636 466 29).
3668 395 3823 464 Quae,

517 493 623 538 tur.
652 479 787 536 Cum
813 480 958 536 aliud
999 481 1070 534 sit
1113 495 1145 534 a
1180 480 1289 535 Deo
1322 482 1374 534 in
1405 479 1764 534 substantiam
1822 481 2117 535 nativitatis

514 575 725 641 exisse,
755 574 899 628 aliud
930 584 1014 628 est
1035 588 1065 627 a
1096 573 1257 628 Patre
1290 573 1341 628 in
1372 573 1517 628 hunc
1557 575 1816 630 mundum
1871 575 1937 630 ad
1982 590 2119 631 con-

515 666 837 722 summanda
863 666 1051 719 Salutis
1080 675 1281 720 nostra:
1310 679 1650 722 sacramenta
1674 670 1910 724 venisse.

593 761 682 818 ‘52.
711 759 944 815 Christus
971 761 1035 814 ab
1056 760 1307 831 apostolis
1351 763 1491 829 [ilius
1545 779 1608 817 ea:
1664 773 1854 817 natura
1908 780 2010 818 non
2060 782 2122 819 ex

517 856 798 923 adaptione
825 853 1070 909 creditus.
1097 884 1168 894 —
1193 854 1262 910 Et
1287 856 1504 924 quidem
1536 858 1834 912 secundum
1867 859 2121 929 pr0posi-

521 958 643 1004 taea
690 948 846 1003 nobis
905 947 1282 1018 reSponsionis
1328 948 1572 1004 ordinem
1627 950 2124 1019 opportunissimus

523 1043 612 1096 hic
642 1041 802 1096 nobis
830 1040 982 1095 locus
1009 1049 1094 1095 est
1116 1083 1132 1108 ,
1164 1049 1222 1095 ut
1253 1042 1414 1096 tertio
1446 1057 1588 1096 nunc
1613 1041 1908 1097 doceamus
1953 1041 2122 1096 ﬁlium

527 1135 619 1189 Dei
673 1134 956 1187 Dominum
988 1142 1232 1188 nostrum
1253 1133 1440 1188 Jesum
1473 1123 1746 1188 Christum
1772 1135 1840 1188 ab
1867 1135 2128 1205 apostolis

523 1229 788 1284 creditum
825 1225 900 1301 (a)
930 1242 1034 1282 non
1068 1244 1134 1282 ex
1158 1229 1593 1298 nuncupatione,
1629 1228 1724 1282 sed
1778 1244 1844 1284 ex
1897 1237 2124 1294 natura;

530 1339 706 1392 neque
728 1337 794 1377 ex
824 1322 1117 1392 adoptione
1137 1363 1153 1388 ,
1189 1321 1284 1376 sed
1314 1337 1382 1376 cx
1427 1322 1727 1376 nativitate.
1789 1321 2128 1390 Quamquam

532 1417 676 1470 enim
703 1415 881 1484 plures
909 1423 963 1469 et
989 1414 1064 1487 (b)
1092 1416 1340 1470 maxima:
1369 1413 1546 1468 adhuc
1570 1413 1833 1484 unigeniti
1860 1413 1926 1468 de
1953 1428 2012 1468 se
2037 1413 2130 1466 Dei

527 1517 743 1562 exstent
777 1507 1143 1577 professiones
1167 1549 1182 1574 ,
1211 1507 1404 1577 quibus
1432 1507 1797 1576 generationis
1824 1521 1936 1561 sure
1995 1505 2133 1559 veri-

528 1610 694 1656 tatem
724 1602 840 1655 sine
872 1601 976 1655 levi
1005 1601 1198 1656 saltem
1257 1600 1619 1656 ementiendae
1665 1601 1791 1653 licet
1849 1599 2134 1654 calumniae

525 1693 815 1748 occasione
847 1700 1078 1748 testetur
1105 1711 1117 1746 :
1142 1700 1320 1748 tamen
1353 1691 1507 1764 157
1532 1692 1657 1762 quia
1714 1707 1888 1761 neque
1950 1691 2134 1762 legen-

2222 498 2372 552 rogo,
2401 481 2518 537 lnec
2545 484 2694 538 verbi
2728 483 2888 553 hujus
2916 484 3204 540 admiratio
3253 496 3359 552 est,
3393 485 3535 556 quod
3562 501 3620 542 se
3649 489 3830 544 exisse

2221 587 2249 626 a
2277 573 2386 628 Deo
2416 572 2691 644 professus
2731 575 2842 629 sit?
2871 576 3041 632 Tanta
3088 586 3144 634 et
3173 587 3280 632 tam
3329 578 3439 633 Deo
3467 578 3682 648 propria
3708 595 3826 646 vos,

2222 681 2256 718 ο
2285 667 2454 720 sancti
2479 675 2532 721 et
2561 667 2700 721 beati
2733 668 2853 732 viri,
2883 681 2937 724 et
2966 671 3037 724 ob
3068 670 3190 725 ﬁdei
3214 678 3406 725 vestrae
3434 673 3686 726 meritum
3709 673 3828 726 cla-

2225 774 2319 814 ves
2345 758 2424 831 (f)
2458 762 2608 831 regni
2640 762 2902 817 cmlormu
2951 765 3148 832 sortiti,
3180 774 3235 820 ct
3265 765 3464 835 ligandi
3493 781 3556 820 ac
3584 766 3830 821 solvendi

2227 853 2433 907 inccelo
2455 865 2507 907 et
2538 854 2588 907 in
2623 855 2865 924 terrajus
2884 856 3084 924 adepti,
3118 867 3267 927 gesta
3287 872 3406 913 esse
3437 873 3529 928 per
3545 859 3831 914 Dominum

2228 954 2471 1000 nostrum
2496 945 2676 1001 Jesum
2707 948 2982 1002 Christum
3034 951 3123 1005 Dei
3157 950 3322 1004 ﬁlium
3355 951 3609 1007 videralis
3639 971 3653 1005 :
3681 963 3736 1007 et
3764 953 3833 1007 ad

2229 1037 2304 1105 id,
2337 1039 2479 1109 quod
2502 1055 2529 1093 a
2559 1041 2666 1095 Deo
2693 1040 2871 1096 exisse
2894 1056 2954 1096 se
2981 1041 3133 1107 dixit,
3169 1058 3308 1096 nunc
3340 1045 3570 1112 primum
3603 1058 3700 1098 vos
3722 1043 3834 1099 veri

2231 1129 2644 1201 intelligentiam
2673 1131 2887 1201 assequi
2919 1133 3318 1202 protestamini?
3341 1132 3614 1189 Videratis
3646 1135 3831 1206 utique

2234 1225 2502 1295 nuptiales
2547 1240 2738 1295 aquas,
2791 1225 2867 1298 (g)
2911 1236 2963 1281 et
2993 1227 3209 1282 easdem
3243 1227 3481 1297 nuptiale
3524 1229 3732 1297 vinum,
3785 1239 3841 1286 et

2233 1330 2438 1371 natura:
2464 1316 2516 1372 in
2543 1327 2786 1372 naturam
2811 1319 2893 1372 vel
2917 1317 3365 1383 demutationcm,
3396 1321 3479 1374 vel
3512 1321 3836 1390 profectum,

2235 1409 2318 1465 vel
2348 1412 2677 1465 creationem
2722 1409 2900 1482 (Joan.
2934 1412 3016 1484 tt).
3061 1412 3312 1482 Quinque
3344 1414 3507 1468 etiam
3559 1430 3722 1482 panes
3770 1414 3841 1468 ad

2236 1503 2416 1558 cibum
2447 1508 2608 1557 tantae
2641 1501 3001 1558 multitudinis
3048 1503 3352 1574 l'regeratis,
3404 1513 3458 1558 et
3486 1504 3693 1560 satiatis
3719 1521 3842 1561 om-

2242 1596 2402 1650 nibus
2446 1597 2499 1650 in
2550 1597 2940 1665 plenitudinem
2997 1595 3282 1652 duodecim
3316 1595 3670 1666 c0phinorum
3704 1598 3846 1668 frag-

2243 1700 2425 1744 menta
2456 1688 2536 1761 (Ιι)
2569 1689 2646 1760 (2)
2692 1704 2887 1760 panum
2919 1697 3222 1755 creverant,
3257 1698 3310 1744 et
3358 1697 3565 1744 natura:
3612 1689 3848 1759 part-itas

532 1787 665 1842 tium
695 1785 1006 1840 onerandus
1058 1791 1145 1840 est
1191 1800 1386 1840 sensus
1415 1783 1755 1839 coacervatis
1803 1783 1869 1837 ad
1921 1783 2134 1852 copiam
2167 1801 2215 1860 Β
2243 1781 2439 1836 famem
2483 1782 2689 1850 pellens
2730 1782 3032 1850 profecerat
3072 1780 3125 1834 in
3175 1781 3334 1853 158
3361 1781 3604 1849 ejusdem
3632 1781 3846 1849 coliiazn

530 1879 722 1944 dictis,
745 1885 940 1932 etcum
969 1876 1081 1948 jam
1115 1876 1372 1930 nonnulla
1422 1875 1491 1930 de
1522 1875 1854 1946 proprietate
1887 1875 2139 1928 nativita-

531 1972 599 2026 tis
629 1981 846 2026 ostensa
877 1969 982 2024 sint
1005 2011 1020 2034 ,
1042 1979 1238 2024 Caetera
1262 1968 1444 2022 omnia
1474 1967 1596 2022 aliis
1621 1978 1784 2023 erunt
1814 1969 2135 2038 quaestioni-

531 2064 633 2118 bus
657 2062 1006 2118 reservanda.
1041 2059 1194 2115 Nunc
1225 2075 1355 2114 vero
1381 2059 1503 2129 quia
1536 2059 1622 2114 hic
1653 2061 1926 2114 sermonis
1955 2060 2129 2114 nostri

533 2156 671 2210 ordo
703 2155 981 2210 institutus
1009 2163 1094 2209 est
1115 2195 1129 2220 ,
1179 2162 1238 2207 ut
1265 2160 1392 2223 post
1438 2151 1618 2207 Patris
1647 2151 2099 2207 contestationem
2122 2190 2138 2217 ,

535 2260 660 2320 post
682 2249 801 2303 Filii
830 2247 1256 2319 professionem,
1319 2245 1390 2318 (ο)
1440 2246 1546 2301 ﬁde
1602 2261 1816 2317 quoque
1851 2247 2142 2317 Apostoloo

539 2359 664 2398 rum
713 2342 781 2398 de
820 2357 950 2397 vero
997 2349 1052 2396 et
1104 2340 1400 2396 secundum
1450 2339 1783 2395 nativitatem
1838 2339 2144 2394 conﬁtendo

544 2435 641 2492 Dei
686 2435 795 2489 ﬁlio
821 2434 1178 2500 doceremur;
1212 2433 1504 2488 videndum
1528 2441 1613 2488 est
1637 2474 1651 2498 ,
1684 2447 1750 2486 an
1783 2433 1835 2486 in
1893 2447 1960 2487 eo
2001 2431 2146 2502 quod

543 2527 620 2582 ait
648 2527 910 2582 Dominus
933 2569 947 2592 ,
972 2525 1057 2581 Ea:
1087 2523 1198 2580 Deo
1226 2526 1360 2580 exivi
1381 2567 1396 2592 ,
1430 2525 1575 2580 aliud
1604 2525 1655 2579 in
1689 2541 1754 2580 eo
1792 2524 1997 2595 aliquid
2047 2538 2146 2594 po-

542 2625 649 2677 tius
674 2637 834 2692 quam
866 2630 1114 2676 naturam
1146 2620 1512 2676 intellexerint
1535 2620 1856 2675 nativitatis.

607 2717 698 2771 53.
743 2713 882 2782 Quid
907 2715 974 2768 sit
999 2714 1136 2784 quod
1158 2715 1387 2782 primum
1409 2715 1620 2768 credant
1643 2731 1755 2768 eum
1776 2731 1807 2767 a
1831 2711 1940 2768 Deo
1962 2714 2146 2770 exisse.

536 2838 609 2849 —
637 2808 763 2863 Post
794 2808 990 2862 multas
1040 2822 1274 2877 namque
1307 2807 1718 2875 proverbiorum
1763 2807 2143 2872 obscuritates,

538 2899 734 2969 quibus
777 2898 830 2952 in
861 2898 1132 2968 parabolis
1159 2899 1370 2954 locutus
1418 2905 1598 2964 esset,
1644 2913 1806 2968 quem
1846 2899 1958 2966 jam
1991 2907 2148 2953 antea

539 2993 816 3049 Christum
842 2991 1084 3048 sciebant
1104 2992 1487 3046 annuntiatum
1509 3007 1537 3044 a
1566 2992 1746 3063 Moyse
1773 3000 1827 3044 et
1852 2993 2148 3061 prophetis,

543 3083 856 3140 c0nfe3snm
886 3099 1102 3154 quoque
1121 3100 1152 3139 a
1179 3083 1481 3138 Nathanael
1507 3093 1560 3139 et
1583 3083 1677 3138 Dei
1698 3084 1868 3138 lilium
1895 3094 1948 3140 et
1971 3100 2151 3155 regem

2242 1884 2447 1926 natura:
2477 1870 2689 1943 (Matth.
2724 1873 2862 1942 xw).
2913 1871 3225 1927 Rcvirulssc
3267 1887 3461 1926 manus
3510 1873 3690 1927 aridas
3716 1889 3850 1928 cou-

2241 1967 2579 2037 spcxeratis,
2613 1975 2668 2020 et
2699 1967 2753 2019 in
2778 1981 2964 2020 Vocem
2999 1975 3267 2020 mutorum
3298 1966 3508 2037 linguas
3539 1967 3764 2032 solutas,
3795 1975 3854 2020 et

2243 2060 2296 2114 in
2341 2074 2560 2114 cursum
2606 2058 2920 2113 claudorqu
2974 2059 3140 2129 pedes
3190 2059 3432 2124 alacres,
3481 2069 3538 2114 et
3583 2073 3851 2114 caecorum

2243 2152 2430 2208 oculos
2477 2161 2787 2220 cernentes,
2823 2162 2878 2207 et
2908 2164 3246 2208 mortuorum
3297 2154 3434 2207 vitas
3477 2163 3847 2209 revertentes.

2246 2246 2464 2303 Foetens
2491 2246 2726 2302 Lazarus
2754 2248 3075 2303 constiterat
3103 2249 3170 2303 ad
3202 2263 3412 2315 vocem,
3455 2259 3509 2304 ct
3543 2265 3574 2304 e
3603 2251 3852 2320 sepulcro

2246 2348 2491 2403 vocatus,
2519 2339 2666 2394 nullo
2699 2340 2981 2394 intervallo
3003 2340 3151 2396 vocis
3175 2351 3228 2395 et
3256 2342 3399 2408 vitae,
3428 2340 3492 2410 (il
3516 2342 3653 2396 citus
3678 2343 3851 2397 fuerat

2247 2445 2518 2502 egressus,
2551 2442 2606 2486 et
2627 2431 2804 2487 adhuc
2826 2433 3050 2488 odoretn
3083 2434 3273 2488 mortis
3304 2435 3355 2488 in
3388 2449 3606 2490 sensmn
3641 2436 3851 2491 narium

2251 2527 2445 2595 spiritu
2477 2537 2692 2596 agente,
2750 2527 2866 2597 ipse
2903 2528 3012 2598 jam
3043 2527 3196 2582 vivus
3225 2527 3506 2582 adstiterat
3548 2526 3728 2602 (Joan.
3776 2545 3856 2595 ιι,

2247 2615 2366 2687 44).
2401 2617 2578 2672 Taceo
2607 2619 2675 2674 de
2721 2621 2931 2674 caeteris
2962 2634 3274 2688 magnarmn
3323 2621 3577 2674 virtuttnn
3627 2631 3682 2676 et
3725 2621 3860 2675 divi-

2251 2726 2443 2765 narttm
2471 2713 2897 2781 operationibus.
2928 2713 3080 2767 Nunc
3125 2727 3255 2783 ergo
3287 2713 3518 2783 primum
3553 2714 3858 2784 intelligitis

2253 2809 2342 2880 qui
2373 2809 2440 2863 sit
2472 2806 2558 2862 hic
2608 2808 2806 2862 missus
2859 2823 2888 2861 e
2917 2807 3090 2872 C(Blis,
3145 2817 3426 2878 postquam
3479 2807 3704 2863 audistis
3734 2827 3746 2862 :
3779 2806 3856 2862 De

2255 2901 2416 2956 Patre
2441 2900 2614 2954 exivi?
2647 2901 2710 2954 Et
2737 2902 2840 2954 hoc
2861 2900 3012 2953 vobis
3042 2899 3268 2968 primum
3291 2900 3403 2970 jam
3428 2900 3546 2954 sine
3568 2901 3859 2970 proverbio

2254 2995 2458 3050 dictum
2482 3003 2584 3062 est,
2609 3004 2662 3048 et
2695 3009 2788 3063 per
2815 3005 3020 3048 natura:
3049 2993 3304 3049 virtutem
3339 2995 3638 3064 intelligitis
3671 3011 3857 3050 verum

2257 3103 2377 3142 esse
2402 3088 2543 3158 quod
2575 3104 2602 3140 a
2637 3087 2745 3142 Deo
2788 3088 2974 3151 exivit,
3004 3102 3124 3141 eum
3155 3087 3488 3142 voluntatum
3521 3087 3599 3160 (5)
3629 3086 3700 3161 (j)
3736 3105 3855 3143 ves-

542 3179 709 3235 lsracl
755 3177 934 3250 (Joan.
965 3193 1004 3242 ι,
1037 3179 1152 3248 49),
1205 3177 1492 3248 objurgato
1529 3177 1695 3232 etiam
1724 3177 1994 3248 Philippo,
2028 3193 2149 3232 cum
2177 3183 2222 3243 C
2259 3188 2458 3236 trarmn
2483 3179 2833 3250 cogitationes
2864 3181 3056 3235 tacitus
3080 3180 3339 3245 intuetur,
3360 3195 3480 3234 cum
3509 3179 3585 3252 (It)
3611 3179 3680 3235 de
3704 3181 3862 3236 nullis

541 3273 613 3328 de
641 3272 799 3326 Patre
827 3281 1118 3341 qumreret,
1151 3285 1248 3324 cur
1279 3285 1374 3338 per
1399 3285 1626 3339 operum
1651 3270 1904 3324 virtutem
1936 3269 2150 3324 Patrem

543 3366 598 3420 in
628 3379 687 3420 se
717 3362 798 3436 (1)
830 3362 910 3436 (d)
938 3378 1060 3419 esse
1085 3372 1140 3418 et
1159 3377 1218 3420 se
1245 3364 1296 3417 in
1328 3363 1487 3418 Patre
1513 3363 1692 3418 inesse
1718 3363 1975 3430 nesciret,
2001 3379 2155 3418 cum-

545 3474 652 3528 que
679 3473 738 3514 se
769 3475 797 3512 a
832 3457 990 3512 Patre
1033 3457 1255 3512 missum
1303 3455 1676 3526 frequentibus
1705 3457 1864 3512 dictis
1893 3467 2017 3512 ante
2057 3457 2155 3512 do-

546 3552 749 3607 cuisset
778 3551 958 3621 (Joan.
1005 3566 1114 3615 xiv,
1147 3551 1310 3619 9—12)
1349 3569 1361 3604 :
1418 3560 1595 3606 tamen
1645 3565 1766 3606 cum
1808 3552 2150 3621 proﬁtentem

547 3658 670 3698 eum
700 3644 980 3700 audissent
1022 3657 1083 3698 se
1111 3658 1140 3697 a
1176 3644 1286 3697 Deo
1312 3642 1510 3708 exisse,
1546 3643 1660 3698 haec
1703 3658 1892 3698 eorum
1925 3660 2154 3714 respon-

547 3735 630 3790 sio
678 3735 776 3790 iuit
828 3737 1127 3808 (connexus
1173 3735 1318 3790 enim
1366 3735 1454 3790 hic
1501 3735 1604 3792 sibi
1651 3751 1829 3791 sermo
1858 3735 1964 3807 est)
2011 3735 2156 3791 :Di-

553 3839 672 3882 cunt
695 3828 766 3900 (e)
797 3830 844 3883 ei
871 3815 1111 3900 discipuli
1141 3833 1274 3902 ejus,
1308 3827 1468 3882 Nunc
1493 3830 1666 3897 palam
1693 3831 1931 3901 loqueris,
1963 3841 2009 3885 et
2036 3849 2157 3900 pro-

548 3923 776 3977 verbium
808 3923 1012 3976 nullum
1059 3923 1207 3976 dicis.
1264 3921 1418 3976 Nunc
1464 3940 1583 3995 ergo
1631 3925 1818 3978 scimus
1861 3925 1981 3994 quia
2025 3928 2158 3980 nosti

550 4016 743 4078 omnia,
774 4024 820 4070 et
847 4032 950 4068 non
977 4014 1131 4070 habes
1156 4031 1356 4070 necesse
1377 4023 1430 4067 ut
1457 4014 1644 4086 aliquis
1677 4025 1722 4069 te
1748 4018 2023 4088 interroget
2055 4035 2072 4072 :
2103 4019 2159 4072 in

627 4151 710 4221 (1)
750 4153 1027 4209 Omittitur
1053 4169 1160 4207 esse
1187 4155 1240 4207 in
1271 4159 1459 4207 nostro
1486 4166 1590 4206 ms.

631 4151 711 4294 (ιζ
750 4153 1027 4209 Omittitur
1053 4169 1160 4207 esse
1187 4155 1240 4207 in
1271 4167 1322 4206 nt

631 4223 687 4296 (ἓ
754 4223 1063 4296 Fragmenta
1092 4225 1322 4294 partium.

632 4363 712 4436 (a)
741 4365 863 4420 Par.
887 4373 1011 4435 post
1038 4362 1311 4436 Lipsium,
1351 4363 1608 4436 traditum
1637 4381 1652 4418 :
1680 4364 1818 4418 male
1858 4374 1912 4420 ct
1959 4373 2157 4435 praeter

561 4433 790 4492 aliorum
823 4433 1083 4508 librorum
1122 4435 1306 4508 ﬁdem.
1340 4433 1547 4508 Quippe
1596 4436 1832 4490 nondum
1883 4433 2158 4508 apostolo-

558 4525 675 4563 rum
698 4507 938 4563 doctrina
971 4505 1313 4576 exprnditur,
1346 4505 1439 4559 sed
1466 4506 1616 4559 ﬁdes.

632 4579 708 4651 (b)
760 4578 815 4632 ln
865 4579 1012 4649 prius
1064 4578 1307 4651 vulgatis,
1359 4577 1616 4651 maxgne,
1672 4577 2007 4651 adverbium.
2062 4579 2158 4632 llic

2261 3285 2530 3344 tamquam
2563 3272 2780 3342 ignarus
2809 3273 3126 3342 interrogat,
3169 3286 3288 3326 cum
3338 3273 3581 3326 omnium
3608 3273 3861 3342 cognitor

2259 3367 2380 3421 est?
2411 3367 2513 3420 Per
2544 3365 2658 3420 lnec
2686 3365 2828 3419 enim
2857 3368 3060 3431 omnia,
3092 3381 3212 3434 qua:
3239 3366 3439 3419 virtute
3458 3379 3522 3419 ac
3547 3374 3734 3419 natura
3768 3364 3864 3420 Dei

2257 3459 2389 3528 agit,
2423 3473 2450 3510 a
2479 3459 2588 3512 Deo
2615 3459 2796 3511 exisse
2825 3457 3128 3512 credendus
3158 3467 3258 3512 est.

2329 3551 2418 3608 54.
2441 3551 2596 3606 Prius
2618 3561 2861 3606 noverant
2879 3570 2910 3606 a
2931 3550 3040 3607 Deo
3056 3554 3262 3608 missum
3283 3555 3407 3607 :sed
3426 3554 3703 3607 nativitatis
3715 3554 3868 3609 ratio.

2263 3663 2376 3700 nem
2397 3664 2500 3700 non
2519 3655 2834 3716 acceperant.
2869 3677 2938 3686 —-
2968 3647 3082 3700 Non
3109 3647 3195 3702 hic
3240 3649 3412 3702 sancti
3441 3649 3670 3716 apostoli
3691 3664 3719 3702 a
3752 3649 3863 3703 Deo

2263 3743 2460 3812 exisse,
2491 3741 2542 3795 id
2568 3751 2672 3808 est,
2706 3758 2733 3793 a
2760 3742 2869 3798 Deo
2898 3743 3120 3796 missum
3152 3757 3271 3796 esse
3300 3742 3708 3809 intellexerunt;
3741 3759 3862 3798 nam

2263 3832 2411 3888 omni
2434 3833 2715 3902 superiore
2745 3847 2995 3887 sermone
3033 3833 3378 3888 conﬁtentem
3409 3833 3632 3888 missum
3656 3849 3776 3889 esse
3805 3851 3866 3890 sc

2265 3925 2575 3996 frequenter
2616 3926 2897 3981 audierant
2931 3944 2944 3978 :
2974 3925 3068 3981 scd
3114 3926 3394 3981 audientes
3429 3941 3457 3978 a
3505 3926 3618 3981 Deo
3664 3928 3863 3992 exisse,

2269 4030 2515 4075 naturam
2578 4021 2629 4073 in
2677 4033 2744 4073 eo
2796 4019 2887 4074 Dei
2939 4034 3002 4072 ex
3049 4019 3301 4088 operibus
3324 4029 3631 4085 cernentes,
3658 4028 3865 4074 natura:

2336 4156 2416 4230 (5)
2461 4155 2792 4212 Nostrarum.

2269 4365 2409 4420 l'avct
2452 4363 2595 4434 quod
2640 4362 2708 4418 de
2747 4359 3187 4434 eodem_Christi
3224 4358 3377 4434 iacto
3424 4358 3498 4412 ait
3539 4357 3771 4434 llilarius
3815 4361 3865 4414 in

2269 4431 2529 4490 Matthfc.
2564 4451 2671 4496 xw,
2709 4451 2763 4488 n.
2797 4433 2862 4487 1‘2
2893 4452 2905 4486 :
2939 4431 3130 4486 Crescit
3152 4431 3335 4484 deinde
3367 4431 3605 4484 materies
3633 4446 3652 4485 .'
3673 4441 3727 4484 et
3752 4443 3870 4498 post

2270 4523 2458 4576 pauca,
2485 4506 2756 4560 Auctorem
2778 4506 2914 4558 enim
2938 4507 3089 4576 hujus
3113 4503 3456 4556 universitatis
3483 4511 3868 4576 tantuspattum

2266 4574 2528 4650 profectus
2556 4577 2796 4650 ostendit,
2823 4591 2912 4650 per
2935 4574 3086 4644 quem
3107 4576 3202 4650 t_ali
3218 4576 3530 4650 incremento
3552 4574 3732 4650 modus
3755 4588 3871 4642 per-

565 4645 837 4715 maximat,
863 4645 912 4704 id
940 4659 1022 4733 est
1043 4645 1420 4733 ,“clariss‘imte.
1477 4646 1634 4733 Tum.
1673 4650 1724 4703 in
1773 4651 2158 4733 vetustissimis
2193 4676 2242 4733 Β
2267 4645 2498 4701 ὶιπέιειω
2529 4649 2753 4733 materia:
2777 4648 3071 4700 adderetur.
3105 4645 3339 4700 Facilius
3372 4650 3549 4726 itaque
3581 4647 3628 4698 ci
3661 4661 3867 4725 annue-

561 4724 960 4789 exemplaribus
982 4721 1133 4775 Colb.
1161 4729 1216 4774 et
1261 4719 1424 4774 Carn.
1474 4721 1728 4773 scribitur
1777 4719 2004 4787 adhunc,
2055 4737 2160 4773 non

563 4794 673 4847 alio
697 4809 881 4847 sensu.

632 4866 706 4936 (ε)
745 4864 902 4936 latin
931 4875 1063 4936 mss.
1095 4861 1173 4936 At
1190 4861 1243 4914 in
1267 4863 1500 4927 excusis,
1531 4861 1732 4936 ίξιζιῗηζ.Δ
2120 4890 2162 4936 ξ.

635 4867 680 4936 (c
745 4866 816 4918 Ita
851 4866 902 4916 in
931 4875 1063 4916 mss.
1095 4866 1164 4918 At
1190 4866 1243 4914 in
1267 4866 1500 4927 excusis,
1531 4866 1704 4925 ﬁdem.
2132 4890 2162 4913 ο

635 4866 717 5007 ((1))
763 4933 901 4989 Editi
954 4934 1039 4986 hic
1058 4933 1270 5007 omisso
1319 4948 1444 5007 esse,
1492 4931 1866 5007 subjiciebant,
1919 4941 1966 4986 et
2013 4949 2067 5007 se
2113 4934 2165 4987 in

566 5003 724 5062 Patre
769 5022 877 5061 esse
930 5005 1168 5068 nesciret,
1205 5019 1310 5057 non
1361 5003 1544 5057 inesse.
1593 5003 1920 5058 Concinnior
1948 5015 2031 5059 est
2059 5005 2166 5059 lcc-

563 5081 638 5134 tio
670 5095 799 5132 mss.

638 5149 727 5223 (e),
757 5150 877 5204 Par.
907 5162 1028 5203 cum
1073 5155 1288 5202 vetusto
1319 5160 1420 5200 ms.
1455 5143 1635 5213 Colb.,
1687 5143 1879 5200 Dicunt
1907 5163 2028 5218 ergo
2061 5147 2170 5200 dis-

569 5222 751 5276 cinuli.

619 5240 806 5364 1ἴδ’-’1η
846 5289 1240 5364 antiquioribus
1265 5302 1396 5364 mss.
1440 5285 1530 5364 hic
1571 5288 2061 5364 clavem_.__lnferius
2090 5297 2169 5343 ta-

569 5359 696 5418 men
725 5362 838 5416 haec
868 5359 1171 5416 vox’exstat
1202 5362 1252 5415 in
1285 5359 1473 5430 plurali
1505 5374 1730 5414 numero
1763 5360 2022 5416 librorum
2051 5377 2169 5415 om-

570 5452 717 5489 llllllll
746 5448 1034 5488 ('OIISCHSU.

645 5507 721 5577 (g)
753 5505 910 5577 Bad.,
942 5504 1032 5558 Er.
1067 5513 1119 5558 et
1142 5506 1471 5577 recentiores
1497 5517 1629 5557 mss.
1657 5512 1704 5556 et
1732 5503 1784 5556 in
1809 5502 2020 5577 eisdem.
2047 5501 2163 5577 Me-

569 5574 680 5630 lius
720 5577 809 5629 alii
859 5576 1001 5639 libri,
1047 5583 1092 5627 et
1123 5575 1346 5638 easdem,
1397 5576 1586 5646 supple
1618 5577 1824 5646 factas:
1855 5574 1956 5628 nisi
2005 5575 2162 5630 malis

571 5662 692 5701 eum
723 5646 930 5700 Martio.
961 5655 1009 5700 et
1037 5662 1101 5698 ex
1127 5647 1340 5698 eisdem.

650 5716 729 5788 (lt)
769 5717 1109 5786 Antiquior-es
1158 5733 1288 5770 mss.
1327 5719 1558 5789 puniunt.
1609 5717 1744 5772 Tum
1779 5717 2033 5772 Erasmus
2079 5717 2160 5773 le-

572 5790 802 5857 gendum
832 5797 981 5858 putat
1004 5799 1052 5841 et
1080 5789 1305 5842 materia:
1324 5789 1568 5858 paruitas,
1603 5803 1709 5844 non
1738 5799 1789 5844 et
1817 5798 2034 5846 natura.
2063 5789 2160 5846 Cui

2269 4735 2471 4782 remus,
2505 4721 2603 4772 nisi
2636 4720 2801 4773 verbo
2833 4728 3031 4771 natura:
3059 4732 3180 4770 mox
3214 4719 3466 4786 repetito,
3499 4717 3546 4767 ei
3578 4717 3870 4783 praemitte-

2270 4803 2417 4846 retur
2466 4791 2714 4862 ejusdem.
2794 4790 2918 4862 Haec
2971 4789 3232 4862 sententia
3283 4805 3309 4840 a
3367 4788 3690 4862 praecedenti
3760 4800 3866 4862 non

2268 4862 2450 4916 dill'ert
2487 4856 2597 4915 'nisi
2647 4861 2939 4916 vocabulis.
2978 4859 3177 4912 Deinde
3204 4859 3256 4912 in
3290 4875 3391 4912 ms.
3425 4856 3528 4912 Vat
3577 4858 3690 4911 bas.
3738 4859 3870 4912 revi-

2270 4934 2434 4987 ruisse
2477 4949 2688 4986 manum
2735 4932 2978 4986 aridam:
3009 4929 3149 4998 quod
3205 4945 3236 4982 a
3280 4929 3538 4984 subnexis
3583 4929 3823 4984 dissonat
3851 4971 3866 4993 ,

2273 5005 2539 5074 inquibus
2563 5015 2763 5062 caetera
2804 5004 3003 5058 Christi
3031 5008 3179 5072 gesta
3213 5001 3405 5069 plurali
3445 5015 3670 5056 numero
3698 5016 3870 5056 enun-

2271 5077 2492 5131 tiantur.

2346 5147 2408 5218 (i)
2451 5148 2538 5202 Sic
2577 5162 2708 5202 mss.
2739 5147 2808 5202 At
2829 5143 2980 5209 editi,
3014 5143 3132 5198 cito.

2343 5213 2410 5289 (i)
2451 5218 2701 5287 Plerique
2745 5233 2806 5271 ac
2839 5221 3085 5289 potiores
3117 5230 3246 5289 mss.
3305 5223 3613 5289 nostrarum.
3662 5213 3784 5270 Mox
3815 5214 3868 5268 in

2269 5285 2520 5345 omnibus
2550 5285 2770 5356 tacitus;
2799 5288 2885 5342 ubi
2913 5287 2964 5340 in
2994 5285 3206 5341 excusis
3238 5286 3438 5339 tacitas.

2349 5361 2424 5432 (It)
2467 5361 2626 5424 Editi,
2661 5366 2722 5414 de
2757 5356 3056 5432 nonnullis,
3079 5357 3298 5432 Rectius
3343 5372 3473 5432 mss.
3523 5359 3782 5426 potiores,
3809 5359 3873 5411 de

2276 5425 2772 5498 nuilis;re8picitttr
2814 5433 2955 5484 enim
3005 5429 3156 5493 illud,
3210 5425 3333 5482 Non
3379 5425 3533 5483 habes
3576 5445 3776 5482 necesse
3816 5440 3869 5482 ut

2275 5503 2459 5570 aliquis
2501 5514 2546 5556 te
2565 5505 2863 5572 interroget.
2899 5501 3087 5555 Postea
3120 5499 3240 5572 Vat.
3273 5500 3525 5572 bas._ms.
3560 5519 3572 5552 ;
3605 5500 3732 5554 Cum
3759 5515 3869 5552 ont-

2273 5576 2410 5626 ninm
2439 5570 3009 5643 occultoruntcognitor
3032 5584 3137 5638 est;
3165 5570 3318 5625 Mart.
3347 5590 3359 5623 :
3384 5570 3508 5625 Cum
3530 5571 3756 5624 omnium
3785 5589 3869 5623 oc-

2272 5645 2410 5698 rulta
2440 5647 2675 5699 conditor
2701 5654 2776 5698 est
2804 5661 2822 5698 :
2854 5643 3030 5698 minus
3051 5646 3292 5707 sincerc;
3321 5659 3442 5697 cmn
3467 5644 3519 5695 in
3543 5658 3698 5696 sacro
3723 5653 3866 5696 textu

2273 5719 2324 5771 in
2357 5732 2514 5783 quem
2549 5719 2634 5772 hic
2664 5715 2966 5787 respicitur,
2999 5713 3316 5783 simpliciter
3359 5723 3558 5781 exstet,
3588 5714 3710 5784 quia
3736 5726 3868 5768 nosti

2269 5804 2460 5842 ουιηια.
