4246 6260
326 322 439 380 185

322 531 546 586 dicunt:
572 525 625 581 N
632 544 733 582 unc
756 541 876 598 ergo
901 528 1111 587 scimus.
1130 524 1252 595 quia
1270 525 1403 579 nosti
1422 524 1614 591 omnia,
1647 534 1693 579 et
1714 541 1816 578 non
1836 523 1933 578 ha-

322 622 409 677 bes
434 636 658 686 necesse,
697 627 756 673 ut
798 619 989 689 aliquis
1014 627 1062 671 te
1086 617 1363 688 interroget
1393 616 1490 671 :in
1538 615 1637 670 hoc
1680 615 1936 671 credimus

321 717 461 788 quod
490 733 521 770 a
568 714 679 770 Deo
706 715 857 770 existi
888 712 1071 779 (Joan.
1124 728 1240 778 χιιι,
1264 712 1381 782 29).
1413 712 1515 767 Per
1549 712 1601 767 id
1626 711 1770 767 enim
1817 727 1935 767 cre-

322 814 479 877 dunt,
508 811 653 883 quod
678 826 710 865 a
734 812 846 864 Deo
873 809 1022 876 exiit,
1048 823 1144 878 per
1169 807 1312 879 quod
1341 823 1401 863 ea
1425 822 1546 879 quae
1572 807 1661 862 Dei
1687 814 1813 861 sunt
1835 821 1932 876 po-

323 914 431 961 teSt
448 914 609 974 atque
630 904 741 974 agit
766 902 862 973 (ὁ).
892 901 1008 957 Non
1036 902 1182 957 enim
1206 910 1451 955 naturam
1479 901 1572 956 Dei
1596 916 1625 955 a
1655 900 1814 955 Patre
1838 915 1932 954 ve-

325 999 497 1065 nisse,
528 996 624 1053 sed
656 1012 684 1051 a
734 996 849 1051 Deo
888 995 1069 1051 exisse
1113 1002 1481 1050 consummat.
1535 993 1774 1061 Denique
1804 994 1930 1060 hoc,

324 1092 474 1164 quod
495 1106 636 1146 nunc
656 1092 887 1161 primum
913 1085 1160 1153 audiunt,
1181 1086 1254 1158 (c)
1277 1086 1629 1141 conﬁrmatur
1647 1085 1712 1141 ad
1748 1086 1927 1140 ﬁdem.

323 1186 465 1242 Nam
504 1200 625 1240 cum
675 1183 935 1238 Dominus
982 1191 1270 1248 utrumque
1315 1179 1582 1236 dixisset:
1616 1178 1727 1251 Ego
1764 1196 1795 1233 a
1821 1176 1932 1234 Deo

322 1278 484 1343 exivi,
510 1286 557 1331 et
595 1293 627 1329 a
676 1274 825 1329 Patre
870 1275 982 1328 ueni
1031 1274 1089 1327 in
1140 1271 1278 1327 hunc
1327 1273 1574 1327 mundum
1608 1272 1928 1346 (lbid.28);

322 1368 463 1425 nihil
494 1366 861 1423 admirationis
891 1367 945 1421 in
989 1380 1057 1421 eo
1080 1366 1405 1432 habuerunt,
1433 1365 1575 1434 quod
1622 1365 1932 1436 frequenter

320 1461 627 1525 audierant,
651 1470 699 1514 et
722 1478 755 1514 a
776 1458 936 1514 Patre
960 1459 1074 1513 veni
1098 1458 1153 1512 in
1173 1457 1310 1512 hunc
1331 1458 1599 1514 mundum.
1626 1458 1929 1529 Responsio

320 1565 506 1611 autem
528 1568 743 1618 eorum,
771 1553 932 1608 ﬁdem
952 1560 1007 1607 et
1030 1552 1439 1623 intelligentiam
1467 1550 1624 1622 hujus
1648 1550 1774 1606 dicti
1799 1568 1929 1607 con-

321 1658 517 1705 testata
546 1656 651 1714 est,
688 1646 799 1719 Ego
834 1661 867 1700 a
904 1644 1015 1701 Deo
1041 1646 1193 1700 exiri.
1225 1644 1357 1700 Nam
1386 1644 1452 1699 ad
1486 1645 1536 1699 id
1570 1653 1777 1699 tantum
1815 1661 1929 1700 res-

319 1757 551 1813 ponsum
582 1750 682 1807 est,
718 1755 840 1795 cum
867 1738 1076 1805 dicunt,
1126 1738 1191 1793 In
1213 1737 1310 1792 hoc
1335 1739 1590 1793 credimus
1620 1741 1863 1807 quoniam
1894 1755 1926 1793 a

1539 319 1629 375 DE
1666 315 2040 375 TRINITATE
2079 315 2289 375 LIBER
2332 315 2415 374 Vl.

322 435 406 507 (ιι)
421 434 697 492 veritatem
719 446 814 504 per
827 432 878 487 id
892 429 1034 504 quod
1048 446 1077 486 a
1095 430 1202 486 Deo
1220 428 1351 486 exiit
1379 444 1793 502 recognoscant,
1811 445 1932 485 cum
1962 436 2014 494 Α

3542 320 3645 381 I80

2109 432 2198 488 56.
2247 429 2435 486 Petrus
2454 432 2621 503 ﬁlium
2640 428 2738 488 Dei
2758 436 3023 506 confessus
3046 449 3218 489 rerum
3239 433 3474 495 credidit.
3502 436 3648 494 Tunc

2039 527 2260 597 primum
2287 543 2400 581 eum
2420 527 2627 598 agnovit
2674 525 2860 582 Deum.
2899 526 2999 585 Ubi
3027 528 3287 585 didicerit.
3314 560 3386 570 —
3415 529 3533 586 Non
3563 538 3647 590 est

2035 620 2345 690 evangelica
2370 629 2425 677 et.
2450 620 2743 691 apostolica
2775 621 2928 687 ﬁdes,
2963 621 3128 677 [ilium
3162 622 3256 679 Dei
3299 623 3518 680 nomine
3546 637 3646 695 po-

2037 709 2143 766 tius
2168 726 2324 781 quam
2355 726 2546 768 natura
2576 712 2891 770 credidisse.
2925 714 2981 771 Si
3014 714 3158 771 enim
3188 717 3492 787 ad0ptiouis
3523 718 3645 774 hinc

2036 807 2365 877 nuncupatio
2390 816 2493 872 est,
2522 817 2575 862 et
2599 823 2705 863 non
2737 807 2938 864 idcirco
2970 808 3113 864 ﬁlius
3160 820 3266 877 est,
3299 812 3421 883 quia
3454 813 3648 869 exierit

2035 914 2065 953 a
2092 899 2235 965 Deo;
2268 915 2453 970 qutero
2479 901 2624 956 unde
2646 901 2834 956 beatus
2858 901 3044 959 Simon
3075 902 3345 960 Bar-Jona
3390 915 3473 962 est
3516 921 3647 963 con-

2034 988 2232 1056 fessus,
2257 990 2335 1046 Tu
2356 1008 2408 1047 es
2430 990 2667 1047 Christus
2687 993 2829 1063 ﬁlius
2854 992 2952 1049 Dei
2970 995 3069 1049 vivi
3097 995 3311 1067 (Matth.
3351 1013 3461 1064 ut,
3513 999 3600 1071 16)
3626 1000 3650 1055 ?

2033 1098 2174 1139 anne
2203 1100 2324 1140 cum
2354 1086 2607 1142 omnibus
2634 1096 2872 1157 pctestas
2903 1089 2972 1143 sit
2996 1104 3092 1157 per
3114 1102 3511 1147 sacramentum
3547 1104 3632 1149 re-‘

2032 1176 2399 1246 generationis
2422 1175 2499 1249 (g)
2527 1177 2580 1232 in
2612 1176 2749 1232 ﬁlios
2779 1178 2875 1235 Dei
2898 1180 3158 1238 uasci?Si
3184 1182 3482 1239 secundum
3509 1184 3648 1241 hanc

2038 1272 2491 1337 nuncupationem
2518 1270 2658 1326 (ilius
2684 1271 2778 1326 Dei
2797 1270 3043 1328 Christus
3066 1282 3184 1334 est;
3213 1275 3323 1330 inte
3339 1291 3499 1347 rrogo
3519 1275 3646 1348 quid

2032 1360 2160 1416 illud
2179 1362 2267 1426 sit,
2289 1363 2430 1433 quod
2449 1364 2607 1417 Petro
2630 1378 2736 1418 non
2758 1380 2883 1420 caro
2906 1381 3080 1437 neque
3104 1369 3319 1439 sanguis
3347 1369 3606 1423 revelavit
3623 1411 3639 1439 ,

2031 1454 2127 1509 sed
2143 1453 2300 1509 Pater
2313 1455 2402 1525 qui
2426 1455 2477 1508 in
2496 1456 2645 1511 cmlis
2663 1466 2744 1511 est
2765 1454 2785 1529 (
2796 1456 3061 1529 lbid.l7)?
3090 1457 3372 1515 Generalis
3388 1459 3648 1529 professio

2031 1545 2157 1617 quid
2173 1546 2331 1601 habet
2348 1547 2774 1619 meritiiautquaz
2788 1550 3129 1605 revelationis
3144 1563 3221 1607 est
3238 1551 3404 1623 gloria
3423 1552 3651 1625 in(h)pu-

2031 1638 2167 1695 hilca
2195 1642 2550 1696 conscientia?
2568 1642 2623 1699 Si
2648 1658 2717 1699 ex
2742 1642 3030 1713 adoptione
3059 1645 3198 1701 ﬁlius
3220 1657 3334 1714 est;
3371 1646 3511 1702 unde
3535 1648 3649 1706 haec

2032 1731 2085 1785 in
2100 1731 2267 1801 Petro
2279 1733 2433 1788 beata
2454 1735 2722 1789 cattfessio
2747 1744 2849 1803 est,
2874 1736 2977 1792 hoc
2993 1736 3200 1811 Filio(i)
3222 1738 3483 1794 deferenti
3502 1738 3648 1811 quod

318 1834 435 1891 Deo
460 1837 609 1890 existi
633 1850 651 1899 ;
684 1849 858 1902 neque
880 1833 1106 1901 addunt,
1137 1833 1204 1888 Et
1233 1848 1261 1886 a
1290 1832 1450 1887 Patre
1473 1834 1668 1887 venis-ti
1703 1834 1755 1887 in
1790 1833 1935 1890 hunc
1968 1821 2013 1881 B
2042 1834 2120 1879 est
2145 1839 2434 1881 commune
2452 1829 2792 1881 sanctorum?
2812 1827 2959 1883 Ultra
2979 1827 3268 1885 humanam
3283 1838 3460 1885 autem
3485 1829 3647 1886 intel-

317 1928 599 1986 ntundum.
642 1928 802 2002 159
844 1928 905 1982 Et
938 1942 1061 1981 cum
1106 1927 1333 1981 alterum
1367 1926 1417 1980 in
1462 1924 1824 1996 professione,
1855 1926 1934 1981 al-

316 2032 494 2078 terum
524 2022 577 2077 in
608 2022 829 2077 silentio
869 2030 984 2085 est;
1039 2016 1392 2089 professionis
1416 2032 1637 2073 causam
1668 2017 1803 2073 dicti
1830 2035 1930 2074 no-

313 2119 456 2172 vitas
486 2116 685 2186 exegit,
718 2114 1009 2185 proﬁtendi
1043 2123 1223 2169 autem
1249 2113 1700 2168 contestationem
1734 2114 1931 2169 intelli-

313 2210 496 2281 gentia
528 2209 776 2264 veritatis
806 2208 1015 2264 elicuit.
1055 2207 1311 2264 Sciebant
1351 2205 1568 2277 quidem
1594 2223 1717 2262 eum
1750 2209 1930 2263 omnia

317 2316 374 2359 ut
404 2305 575 2359 Deum
599 2317 778 2373 posse,
810 2303 905 2358 sed
933 2303 1173 2357 nondum
1216 2301 1481 2355 rationem
1516 2300 1600 2370 (ά)
1633 2300 1930 2356 nativitatis

316 2406 640 2465 acceperant
674 2412 687 2450 :
719 2406 775 2450 et
821 2395 913 2465 qui
955 2393 1199 2449 sciebant
1239 2407 1269 2446 ιι
1299 2393 1407 2447 Deo
1456 2391 1701 2454 missum,
1753 2392 1931 2448 exisse

317 2499 499 2544 tamen
533 2504 562 2542 a
591 2488 701 2543 Deo
731 2486 1065 2543 nesciebant.
1102 2484 1521 2541 luenarrabilcm
1553 2483 1700 2537 illam
1723 2492 1779 2538 et
1805 2499 1926 2554 per-

317 2583 513 2639 fectam
544 2581 665 2637 Filii
697 2584 1033 2636 nativitatem
1067 2595 1161 2650 per
1192 2579 1449 2634 virtutem
1499 2577 1622 2632 dicti
1657 2578 1813 2633 istius
1842 2580 1926 2633 in-

319 2676 649 2747 telligentes,
678 2674 750 2747 (ε)
778 2689 918 2730 nunc
934 2688 1116 2729 secum
1142 2674 1261 2728 sine
1284 2671 1586 2744 proverbiis
1609 2672 1930 2743 proﬁtentur

317 2769 584 2825 locutum.

386 2861 480 2917 55.
528 2859 704 2915 Exitio
729 2876 879 2931 quam
909 2870 1029 2932 apte
1074 2858 1199 2914 Filii
1239 2860 1555 2915 natiritatem
1578 2861 1824 2916 enuntiet.
1857 2891 1929 2901 -—

316 2955 438 3011 Non
484 2956 630 3009 enim
662 2969 755 3024 per
781 2952 1234 3009 consuetudinem
1287 2953 1505 3008 humani
1558 2964 1743 3019 partus
1785 2954 1928 3009 Deus

315 3064 384 3105 ex
411 3049 523 3103 Deo
547 3048 803 3116 nascitur,
837 3062 1011 3118 neque
1053 3062 1150 3117 per
1179 3048 1441 3103 elementa
1472 3048 1698 3118 originis
1728 3057 1927 3102 nostrae

318 3156 375 3199 ιιι
400 3146 567 3199 homo
598 3158 667 3197 ex
713 3142 934 3197 homine
963 3142 1295 3211 propellitur.
1332 3142 1541 3212 Integra
1577 3142 1663 3195 illa
1711 3150 1765 3196 et
1806 3157 1928 3212 per-

2040 1916 2314 1986 ligcntiam
2339 1932 2398 1972 se
2427 1917 2559 1973 ﬁdes
2601 1920 2896 1988 apostolica
2930 1923 3220 1989 protendit.
3253 1923 3512 1979 Audierat
3539 1922 3645 1978 nti-

2037 2025 2143 2079 que
2168 2009 2497 2080 frequenter,
2534 2011 2637 2080 Qui
2664 2014 2849 2083 recipit
2878 2031 2985 2076 vos.
3016 2031 3096 2068 me
3123 2017 3307 2083 recipit
3337 2033 3355 2072 :
3382 2026 3429 2072 et
3456 2018 3543 2089 qui
3566 2034 3647 2073 me

2036 2105 2237 2174 recipit,
2274 2105 2454 2175 recipit
2484 2122 2601 2159 eum
2638 2108 2725 2177 qui
2774 2124 2851 2163 me
2875 2110 3013 2164 misit
3039 2108 3254 2178 (Matth.
3287 2126 3343 2177 ιι,
3372 2112 3484 2183 40).
3515 2113 3644 2168 Mis-

2037 2210 2155 2252 Sum
2208 2198 2366 2270 160
2411 2213 2538 2269 ergo
2578 2198 2689 2269 jam
2724 2215 2829 2255 non
2879 2202 3160 2271 ignorabat
3188 2220 3200 2256 :
3229 2215 3283 2259 et
3310 2220 3470 2275 quem
3500 2206 3639 2260 mis-

2036 2304 2154 2343 sum
2183 2304 2289 2343 non
2315 2290 2613 2359 ignorabat,
2638 2291 2879 2347 audierat
2903 2294 3270 2363 proﬁtentem,
3298 2294 3487 2350 Omnia
3510 2297 3638 2351 mihi

2035 2384 2226 2438 tradita
2250 2394 2368 2438 sunt
2391 2401 2421 2437 α
2448 2382 2631 2451 Patre,
2663 2395 2709 2440 et
2737 2402 2884 2440 nemo
2911 2388 3051 2441 novit
3096 2386 3297 2443 Filium
3323 2389 3425 2443 nisi
3450 2388 3633 2456 Pater,

2036 2494 2195 2547 neque
2235 2477 2439 2532 Patrem
2488 2480 2600 2549 quis
2646 2480 2785 2533 novit
2832 2480 2932 2534 nisi
2961 2478 3130 2533 Filius
3161 2479 3375 2552 (Matth.
3410 2497 3485 2547 χι,
3515 2480 3634 2553 25).

2038 2562 2176 2637 Quid
2207 2570 2348 2625 istud
2370 2570 2622 2642 estquod
2673 2587 2813 2625 nunc
2856 2571 3020 2627 Petro
3047 2571 3209 2626 Pater
3234 2573 3457 2636 revelat,
3490 2574 3633 2643 quod

2038 2662 2207 2717 beatae
2235 2662 2591 2719 Confessionis
2636 2663 2861 2732 gloriam
2907 2664 3110 2717 Sumit?
3158 2663 3423 2735 Numquid
3472 2666 3640 2736 patris

2034 2770 2230 2811 nomen
2256 2767 2309 2811 et
2337 2756 2431 2811 ﬁlii
2463 2756 2777 2811 nesciebat?
2803 2757 3001 2828 Atquin
3025 2756 3339 2828 frequenter
3367 2759 3633 2815 audierat.

2034 2848 2140 2904 Sed
2180 2848 2416 2919 loquitur
2458 2849 2601 2919 quod
2634 2851 2869 2904 nondum
2896 2864 2999 2905 vox
3042 2850 3273 2905 humana
3316 2852 3634 2920 protulerat,

2032 2940 2112 2996 Tu
2140 2960 2191 2997 es
2212 2940 2448 2998 Christus
2471 2945 2612 3015 ﬁlius
2642 2943 2741 2999 Dei
2767 2946 2883 3000 vivi.
2913 2945 3045 3001 Nam
3090 2950 3304 3002 tametsi
3329 2948 3379 3002 in
3408 2962 3639 3017 corpore

2035 3050 2263 3091 manens
2296 3036 2389 3092 Dei
2434 3052 2493 3093 se
2523 3038 2687 3093 lilium
2714 3050 2859 3095 esset
2901 3041 3207 3109 professus;
3260 3050 3442 3097 tamen
3502 3057 3635 3112 apo-

2032 3129 2222 3184 stolica
2251 3129 2382 3184 lides
2409 3146 2549 3184 nunc
2584 3129 2813 3200 primum
2847 3141 3091 3187 naturam
3140 3134 3192 3188 in
3230 3149 3296 3188 eo
3341 3134 3641 3189 divinitatis

319 3239 456 3294 iectu
483 3246 538 3291 et
568 3236 993 3291 incontaminata
1023 3236 1274 3290 nativitas
1300 3245 1402 3301 est,
1435 3235 1590 3305 cujus
1620 3250 1650 3289 a
1676 3235 1784 3290 Deo
1812 3237 1928 3291 exi-
1958 3213 2003 3275 (ἶ
2036 3222 2274 3294 εςηονίι·
2306 3221 2493 3293 Nmilia
2538 3225 2682 3279 enim
2729 3224 2891 3280 ΡθιΓυ
2923 3236 3127 3282 lanium
3162 3226 3241 3302 ij)
3273 3243 3341 3284 ex
3381 3227 3634 3283 confesso

321 3332 397 3385 tio
427 3330 606 3399 potius
648 3343 808 3400 quam
842 3339 1025 3398 partus
1076 3340 1180 3383 cst.
1212 3329 1307 3383 Est
1350 3331 1491 3383 enim
1536 3344 1675 3383 unus
1701 3344 1767 3384 ex
1796 3345 1921 3385 uno.

320 3423 439 3479 Non
460 3432 539 3478 est
568 3423 764 3493 portio,
798 3437 903 3476 non
933 3430 1017 3476 est
1046 3420 1302 3487 defectio,
1337 3437 1442 3476 non
1493 3434 1574 3476 εει
1600 3420 1922 3489 deminutio,

320 3534 431 3574 non
480 3517 764 3579 derivatio,
810 3531 915 3571 non
965 3516 1261 3586 proteusio,
1292 3532 1398 3570 non
1430 3515 1642 3585 passio;
1699 3514 1796 3570 sed
1845 3515 1928 3569 vi-

321 3613 498 3669 ventis
527 3623 733 3666 naturze
760 3626 822 3665 ex
851 3610 1065 3664 vivente
1098 3610 1347 3664 nativitas
1384 3620 1488 3664 est.
1521 3608 1667 3664 Deus
1713 3625 1777 3663 cx
1814 3607 1925 3663 Deo

321 3709 509 3762 exiens
538 3714 642 3770 est,
668 3720 775 3758 non
802 3711 1048 3757 creatura
1072 3703 1122 3756 in
1155 3703 1246 3758 Dei
1271 3717 1465 3757 nomen
1493 3701 1663 3757 electa
1688 3717 1703 3765 ;
1739 3717 1846 3755 non
1872 3711 1929 3755 ut

321 3808 471 3853 esset.
497 3797 660 3859 erepit
685 3811 751 3849 ex
776 3794 962 3860 uihiio,
996 3794 1090 3849 sed
1115 3794 1247 3849 exiit
1271 3809 1299 3847 a
1329 3801 1581 3848 manente
1608 3810 1622 3845 :
1648 3802 1702 3847 et
1727 3791 1929 3847 exiisse

330 3890 778 3962 significationem
824 3879 985 3944 habet
1017 3888 1341 3952 nativitatis,
1375 3904 1481 3942 non
1514 3886 1676 3941 habet
1706 3886 1929 3940 inchoa-

324 3984 511 4039 tionis.
547 3982 661 4036 Non
691 3982 835 4037 enim
867 3981 1008 4036 idem
1038 3990 1123 4036 est
1166 3979 1520 4036 substantiam
1570 3978 1640 4053 (f)
1665 3980 1921 4049 coepisse,

322 4090 371 4133 ct
408 4078 573 4133 Deum
603 4075 807 4133 exiisse
845 4077 915 4130 de
948 4076 1079 4132 Deo.
1109 4074 1177 4130 Et
1223 4075 1514 4129 nativitatis
1567 4074 1726 4142 hujus
1769 4087 1925 4128 cons-

321 4171 521 4226 cientia
552 4172 673 4226 licet
701 4185 808 4225 non
850 4168 1093 4237 subjecta
1141 4168 1321 4222 verbis
1352 4168 1442 4227 sit.
1475 4182 1596 4221 cmn
1642 4166 1926 4220 inenarra-

322 4262 451 4317 bilis
476 4261 580 4327 sit;
633 4261 790 4316 habet
821 4269 997 4314 tamen
1029 4259 1086 4313 in
1112 4257 1357 4313 doctrina
1407 4257 1524 4312 Filii
1568 4255 1692 4313 ﬁdei
1724 4256 1930 4312 securi-

324 4363 511 4421 tatem,
543 4371 573 4410 a
604 4355 714 4410 Deo
743 4369 803 4410 se
832 4352 1231 4410 maniiestantis
1254 4351 1455 4409 exisse.

398 4539 476 4613 (η)
497 4540 554 4595 in
584 4539 677 4613 Ms:
710 4541 867 4613 Mart.
900 4545 953 4592 et
974 4535 1089 4591 has.
1128 4534 1270 4613 ιῖιιιΣΡ
1294 4546 1495 4613 natura:
1520 4535 1798 4613 uirtutem:
1826 4532 1923 4613 nti-
1955 4531 2005 4591 D

323 4605 423 4668 ιιιιέ
452 4605 599 4680 apte.
631 4610 745 4681 Hoc
774 4609 973 4681 quippe
995 4606 1379 4681 concluditur,
1411 4608 1701 4681 Apostolus
1727 4605 1926 4659 virtute

322 4678 1009 4754 atque'operibusChristi
1055 4678 1315 4754 adductos
1357 4678 1544 4754 fuisse,
1580 4678 1924 4754 utnlatentetn

324 4757 376 4809 in
400 4747 470 4807 ξε..
500 4747 705 4807 natura:
736 4753 932 4806 divina:
960 4749 1266 4817 veritatem,
1294 4765 1453 4820 quam
1488 4751 1604 4821 ipsc
1631 4748 1698 4804 iis
1728 4747 1923 4819 pratdi-

319 4827 500 4886 cabat,
531 4826 836 4880 crederent.

393 4918 471 4986 (b)
510 4916 568 4971 In
596 4933 704 4970 uno
728 4916 914 4972 codice
962 4913 1079 4968 Vat.
1112 4922 1169 4968 et
1197 4913 1470 4968 nonnullis
1509 4912 1653 4986 aliis,
1682 4921 1929 4986 potestate

319 4984 439 5045 acto
463 5005 578 5057 qua:
603 4990 728 5056 agit,
758 4988 909 5056 plena
936 4986 1040 5056 [ide
1069 4986 1405 5057 testiﬁcantur
1436 5000 1449 5036 :
1480 4984 1735 5037 mendasa
1768 4984 1924 5057 lectio

320 5074 376 5117 et
422 5053 741 5130 interpolata
759 5053 780 5124 ’,
812 5053 971 5129 quam
1005 5057 1136 5111 Bad.
1187 5053 1240 5111 et
1293 5056 1383 5110 Er.
1430 5070 1496 5111 ex
1550 5062 1703 5124 parte
1756 5053 1925 5109 secuti

321 5143 472 5275 mai).
515 5201 662 5274 Lips.
713 5209 769 5275 et
797 5200 943 5266 Pan,
975 5199 1373 5275 conﬁrmantur.
1400 5195 1622 5275 Rectius
1643 5194 1801 5275 Bad_.,
1829 5195 1922 5249 Er.

321 5286 376 5330 et
402 5268 976 5343 'tuss.'con/irmatur,
1026 5268 1093 5325 ab
1142 5270 1404 5343 apostolis
1453 5268 1706 5343 videlicet
1752 5271 1924 5338 ipsum

321 5346 525 5401 Christi
555 5341 924 5399 testimonium
956 5343 1097 5414 quod
1126 5358 1157 5397 a
1185 5345 1292 5398 Deo
1319 5341 1534 5397 exierit.

396 5438 477 5510 (d)
521 5437 646 5492 l’ar.
671 5452 794 5491 cum
822 5436 1042 5506 antiquo
1072 5450 1171 5489 ms.
1203 5433 1358 5490 Colb.
1387 5444 1441 5489 et
1464 5433 1649 5490 Germ.
1677 5433 1926 5487 rationem

324 5510 582 5564 novitatis.

400 5599 468 5663 (ei
511 5598 740 5666 Quidam
798 5614 929 5654 mss.
983 5612 1120 5667 quos
1174 5598 1351 5652 minus
1412 5598 1655 5653 sincerus
1717 5597 1927 5668 experti

324 5685 552 5735 sumus,
601 5687 723 5723 cmn
778 5669 908 5724 Bad.
960 5680 1014 5722 et
1065 5669 1183 5732 Er.,
1233 5684 1367 5723 nunc
1398 5673 1620 5733 primum
1669 5680 1927 5738 creperum

324 5745 608 5865 ydeertere,
661 5759 778 5797 cum
820 5741 971 5795 illum
1012 5741 1122 5795 sine
1150 5740 1426 5809 proverbiis
1469 5741 1776 5810 proﬁtentur
1818 5757 1928 5795 esse

347 5824 569 5867 acutum;

347 5830 569 5869 acutum;

2034 3316 2240 3369 honore
2270 3316 2387 3370 laus
2424 3314 2631 3370 reddita
2678 3326 2781 3384 est,
2813 3318 2906 3373 sed
2938 3335 3003 3373 ex
3032 3320 3310 3389 agnitione
3350 3322 3590 3393 mysterii
3623 3338 3637 3373 :

2029 3407 2152 3479 quia
2184 3423 2289 3463 non
2321 3409 2589 3465 Christum
2620 3412 2793 3466 soluat
2819 3452 2835 3479 ,
2885 3414 2979 3468 sed
3007 3411 3282 3469 Christum
3336 3416 3426 3471 Dei
3471 3417 3634 3471 tilium

2030 3515 2152 3556 esse
2174 3500 2458 3557 confessus
2478 3512 2579 3557 est.
2609 3503 2742 3558 Nam
2775 3508 2957 3575 utique
2983 3508 3047 3560 ad
3091 3508 3490 3563 centiessionetn
3529 3507 3632 3562 ho-

2033 3594 2181 3649 noris
2209 3594 2497 3651 suﬁ'ecerat
2527 3597 2762 3652 dixisse:
2793 3597 2875 3652 Tu
2920 3616 2972 3654 es
3024 3599 3277 3656 Christus.
3316 3601 3421 3658 Sed
3473 3602 3637 3657 inane

2031 3685 2225 3751 fuerat,
2258 3684 2534 3743 Christum
2563 3689 2630 3744 ab
2659 3705 2725 3745 eo
2750 3692 3057 3747 confessum
3094 3695 3281 3761 ftiiSSe,
3314 3694 3413 3747 nisi
3447 3694 3540 3748 Dei
3566 3694 3629 3747 li-

2032 3778 2160 3833 lium
2189 3779 2561 3836 c0nﬁteretur.
2595 3780 2651 3836 In
2679 3797 2744 3837 eo
2783 3785 2925 3839 enim
2954 3785 3097 3854 quod
3128 3785 3223 3847 ait,
3262 3784 3335 3838 Tu
3363 3802 3437 3850 es,
3469 3787 3637 3840 virtu-

2030 3881 2137 3930 tem
2166 3884 2222 3931 et
2264 3875 2648 3945 praprietatem
2699 3879 2957 3933 naturalis
2988 3880 3228 3933 veritatis
3256 3880 3530 3948 explicuit.
3569 3879 3638 3935 Et

2032 3966 2190 4020 Pater
2228 3966 2482 4031 dicendo,
2517 3966 2621 4020 Hic
2679 3976 2752 4021 est
2778 3969 2918 4038 [ilius
2949 3986 3087 4024 meus
3132 3968 3345 4045 (Matth.
3377 3986 3506 4037 χιιι,
3554 3971 3633 4040 5).

2032 4058 2191 4113 Petro
2238 4059 2499 4113 revelavit
2538 4068 2593 4113 ut
2636 4059 2862 4125 diceret,
2897 4058 2972 4114 Tn
3003 4078 3055 4115 es
3081 4061 3221 4131 ﬁlius
3262 4059 3359 4116 Dei
3384 4062 3548 4131 :qnia
3582 4064 3634 4116 in

2030 4165 2097 4205 eo
2126 4150 2268 4220 quod
2294 4150 2511 4219 dicitur,
2552 4149 2651 4205 Hic
2678 4161 2771 4216 est,
2808 4152 3097 4208 revelautis
3125 4152 3383 4208 indit-ium
3423 4163 3540 4219 cst;
3579 4155 3629 4207 in

2031 4260 2098 4300 eo
2126 4260 2255 4300 vero
2294 4246 2440 4315 quod
2468 4245 2853 4317 respondetur,
2883 4246 2961 4301 Tu
2989 4264 3062 4314 es,
3092 4263 3139 4303 Ct
3165 4248 3405 4303 nﬁtentis
3434 4249 3636 4318 agnitio

2033 4352 2136 4396 est.
2167 4339 2340 4410 Super
2381 4340 2519 4394 hanc
2562 4340 2723 4411 igitur
2752 4339 3111 4430 confessionis
3140 4351 3349 4410 petram
3380 4339 3639 4396 Ecclesia:

2102 4525 2172 4599 (Γ)
2213 4526 2340 4599 Mss.
2391 4524 2512 4599 Vat.
2546 4523 2660 4599 bas.
2699 4522 2991 4599 etaiam”
3040 4522 3252 4592 coepisse
3295 4538 3362 4578 ea:
3408 4519 3639 4580 Deme;

2034 4591 2179 4665 mox,
2209 4600 2265 4653 in
2294 4597 2531 4651 doctrina
2561 4594 2660 4665 ﬁlii
2688 4591 2786 4648 Dei
2816 4593 2962 4665 ﬁdei,
2991 4601 3095 4665 ctc.

2102 4663 2177 4743 (θ)
2218 4669 2385 4725 Abest
2433 4670 2485 4721 in
2515 4663 2705 4721 ιιιιιες.
2760 4667 2873 4719 bas.
2908 4663 3029 4718 Vat.
3078 4663 3211 4719 Vide
3242 4663 3338 4721 lib.
3370 4681 3423 4731 ι,
3478 4680 3534 4720 ιι.
3568 4666 3637 4722 10

2032 4743 2202 4798 et“.
2330 4792 2335 4799 .

2104 4813 2182 4885 (h)
2225 4810 2364 4885 Editi
2392 4816 2618 4885 excepto
2664 4807 2785 4885 Par.
2815 4817 2870 4885 et
2907 4807 3149 4885 nonnulli
3185 4806 3508 4885 recentioris
3537 4809 3636 4863 ιι)νί

2032 4878 2172 4939 ιιιέδζ
2198 4882 2400 4954 publica
2440 4882 2672 4934 scientia.
2708 4879 2901 4954 Verius
2939 4879 3028 4954 alii
3078 4878 3220 4945 libri,
3253 4879 3457 4947 publica
3513 4895 3633 4954 con-

2030 4952 2261 5023 scientia,
2294 4953 2344 5008 id
2375 4961 2477 5015 est,
2500 4954 2653 5018 cujus
2680 4952 2843 5006 etiam
2864 4952 3065 5023 vulgus
3087 4954 3365 5023 conscium
3380 4959 3480 5006 est.
3518 4952 3627 5015 Sic,

2032 5026 2128 5081 lib.
2170 5044 2205 5082 tt
2249 5020 2319 5081 ad
2364 5024 2677 5089 Consmul.,
2730 5039 2781 5075 tt.
2821 5022 2905 5084 10.
2957 5030 3108 5090 rogat
3154 5020 3388 5076 Hilarius
3436 5032 3492 5076 ut
3531 5024 3633 5076 sibi

2029 5098 2187 5153 liceat
2214 5098 2280 5153 de
2311 5095 2414 5149 fide
2445 5096 2712 5150 disserere
2732 5095 2825 5147 sub
2855 5093 3056 5162 publica
3077 5092 3390 5147 conscientia
3413 5108 3432 5147 :
3459 5103 3514 5148 et
3536 5093 3627 5147 lib.

2030 5179 2217 5224 cOntra
2244 5168 2641 5225 Consmntium.
2692 5182 2746 5219 ιι.
2778 5164 2834 5228 9.,
2869 5172 3105 5219 renuunt
3148 5163 3387 5218 hmretici
3446 5166 3497 5219 in
3543 5164 3633 5218 Bi-

2032 5240 2263 5295 terrensi
2295 5237 2523 5293 concilio
2550 5235 2736 5291 audire
2772 5237 2840 5292 ab
2869 5237 2983 5305 ipso
3015 5236 3240 5305 ingesta,
3269 5237 3503 5291 timentes
3530 5254 3629 5306 pu-

2031 5312 2176 5365 biicre
2201 5309 2540 5364 conscientitc.

2104 5385 2170 5453 (ι)
2214 5383 2269 5436 In
2317 5380 2503 5453 codice
2553 5378 2831 5453 Vaticanze
2871 5377 3134 5453 basilicae,
3186 5376 3439 5453 deferens,
3487 5380 3629 5448 quod

2034 5449 2261 5523 primum
2290 5450 2559 5523 arridebat
2592 5467 2606 5503 :
2634 5449 2729 5523 sed
2764 5449 2893 5503 nihil
2917 5458 3000 5523 est
3030 5465 3126 5523 cur
3151 5451 3219 5502 ab
3250 5449 3478 5502 aliorum
3508 5466 3632 5505 eon-

2030 5519 2195 5580 sensu
2223 5520 2581 5579 discedamus.
2632 5520 2812 5589 Longe
2859 5519 3036 5574 minus
3079 5521 3253 5588 placet
3291 5530 3474 5588 postea
3507 5536 3628 5576 cum

2031 5597 2221 5652 eodem
2263 5610 2362 5649 ms.
2406 5592 2542 5661 quod
2585 5602 2655 5645 est
2682 5592 2737 5644 in
2758 5606 3041 5644 commune.
3070 5589 3240 5644 Porro
3269 5606 3454 5645 vocem
3488 5591 3631 5646 Filio

2033 5670 2084 5723 in
2114 5666 2271 5722 tertio
2292 5679 2441 5729 casu,
2467 5678 2528 5717 ac
2557 5664 2856 5734 proximum
2882 5661 3104 5714 verbum
3129 5662 3377 5734 defricati
3399 5662 3448 5715 in
3474 5673 3630 5718 sexto

2032 5738 2400 5805 intelligimus,
2428 5734 2602 5803 quasi,
2637 5734 2688 5786 in
2722 5731 2873 5787 Petro
2902 5747 3019 5785 cum
3049 5731 3206 5805 defert
3239 5731 3398 5787 Filio.

2104 5809 2182 5880 (j)
2209 5802 2508 5878 Exemplar
2534 5805 2714 5873 Marh,
2736 5820 2800 5859 ea:
2822 5805 3139 5873 confessione
3159 5803 3325 5860 honor
3345 5815 3392 5859 et
3412 5802 3545 5860 laus:
