4266 6260
631 382 737 444 l8?
1846 380 2096 441 sane“
2135 376 2395 440 “manu
2419 368 2728 442 EPlSCOPt
3808 332 3937 447 -188

624 498 913 560 atdiﬁeatio
938 511 1021 558 est
1049 498 1203 573 (Vid.
1232 498 1322 554 lib.
1350 514 1411 565 ιι,
1441 514 1496 553 ιι.
1525 497 1618 567 23,
1643 505 1689 554 et
1714 514 1831 571 cap.
1862 482 1931 552 ‘16
1951 496 2005 552 in
2032 494 2226 551 Matth.
2255 496 2308 562 Α
2332 496 2438 554 hoc
2463 497 2652 555 beatus
2681 505 2789 556 est.
2818 498 2948 558 [line
2976 500 3239 559 revelatio
3266 500 3443 559 Patris
3474 511 3581 571 est,
3613 500 3717 559 hoc
3745 503 3936 561 Eccle-

626 610 681 650 n.
716 590 798 669 7).
829 592 935 650 Sed
964 607 1158 650 sensus
1200 588 1382 648 carnis
1426 599 1482 647 et
1520 589 1822 662 sanguinis,
1870 588 2234 659 confessionis
2335 595 2430 650 size
2461 592 2868 652 fundamentum
2892 605 2995 663 est,
3030 596 3145 653 hcce
3172 597 3441 654 securitas
3483 599 3807 656 aeternitatis
3832 610 3936 657 est.

627 687 790 757 hujus
816 687 1233 760 intelligentiam
1265 703 1372 742 nou
1411 685 1640 743 revelat.
1671 685 1787 742 Hoc
1809 692 1894 742 est
1915 684 2111 741 divina:
2141 700 2231 740 re-
2337 680 2474 741 llinc
2503 687 2650 759 regni
2685 687 2947 745 caelorum
2997 688 3160 746 habet
3184 690 3385 757 claves,
3418 690 3548 748 hinc
3579 703 3795 749 terrena
3821 694 3940 764 ejus

627 780 917 837 velatiouis
961 791 1399 848 sacramentum,
1449 776 1726 835 Christum
1763 779 1857 836 Dei
1909 778 2077 833 lilium
2124 793 2233 832 non
2333 777 2556 851 judicia,
2590 781 2658 854 (ι’)
2696 780 2897 852 judicia
2929 783 3171 840 ctelestia
3192 794 3339 840 sunt.
3382 784 3798 843 Sacramentum
3835 805 3929 845 oc-

627 874 803 932 solum
828 889 1166 945 nuncupare,
1198 873 1295 930 sed
1326 871 1715 929 credere.‘Aut
1742 871 2000 943 numquid
2028 885 2239 926 nuncu-
2336 872 2539 928 cultum
2558 871 2652 944 (al.
2677 876 3027 949 occultatum)
3048 892 3077 931 a
3100 878 3311 934 saeculis
3333 877 3410 953 (θ)
3436 895 3532 951 per
3554 881 3941 941 revelationcm

629 968 773 1038 patio
803 967 981 1037 petius
1012 982 1172 1038 quam
1200 976 1394 1021 natura
1418 964 1578 1022 Petro
1601 964 1839 1022 revelata
1860 962 1983 1020 est?
2011 958 2070 1020 Si
2098 978 2235 1019 nun-

627 1060 880 1131 cupatio;
923 1060 1034 1132 jam
1084 1060 1222 1116 hanc
1265 1075 1295 1114 a
1325 1060 1555 1116 Domino
1600 1059 1916 1130 frequenter
1961 1055 2231 1123 audierat,

632 1169 755 1211 esse
785 1169 845 1210 se
870 1154 963 1211 Dei
991 1154 1160 1210 ﬁlium
1184 1154 1500 1210 conﬁtente.
1528 1152 1586 1209 In
1614 1169 1718 1223 quo
1740 1167 1870 1223 ergo
1891 1148 2238 1206 revelationis

627 1255 712 1302 est
737 1246 951 1317 gloria?
984 1234 1059 1320 (a)
1107 1245 1323 1302 Natura:
1349 1245 1581 1313 scilicet,
1632 1261 1740 1300 non
1787 1243 2061 1310 nominis;
2113 1256 2236 1296 cum

628 1336 971 1410 frequentata
1001 1340 1238 1394 nominis
1264 1338 1531 1410 professio
1556 1338 1668 1409 jam
1698 1337 1910 1393 fuisset.

706 1432 796 1489 57.
841 1430 986 1487 Petri
1010 1432 1141 1503 ﬁdes
1168 1433 1579 1488 commendatur.
1606 1459 1679 1472 --
1704 1431 1832 1487 Haec
1856 1432 2010 1494 ﬁdes,
2044 1429 2238 1488 Eccle-

626 1523 724 1581 sia:
762 1522 1167 1580 fundamentum
1212 1535 1298 1581 est
1324 1543 1338 1579 :
1368 1539 1463 1595 per
1496 1523 1635 1579 hanc
1669 1522 1830 1579 ﬁdem
1874 1523 2117 1580 inﬁrmes
2140 1522 2239 1597 (al.

628 1615 881 1688 inﬁrmae)
923 1616 1184 1672 adversus
1218 1631 1339 1673 eam
1381 1625 1510 1672 sunt
1557 1625 1729 1695 porta:
1759 1613 2080 1672 inferorum.
2113 1615 2242 1671 Haec

630 1706 766 1767 ﬁdes
789 1711 937 1781 regni
982 1710 1223 1767 caelestis
1269 1710 1434 1765 habet
1459 1709 1659 1766 claves.
1691 1707 1819 1766 Haec
1865 1708 1999 1764 lides
2038 1725 2159 1778 qua:
2186 1709 2240 1765 in

632 1804 794 1860 terris
821 1804 1047 1861 solverit
1073 1814 1166 1860 aut
1190 1790 1462 1876 ligaverit,
1490 1812 1548 1860 et
1576 1803 1740 1874 ligata
1779 1803 1834 1859 in
1855 1801 2010 1859 cretis
2034 1800 2246 1858 sunt'et

2339 965 2550 1034 didicit,
2583 964 2743 1023 ﬁdem
2776 969 2988 1026 locutus
3026 981 3131 1037 εει,
3183 980 3432 1028 naturam
3463 976 3794 1044 enuntiavit,
3846 978 3940 1035 Dei

2340 1057 2509 1113 lilium
2534 1058 2817 1117 confessus
2857 1072 2959 1117 est.
2994 1060 3108 1117 Hoc
3131 1064 3223 1133 qui
3251 1075 3556 1121 creaturam
3602 1068 3783 1139 potius
3814 1084 3945 1124 con~

2341 1149 2501 1207 ﬁtens
2542 1162 2722 1224 negat,
2769 1153 2918 1225 prius
2942 1164 3027 1211 est
3066 1162 3125 1210 ut
3155 1166 3315 1228 neget
3362 1157 3508 1214 Petri
3554 1161 3939 1231 apostolatnm,

2342 1243 2527 1313 ﬁdem,
2577 1244 2998 1314 beatitudinem,
3048 1250 3410 1306 sacerdmium
3439 1294 3455 1322 ,
3503 1256 3945 1328 martyriummt

2342 1349 2465 1411 post
2492 1341 2607 1398 haec
2644 1355 2704 1396 se
2733 1341 2970 1398 alienun)
2998 1358 3029 1398 a
3068 1343 3288 1400 Christo
3331 1360 3453 1404 esse
3495 1347 3788 1421 intelligat,
3817 1350 3941 1421 quTa

2344 1430 2539 1488 Petrus
2566 1447 2689 1486 eum
2720 1430 2887 1487 ﬁlium
2913 1433 3199 1490 confessus
3223 1435 3337 1492 huic
3359 1438 3578 1493 meruit.

2414 1523 2508 1582 38.
2542 1522 2916 1580 Ilwreticorum
2945 1529 3196 1583 sententia
3247 1527 3400 1585 Petro
3429 1533 3626 1602 ignota.
3679 1532 3797 1589 Non
3838 1534 3945 1589 alia

2344 1617 2444 1672 nisi
2474 1615 2618 1672 Petri
2645 1616 2872 1691 ﬁdes.—
2899 1621 2981 1676 An
3007 1636 3094 1688 ne,
3118 1635 3152 1678 ο
3183 1623 3368 1690 miser,
3401 1625 3645 1695 quisquis
3671 1625 3829 1683 hodie
3850 1642 3941 1696 es,

2345 1708 2621 1777 hmrctice,
2644 1711 2942 1768 beatiorem
2963 1713 3179 1770 Petrum
3204 1712 3441 1772 futurum
3466 1716 3632 1775 fuisse
3649 1712 3942 1783 existimas,

2344 1801 2393 1859 si
2423 1801 2679 1860 dixisset:
2713 1804 2793 1861 Tu
2823 1821 2883 1862 es
2921 1806 3169 1863 Christus
3199 1808 3435 1879 perfecta
3467 1810 3560 1867 Dei
3591 1823 3857 1878 creatura,
3890 1818 3947 1870 et

629 1897 808 1953 soluta
858 1895 1072 1969 (Matth.
1103 1911 1216 1962 nn,
1252 1894 1321 1951 18
1365 1905 1413 1951 et
1466 1894 1582 1965 i9).
1639 1895 1763 1951 llaec
1821 1894 1955 1951 ﬁdes
2002 1905 2243 1966 paterna:
2272 1905 2321 1967 Β
2346 1897 2757 1966 supereminens
2781 1897 3002 1956 facturis
3028 1898 3279 1956 omnibus
3320 1902 3545 1972 factura,
3575 1912 3632 1960 et
3660 1904 3751 1974 qui
3776 1920 3838 1961 ex
3863 1903 3947 1962 ui-

630 1988 983 2045 revelationis
1006 1997 1089 2044 est
1120 2002 1339 2053 munus,
1370 1985 1647 2044 Christum
1676 1985 1756 2059 (ὁ)
1783 2003 1890 2042 non
1931 1997 2238 2042 creaturam

629 2095 700 2137 ex
720 2078 895 2151 nihilo
912 2080 1152 2145 mentiri,
1173 2078 1268 2136 sed
1291 2078 1588 2135 secundum
1613 2078 1964 2150 proprietatis
1988 2087 2235 2133 naturam

632 2173 727 2231 Dei
753 2174 920 2229 ﬁlium
950 2172 1216 2229 conﬁteri.
1246 2169 1292 2232 0
1315 2174 1528 2229 miserm
1556 2173 1801 2228 stultitia:
1830 2170 1981 2227 furor
2009 2170 2229 2243 impius,

632 2282 743 2324 non
770 2266 1081 2338 intelligens
1110 2266 1285 2323 beam
1325 2265 1622 2322 senectutis
1652 2262 1779 2320 ﬁdei
1801 2279 1886 2335 jue
1918 2270 2239 2337 martyrem,

639 2356 714 2435 (ι’)
739 2368 794 2415 ει
819 2368 1115 2429 martyrem
1142 2358 1386 2424 Petrum,
1415 2373 1513 2430 pro
1538 2372 1644 2429 quo
1690 2356 1853 2414 Pater
1889 2367 2109 2429 rogatus
2134 2365 2241 2426 est,

639 2453 795 2526 161
826 2467 894 2509 ne
923 2450 1055 2509 ﬁdes
1083 2452 1202 2523 ejus
1247 2454 1303 2509 iu
1331 2453 1635 2510 teutatione
1663 2451 1925 2509 deﬁceret
1956 2470 1970 2509 :
2002 2450 2240 2523 qui‘ite-

634 2558 751 2603 rata
774 2561 804 2602 a
829 2561 889 2603 se
918 2546 1232 2603 dilectionis
1269 2547 1321 2601 in
1360 2546 1527 2602 Deum
1559 2547 1843 2618 postulatae
1882 2544 2240 2617 professione,

638 2642 835 2698 tentari
877 2657 937 2697 se
963 2640 1142 2698 adhuc
1196 2652 1472 2712 tamquam
1513 2640 1826 2713 ambiguum
1875 2649 1932 2696 et
1974 2640 2242 2697 incertum

638 2735 798 2793 tertia
827 2735 1252 2808 interrogatione
1271 2735 1585 2808 congemuit
1616 2732 1794 2805 (Joan.
1826 2748 1948 2801 XXI,
1982 2733 2079 2804 17)
2105 2748 2122 2799 ;
2147 2748 2247 2804 per

636 2828 693 2887 id
722 2845 937 2901 quoque
963 2844 993 2884 a
1023 2828 1254 2885 Domino
1282 2827 1361 2901 (1)
1412 2835 1538 2901 post
1566 2825 1781 2882 tertiam
1811 2823 1896 2898 (ἁ)
1927 2823 2249 2881 tentationis

639 2924 1015 2997 purgationem
1043 2923 1442 2989 inﬁrmitatum,
1496 2920 1660 2978 Pasce
1684 2937 1800 2978 oves
1824 2937 1987 2988 meas,
2017 2930 2101 2976 ter
2127 2935 2245 2976 meo

640 3018 776 3073 ritus
803 3014 991 3073 audire
1018 3033 1031 3070 :
1061 3016 1155 3088 qui
1195 3017 1247 3071 in
1278 3026 1596 3072 cunctorum
1621 3016 1992 3087 apostolorum
2023 3015 2248 3071 silentio

643 3108 738 3165 Dei
768 3108 939 3165 ﬁlium
970 3110 1300 3166 revelatione
1327 3109 1506 3166 Patris
1530 3108 1862 3181 intelligens,
1897 3110 2034 3166 ultra
2058 3109 2248 3167 buma-

641 3219 727 3261 me
772 3203 1106 3261 inﬁrmitatis
1151 3203 1371 3261 modum
1397 3245 1414 3272 ,
1474 3203 1971 3275 superemincutem
2019 3202 2245 3276 gloriam

2346 1988 2455 2043 hilo
2485 2004 2608 2046 csse
2633 1991 2867 2062 cmpisti,
2890 2000 2945 2048 et
2975 2008 3071 2063 per
3099 1992 3395 2050 bonitatem
3422 1995 3536 2062 Dei,
3554 1996 3643 2066 qui
3665 1997 3834 2053 bonus
3858 2012 3947 2053 so-

2342 2080 2427 2137 lus
2456 2091 2560 2150 est,
2586 2098 2782 2139 nomen
2814 2082 2905 2139 ﬁlii
2937 2085 3227 2156 adoptione
3255 2087 3522 2155 meruisti,
3557 2086 3634 2161 (Ιι)
3657 2099 3712 2144 et
3731 2088 3819 2160 qui
3841 2106 3947 2145 non

2345 2190 2412 2233 ex
2446 2175 2557 2232 Deo
2597 2188 2755 2234 natus
2786 2178 2885 2236 es?
2916 2179 2983 2236 Et
3010 2195 3198 2252 quaero
3221 2196 3249 2234 a
3276 2190 3347 2249 te,
3381 2180 3508 2250 quid
3536 2181 3816 2239 auditurus
3838 2182 3949 2238 fue-

2345 2271 2415 2328 rit
2451 2272 2606 2346 162
2629 2272 2744 2330 haec
2768 2274 2976 2343 dicens,
3000 2276 3090 2346 qui
3112 2273 3290 2330 audita
3314 2275 3565 2347 passione
3593 2276 3945 2347 respOndcus,

2346 2361 2429 2437 (ἓ)
2459 2362 2727 2436 Propitius
2752 2366 2815 2442 (i)
2860 2368 2974 2437 tibi,
3004 2368 3228 2425 Domine
3247 2413 3263 2438 ,
3316 2386 3418 2425 non
3446 2371 3541 2425 erit
3567 2370 3705 2426 istud
3734 2368 3946 2440 (Matth.

2345 2471 2455 2524 XVI,
2478 2456 2596 2531 22),
2627 2458 2859 2516 audierit
2879 2460 2982 2518 sibi
3004 2459 3145 2517 dici:
3176 2459 3322 2517 Vade
3338 2471 3472 2516 retro
3498 2460 3570 2537 (j)
3599 2471 3711 2533 post
3741 2478 3839 2531 me,
3863 2479 3948 2517 sa-

2347 2557 2521 2617 tanas,
2545 2550 2846 2607 scandalum
2873 2553 3001 2607 mihi
3018 2570 3073 2611 es
3101 2552 3152 2627 (l
3161 2554 3266 2611 bid.
3284 2552 3420 2628 2'5)?
3448 2552 3559 2610 Nec
3582 2554 3743 2610 Petro
3773 2565 3950 2610 tamen

2349 2644 2585 2701 humana
2615 2646 2918 2716 ignorantia
2947 2647 3179 2720 profecit
3216 2647 3282 2704 ad
3307 2651 3515 2706 crimen
3543 2665 3558 2715 ;
3608 2664 3712 2705 non
3736 2648 3877 2703 cnim
3901 2648 3950 2704 ei

2350 2735 2509 2793 Pater
2532 2738 2709 2794 adhuc
2736 2756 2897 2796 omne
2928 2742 3198 2811 passionis
3224 2741 3542 2814 mysterium
3575 2742 3902 2798 rerelavcrat
3934 2759 3948 2796 :

2348 2831 2446 2885 sed
2473 2828 2606 2886 ﬁdes
2635 2830 2713 2905 (5)
2740 2830 2817 2905 (lt)
2852 2847 3017 2903 parva
3051 2834 3376 2889 sententiam
3411 2832 3770 2888 damnationis
3795 2847 3955 2888 exce-

2350 2922 2448 2994 pit.
2471 2923 2589 2991 Cur_
2610 2923 2768 2993 igitur
2797 2941 2903 2981 non
2932 2926 3070 2981 hanc
3092 2926 3451 2982 confessionis
3473 2925 3631 2982 ﬁdem
3665 2922 3823 2981 Pater
3852 2926 3953 2980 Pe-

2351 3025 2436 3072 tro
2458 3017 2734 3085 revelavit,
2765 3030 3067 3075 creaturam
3097 3019 3305 3076 scilicet
3328 3018 3790 3091 etadoptionem?
3816 3014 3958 3074 luvi-

2351 3108 2451 3178 dit,
2474 3109 2662 3178 credo,
2692 3110 2779 3167 hic
2817 3111 2979 3168 Petro
3009 3111 3171 3181 Deus,
3205 3112 3341 3168 utin
3375 3123 3615 3184 tempora
3655 3112 3954 3184 posteriora

2351 3202 2733 3274 dissimulans,
2786 3203 2902 3262 lucc
2953 3220 3096 3261 nunc
3136 3205 3287 3261 vobis
3332 3206 3486 3262 novis
3519 3206 3957 3277 prmdiCntorihus

640 3297 818 3354 beatae
863 3295 990 3353 ﬁdei
1036 3312 1150 3353 sua:
1195 3296 1543 3354 confessione
1594 3297 1928 3368 promeruit!
1973 3295 2030 3353 ln
2084 3313 2245 3369 quam
2274 3302 2319 3366 C
2352 3307 2676 3353 reservaret.
2723 3296 2805 3353 Sit
2845 3313 2976 3354 sane
3003 3296 3136 3354 ﬁdes
3165 3298 3305 3366 alia,
3338 3298 3381 3355 si
3421 3299 3544 3355 alia:
3592 3301 3773 3356 claves
3803 3301 3953 3369 regni

644 3405 789 3447 nunc
830 3386 1249 3459 interpretanda:
1277 3390 1431 3447 vocis
1461 3406 1572 3447 sum
1603 3389 1923 3448 deducimur
1948 3394 2248 3448 necessita-

645 3482 794 3539 tem?
823 3482 915 3538 llle
939 3481 1221 3539 confessus
1251 3493 1334 3539 est
1356 3480 1632 3540 Christum
1662 3483 1833 3539 ﬁlium
1864 3482 1959 3538 Dei
1986 3499 2001 3538 :
2031 3494 2088 3537 at
2116 3482 2248 3539 mihi

646 3582 702 3631 tu
727 3573 913 3641 hodie,
944 3575 1067 3630 novi
1107 3575 1443 3646 apostolatus
1472 3574 1705 3631 mendax
1749 3574 2134 3643 sacerdotium,
2163 3576 2247 3630 iu-

643 3669 789 3740 gcris
819 3666 1089 3722 Christum
1130 3683 1195 3724 ex
1227 3666 1400 3723 nihilo
1434 3678 1763 3724 creaturam.
1812 3666 1989 3735 Quam
2035 3666 2141 3722 vim
2171 3666 2251 3721 af-

645 3757 758 3815 fers
799 3758 958 3817 dictis
989 3759 1066 3832 (e)
1096 3759 1392 3832 gloriosis?
1435 3757 1633 3815 Filium
1691 3758 1786 3815 Dei
1812 3758 2132 3826 confessus,
2178 3759 2250 3815 ob

651 4002 671 4050 ι
720 3918 798 3995 (1)
840 3920 969 3980 Post
1010 3921 1213 3979 tertiam
1246 3920 1540 3978 tentationis
1577 3918 1942 3994 purgatlomtm
1970 3912 2251 3988 inﬁrmita-

672 4008 773 4050 em.

672 4008 773 4050 em.

722 4134 797 4211 (tt)
837 4135 962 4211 μεθ.
993 4133 1156 4192 Vind.
1185 4143 1241 4190 et
1264 4133 1396 4211 Silv.
1416 4135 1483 4211 _in
1511 4142 1699 4188 natura
1726 4131 2114 4211 “iliceti-quia
2156 4147 2252 4211 no-

647 4198 804 4263 minis
848 4207 1165 4278 frequentata
1208 4205 1485 4278 professio,
1535 4214 1667 4278 εις..
1716 4204 1889 4278 male.
1927 4198 2018 4278 Sic
2070 4204 2249 4278 potius

648 4271 968 4335 vertendum
1000 4278 1105 4331 hoc
1128 4271 1269 4332 foret
1295 4271 1317 4329 ε’
1341 4277 1393 4330 in
1420 4271 1489 4331 eo
1516 4275 1724 4330 scilicet
1746 4272 1893 4345 quod
1920 4271 2142 4331 factaei
2175 4275 2253 4331 sit

650 4351 913 4407 revelatio
939 4358 1167 4413 naturae,
1197 4363 1305 4402 non
1338 4345 1597 4411 nominis,
1627 4354 1734 4401 etc.

726 4419 805 4489 (b)
846 4420 900 4475 ln
949 4420 1096 4490 prius
1123 4419 1376 4491 vulgatis,
1421 4420 1524 4473 itan
1549 4428 1837 4474 creaturam
1874 4417 2032 4475 novit.
2083 4416 2253 4473 Abest

552 4570 563 4579 ί
651 4494 792 4579 nouit
816 4509 861 4579 ει.
876 4508 1004 4548 tuss.

724 4563 895 4638 (σλιπ
939 4560 1262 4638 quibusdam
1310 4574 1446 4638 mss.
1493 4570 1601 4616 non
1646 4559 1916 4638 repetitur
1959 4567 2256 4638 ει-πιανιεί-

650 4630 788 4703 ταῦτ,
813 4630 1157 4692 librariorum
1205 4634 1454 4691 incuria:
1482 4648 1588 4704 qua
1628 4640 1760 4687 voce
1789 4631 1876 4688 hic
1923 4631 2064 4685 testis
2091 4630 2254 4686 intel-

654 4708 859 4779 ligitur.

724 4778 804 4853 (ά)
836 4780 1009 4853 ιιεεχ
1039 4792 1147 4853 ιιιεἰ
1168 4774 1335 4853 corh.
1366 4772 1670 4853 faventibus
1714 4771 1853 4827 aliis.
1902 4769 2108 4853 Sensus
2138 4770 2255 4829 fere

651 4844 797 4905 Μειιῖ
816 4844 1103 4906 exhibetur
1131 4846 1187 4903 in
1212 4846 1421 4900 duobus
1445 4845 1639 4911 Vatic.,
1673 4856 1784 4909 post
1817 4845 2019 4898 tertiam
2059 4858 2252 4915 purga.

653 4921 841 4976 tionem
871 4920 1165 4974 tentationis
1192 4915 1549 4986 iit/inuitatis:
1577 4924 1633 4970 at
1662 4914 1976 4970 vocabulum
2009 4914 2248 4986 tentati'o:

650 4993 731 5046 nis
760 4990 825 5048 ad
857 4992 1127 5057 duplicem
1176 4985 1318 5043 Petri
1360 4988 1711 5043 teu‘tationent
1754 4986 1979 5057 relatum
2006 5027 2021 5051 ,
2072 4985 2152 5057 sic
2181 4985 2249 5041 ad

653 5078 812 5117 unum
841 5055 1201 5133 restringitur.
1230 5058 1289 5133 In
1331 5058 1630 5133 vetustiore
1663 5074 1764 5133 ms.
1793 5056 1948 5133 Colit.
1979 5066 2036 5112 et
2058 5055 2247 5133 Germ.

653 5143 768 5205 post
794 5134 996 5189 tertiam
1015 5129 1308 5205 temtationis
1332 5130 1695 5205 purgationum
1713 5129 2089 5205 inﬁt-irritatum.
2117 5129 2252 5184 Huic

651 5199 1146 5261 censentiuutalius
1160 5201 1318 5258 Colb.
1336 5199 1543 5256 necnon
1570 5201 1741 5265 Prat.,
1759 5199 1941 5268 Vind.,
1969 5201 2100 5257 Silv.
2125 5206 2249 5256 cum

653 5277 782 5332 edit.
817 5276 946 5332 Bad.
980 5286 1037 5334 et
1059 5275 1183 5331 Par.
1208 5275 1306 5327 nisi
1336 5271 1481 5344 quod
1512 5268 1733 5344 habent,
1764 5272 2132 5343 inﬁrmitatem.
2156 5272 2252 5329 His

652 5350 867 5404 accedit
886 5348 1156 5419 antiquior
1188 5343 1396 5419 liemig.
1439 5343 1783 5419 post_tertiam
1812 5344 2103 5419 tentatimgis
2129 5360 2254 5419 pur-

651 5422 893 5491 gationis,
924 5414 1292 5490 inﬁrmitatem.
1349 5414 1421 5491 At
1463 5415 1516 5470 in
1545 5414 1795 5491 Carnut._,
1844 5414 2004 5481 Tell.,
2040 5414 2248 5491 Theod.

651 5486 708 5547 et
732 5494 840 5548 alio
868 5486 1257 5563 Remig.,post_
1276 5488 1484 5563 ιερὶιιιιιΔ
1512 5486 1808 5563 tentatigliis
1848 5486 2209 5563 purgationem
2231 5501 2253 5541 :

651 5578 750 5635 pro
765 5563 963 5635 quibus
989 5552 1440 5635 aﬁtt'd:8ad.,_Er._,
1472 5559 1524 5613 in
1558 5574 1659 5613 ms.
1682 5552 1871 5635 Maru,
1905 5552 1969 5610 in'
1989 5564 2096 5612 uno
2125 5557 2254 5635 Sur-

546 5670 553 5677 -
653 5628 799 5691 bouf
820 5646 871 5690 et
906 5637 958 5689 in
989 5628 1098 5690 alio
1122 5631 1278 5689 Colh.
1324 5631 1553 5702 legitur,
1588 5640 1701 5701 post
1726 5630 1927 5702 tertiani
1963 5628 2254 5685 tentatibnt‘s

652 5708 1024 5777 inﬁrmitatem.
1052 5712 1130 5760 ιιι
1149 5703 1308 5777 variis
1330 5700 1435 5777 illis
1465 5702 1789 5757 lectionibus
1819 5700 2009 5777 seligat
2027 5702 2253 5777 quisque

656 5774 779 5849 quae
826 5778 994 5849 magis
1024 5776 1288 5831 arriserit.
1321 5775 1494 5849 Quam
1511 5784 1700 5849 autem
1752 5774 2105 5849 ptfmtulimus,
2149 5774 2252 5849 hoc

659 5845 839 5911 sonat,
869 5845 1084 5901 Petrum
1111 5850 1239 5917 post
1274 5846 1486 5917 tertiam
1511 5845 2012 5917 interrogationem,
2046 5859 2109 5900 ac
2136 5845 2250 5901 vel-

665 5919 745 5979 uti
772 5913 1147 5987 mansuem,
1173 5930 1280 5989 qua
1304 5916 1528 5989 probata
1552 5926 1638 5978 est
1657 5914 1806 5979 illius
1821 5913 2055 5979 cbaritas
2071 5954 2090 5990 .
2119 5931 2256 5994 pur-

2352 3388 2616 3444 coclorum
2641 3398 2783 3445 sunt.
2815 3390 2898 3445 Sit
2920 3390 3053 3445 ﬁdes
3074 3389 3200 3455 alia,
3226 3391 3270 3445 si
3302 3388 3542 3446 Ecclesia
3575 3390 3680 3446 alia
3701 3400 3785 3446 est
3812 3388 3959 3446 futu-

2352 3496 2435 3546 ra,
2464 3481 2748 3537 adversum
2780 3496 2939 3553 quam
2980 3489 3148 3551 portae
3179 3480 3377 3537 inferni
3417 3497 3525 3538 non
3558 3480 3951 3552 prmvalebunt.

2353 3570 2432 3628 Sit
2464 3568 2595 3629 ﬁdes
2625 3571 2728 3627 alia
2751 3615 2767 3641 ,
2816 3573 2861 3628 si
2895 3573 3000 3629 erit
3024 3573 3164 3627 alius
3189 3572 3545 3643 apostolatus,
3580 3572 3736 3644 ligata
3769 3583 3825 3628 et
3864 3589 3954 3628 5o-

2355 3662 2464 3721 luta
2495 3680 2588 3736 per
2613 3681 2671 3721 se
2702 3665 2754 3721 in
2781 3674 2945 3732 terra,
2969 3662 3142 3737 ligans
3169 3666 3225 3721 in
3261 3665 3401 3722 emlo
3429 3674 3589 3736 atque
3615 3665 3852 3721 solv'cns.
3877 3664 3960 3721 Sit

2354 3752 2491 3816 ﬁdcs
2515 3758 2641 3827 alia,
2683 3759 2731 3815 si
2767 3757 3017 3816 Christus
3045 3758 3186 3815 alius
3225 3757 3320 3815 Dei
3352 3756 3510 3827 ﬁlius,
3555 3766 3755 3832 praeter
3794 3774 3956 3832 quam

2428 3914 2509 3992 (2)
2544 3915 2806 3992 Propitius
2830 3917 2920 3973 tibi
2939 3914 3211 3972 Dominus.

2427 3989 2511 4063 (5)
2540 3989 2731 4045 Praua.
2750 4052 2755 4061 ι

2353 4139 2534 4258 fatum
2565 4148 2686 4188 esse
2712 4149 2741 4187 a
2771 4133 2907 4189 trina
2934 4133 3242 4205 negatione,
3270 4149 3372 4204 (ιιιι
3405 4139 3608 4188 tentata
3639 4147 3702 4188 ac
3728 4132 3951 4201 probata

2380 4213 2533 4258 uerat
2563 4205 2731 4258 iusius
2771 4204 3077 4258 inﬁrmitas.
3102 4202 3257 4258 Ouod
3284 4205 3586 4258 illustratur
3609 4205 3692 4258 his
3724 4206 3951 4258 Ambro-

2380 4208 2533 4258 uerat
2563 4205 2731 4274 ipsius
2771 4202 3077 4261 inﬁrmitas.
3102 4202 3257 4274 Quod
3284 4202 3586 4274 illustratur
3609 4205 3692 4259 his
3724 4206 3954 4274 Ambro-

2355 4275 2425 4330 siit
2446 4277 2539 4331 lib.
2566 4273 2601 4332 ν
2624 4275 2693 4332 de
2715 4275 2848 4332 Fide
2878 4293 2931 4332 η.
2964 4276 3022 4342 2,
3053 4273 3266 4332 verbis:
3304 4275 3393 4330 Est
3420 4273 3609 4329 Petrus
3644 4276 3806 4344 ipsius
3845 4273 3954 4329 Do-

2356 4348 2483 4402 mini
2527 4348 2596 4402 ad
2636 4348 2946 4421 pascendum
2972 4365 3177 4421 gregem
3204 4349 3395 4421 electus
3414 4345 3780 4421 judicio,_qui
3807 4349 3956 4421 tertio

2355 4430 2595 4487 meretur,
2630 4419 2812 4484 Pasce,
2854 4417 2991 4474 etc.‘
3014 4417 3277 4473 Pascendo
3305 4417 3429 4472 bene
3465 4418 3578 4471 cibo
3599 4417 3722 4486 [idsi
3745 4420 3957 4488 culpam

2357 4488 2534 4558 lapsus
2561 4492 2747 4564 prioris
2772 4490 3006 4564 aboleuit.
3027 4488 3095 4564 Et
3123 4491 3236 4544 ideo
3267 4489 3412 4564 tertio
3438 4489 3738 4564 admonetur
3762 4499 3813 4542 ut
3836 4507 3959 4559 pas-

2357 4570 2470 4625 cat,
2523 4560 2668 4616 tertio
2701 4574 2870 4617 utrum
2921 4560 3199 4616 Dominum
3243 4560 3424 4632 diligat
3478 4561 3828 4633 interrogatur
3858 4576 3877 4616 :
3905 4571 3960 4617 at

2357 4646 2508 4707 quem
2533 4634 2827 4707 t_grtio_ante
2857 4646 3057 4707 crucem
3085 4642 3375 4707 negaverat,
3409 4633 3553 4707 tertio
3580 4632 3845 4707 fateretur.

2433 4700 2504 4777 (e)
2535 4701 2655 4759 Vat.
2690 4703 2964 4777 lassatus"
2999 4705 3055 4758 in
3083 4700 3251 4777 gloria
3276 4705 3410 4759 enim
3426 4700 3615 4773 filiani,
3642 4714 3771 4771 etc.,
3798 4703 3956 4758 Mart.

2358 4773 2611 4848 gloriosus
2631 4774 2765 4848 enim
2789 4774 2975 4848 ﬁlium.

2280 4839 2335 4902 D
2358 4839 2380 4848 ⁷
2434 4846 2503 4917 if)
2528 4845 2583 4901 lu
2607 4847 2757 4916 prius
2784 4839 3010 4917 vulgatis
3032 4845 3198 4902 semel
3235 4853 3443 4901 tantum
3460 4844 3705 4901 exstabat
3733 4843 3959 4913 iudicia,

2352 4916 2496 4989 quod
2519 4917 2820 4989 elegantius
2846 4916 2978 4973 mss.
3012 4926 3287 4987 repetunt.

2425 4986 2506 5061 lg)
2528 4986 2719 5061 luitis.
2757 4989 2874 5045 Vat.
2907 4990 3047 5056 bas.,
3079 4986 3170 5061 per
3194 4986 3705 5061 revelationemDei.

2425 5060 2507 5134 (lt)
2538 5060 2700 5126 Editi,
2729 5071 2776 5116 et
2799 5063 2923 5133 quia
2950 5077 3054 5134 non
3082 5060 3105 5115 .-
3132 5060 3311 5116 minus
3336 5060 3682 5118 consentiunt
3709 5060 3966 5131 superio-

2355 5131 2528 5191 ribus.
2555 5142 2602 5188 et
2624 5134 2711 5202 qui
2733 5149 2796 5188 ea:
2812 5131 3011 5193 nihilo,
3043 5140 3148 5186 etc.

2426 5203 2488 5276 (i)
2509 5203 2587 5259 Ita
2612 5204 2781 5260 codex
2812 5204 2929 5260 Vat.
2958 5204 3077 5276 bis.
3096 5202 3529 5276 justa_grze_cum,
3556 5204 3704 5276 ἵλεώς
3724 5222 3827 5276 σοι,
3860 5202 3964 5259 κῦ-

2354 5272 2456 5354 prs,
2470 5272 2785 5354 faventibus
2812 5291 2943 5354 m_ss.
2977 5272 3457 5354 blat'tin.,-_l_i_etuig.
3498 5275 3809 5354 et_'_l_‘heod_.,
3841 5291 3966 5343 pro-

2356 5344 2515 5418 pitius
2557 5347 2651 5403 tibi
2678 5355 2806 5418 esto,
2832 5346 3071 5402 Domine.
3101 5344 3156 5400 lu
3202 5345 3321 5418 aliis
3340 5344 3526 5418 tamen
3560 5346 3712 5400 libris
3758 5347 3967 5418 fertur,

2357 5415 2610 5488 prapitius
2628 5418 2715 5472 tibi
2736 5416 3009 5484 Dominus,
3037 5418 3135 5475 nisi
3165 5416 3308 5488 quod
3337 5416 3389 5471 in
3412 5416 3573 5473 Carn.
3606 5426 3781 5488 exstet
3800 5415 3962 5481 Deus,

2357 5484 2463 5543 non
2487 5487 2758 5545 Dominus.
2793 5490 2863 5545 At
2885 5506 3005 5558 cap.
3039 5488 3127 5555 16,
3155 5484 3207 5558 in
3247 5484 3432 5542 Matth.
3469 5504 3618 5544 nmn.
3644 5484 3699 5554 9,
3730 5486 3967 5544 habetur

2351 5558 2511 5633 juxta
2534 5560 2847 5633 Yulgatam,
2865 5556 2994 5615 absit
3008 5576 3051 5633 Aa
3075 5571 3140 5633 te,
3172 5556 3414 5633 Domine.

2428 5626 2511 5705 (ﬂ
2535 5632 2591 5686 lu
2620 5626 2739 5705 ius.
2794 5626 2950 5705 Mart.
2991 5630 3329 5705 desideratur
3356 5632 3469 5705 post
3497 5646 3595 5705 me.
3624 5628 3847 5705 Yidcsis
3866 5629 3969 5685 ad-

2358 5700 2537 5758 notata
2565 5703 2630 5757 ad
2666 5716 2815 5759 num.
2848 5704 2936 5767 10.
2968 5718 3089 5772 Cap.
3116 5700 3183 5757 16
3212 5700 3414 5756 comm.
3442 5704 3492 5757 in
3520 5701 3711 5758 Matth.

2434 5773 2509 5845 (Is)
2537 5774 2685 5840 Mss"
2713 5774 2902 5841 Carn.,
2924 5774 3133 5845 llemig.
3160 5786 3222 5828 ac
3252 5772 3413 5839 Tell.,
3445 5788 3605 5844 prava
3635 5789 3654 5827 :
3683 5782 3964 5845 corrupto.

2358 5843 2665 5982 i{inquippe
2690 5856 2827 5918 erat,
2879 5854 2938 5903 ut
2964 5843 3210 5922 proxime
3245 5843 3454 5908 dictum
3501 5851 3624 5916 est,
3669 5843 3972 5911 acrimin'e

2414 5932 2555 5982 tena.
