4266 6260
575 296 678 358 191

1784 287 2030 348 SANCTI
2058 286 2312 345 HILARII
2353 285 2664 347 EPISCOPI

3887 119 3974 224 i3

3777 287 3881 350 l9}.

578 415 770 476 derent
795 417 980 476 .lcsum
1011 433 1131 476 esse
1155 414 1428 474 Christum
1459 413 1628 472 lilium
1653 414 1768 472 Dei.
1796 412 1851 471 Si
1880 409 2078 469 suflicit
2107 411 2171 467 ad
2203 413 2250 475 Α
2283 410 2501 479 Filium,
2534 429 2692 486 neque
2726 411 2932 467 Putrem
2962 412 3108 468 habet
3137 428 3154 468 :
3183 410 3272 484 qui
3294 409 3564 480 conﬁtetur
3592 407 3809 480 Filium,
3835 420 3880 468 et

578 509 832 578 salutem,
863 506 1133 566 Christum
1165 504 1422 575 credere,
1456 522 1554 563 cur
1589 502 1788 578 adjecit
1830 506 1995 561 lilium
2039 501 2177 561 Dei?

579 601 636 660 Si
667 618 797 659 vero
821 603 1091 658 Christum
1122 600 1196 674 (a)
1223 602 1446 658 credere
1462 617 1523 656 ea
1543 587 1759 656 demum
1783 600 1916 656 fides
1937 608 2041 667 est,
2072 617 2178 656 non

581 693 854 752 Christum
885 692 1272 759 tantummodo,
1309 693 1400 748 sed
1432 693 1703 749 Christum
1737 691 1903 747 filium
1934 692 2028 746 Dei
2057 706 2180 748 cre-

583 787 816 853 didisse;
846 803 952 842 non
981 795 1063 842 est
1094 801 1287 842 nomen
1319 786 1414 842 lilii
1455 787 1505 842 in
1533 785 1748 844 Christo
1771 786 2048 856 unigenito
2068 785 2182 840 Deo

584 896 648 935 ex
681 879 986 950 adoptionis
1015 879 1442 945 consuetudine,
1479 881 1554 953 (b)
1601 879 1742 950 quod
1793 878 2070 950 proprium
2099 885 2184 934 est

584 971 652 1027 ad
675 971 923 1028 salutem.
961 972 1014 1028 Si
1045 987 1174 1042 ergo
1191 974 1338 1027 salus
1366 972 1416 1026 in
1441 971 1780 1027 confessione
1807 971 2039 1026 nominis
2066 977 2180 1037 est;

590 1080 773 1136 quer
798 1081 895 1120 cur
927 1065 976 1119 in
1002 1065 1222 1121 nomine
1247 1067 1446 1121 veritas
1475 1082 1582 1120 non
1612 1065 1701 1120 sit.
1736 1063 1891 1132 Quod
1933 1063 1980 1118 si
2009 1064 2058 1116 in
2089 1077 2187 1116 no-

590 1160 735 1214 mine
783 1159 985 1214 veritas
1014 1167 1132 1223 est;
1164 1175 1266 1230 qua
1297 1160 1616 1216 auctoritate
1642 1159 1846 1214 creatio
1886 1172 2008 1213 esse
2038 1155 2185 1212 dice-

590 1261 699 1317 tur,
732 1267 853 1306 cmn
889 1267 994 1306 non
1027 1253 1321 1309 creationis
1365 1251 1636 1308 confessio
1662 1252 1889 1308 salutem
1941 1251 2010 1306 sit
2042 1265 2182 1322 prac-

594 1340 806 1411 8titura,
837 1345 931 1400 sed
957 1345 1084 1400 lilii?

661 1438 753 1494 42.
806 1436 976 1492 Filius
1003 1457 1066 1494 ea:
1108 1439 1262 1495 Patre
1291 1449 1461 1495 natus.
1508 1439 1705 1494 Filium
1733 1452 2005 1511 negantes,
2052 1441 2189 1494 anti-

592 1532 1015 1590 christi.—Ha‘c
1047 1533 1206 1605 igitur
1236 1535 1383 1588 salus
1410 1549 1533 1588 vera
1563 1543 1665 1600 est,
1703 1533 1803 1588 hoc
1835 1533 2088 1605 perfecta:
2130 1535 2193 1588 ll-

593 1623 685 1682 dei
709 1629 984 1691 meritum,
1013 1627 1194 1682 Jesnm
1227 1623 1501 1680 Christum
1533 1625 1701 1681 filium
1742 1625 1838 1681 Dei
1873 1625 2188 1681 credidisse.

593 1718 710 1774 Non
742 1731 822 1774 est
849 1720 990 1775 enim
1021 1719 1237 1775 dilectio
1266 1720 1319 1774 in
1348 1718 1503 1773 nobis
1530 1718 1596 1772 ad
1628 1718 1796 1774 Deum
1832 1729 2059 1788 patrem,
2091 1719 2192 1773 nisi

2283 503 2480 560 Filium
2501 515 2548 560 et
2580 505 2790 561 Patrem
2813 505 2959 561 habet
2989 505 3152 574 (Ibid.
3186 504 3299 574 25).
3330 503 3540 575 Negatis
3574 501 3766 557 Filium
3793 520 3882 560 ca-

2282 609 2364 654 ret
2391 599 2547 655 Patre
2579 599 2658 673 (1)
2689 617 2700 652 :
2734 599 2996 654 confitens
3028 597 3220 653 Filium
3263 607 3423 666 atque
3453 595 3675 660 habens,
3722 595 3882 653 habet

2285 691 2520 747 Patrem.
2555 693 2752 760 Quer
2800 691 2888 746 hic
2932 689 3057 760 quid
3104 690 3352 762 adoptiva
3385 694 3598 747 nontina
3645 693 3744 749 loci
3788 694 3883 749 ha-

2286 786 2467 842 beant.
2501 785 2766 854 Numquid
2799 800 2904 840 non
2953 793 3156 840 natura:
3198 798 3285 839 res
3315 782 3416 840 ista
3444 786 3624 840 onmis
3657 786 3776 842 est?
3818 788 3880 843 Et

2283 897 2442 953 quam
2469 892 2669 936 natura:
2691 881 2780 942 sit,
2807 879 3010 948 accipe.

2359 977 2448 1031 45.
2491 974 2722 1029 Joannes
2765 983 2812 1026 et
2862 973 3086 1026 hmretici
3119 973 3276 1026 simul
3300 984 3770 1045 comparantur.—
3794 971 3882 1030 Ait

2288 1069 2434 1125 enim
2467 1087 2478 1122 :
2515 1069 2649 1136 Quia
2670 1068 2858 1120 scimus
2883 1066 3019 1137 quod
3060 1066 3199 1135 ﬁlius
3231 1065 3325 1120 Dei
3350 1067 3501 1134 uenit,
3531 1076 3575 1120 et
3607 1084 3885 1121 concama-

2290 1171 2371 1216 tus
2397 1172 2468 1216 est
2499 1172 2707 1232 propter
2736 1178 2850 1226 nos,
2878 1170 2927 1214 et
2951 1177 3138 1233 passus
3167 1169 3258 1227 est,
3300 1170 3344 1214 et
3367 1177 3635 1232 resurgens
3659 1164 3721 1215 de
3746 1179 3881 1216 utor-

2291 1257 2390 1310 tuis
2418 1255 2690 1325 assumpsit
2715 1271 2823 1320 nos,
2852 1264 2898 1308 et
2925 1254 3062 1307 dedit
3091 1253 3237 1307 nobis
3281 1255 3589 1308 intellectura
3615 1256 3881 1325 Optimum,

2292 1357 2351 1402 ut
2398 1347 2742 1418 intelligamus
2791 1363 2985 1412 verum,
3022 1344 3099 1418 (2)
3130 1356 3176 1399 et
3207 1346 3365 1399 simus
3397 1347 3448 1400 in
3477 1362 3593 1399 vero
3620 1348 3728 1417 ﬁlio
3779 1350 3886 1420 ejus

2293 1439 2364 1511 (Ῑ)
2407 1439 2533 1494 Jesu
2576 1439 2776 1492 Christo
2812 1457 2826 1492 :
2869 1439 2952 1493 hic
2997 1448 3066 1492 est
3097 1453 3240 1492 verus
3272 1437 3372 1510 (g),
3405 1447 3450 1494 et
3478 1441 3577 1492 vita
3603 1448 3812 1504 a’terna,
3843 1448 3889 1493 et

2293 1533 2597 1588 resurrectio
2629 1530 2708 1604 (Ιι)
2739 1540 2909 1586 nostra
2953 1530 3009 1602 (1
3040 1529 3195 1584 Joan.
3259 1545 3315 1596 v,
3349 1530 3418 1588 20
3441 1541 3494 1586 et
3522 1532 3584 1586 21
3613 1530 3651 1602 ).
3681 1534 3725 1586 υ
3753 1531 3888 1587 infe-

2297 1627 2367 1680 lix
2397 1625 2768 1696 intelligentia,
2802 1633 2856 1680 et
2891 1624 2980 1678 Dei
3020 1624 3209 1692 Spiritu
3244 1638 3455 1689 carens,
3490 1635 3540 1677 et
3568 1622 3632 1696 (i)
3662 1626 3714 1677 iu
3747 1625 3890 1678 anti-

2296 1719 2483 1775 christi
2516 1718 2762 1788 spiritum
2794 1731 2857 1772 ac
2891 1731 3088 1771 nomen
3115 1716 3417 1786 proficiens,
3451 1725 3504 1770 et
3556 1715 3800 1770 nesciens
3827 1715 3893 1770 ad

597 1828 692 1882 per
723 1812 844 1867 Filii
877 1813 1056 1868 fidem.
1094 1811 1162 1866 Et
1199 1811 1481 1866 audiamus
1519 1826 1641 1865 eum
1679 1825 1776 1880 per
1803 1809 2085 1878 epistolam
2119 1811 2196 1864 lo-
2231 1810 2272 1868 Β
2303 1818 2699 1868 sacramentum
2730 1809 2921 1865 salutis
2950 1819 3149 1865 nostrae
3193 1809 3281 1862 Dei
3311 1808 3476 1862 filitun
3509 1809 3720 1864 venisse
3767 1809 3895 1882 (per

595 1915 850 1977 queutem
883 1924 897 1959 :
934 1903 1134 1965 Omnis,
1169 1905 1256 1974 qui
1282 1903 1450 1976 diligit
1485 1901 1714 1968 Patrem,
1748 1903 1918 1975 diligit
1951 1919 2067 1956 eum
2108 1904 2196 1973 qui

596 2013 659 2052 ea:
686 2015 742 2052 eo
771 2006 920 2052 natus
947 2008 1018 2052 est
1044 1997 1089 2067 (1
1114 1995 1272 2051 Joan.
1304 2011 1338 2050 ν
1363 2035 1380 2062 ,
1415 1994 1494 2068 1).
1525 1995 1660 2062 Quid
1692 2002 1796 2060 est,
1839 2009 1989 2067 rogo,
2039 2011 2104 2050 ex
2134 2010 2199 2051 eo

597 2090 1082 2162 nasci?Numquid
1116 2093 1346 2161 idipsum
1369 2099 1470 2156 est,
1503 2091 1646 2162 quod
1680 2106 1772 2162 per
1793 2107 1916 2147 eum
1947 2089 2017 2164 (ε)
2050 2107 2201 2147 οιθιιο

600 2185 689 2240 ri?
718 2188 824 2239 Aut
866 2199 963 2239 cur
1012 2184 1352 2254 Evangelista
1385 2182 1676 2250 mentitur,
1722 2191 1782 2238 ut
1810 2199 1880 2239 ex
1914 2199 1980 2239 eo
2015 2193 2198 2239 natum

604 2276 782 2346 dicat,
823 2291 982 2348 quem
1025 2292 1119 2346 per
1144 2292 1267 2331 eum
1299 2285 1537 2330 creatum
1571 2279 1747 2347 potius
1776 2276 2064 2332 haereticus
2107 2279 2206 2333 do-

604 2371 762 2427 ceat?
804 2369 871 2424 Et
918 2369 1197 2424 audiamus
1233 2383 1424 2424 omnes
1456 2370 1534 2439 (d)
1565 2370 1689 2439 quid
1735 2369 1813 2424 sic
1855 2369 1942 2424 hic
1989 2370 2199 2425 doctor.

606 2464 818 2519 Dictum
855 2479 1085 2534 namque
1109 2473 1233 2518 est:
1267 2462 1371 2517 Hic
1411 2474 1483 2517 est
1521 2463 1875 2529 antichristus,
1920 2465 2010 2536 qui
2059 2473 2207 2534 negat

609 2555 820 2611 Patrem
851 2565 897 2610 et
929 2555 1123 2610 Filium
1155 2556 1197 2626 (1
1225 2556 1380 2611 Joan.
1417 2573 1476 2623 ιι,
1501 2557 1618 2628 22).
1642 2558 1778 2624 Quid
1811 2559 1926 2629 agis
1953 2569 2005 2614 tu
2031 2575 2208 2614 asser-

610 2661 694 2708 tor
713 2660 997 2718 creaturzc,
1019 2653 1159 2707 etde
1183 2667 1287 2708 non
1316 2651 1651 2708 exstantibus
1670 2651 1867 2708 Christi
1888 2670 2054 2709 novus
2075 2671 2206 2710 con-

609 2744 799 2800 ditor?
826 2744 882 2800 Si
932 2745 1089 2818 165
1121 2744 1509 2814 professionem
1541 2755 1720 2813 tenes,
1767 2747 2069 2816 profitentis
2111 2765 2210 2802 no-

617 2852 738 2892 men
755 2851 1103 2906 recognosce.
1127 2836 1208 2890 Au
1234 2853 1355 2891 cum
1383 2846 1680 2892 creatorem
1706 2847 1759 2892 et
1786 2847 2084 2892 creaturam
2109 2839 2211 2893 Pa-

619 2938 753 2983 trem
777 2939 828 2984 et
857 2927 1051 2982 Filium
1079 2927 1419 2997 prmdicahis,
1453 2928 1524 3003 (e)
1553 2944 1646 2996 per
1673 2929 2013 2983 assimulatas
2043 2931 2216 2985 nomi-

625 3038 750 3077 num
781 3036 943 3076 voces
973 3020 1260 3076 excludere
1308 3036 1465 3091 posse
1498 3029 1550 3076 te
1577 3021 1754 3076 credis
1777 3064 1792 3087 ,
1833 3037 1899 3076 ne
1925 3037 2046 3077 esse
2074 3023 2214 3077 anti-

625 3113 862 3167 christus
886 3113 1238 3182 iutelligaris?
1269 3113 1324 3167 Si
1355 3113 1406 3166 in
1436 3112 1539 3167 fide
1572 3124 1657 3166 tua
1686 3128 1778 3182 per
1801 3123 2041 3168 naturam
2067 3124 2218 3186 pater

2302 1903 2405 1959 hoc
2434 1903 2649 1973 indigna
2676 1903 2891 1972 Optima:
2924 1901 3080 1971 hujus
3110 1900 3475 1970 intelligentia:
3502 1897 3720 1972 sensu),
3749 1915 3898 1956 crea-

2303 2005 2436 2051 turze
2489 1996 2668 2064 potius
2715 1995 3031 2063 adeptivmn
3075 2009 3272 2048 nomen
3321 2008 3480 2063 quam
3511 2009 3694 2048 vermn
3733 1993 3897 2048 filium

2306 2087 2400 2141 Dei
2431 2086 2616 2141 Jesum
2664 2083 2940 2141 Christum
2970 2101 3091 2141 esse
3144 2085 3415 2149 Confessa,
3458 2085 3774 2156 quibusnam
3802 2085 3901 2144 hoc

2303 2194 2625 2234 arcanorum
2659 2179 3037 2251 mysteriorum
3074 2179 3298 2234 secretis
3327 2178 3516 2234 edocta
3543 2179 3640 2234 es?
3671 2181 3759 2235 vel
3785 2181 3902 2250 quis

2309 2255 2469 2324 hadie
2501 2286 2670 2326 novus
2724 2271 2879 2340 hujus
2927 2271 3167 2326 scicntia:
3207 2280 3312 2326 tua:
3337 2281 3526 2326 auctor
3556 2273 3680 2326 est?
3726 2271 3806 2328 An
3838 2289 3903 2328 ne

2311 2375 2526 2420 secreto
2571 2363 2660 2418 tibi
2708 2365 2808 2419 hoc
2849 2379 2942 2434 per
2989 2362 3403 2418 familiaritatem
3446 2365 3647 2420 amoris
3692 2380 3904 2420 recum-

2313 2455 2462 2512 benti
2493 2457 2546 2510 in
2595 2467 2780 2525 pectus
2826 2471 2981 2510 suum
3027 2455 3286 2511 Dominus
3309 2455 3546 2511 ostendit
3587 2455 3763 2530 (Joan.
3793 2474 3904 2524 xm,

2313 2551 2444 2621 25)?
2475 2552 2579 2605 Aut
2609 2550 2756 2605 solus
2781 2549 2844 2604 ad
2883 2565 3096 2605 crucem
3129 2564 3378 2620 sequens,
3410 2551 3549 2604 inter
3569 2559 3762 2606 cmtera
3789 2566 3906 2606 sus-

2317 2643 2581 2713 cipiendae
2613 2642 2708 2698 tibi
2743 2643 2792 2696 in
2836 2651 3059 2696 matrem
3107 2640 3288 2696 Mariae
3315 2651 3604 2712 praecepta,
3636 2641 3752 2698 haec
3779 2659 3913 2714 quo-

2320 2753 2425 2808 que
2459 2739 2508 2792 in
2547 2737 2635 2792 illa
2676 2739 2926 2809 specialis
2958 2741 3009 2793 in
3042 2749 3090 2793 te
3119 2742 3318 2793 amoris
3346 2740 3741 2794 contestatione
3769 2737 3907 2793 didi-

2315 2831 2434 2885 cisti
2473 2829 2652 2901 (Joan.
2688 2848 2797 2898 six,
2826 2831 2970 2903 27)?
3013 2831 3104 2886 Vel
3138 2831 3203 2885 ad
3256 2831 3562 2900 sepulcrum
3595 2833 3740 2902 prior
3780 2847 3910 2903 quo-

2317 2940 2421 2996 que
2451 2925 2610 2980 Petro
2633 2939 2858 2981 currens
2885 2925 3111 2994 adeptus
3137 2939 3196 2980 es
3227 2925 3403 2993 (Joau.
3423 2925 3625 2998 xx,4)?
3653 2925 3748 2980 Vel
3775 2926 3913 2980 intra

2317 3016 2386 3092 (j)
2418 3033 2706 3074 consessus
2753 3019 3066 3086 angelorum
3123 3019 3280 3091 166
3308 3028 3362 3072 et
3391 3019 3722 3088 signatorum
3753 3019 3919 3073 libro-

2321 3127 2438 3166 rum
2482 3113 2795 3168 insolubiles
2843 3128 3031 3175 nexus,
3055 3122 3108 3166 et
3138 3115 3411 3183 signorum
3439 3114 3743 3168 cmlestium
3783 3112 3922 3167 mul-

622 3217 724 3271 cst,
757 3217 925 3276 etper
947 3215 1194 3260 naturam
1225 3206 1366 3260 filius
1392 3214 1494 3272 est;
1525 3206 1819 3261 maledicus
1837 3222 1936 3278 ego
1953 3223 2089 3274 sum,
2125 3223 2214 3277 op-
2248 3248 2293 3312 Ο
2327 3204 2573 3261 tiformes
2603 3216 2922 3276 potestates,
2951 3217 3000 3262 et
3035 3221 3292 3262 nevarum
3321 3216 3478 3277 atquc
3511 3207 3923 3278 incomprehen-

625 3300 899 3370 probrium
933 3299 985 3354 in
1019 3309 1070 3354 te
1103 3297 1261 3354 alieni
1295 3299 1526 3354 nominis
1559 3301 1818 3355 referens.
1859 3300 1951 3356 Sin
1991 3316 2119 3358 vero
2149 3302 2221 3354 si-

627 3394 828 3448 mulata
859 3393 1041 3448 omnia
1081 3404 1224 3458 sunt,
1257 3405 1310 3448 et
1339 3395 1515 3463 potius
1545 3405 1848 3463 nuncupata
1888 3411 2046 3465 quam
2101 3412 2225 3464 pro-

628 3486 740 3557 pria
767 3502 781 3552 ;
815 3485 936 3540 lidci
969 3494 1072 3539 tua:
1093 3485 1162 3540 ab
1191 3486 1438 3556 apostolo
1483 3486 1631 3542 disce
1669 3501 1989 3558 cognomen,
2019 3498 2072 3543 et
2099 3487 2223 3542 audi

627 3595 746 3646 qua:
767 3578 836 3636 sit
862 3579 1052 3635 crediti
1083 3578 1208 3634 Filii
1252 3579 1404 3634 fides.
1444 3579 1694 3652 Sequitur
1724 3579 1891 3649 enim,
1927 3580 2030 3649 Qui
2078 3591 2226 3652 negat

701 3697 782 3766 (l)
806 3695 958 3750 Caret
979 3693 1211 3752 Patrem.

2327 3301 2561 3356 sibilium
2610 3299 2917 3354 cantionmn
2963 3300 3195 3372 hymnos
3243 3305 3635 3371 sempiternos,
3680 3313 3782 3354 tam
3835 3300 3921 3369 pia

2330 3393 2423 3448 tibi
2453 3394 2568 3448 base
2600 3410 2692 3463 per
2719 3397 2926 3465 Agoum
2953 3395 3149 3450 ducem
3179 3396 3414 3451 revelata
3443 3396 3687 3450 doctrina
3717 3405 3822 3459 est,
3853 3411 3925 3451 ne

2329 3486 2492 3542 Pater
2522 3498 2672 3558 pater
2699 3487 2785 3555 sit,
2821 3503 2889 3542 ne
2927 3488 3093 3543 Filius
3127 3487 3269 3543 filius
3295 3489 3384 3554 sit,
3416 3504 3485 3544 ne
3517 3499 3701 3543 natura
3732 3497 3922 3543 natura

2332 3582 2424 3648 sit,
2451 3597 2517 3637 ne
2543 3582 2742 3638 veritas
2774 3581 2972 3638 veritas
3000 3583 3070 3637 sit
3109 3581 3294 3655 (Apoc.
3320 3582 3418 3655 v)?
3463 3582 3586 3637 lltcc
3613 3581 3753 3636 cnim
3783 3579 3924 3652 apud

701 3761 779 3842 (2)
811 3767 877 3823 Et
898 3769 1058 3824 simus
1087 3769 1138 3822 in
1158 3784 1276 3822 vero
1300 3769 1412 3838 ﬁlio
1438 3767 1568 3824 Iesu
1597 3767 1800 3823 Christo
1819 3787 1837 3824 :
1865 3769 1946 3822 hic
1977 3780 2049 3824 est
2075 3785 2220 3824 verus

2334 3784 2432 3834 us;
2461 3780 2657 3838 grmce,
2683 3764 2836 3828 οὗτὸς
2866 3767 3004 3822 ἐστιν
3033 3763 3306 3826 ὁάληθινὸς
3329 3761 3459 3827 Θεός.

702 3880 779 3954 (a)
800 3879 1018 3950 Septem
1037 3897 1170 3937 mss.
1199 3882 1404 3936 credere
1431 3899 1531 3936 non
1552 3883 1767 3954 sufﬁcit.
1794 3882 1964 3939 Abest
1989 3899 2089 3937 non
2110 3884 2223 3948 suf-

633 3952 738 4018 ficit
765 3968 794 4006 a
823 3955 1141 4022 potioribus.

706 4021 778 4092 (b)
810 4021 961 4092 Quod
990 4025 1264 4093 sequitur,
1297 4026 1378 4079 his
1406 4026 1592 4080 nititur
1619 4024 1844 4080 Joannis
1876 4026 2077 4092 verbis,
2106 4024 2224 4082 loco

633 4096 875 4162 proxime
907 4095 1123 4149 laudato
1152 4096 1545 4150 cohmrentihus
1568 4137 1582 4159 ,
1625 4108 1672 4150 et
1703 4108 1754 4150 ut
1785 4102 2044 4152 credentes
2071 4099 2226 4151 vitam

633 4164 856 4250 habeatis
878 4168 1176 4248 inpromine
1206 4169 1524 4250 ejus..9yod
1559 4169 1730 4250 fat'lste
1750 4167 2040 4250 Faustinus
2071 4170 2224 4232 vidit,

633 4251 696 4289 ac
727 4238 890 4309 nitide
917 4239 994 4291 sic
1019 4235 1269 4308 exposuit
1295 4254 1308 4290 :
1349 4235 1584 4293 Etiamne
1614 4239 1694 4292 hic
1721 4241 1946 4309 suspicio
1979 4247 2052 4294 est
2087 4256 2228 4293 crea-

634 4316 782 4371 turae,
816 4308 922 4372 ubi,
965 4309 1050 4377 qui
1077 4309 1350 4362 crediderit
1378 4311 1514 4378 quod
1558 4310 1697 4380 ﬁlius
1732 4308 1825 4364 Dei
1867 4321 1937 4364 est
1970 4310 2226 4375 Christus,

633 4388 878 4432 aeternam
901 4380 1058 4450 vitam
1090 4382 1332 4446 possidet,
1363 4390 1410 4434 et
1437 4398 1536 4435 non
1566 4382 1716 4435 aliter
1743 4399 1898 4450 quam
1936 4384 1990 4436 in
2031 4385 2232 4435 nomine

633 4452 744 4520 ejus
759 4451 896 4504 ?.....
947 4449 1013 4503 In
1043 4452 1246 4506 nomine
1280 4452 1413 4506 enim
1463 4462 1708 4508 creatura;
1745 4449 1808 4507 ne
1847 4455 2048 4524 quidem
2079 4455 2235 4508 vitam

637 4524 966 4592 temporalem
999 4531 1162 4590 potest
1191 4524 1307 4588 quis
1336 4526 1561 4592 assequi.

709 4591 777 4664 (c)
809 4593 863 4646 Si
905 4593 1135 4663 idipsum
1169 4606 1271 4660 est,
1302 4591 1530 4649 inundus
1561 4612 1626 4650 ex
1659 4595 1772 4650 Deo
1804 4605 1962 4649 natus
1983 4595 2096 4664 pari
2121 4596 2242 4663 jure

633 4662 897 4719 dicendus
927 4662 1031 4726 est,
1067 4682 1242 4735 neque
1266 4667 1404 4720 mala
1427 4674 1508 4720 est
1539 4666 1780 4721 Faustini
1806 4662 2190 4734 consequentia
2220 4689 2232 4722 :

2327 3882 2494 3936 Deum
2522 3882 2708 3950 ﬁlium,
2735 3891 2841 3938 ctc.
2873 3881 3007 3935 Hinc
3033 3891 3089 3934 et
3116 3881 3346 3936 llilarius
3367 3891 3548 3934 noster
3575 3897 3697 3936 mox
3731 3882 3826 3946 ait,
3853 3882 3932 3935 si—

2327 3955 2523 4008 mulata
2568 3955 2760 4007 omnia.
2791 3953 2972 4022 Itaque
3000 3953 3242 4020 proximo
3270 3953 3431 4006 verbo
3462 3953 3783 4020 prtedicabis,
3821 3971 3927 4008 non

2329 4027 2477 4080 solus
2520 4025 2898 4080 vocabulorum
2929 4039 3116 4087 sonus,
3143 4023 3235 4078 sed
3272 4025 3505 4078 maxime
3529 4027 3694 4080 aiiitni
3727 4026 3930 4081 intelli-

2329 4099 2508 4168 gentia
2540 4111 2604 4168 ac
2631 4095 2895 4168 sententia
2925 4095 3278 4168 significatur.

2409 4169 2478 4239 (ί)
2541 4167 2655 4222 Vox
2710 4169 2820 4238 ejus
2864 4167 2918 4220 in
2974 4167 3204 4238 vulgatis
3257 4169 3456 4223 omiSsa
3504 4168 3806 4224 restituitur
3862 4185 3932 4224 ex

2335 4255 2467 4294 MSS.

2408 4309 2486 4380 (g)
2527 4310 2859 4365 Auctoritate
2907 4312 3257 4365 vetustiorum
3290 4325 3420 4365 mss.
3446 4311 3772 4366 removimus
3798 4312 3925 4366 hinc

2337 4383 2660 4438 vocabulum
2718 4381 2855 4435 Deus
2880 4398 2898 4436 :
2929 4383 3071 4452 quod
3098 4384 3251 4437 abest
3277 4384 3483 4450 pariter
3512 4399 3539 4436 a
3572 4383 3755 4451 primis
3799 4383 3938 4438 Fau-

2341 4453 2468 4508 stini
2519 4453 2862 4518 editiouibns,
2912 4469 3087 4522 neque
3130 4453 3184 4508 in
3234 4453 3523 4522 postremis
3565 4455 3805 4509 additum
3855 4465 3939 4510 est

2342 4524 2447 4578 nisi
2479 4526 2616 4578 intra
2649 4526 3036 4592 parenthesim,
3073 4525 3172 4579 hoc
3199 4535 3302 4589 est,
3334 4541 3400 4578 ex
3428 4526 3758 4594 conjectura.
3793 4525 3928 4581 Am-

2344 4594 2565 4665 biguum
2611 4595 2825 4665 quidem
2877 4605 2959 4650 est
3012 4612 3140 4651 num
3186 4597 3276 4650 ille
3318 4596 3508 4664 legerit
3547 4599 3627 4651 hic
3664 4606 3738 4651 est
3791 4614 3942 4651 verus

2349 4665 2525 4720 Deus:
2571 4667 2712 4734 quod
2765 4666 2994 4721 Basilius
3026 4667 3120 4722 lib.
3162 4684 3213 4722 Iv
3243 4677 3431 4721 contra
3464 4669 3690 4721 liunom.
3723 4685 3776 4734 p.
3813 4668 3942 4730 106.

635 4711 2237 4811 eis;"gratias;sanguinein;;;;.';;"au;;;;t;.;
2269 4711 2319 4770 ι)
2344 4711 3690 4811 gtgag.a;;geontz;;;;manussagittis:
3709 4711 3946 4811 (Ξένῑῆἇέ

634 4817 708 4930 elst
744 4806 918 4863 Pater.
953 4808 1059 4863 Sed
1104 4810 1294 4861 clamat
1337 4806 1597 4872 Joannes,
1643 4806 1824 4862 Nolite
1851 4806 2064 4880 diligere
2088 4826 2239 4862 mun-

634 4895 777 4930 (uni.

634 4895 666 4930 (ι
673 4895 702 4928 ll
708 4895 756 4930 nt
766 4921 777 4931 .

707 4949 786 5074 (ill?
819 4949 873 5003 lu
906 4950 1136 5019 vulgatis
1160 4992 1175 5016 ,
1225 4951 1339 5021 quis
1371 4949 1456 5004 sit.
1497 4949 1827 5004 Coucinuius
1869 4952 1922 5006 in
1957 4965 2088 5006 mss.
2117 4952 2241 5016 quid

708 5060 720 5072 .
779 5021 1012 5074 Erasmus
1043 5020 1245 5074 Hilario
1269 5036 1548 5074 pernetam
1565 5022 1693 5074 vitio
1719 5023 1894 5074 vertit.
1920 5023 2058 5074 quod
2086 5023 2241 5074 Aria-

634 5020 726 5074 sit.’
755 5020 1012 5074 Erasinus
1043 5020 1548 5104 [litat-inperperam
1565 5022 1693 5076 vitio
1719 5023 1894 5104 vertit,
1920 5023 2058 5089 quod
2086 5023 2243 5104 Aria-

639 5107 764 5144 nmn
799 5092 1122 5161 nuncuparit
1151 5092 1552 5157 ιιιιιὶριιιίςιιιιιι,
1578 5109 1699 5147 cum
1726 5092 1827 5148 hoc
1855 5111 1958 5148 non
1986 5104 2091 5147 tam
2127 5096 2242 5163 ipse

635 5163 800 5228 dicat,
828 5179 988 5233 quam
1025 5165 1207 5218 audiat
1256 5179 1284 5216 a
1331 5163 1539 5220 lumine
1577 5165 1885 5220 dici.'Unde
1924 5167 2242 5221 Ambrosius

638 5234 729 5288 lih.
763 5251 799 5288 ιι
820 5236 887 5290 de
905 5235 1034 5290 Fide
1061 5251 1180 5303 cap.
1208 5234 1550 5290 1ὕεΙοιιιιηεδ
1581 5238 1702 5290 dicit
1727 5239 1989 5290 Iucreticos
2017 5254 2120 5289 esse
2150 5254 2243 5290 an-

635 5306 916 5380 tichristus,
945 5310 1164 5380 .triaiios
1181 5311 1352 5374 utique
1369 5309 1642 5380 designans
1669 5325 1686 5374 ;
1714 5318 1762 5362 et
1785 5307 2071 5362 Faustinus
2098 5324 2242 5376 saepe

637 5379 916 5451 latulaIus:
961 5378 1148 5451 {ferito
1176 5396 1296 5450 ergo
1323 5378 1657 5434 antichristus
1694 5381 1891 5434 vocaris
1916 5422 1930 5446 ,
1961 5381 2047 5451 qui
2079 5395 2238 5449 negas

641 5449 848 5504 Patrem
878 5459 923 5504 et
953 5448 1146 5504 Filium
1176 5448 1268 5504 sub
1295 5453 1716 5519 interpretatione
1743 5453 1923 5518 impia.

709 5526 780 5593 (e)
819 5522 1048 5590 Quidam
1081 5538 1213 5576 mss.
1245 5539 1336 5593 per
1377 5523 1704 5578 adsimilatus
1735 5540 1753 5576 :
1800 5524 1960 5576 male.
1988 5522 2088 5576 llic
2119 5537 2242 5593 per-

639 5592 922 5666 stringitur
937 5591 1258 5666 Arianorum
1286 5596 1606 5666 hypocrisis,
1632 5596 1696 5650 de
1711 5610 1810 5662 qua
1837 5591 2129 5666 Faustinus
2141 5591 2246 5647 ini-

641 5663 932 5735 tioOpez'is
957 5666 1075 5718 sui:
1106 5663 1301 5718 Ariona
1323 5663 1564 5732 impietas
1610 5667 1794 5719 asserit
1833 5665 2036 5735 quidem
2085 5666 2257 5719 multa'

643 5733 903 5788 nobiscum
941 5735 1126 5788 iisdem
1164 5735 1480 5801 nominibus,
1513 5738 1600 5788 sed
1629 5753 1732 5790 non
1768 5733 1948 5790 iisdem
1989 5736 2244 5791 sensibus.

643 5802 784 5854 Nam
816 5806 997 5858 iisdem
1043 5805 1228 5868 quibus
1287 5823 1379 5858 nos
1428 5815 1675 5870 personat
1715 5806 1878 5860 {)eum
1934 5818 2150 5874 patrem,
2199 5816 2249 5859 ιιι

2345 4808 2641 4862 Alexaudr.
2677 4810 2740 4862 ad
2772 4811 2972 4864 calcem
3009 4811 3140 4865 Dial.
3169 4825 3257 4864 rm
3290 4811 3490 4878 legunt.
3523 4818 3584 4864 At
3605 4808 3828 4864 verbum
3861 4828 3945 4863 re.

2345 4898 2433 4933 rus
2457 4880 2521 4933 ad
2557 4881 2746 4934 Filium
2789 4881 2857 4934 ab
2889 4881 3090 4936 llilario
3136 4883 3366 4936 relatum
3400 4882 3567 4936 fuisse
3596 4894 3858 4950 apparet;
3887 4891 3948 4935 ttt

2347 4961 2402 5006 et
2432 4951 2617 5020 legerit
2650 4954 2729 5006 hic
2755 4961 2827 5006 est
2843 4969 3012 5014 verus,
3047 4961 3100 5005 et
3140 4952 3468 5006 subaudierit
3496 4953 3656 5021 ﬁlius.

2420 5027 2503 5092 (h)
2547 5024 2676 5078 Post
2726 5034 2920 5089 nostra,
2950 5024 3168 5078 additur
3193 5024 3244 5076 in
3273 5025 3384 5091 ipso
3416 5027 3555 5092 apud
3589 5025 3902 5079 Faitstinum
3931 5040 3946 5078 :

2347 5095 2488 5164 apud
2521 5109 2678 5165 auem
2715 5095 2854 5150 idem
2881 5096 2969 5148 ille
3017 5095 3168 5149 locus
3199 5095 3419 5148 totidem
3458 5096 3638 5150 verbis
3677 5096 3942 5162 refertur,

2347 5171 2593 5234 quamvis
2626 5166 2759 5230 lucc,
2788 5177 2834 5220 et
2866 5171 3166 5220 resurrectio
3208 5180 3402 5230 nostra,
3441 5171 3579 5220 sicut
3621 5178 3675 5220 et
3705 5173 3953 5235 superio-

2349 5253 2428 5302 ra,
2459 5248 2504 5290 et
2537 5251 2875 5292 concarnatus
2902 5247 2974 5292 est
2995 5248 3201 5305 proiiter
3229 5254 3340 5301 nos,
3369 5245 3416 5289 et
3442 5254 3625 5308 passus
3661 5248 3759 5302 est,
3791 5248 3840 5290 et
3863 5255 3950 5291 re-

2345 5324 2561 5377 surgens
2582 5311 2643 5361 de
2665 5310 2876 5363 ntortuis
2893 5311 3168 5380 assumpsit
3194 5326 3306 5373 nos,
3332 5316 3491 5380 modo
3522 5325 3627 5362 non
3651 5317 3868 5363 exstent
3898 5311 3951 5362 in

2348 5393 2504 5451 sacro
2530 5390 2673 5434 textu
2709 5393 2816 5434 tum
2861 5396 3039 5451 grarco
3070 5379 3193 5434 tum
3274 5379 3462 5445 latino,
3497 5381 3637 5435 sicut
3679 5395 3780 5434 nec
3809 5380 3954 5448 apud

2347 5448 2612 5519 Cyrillum
2647 5451 2766 5504 loco
2797 5448 2916 5506 mox
2952 5453 3186 5506 laudato.

2429 5521 2497 5592 (ὁ)
2543 5521 2689 5576 Unus
2719 5523 2891 5578 codex
2935 5523 3108 5577 Vatic.
3144 5539 3263 5578 cum
3296 5522 3511 5578 duobus
3540 5523 3683 5587 aliis,
3706 5533 3753 5575 et
3775 5522 3956 5576 exina-

2344 5593 2445 5667 niti
2464 5591 2655 5667 Christi
2674 5595 2912 5667 spiritum
2938 5612 3002 5667 ac,
3021 5610 3205 5667 nomen
3225 5598 3467 5667 proﬁteris
3489 5613 3506 5657 ;
3536 5596 3854 5667 depravatc.

2426 5661 2497 5734 (j)
2533 5662 2612 5734 Et;
2644 5663 2749 5731 his,
2779 5674 2836 5720 et
2879 5681 2944 5720 ex
2977 5666 3134 5721 dictis
3167 5661 3232 5721 ιι.’
3256 5668 3345 5728 20.
3397 5665 3585 5734 liquet,
3631 5681 3736 5718 non
3789 5663 3956 5716 alium

2355 5733 2567 5856 llilartio.
2585 5733 2848 5792 Joannem
2879 5739 3177 5808 Evangelii,
3202 5740 3364 5794 alium
3387 5733 3744 5806 Apocalypsis
3773 5746 3963 5790 aucto-4

2355 5820 2467 5856 rem
2518 5819 2680 5856 IIISSG'.

2353 5820 2467 5859 rem
2497 5819 2680 5860 IIIISSC'.
