  <div class='ocr_page' id='page_1' title='image "/cluster/home/n/w/nwhite01/storage/ocr_20150623/10/hvd.32044096580386/103.png"; bbox 0 0 4266 6260; ppageno 0'>
   <div class='ocr_carea' id='block_1_1' title="bbox 673 228 776 323">
    <p class='ocr_par' dir='ltr' id='par_1_1' title="bbox 673 228 776 323">
     <span class='ocr_line' id='line_1_1' title="bbox 673 228 776 323; baseline 0.019 -23"><span class='ocrx_word' id='word_1_1' title='bbox 673 228 776 323; x_wconf 65' lang='lat' dir='ltr'><strong>tas</strong></span> 
     </span>
    </p>
   </div>
   <div class='ocr_carea' id='block_1_2' title="bbox 1873 222 2279 323">
    <p class='ocr_par' dir='ltr' id='par_1_2' title="bbox 1873 238 2276 321">
     <span class='ocr_line' id='line_1_2' title="bbox 1873 238 2276 321; baseline -0.002 -23"><span class='ocrx_word' id='word_1_2' title='bbox 1873 240 2125 321; x_wconf 57' lang='lat' dir='ltr'><strong>SaNCTl</strong></span> <span class='ocrx_word' id='word_1_3' title='bbox 2161 238 2276 315; x_wconf 77' lang='lat' dir='ltr'><strong>tut.</strong></span> 
     </span>
    </p>
   </div>
   <div class='ocr_carea' id='block_1_3' title="bbox 2375 222 3969 323">
    <p class='ocr_par' dir='ltr' id='par_1_3' title="bbox 2375 223 3969 313">
     <span class='ocr_line' id='line_1_3' title="bbox 2375 223 3969 313; baseline 0 -14"><span class='ocrx_word' id='word_1_4' title='bbox 2375 223 2424 313; x_wconf 79' lang='grc' dir='ltr'><strong>ιι</strong></span> <span class='ocrx_word' id='word_1_5' title='bbox 2459 226 2768 305; x_wconf 69' lang='grc' dir='ltr'>Εριεϐοιιι</span> <span class='ocrx_word' id='word_1_6' title='bbox 3884 240 3969 301; x_wconf 78' lang='lat' dir='ltr'><strong>tos</strong></span> 
     </span>
    </p>
   </div>
   <div class='ocr_carea' id='block_1_4' title="bbox 672 355 3968 451">
    <p class='ocr_par' dir='ltr' id='par_1_4' title="bbox 672 355 3968 451">
     <span class='ocr_line' id='line_1_4' title="bbox 672 355 3968 451; baseline -0.003 -31"><span class='ocrx_word' id='word_1_7' title='bbox 672 364 934 439; x_wconf 78' lang='lat' dir='ltr'><strong>Loquitur</strong></span> <span class='ocrx_word' id='word_1_8' title='bbox 976 362 1092 431; x_wconf 62' lang='lat' dir='ltr'><strong>huic</strong></span> <span class='ocrx_word' id='word_1_9' title='bbox 1114 362 1356 428; x_wconf 84' lang='lat' dir='ltr'><strong>interim,</strong></span> <span class='ocrx_word' id='word_1_10' title='bbox 1384 360 1626 431; x_wconf 78' lang='lat' dir='ltr'><strong>loquitur</strong></span> <span class='ocrx_word' id='word_1_11' title='bbox 1659 360 1815 428; x_wconf 81' lang='lat' dir='ltr'><strong>plane</strong></span> <span class='ocrx_word' id='word_1_12' title='bbox 1850 378 1946 432; x_wconf 83' lang='lat' dir='ltr'><strong>per</strong></span> <span class='ocrx_word' id='word_1_13' title='bbox 1995 361 2263 419; x_wconf 77' lang='lat' dir='ltr'><strong>adventus</strong></span> <span class='ocrx_word' id='word_1_14' title='bbox 2373 375 2599 433; x_wconf 81' lang='lat' dir='ltr'><strong>nagoga.</strong></span> <span class='ocrx_word' id='word_1_15' title='bbox 2629 362 2715 417; x_wconf 91' lang='lat' dir='ltr'><strong>cui</strong></span> <span class='ocrx_word' id='word_1_16' title='bbox 2744 359 3204 435; x_wconf 79' lang='lat' dir='ltr'><strong>immortalitatem</strong></span> <span class='ocrx_word' id='word_1_17' title='bbox 3252 357 3383 415; x_wconf 89' lang='lat' dir='ltr'><strong>ﬁdes</strong></span> <span class='ocrx_word' id='word_1_18' title='bbox 3411 356 3529 417; x_wconf 69' lang='lat' dir='ltr'><strong>hcce</strong></span> <span class='ocrx_word' id='word_1_19' title='bbox 3568 355 3816 414; x_wconf 82' lang='lat' dir='ltr'><strong>confessa</strong></span> <span class='ocrx_word' id='word_1_20' title='bbox 3863 358 3968 411; x_wconf 82' lang='lat' dir='ltr'><strong>red-</strong></span> 
     </span>
    </p>
   </div>
   <div class='ocr_carea' id='block_1_5' title="bbox 680 456 2271 541">
    <p class='ocr_par' dir='ltr' id='par_1_5' title="bbox 680 456 2271 541">
     <span class='ocr_line' id='line_1_5' title="bbox 680 456 2271 541; baseline -0.006 -24"><span class='ocrx_word' id='word_1_21' title='bbox 680 463 760 519; x_wconf 81' lang='lat' dir='ltr'><strong>sni</strong></span> <span class='ocrx_word' id='word_1_22' title='bbox 782 461 1075 541; x_wconf 77' lang='lat' dir='ltr'><strong>prophetas</strong></span> <span class='ocrx_word' id='word_1_23' title='bbox 1099 474 1162 516; x_wconf 88' lang='lat' dir='ltr'><strong>ac</strong></span> <span class='ocrx_word' id='word_1_24' title='bbox 1187 457 1422 529; x_wconf 80' lang='lat' dir='ltr'><strong>praevius</strong></span> <span class='ocrx_word' id='word_1_25' title='bbox 1450 457 1564 529; x_wconf 86' lang='lat' dir='ltr'><strong>ipse</strong></span> <span class='ocrx_word' id='word_1_26' title='bbox 1594 457 1707 529; x_wconf 89' lang='lat' dir='ltr'><strong>ille,</strong></span> <span class='ocrx_word' id='word_1_27' title='bbox 1743 457 1833 527; x_wconf 98' lang='lat' dir='ltr'><strong>qui</strong></span> <span class='ocrx_word' id='word_1_28' title='bbox 1879 467 2066 527; x_wconf 89' lang='lat' dir='ltr'><strong>postea</strong></span> <span class='ocrx_word' id='word_1_29' title='bbox 2093 457 2197 513; x_wconf 91' lang='lat' dir='ltr'><strong>erit</strong></span> <span class='ocrx_word' id='word_1_30' title='bbox 2219 456 2271 511; x_wconf 94' lang='lat' dir='ltr'><strong>in</strong></span> 
     </span>
    </p>
   </div>
   <div class='ocr_carea' id='block_1_6' title="bbox 670 550 2279 629">
    <p class='ocr_par' dir='ltr' id='par_1_6' title="bbox 670 550 2279 629">
     <span class='ocr_line' id='line_1_6' title="bbox 670 550 2279 629; baseline -0.005 -16"><span class='ocrx_word' id='word_1_31' title='bbox 670 555 747 629; x_wconf 86' lang='lat' dir='ltr'><strong>(rt)</strong></span> <span class='ocrx_word' id='word_1_32' title='bbox 779 554 1100 621; x_wconf 83' lang='lat' dir='ltr'><strong>antieltristo</strong></span> <span class='ocrx_word' id='word_1_33' title='bbox 1146 552 1451 611; x_wconf 88' lang='lat' dir='ltr'><strong>locuturus:</strong></span> <span class='ocrx_word' id='word_1_34' title='bbox 1498 550 1792 607; x_wconf 75' lang='lat' dir='ltr'><strong>salutarem</strong></span> <span class='ocrx_word' id='word_1_35' title='bbox 1832 550 1954 611; x_wconf 88' lang='lat' dir='ltr'><strong>ﬁdei</strong></span> <span class='ocrx_word' id='word_1_36' title='bbox 1977 550 2279 609; x_wconf 87' lang='lat' dir='ltr'><strong>confessio-</strong></span> 
     </span>
    </p>
   </div>
   <div class='ocr_carea' id='block_1_7' title="bbox 674 642 2272 717">
    <p class='ocr_par' dir='ltr' id='par_1_7' title="bbox 674 642 2272 717">
     <span class='ocr_line' id='line_1_7' title="bbox 674 642 2272 717; baseline -0.003 -16"><span class='ocrx_word' id='word_1_37' title='bbox 674 662 798 702; x_wconf 89' lang='lat' dir='ltr'><strong>nem</strong></span> <span class='ocrx_word' id='word_1_38' title='bbox 853 645 937 701; x_wconf 86' lang='lat' dir='ltr'><strong>his</strong></span> <span class='ocrx_word' id='word_1_39' title='bbox 984 644 1330 701; x_wconf 89' lang='lat' dir='ltr'><strong>tentamentis</strong></span> <span class='ocrx_word' id='word_1_40' title='bbox 1372 643 1524 698; x_wconf 81' lang='lat' dir='ltr'><strong>novis</strong></span> <span class='ocrx_word' id='word_1_41' title='bbox 1554 643 1897 717; x_wconf 89' lang='lat' dir='ltr'><strong>inquietans,</strong></span> <span class='ocrx_word' id='word_1_42' title='bbox 1946 652 2006 697; x_wconf 90' lang='lat' dir='ltr'><strong>ut</strong></span> <span class='ocrx_word' id='word_1_43' title='bbox 2037 642 2272 714; x_wconf 89' lang='lat' dir='ltr'><strong>primum</strong></span> 
     </span>
    </p>
   </div>
   <div class='ocr_carea' id='block_1_8' title="bbox 668 732 2276 809">
    <p class='ocr_par' dir='ltr' id='par_1_8' title="bbox 668 732 2276 809">
     <span class='ocr_line' id='line_1_8' title="bbox 668 732 2276 809; baseline 0 -18"><span class='ocrx_word' id='word_1_44' title='bbox 668 736 1015 792; x_wconf 57' lang='lat' dir='ltr'><strong>conscientiae</strong></span> <span class='ocrx_word' id='word_1_45' title='bbox 1041 742 1262 800; x_wconf 75' lang='lat' dir='ltr'><strong>nostrre,</strong></span> <span class='ocrx_word' id='word_1_46' title='bbox 1288 733 1366 809; x_wconf 79' lang='grc'><strong>(1)</strong></span> <span class='ocrx_word' id='word_1_47' title='bbox 1392 733 1467 807; x_wconf 88' lang='lat' dir='ltr'><strong>(b)</strong></span> <span class='ocrx_word' id='word_1_48' title='bbox 1498 732 1620 809; x_wconf 85' lang='lat' dir='ltr'><strong>quia</strong></span> <span class='ocrx_word' id='word_1_49' title='bbox 1656 733 1725 805; x_wconf 80' lang='lat' dir='ltr'><strong>ita</strong></span> <span class='ocrx_word' id='word_1_50' title='bbox 1752 734 2054 802; x_wconf 85' lang='lat' dir='ltr'><strong>credimus,</strong></span> <span class='ocrx_word' id='word_1_51' title='bbox 2079 733 2276 791; x_wconf 58' lang='lat' dir='ltr'><strong>intelliv</strong></span> 
     </span>
    </p>
   </div>
   <div class='ocr_carea' id='block_1_9' title="bbox 667 822 2272 903">
    <p class='ocr_par' dir='ltr' id='par_1_9' title="bbox 667 822 2272 903">
     <span class='ocr_line' id='line_1_9' title="bbox 667 822 2272 903; baseline -0.001 -20"><span class='ocrx_word' id='word_1_52' title='bbox 667 830 902 903; x_wconf 78' lang='lat' dir='ltr'><strong>gentiam</strong></span> <span class='ocrx_word' id='word_1_53' title='bbox 952 826 1048 893; x_wconf 82' lang='lat' dir='ltr'><strong>ﬁlii</strong></span> <span class='ocrx_word' id='word_1_54' title='bbox 1076 822 1336 882; x_wconf 81' lang='lat' dir='ltr'><strong>naturalis</strong></span> <span class='ocrx_word' id='word_1_55' title='bbox 1377 827 1604 893; x_wconf 78' lang='lat' dir='ltr'><strong>avellat;</strong></span> <span class='ocrx_word' id='word_1_56' title='bbox 1658 826 1858 884; x_wconf 82' lang='lat' dir='ltr'><strong>deinde</strong></span> <span class='ocrx_word' id='word_1_57' title='bbox 1905 827 2078 897; x_wconf 81' lang='lat' dir='ltr'><strong>ipsum</strong></span> <span class='ocrx_word' id='word_1_58' title='bbox 2121 826 2272 895; x_wconf 90' lang='lat' dir='ltr'><strong>illud,</strong></span> 
     </span>
    </p>
   </div>
   <div class='ocr_carea' id='block_1_10' title="bbox 670 916 2272 995">
    <p class='ocr_par' dir='ltr' id='par_1_10' title="bbox 670 916 2272 995">
     <span class='ocr_line' id='line_1_10' title="bbox 670 916 2272 995; baseline 0.001 -25"><span class='ocrx_word' id='word_1_59' title='bbox 670 920 815 989; x_wconf 81' lang='lat' dir='ltr'><strong>quod</strong></span> <span class='ocrx_word' id='word_1_60' title='bbox 842 916 917 993; x_wconf 87' lang='lat' dir='ltr'><strong>(c)</strong></span> <span class='ocrx_word' id='word_1_61' title='bbox 955 919 1265 990; x_wconf 90' lang='lat' dir='ltr'><strong>adoptivum</strong></span> <span class='ocrx_word' id='word_1_62' title='bbox 1296 918 1420 982; x_wconf 88' lang='lat' dir='ltr'><strong>erit.</strong></span> <span class='ocrx_word' id='word_1_63' title='bbox 1470 919 1738 993; x_wconf 88' lang='lat' dir='ltr'><strong>reliquum</strong></span> <span class='ocrx_word' id='word_1_64' title='bbox 1767 935 1960 977; x_wconf 88' lang='lat' dir='ltr'><strong>nomen</strong></span> <span class='ocrx_word' id='word_1_65' title='bbox 2004 918 2272 995; x_wconf 60' lang='lat' dir='ltr'><strong>excludat.</strong></span> 
     </span>
    </p>
   </div>
   <div class='ocr_carea' id='block_1_11' title="bbox 671 1008 2275 1087">
    <p class='ocr_par' dir='ltr' id='par_1_11' title="bbox 671 1008 2275 1087">
     <span class='ocr_line' id='line_1_11' title="bbox 671 1008 2275 1087; baseline -0.001 -20"><span class='ocrx_word' id='word_1_66' title='bbox 671 1012 801 1067; x_wconf 85' lang='lat' dir='ltr'><strong>Nam</strong></span> <span class='ocrx_word' id='word_1_67' title='bbox 834 1028 956 1068; x_wconf 92' lang='lat' dir='ltr'><strong>cum</strong></span> <span class='ocrx_word' id='word_1_68' title='bbox 998 1013 1190 1085; x_wconf 87' lang='lat' dir='ltr'><strong>quibus</strong></span> <span class='ocrx_word' id='word_1_69' title='bbox 1212 1012 1357 1081; x_wconf 85' lang='lat' dir='ltr'><strong>(seu,</strong></span> <span class='ocrx_word' id='word_1_70' title='bbox 1388 1012 1442 1066; x_wconf 86' lang='lat' dir='ltr'><strong>in</strong></span> <span class='ocrx_word' id='word_1_71' title='bbox 1471 1028 1690 1087; x_wconf 86' lang='lat' dir='ltr'><strong>quorum</strong></span> <span class='ocrx_word' id='word_1_72' title='bbox 1730 1008 2002 1085; x_wconf 71' lang='lat' dir='ltr'><strong>sententia)</strong></span> <span class='ocrx_word' id='word_1_73' title='bbox 2025 1021 2275 1067; x_wconf 82' lang='lat' dir='ltr'><strong>creatura</strong></span> 
     </span>
    </p>
   </div>
   <div class='ocr_carea' id='block_1_12' title="bbox 670 1101 2277 1172">
    <p class='ocr_par' dir='ltr' id='par_1_12' title="bbox 670 1101 2277 1172">
     <span class='ocr_line' id='line_1_12' title="bbox 670 1101 2277 1172; baseline -0.001 -13"><span class='ocrx_word' id='word_1_74' title='bbox 670 1113 753 1159; x_wconf 89' lang='lat' dir='ltr'><strong>est</strong></span> <span class='ocrx_word' id='word_1_75' title='bbox 779 1103 1050 1171; x_wconf 79' lang='lat' dir='ltr'><strong>Christus,</strong></span> <span class='ocrx_word' id='word_1_76' title='bbox 1082 1116 1303 1159; x_wconf 89' lang='lat' dir='ltr'><strong>necesse</strong></span> <span class='ocrx_word' id='word_1_77' title='bbox 1323 1109 1407 1167; x_wconf 83' lang='lat' dir='ltr'><strong>est</strong></span> <span class='ocrx_word' id='word_1_78' title='bbox 1436 1114 1494 1157; x_wconf 90' lang='grc' dir='ltr'><strong>ιιι</strong></span> <span class='ocrx_word' id='word_1_79' title='bbox 1522 1119 1644 1158; x_wconf 87' lang='lat' dir='ltr'><strong>cum</strong></span> <span class='ocrx_word' id='word_1_80' title='bbox 1675 1102 1759 1158; x_wconf 89' lang='lat' dir='ltr'><strong>his</strong></span> <span class='ocrx_word' id='word_1_81' title='bbox 1786 1101 2136 1171; x_wconf 75' lang='lat' dir='ltr'><strong>antichristus</strong></span> <span class='ocrx_word' id='word_1_82' title='bbox 2160 1101 2277 1172; x_wconf 90' lang='lat' dir='ltr'><strong>ipse</strong></span> 
     </span>
    </p>
   </div>
   <div class='ocr_carea' id='block_1_13' title="bbox 672 1192 2278 1269">
    <p class='ocr_par' dir='ltr' id='par_1_13' title="bbox 672 1192 2278 1269">
     <span class='ocr_line' id='line_1_13' title="bbox 672 1192 2278 1269; baseline -0.004 -19"><span class='ocrx_word' id='word_1_83' title='bbox 672 1204 743 1250; x_wconf 74' lang='lat' dir='ltr'><strong>srt</strong></span> <span class='ocrx_word' id='word_1_84' title='bbox 771 1195 1051 1261; x_wconf 84' lang='lat' dir='ltr'><strong>Christus;</strong></span> <span class='ocrx_word' id='word_1_85' title='bbox 1081 1193 1204 1266; x_wconf 86' lang='lat' dir='ltr'><strong>quia</strong></span> <span class='ocrx_word' id='word_1_86' title='bbox 1233 1194 1324 1249; x_wconf 94' lang='lat' dir='ltr'><strong>ﬁlii</strong></span> <span class='ocrx_word' id='word_1_87' title='bbox 1358 1192 1744 1269; x_wconf 85' lang='lat' dir='ltr'><strong>proprietatem</strong></span> <span class='ocrx_word' id='word_1_88' title='bbox 1771 1201 2018 1249; x_wconf 86' lang='lat' dir='ltr'><strong>creatura</strong></span> <span class='ocrx_word' id='word_1_89' title='bbox 2050 1208 2158 1249; x_wconf 86' lang='lat' dir='ltr'><strong>non</strong></span> <span class='ocrx_word' id='word_1_90' title='bbox 2190 1195 2278 1245; x_wconf 87' lang='lat' dir='ltr'><strong>ba-</strong></span> 
     </span>
    </p>
   </div>
   <div class='ocr_carea' id='block_1_14' title="bbox 673 1281 2276 1359">
    <p class='ocr_par' dir='ltr' id='par_1_14' title="bbox 673 1281 2276 1359">
     <span class='ocr_line' id='line_1_14' title="bbox 673 1281 2276 1359; baseline -0.005 -15"><span class='ocrx_word' id='word_1_91' title='bbox 673 1291 812 1354; x_wconf 88' lang='lat' dir='ltr'><strong>beat,</strong></span> <span class='ocrx_word' id='word_1_92' title='bbox 841 1298 896 1343; x_wconf 93' lang='lat' dir='ltr'><strong>et</strong></span> <span class='ocrx_word' id='word_1_93' title='bbox 921 1288 1010 1343; x_wconf 90' lang='lat' dir='ltr'><strong>Dei</strong></span> <span class='ocrx_word' id='word_1_94' title='bbox 1043 1303 1102 1343; x_wconf 91' lang='lat' dir='ltr'><strong>se</strong></span> <span class='ocrx_word' id='word_1_95' title='bbox 1132 1288 1222 1343; x_wconf 90' lang='lat' dir='ltr'><strong>ille</strong></span> <span class='ocrx_word' id='word_1_96' title='bbox 1264 1288 1430 1341; x_wconf 89' lang='lat' dir='ltr'><strong>tilium</strong></span> <span class='ocrx_word' id='word_1_97' title='bbox 1460 1286 1781 1345; x_wconf 85' lang='lat' dir='ltr'><strong>mentiatur:</strong></span> <span class='ocrx_word' id='word_1_98' title='bbox 1810 1292 1866 1359; x_wconf 76' lang='lat' dir='ltr'><strong>et</strong></span> <span class='ocrx_word' id='word_1_99' title='bbox 1894 1300 1987 1354; x_wconf 91' lang='lat' dir='ltr'><strong>per</strong></span> <span class='ocrx_word' id='word_1_100' title='bbox 2016 1283 2117 1337; x_wconf 92' lang='lat' dir='ltr'><strong>hoc</strong></span> <span class='ocrx_word' id='word_1_101' title='bbox 2138 1281 2217 1355; x_wconf 81' lang='grc' dir='ltr'><strong>(ά)</strong></span> <span class='ocrx_word' id='word_1_102' title='bbox 2243 1296 2276 1337; x_wconf 92' lang='lat' dir='ltr'><strong>a</strong></span> 
     </span>
    </p>
   </div>
   <div class='ocr_carea' id='block_1_15' title="bbox 671 1374 2277 1459">
    <p class='ocr_par' dir='ltr' id='par_1_15' title="bbox 671 1374 2277 1459">
     <span class='ocr_line' id='line_1_15' title="bbox 671 1374 2277 1459; baseline -0.001 -27"><span class='ocrx_word' id='word_1_103' title='bbox 671 1381 865 1455; x_wconf 81' lang='lat' dir='ltr'><strong>quibus</strong></span> <span class='ocrx_word' id='word_1_104' title='bbox 902 1378 990 1435; x_wconf 90' lang='lat' dir='ltr'><strong>hic</strong></span> <span class='ocrx_word' id='word_1_105' title='bbox 1033 1380 1127 1439; x_wconf 87' lang='lat' dir='ltr'><strong>Dei</strong></span> <span class='ocrx_word' id='word_1_106' title='bbox 1170 1379 1310 1435; x_wconf 91' lang='lat' dir='ltr'><strong>ﬁlius</strong></span> <span class='ocrx_word' id='word_1_107' title='bbox 1354 1379 1466 1455; x_wconf 82' lang='lat' dir='ltr'><strong>jam</strong></span> <span class='ocrx_word' id='word_1_108' title='bbox 1515 1386 1760 1451; x_wconf 88' lang='lat' dir='ltr'><strong>negatur,</strong></span> <span class='ocrx_word' id='word_1_109' title='bbox 1796 1376 1867 1432; x_wconf 91' lang='lat' dir='ltr'><strong>ab</strong></span> <span class='ocrx_word' id='word_1_110' title='bbox 1914 1377 1996 1433; x_wconf 87' lang='lat' dir='ltr'><strong>his</strong></span> <span class='ocrx_word' id='word_1_111' title='bbox 2025 1374 2106 1459; x_wconf 73' lang='grc'><strong>(2)</strong></span> <span class='ocrx_word' id='word_1_112' title='bbox 2148 1384 2277 1431; x_wconf 91' lang='lat' dir='ltr'><strong>tunc</strong></span> 
     </span>
    </p>
   </div>
   <div class='ocr_carea' id='block_1_16' title="bbox 673 1466 1341 1531">
    <p class='ocr_par' dir='ltr' id='par_1_16' title="bbox 673 1466 1341 1531">
     <span class='ocr_line' id='line_1_16' title="bbox 673 1466 1341 1531; baseline -0.009 0"><span class='ocrx_word' id='word_1_113' title='bbox 673 1466 917 1531; x_wconf 84' lang='lat' dir='ltr'><strong>Christus</strong></span> <span class='ocrx_word' id='word_1_114' title='bbox 947 1471 1039 1528; x_wconf 89' lang='lat' dir='ltr'><strong>ille</strong></span> <span class='ocrx_word' id='word_1_115' title='bbox 1066 1471 1341 1529; x_wconf 82' lang='lat' dir='ltr'><strong>credatur.</strong></span> 
     </span>
    </p>
   </div>
   <div class='ocr_carea' id='block_1_17' title="bbox 740 1550 2275 1636">
    <p class='ocr_par' dir='ltr' id='par_1_17' title="bbox 740 1550 2275 1636">
     <span class='ocr_line' id='line_1_17' title="bbox 740 1550 2275 1636; baseline -0.007 -11"><span class='ocrx_word' id='word_1_116' title='bbox 740 1569 833 1625; x_wconf 66' lang='grc'><strong>47.</strong></span> <span class='ocrx_word' id='word_1_117' title='bbox 874 1566 956 1621; x_wconf 84' lang='lat' dir='ltr'><strong>Ad</strong></span> <span class='ocrx_word' id='word_1_118' title='bbox 980 1550 1251 1623; x_wconf 81' lang='lat' dir='ltr'><strong>sanitatem</strong></span> <span class='ocrx_word' id='word_1_119' title='bbox 1277 1565 1572 1623; x_wconf 84' lang='lat' dir='ltr'><strong>merendam</strong></span> <span class='ocrx_word' id='word_1_120' title='bbox 1601 1561 1729 1634; x_wconf 82' lang='lat' dir='ltr'><strong>ﬁdes</strong></span> <span class='ocrx_word' id='word_1_121' title='bbox 1752 1562 1851 1636; x_wconf 80' lang='lat' dir='ltr'><strong>ﬁlii</strong></span> <span class='ocrx_word' id='word_1_122' title='bbox 1881 1559 1977 1619; x_wconf 90' lang='lat' dir='ltr'><strong>Dei</strong></span> <span class='ocrx_word' id='word_1_123' title='bbox 1999 1561 2275 1633; x_wconf 76' lang='lat' dir='ltr'><strong>prweaigi-</strong></span> 
     </span>
    </p>
   </div>
   <div class='ocr_carea' id='block_1_18' title="bbox 672 1654 2277 1728">
    <p class='ocr_par' dir='ltr' id='par_1_18' title="bbox 672 1654 2277 1728">
     <span class='ocr_line' id='line_1_18' title="bbox 672 1654 2277 1728; baseline -0.004 -13"><span class='ocrx_word' id='word_1_124' title='bbox 672 1672 852 1715; x_wconf 87' lang='lat' dir='ltr'><strong>tur.-</strong></span> <span class='ocrx_word' id='word_1_125' title='bbox 878 1659 1046 1726; x_wconf 86' lang='lat' dir='ltr'><strong>Quas,</strong></span> <span class='ocrx_word' id='word_1_126' title='bbox 1069 1671 1189 1723; x_wconf 92' lang='lat' dir='ltr'><strong>oro,</strong></span> <span class='ocrx_word' id='word_1_127' title='bbox 1221 1671 1366 1728; x_wconf 82' lang='lat' dir='ltr'><strong>Spes,</strong></span> <span class='ocrx_word' id='word_1_128' title='bbox 1397 1655 1575 1715; x_wconf 87' lang='lat' dir='ltr'><strong>inanis</strong></span> <span class='ocrx_word' id='word_1_129' title='bbox 1609 1654 1778 1724; x_wconf 88' lang='lat' dir='ltr'><strong>furor,</strong></span> <span class='ocrx_word' id='word_1_130' title='bbox 1806 1654 2050 1725; x_wconf 82' lang='lat' dir='ltr'><strong>expetis?</strong></span> <span class='ocrx_word' id='word_1_131' title='bbox 2077 1655 2143 1711; x_wconf 86' lang='lat' dir='ltr'><strong>Et</strong></span> <span class='ocrx_word' id='word_1_132' title='bbox 2169 1668 2277 1727; x_wconf 90' lang='lat' dir='ltr'><strong>qua</strong></span> 
     </span>
    </p>
   </div>
   <div class='ocr_carea' id='block_1_19' title="bbox 2381 451 3967 522">
    <p class='ocr_par' dir='ltr' id='par_1_19' title="bbox 2381 451 3967 522">
     <span class='ocr_line' id='line_1_19' title="bbox 2381 451 3967 522; baseline -0.003 -14"><span class='ocrx_word' id='word_1_133' title='bbox 2381 455 2613 511; x_wconf 81' lang='lat' dir='ltr'><strong>biberet.</strong></span> <span class='ocrx_word' id='word_1_134' title='bbox 2645 455 2709 512; x_wconf 87' lang='lat' dir='ltr'><strong>Et</strong></span> <span class='ocrx_word' id='word_1_135' title='bbox 2732 470 2854 512; x_wconf 92' lang='lat' dir='ltr'><strong>cum</strong></span> <span class='ocrx_word' id='word_1_136' title='bbox 2876 455 2969 511; x_wconf 90' lang='lat' dir='ltr'><strong>ille</strong></span> <span class='ocrx_word' id='word_1_137' title='bbox 2996 455 3232 513; x_wconf 85' lang='lat' dir='ltr'><strong>incertus</strong></span> <span class='ocrx_word' id='word_1_138' title='bbox 3255 454 3550 509; x_wconf 89' lang='lat' dir='ltr'><strong>etiamnum</strong></span> <span class='ocrx_word' id='word_1_139' title='bbox 3589 451 3967 522; x_wconf 85' lang='lat' dir='ltr'><strong>respondisset,</strong></span> 
     </span>
    </p>
   </div>
   <div class='ocr_carea' id='block_1_20' title="bbox 2383 543 3971 625">
    <p class='ocr_par' dir='ltr' id='par_1_20' title="bbox 2383 543 3971 625">
     <span class='ocr_line' id='line_1_20' title="bbox 2383 543 3971 625; baseline -0.003 -21"><span class='ocrx_word' id='word_1_140' title='bbox 2383 548 2510 619; x_wconf 82' lang='lat' dir='ltr'><strong>Quis</strong></span> <span class='ocrx_word' id='word_1_141' title='bbox 2535 559 2630 618; x_wconf 84' lang='lat' dir='ltr'><strong>est,</strong></span> <span class='ocrx_word' id='word_1_142' title='bbox 2661 548 2900 625; x_wconf 81' lang='lat' dir='ltr'><strong>Domine,</strong></span> <span class='ocrx_word' id='word_1_143' title='bbox 2929 559 2984 625; x_wconf 78' lang='lat' dir='ltr'><strong>ut</strong></span> <span class='ocrx_word' id='word_1_144' title='bbox 3011 548 3215 603; x_wconf 83' lang='lat' dir='ltr'><strong>credam</strong></span> <span class='ocrx_word' id='word_1_145' title='bbox 3237 548 3289 602; x_wconf 84' lang='lat' dir='ltr'><strong>in</strong></span> <span class='ocrx_word' id='word_1_146' title='bbox 3316 563 3432 601; x_wconf 79' lang='lat' dir='ltr'><strong>eum</strong></span> <span class='ocrx_word' id='word_1_147' title='bbox 3474 544 3647 619; x_wconf 85' lang='lat' dir='ltr'><strong>(Ibid.</strong></span> <span class='ocrx_word' id='word_1_148' title='bbox 3680 543 3809 616; x_wconf 79' lang='lat'><strong>36)?</strong></span> <span class='ocrx_word' id='word_1_149' title='bbox 3836 545 3971 621; x_wconf 84' lang='lat' dir='ltr'><strong>igno-</strong></span> 
     </span>
    </p>
   </div>
   <div class='ocr_carea' id='block_1_21' title="bbox 2380 624 3971 719">
    <p class='ocr_par' dir='ltr' id='par_1_21' title="bbox 2380 624 3971 719">
     <span class='ocr_line' id='line_1_21' title="bbox 2380 624 3971 719; baseline -0.005 -20"><span class='ocrx_word' id='word_1_150' title='bbox 2380 643 2650 699; x_wconf 85' lang='lat' dir='ltr'><strong>rationem</strong></span> <span class='ocrx_word' id='word_1_151' title='bbox 2681 624 3010 719; x_wconf 34' lang='lat' dir='ltr'><strong>cjns,&#39;qnem</strong></span> <span class='ocrx_word' id='word_1_152' title='bbox 3042 651 3164 711; x_wconf 77' lang='lat' dir='ltr'><strong>post</strong></span> <span class='ocrx_word' id='word_1_153' title='bbox 3196 637 3479 701; x_wconf 84' lang='lat' dir='ltr'><strong>oculorum</strong></span> <span class='ocrx_word' id='word_1_154' title='bbox 3513 633 3595 709; x_wconf 68' lang='grc'><strong>(4)</strong></span> <span class='ocrx_word' id='word_1_155' title='bbox 3620 637 3971 713; x_wconf 84' lang='lat' dir='ltr'><strong>recuperatio-</strong></span> 
     </span>
    </p>
   </div>
   <div class='ocr_carea' id='block_1_22' title="bbox 2381 727 3970 802">
    <p class='ocr_par' dir='ltr' id='par_1_22' title="bbox 2381 727 3970 802">
     <span class='ocr_line' id='line_1_22' title="bbox 2381 727 3970 802; baseline -0.002 -14"><span class='ocrx_word' id='word_1_156' title='bbox 2381 750 2501 789; x_wconf 88' lang='lat' dir='ltr'><strong>nem</strong></span> <span class='ocrx_word' id='word_1_157' title='bbox 2558 742 2722 789; x_wconf 73' lang='lat' dir='ltr'><strong>tanta:</strong></span> <span class='ocrx_word' id='word_1_158' title='bbox 2770 732 2894 789; x_wconf 91' lang='lat' dir='ltr'><strong>ﬁdei</strong></span> <span class='ocrx_word' id='word_1_159' title='bbox 2937 730 3299 802; x_wconf 74' lang='lat' dir='ltr'><strong>intelligentia</strong></span> <span class='ocrx_word' id='word_1_160' title='bbox 3339 727 3748 797; x_wconf 77' lang='lat' dir='ltr'><strong>numerabatur,</strong></span> <span class='ocrx_word' id='word_1_161' title='bbox 3797 729 3970 785; x_wconf 86' lang='lat' dir='ltr'><strong>nolens</strong></span> 
     </span>
    </p>
   </div>
   <div class='ocr_carea' id='block_1_23' title="bbox 2380 822 3969 907">
    <p class='ocr_par' dir='ltr' id='par_1_23' title="bbox 2380 822 3969 907">
     <span class='ocr_line' id='line_1_23' title="bbox 2380 822 3969 907; baseline -0.006 -26"><span class='ocrx_word' id='word_1_162' title='bbox 2380 842 2620 893; x_wconf 88' lang='lat' dir='ltr'><strong>manere,</strong></span> <span class='ocrx_word' id='word_1_163' title='bbox 2652 828 2721 881; x_wconf 88' lang='lat' dir='ltr'><strong>ita</strong></span> <span class='ocrx_word' id='word_1_164' title='bbox 2744 827 2852 879; x_wconf 88' lang='lat' dir='ltr'><strong>ait:</strong></span> <span class='ocrx_word' id='word_1_165' title='bbox 2885 822 2953 891; x_wconf 80' lang='lat' dir='ltr'><strong>Et</strong></span> <span class='ocrx_word' id='word_1_166' title='bbox 2990 824 3161 891; x_wconf 74' lang='lat' dir='ltr'><strong>vidisti</strong></span> <span class='ocrx_word' id='word_1_167' title='bbox 3198 840 3333 889; x_wconf 87' lang='lat' dir='ltr'><strong>eum,</strong></span> <span class='ocrx_word' id='word_1_168' title='bbox 3363 832 3409 877; x_wconf 89' lang='lat' dir='ltr'><strong>et</strong></span> <span class='ocrx_word' id='word_1_169' title='bbox 3436 823 3525 907; x_wconf 90' lang='lat' dir='ltr'><strong>qui</strong></span> <span class='ocrx_word' id='word_1_170' title='bbox 3554 832 3717 877; x_wconf 82' lang='lat' dir='ltr'><strong>terum</strong></span> <span class='ocrx_word' id='word_1_171' title='bbox 3743 822 3969 894; x_wconf 70' lang='lat' dir='ltr'><strong>loquitur,</strong></span> 
     </span>
    </p>
   </div>
   <div class='ocr_carea' id='block_1_24' title="bbox 2377 915 3971 992">
    <p class='ocr_par' dir='ltr' id='par_1_24' title="bbox 2377 915 3971 992">
     <span class='ocr_line' id='line_1_24' title="bbox 2377 915 3971 992; baseline -0.001 -19"><span class='ocrx_word' id='word_1_172' title='bbox 2377 919 2486 988; x_wconf 81' lang='lat' dir='ltr'><strong>ipse</strong></span> <span class='ocrx_word' id='word_1_173' title='bbox 2513 929 2585 973; x_wconf 82' lang='lat' dir='ltr'><strong>est</strong></span> <span class='ocrx_word' id='word_1_174' title='bbox 2629 917 2925 992; x_wconf 78' lang='lat' dir='ltr'><strong>(lbid.57).</strong></span> <span class='ocrx_word' id='word_1_175' title='bbox 2966 915 3237 988; x_wconf 83' lang='lat' dir='ltr'><strong>Numquid</strong></span> <span class='ocrx_word' id='word_1_176' title='bbox 3266 915 3335 972; x_wconf 90' lang='lat' dir='ltr'><strong>ab</strong></span> <span class='ocrx_word' id='word_1_177' title='bbox 3384 915 3488 975; x_wconf 90' lang='lat' dir='ltr'><strong>hoc</strong></span> <span class='ocrx_word' id='word_1_178' title='bbox 3531 918 3675 971; x_wconf 85' lang='lat' dir='ltr'><strong>sicut</strong></span> <span class='ocrx_word' id='word_1_179' title='bbox 3709 932 3739 971; x_wconf 88' lang='lat' dir='ltr'><strong>a</strong></span> <span class='ocrx_word' id='word_1_180' title='bbox 3778 918 3971 973; x_wconf 61' lang='lat' dir='ltr'><strong>caeteris</strong></span> 
     </span>
    </p>
   </div>
   <div class='ocr_carea' id='block_1_25' title="bbox 2382 1007 3971 1081">
    <p class='ocr_par' dir='ltr' id='par_1_25' title="bbox 2382 1007 3971 1081">
     <span class='ocr_line' id='line_1_25' title="bbox 2382 1007 3971 1081; baseline -0.002 -15"><span class='ocrx_word' id='word_1_181' title='bbox 2382 1011 2667 1077; x_wconf 86' lang='lat' dir='ltr'><strong>Dominus,</strong></span> <span class='ocrx_word' id='word_1_182' title='bbox 2700 1010 2793 1081; x_wconf 90' lang='lat' dir='ltr'><strong>qui</strong></span> <span class='ocrx_word' id='word_1_183' title='bbox 2834 1012 3060 1066; x_wconf 89' lang='lat' dir='ltr'><strong>orabant</strong></span> <span class='ocrx_word' id='word_1_184' title='bbox 3089 1011 3370 1075; x_wconf 87' lang='lat' dir='ltr'><strong>sanitates,</strong></span> <span class='ocrx_word' id='word_1_185' title='bbox 3409 1007 3808 1075; x_wconf 68' lang='lat' dir='ltr'><strong>confessionem</strong></span> <span class='ocrx_word' id='word_1_186' title='bbox 3863 1008 3971 1065; x_wconf 87' lang='lat' dir='ltr'><strong>ﬁdei</strong></span> 
     </span>
    </p>
   </div>
   <div class='ocr_carea' id='block_1_26' title="bbox 2378 1099 3969 1175">
    <p class='ocr_par' dir='ltr' id='par_1_26' title="bbox 2378 1099 3969 1175">
     <span class='ocr_line' id='line_1_26' title="bbox 2378 1099 3969 1175; baseline 0.001 -20"><span class='ocrx_word' id='word_1_187' title='bbox 2378 1101 2443 1156; x_wconf 89' lang='lat' dir='ltr'><strong>ad</strong></span> <span class='ocrx_word' id='word_1_188' title='bbox 2467 1103 2694 1159; x_wconf 84' lang='lat' dir='ltr'><strong>salutem</strong></span> <span class='ocrx_word' id='word_1_189' title='bbox 2720 1101 3029 1159; x_wconf 86' lang='lat' dir='ltr'><strong>merendam</strong></span> <span class='ocrx_word' id='word_1_190' title='bbox 3066 1100 3146 1175; x_wconf 68' lang='grc' dir='ltr'>(ὸ)</span> <span class='ocrx_word' id='word_1_191' title='bbox 3178 1102 3445 1173; x_wconf 87' lang='lat' dir='ltr'><strong>reposcit?</strong></span> <span class='ocrx_word' id='word_1_192' title='bbox 3478 1099 3595 1156; x_wconf 85' lang='lat' dir='ltr'><strong>Non</strong></span> <span class='ocrx_word' id='word_1_193' title='bbox 3626 1100 3827 1172; x_wconf 88' lang='lat' dir='ltr'><strong>utique.</strong></span> <span class='ocrx_word' id='word_1_194' title='bbox 3854 1101 3969 1159; x_wconf 83' lang='lat' dir='ltr'><strong>Nam</strong></span> 
     </span>
    </p>
   </div>
   <div class='ocr_carea' id='block_1_27' title="bbox 2379 1195 3972 1277">
    <p class='ocr_par' dir='ltr' id='par_1_27' title="bbox 2379 1195 3972 1277">
     <span class='ocr_line' id='line_1_27' title="bbox 2379 1195 3972 1277; baseline 0.001 -27"><span class='ocrx_word' id='word_1_195' title='bbox 2379 1195 2497 1250; x_wconf 79' lang='lat' dir='ltr'><strong>haec</strong></span> <span class='ocrx_word' id='word_1_196' title='bbox 2537 1195 2651 1277; x_wconf 78' lang='lat' dir='ltr'><strong>jam</strong></span> <span class='ocrx_word' id='word_1_197' title='bbox 2686 1196 2753 1267; x_wconf 83' lang='lat' dir='ltr'><strong>ad</strong></span> <span class='ocrx_word' id='word_1_198' title='bbox 2783 1212 2989 1252; x_wconf 81' lang='lat' dir='ltr'><strong>caecum</strong></span> <span class='ocrx_word' id='word_1_199' title='bbox 3025 1195 3293 1251; x_wconf 87' lang='lat' dir='ltr'><strong>videntem</strong></span> <span class='ocrx_word' id='word_1_200' title='bbox 3336 1195 3550 1251; x_wconf 85' lang='lat' dir='ltr'><strong>locutus</strong></span> <span class='ocrx_word' id='word_1_201' title='bbox 3577 1204 3692 1261; x_wconf 69' lang='lat' dir='ltr'><strong>est;</strong></span> <span class='ocrx_word' id='word_1_202' title='bbox 3715 1196 3808 1250; x_wconf 66' lang='lat' dir='ltr'><strong>sed</strong></span> <span class='ocrx_word' id='word_1_203' title='bbox 3833 1195 3897 1251; x_wconf 92' lang='lat' dir='ltr'><strong>ob</strong></span> <span class='ocrx_word' id='word_1_204' title='bbox 3924 1196 3972 1251; x_wconf 94' lang='lat' dir='ltr'><strong>id</strong></span> 
     </span>
    </p>
   </div>
   <div class='ocr_carea' id='block_1_28' title="bbox 2380 1283 3969 1363">
    <p class='ocr_par' dir='ltr' id='par_1_28' title="bbox 2380 1283 3969 1363">
     <span class='ocr_line' id='line_1_28' title="bbox 2380 1283 3969 1363; baseline -0.001 -18"><span class='ocrx_word' id='word_1_205' title='bbox 2380 1298 2608 1355; x_wconf 83' lang='lat' dir='ltr'><strong>tantum,</strong></span> <span class='ocrx_word' id='word_1_206' title='bbox 2633 1295 2691 1343; x_wconf 92' lang='lat' dir='ltr'><strong>nt</strong></span> <span class='ocrx_word' id='word_1_207' title='bbox 2713 1286 3065 1363; x_wconf 83' lang='lat' dir='ltr'><strong>reSponderet</strong></span> <span class='ocrx_word' id='word_1_208' title='bbox 3086 1286 3213 1343; x_wconf 86' lang='lat' dir='ltr'><strong>ille:</strong></span> <span class='ocrx_word' id='word_1_209' title='bbox 3240 1283 3408 1342; x_wconf 78' lang='lat' dir='ltr'><strong>Credo</strong></span> <span class='ocrx_word' id='word_1_210' title='bbox 3431 1284 3649 1363; x_wconf 83' lang='lat' dir='ltr'><strong>Domine</strong></span> <span class='ocrx_word' id='word_1_211' title='bbox 3678 1284 3838 1353; x_wconf 81' lang='lat' dir='ltr'><strong>(Ibid.</strong></span> <span class='ocrx_word' id='word_1_212' title='bbox 3858 1285 3969 1358; x_wconf 81' lang='lat'><strong>38);</strong></span> 
     </span>
    </p>
   </div>
   <div class='ocr_carea' id='block_1_29' title="bbox 2379 1362 3977 1452">
    <p class='ocr_par' dir='ltr' id='par_1_29' title="bbox 2379 1362 3977 1452">
     <span class='ocr_line' id='line_1_29' title="bbox 2379 1362 3977 1452; baseline 0.003 -21"><span class='ocrx_word' id='word_1_213' title='bbox 2379 1380 2502 1452; x_wconf 88' lang='lat' dir='ltr'><strong>quia</strong></span> <span class='ocrx_word' id='word_1_214' title='bbox 2532 1362 2905 1450; x_wconf 80' lang='lat' dir='ltr'><strong>responsionis</strong></span> <span class='ocrx_word' id='word_1_215' title='bbox 2927 1378 3059 1436; x_wconf 88' lang='lat' dir='ltr'><strong>lides</strong></span> <span class='ocrx_word' id='word_1_216' title='bbox 3087 1394 3193 1435; x_wconf 89' lang='lat' dir='ltr'><strong>non</strong></span> <span class='ocrx_word' id='word_1_217' title='bbox 3229 1362 3489 1436; x_wconf 63' lang='lat' dir='ltr'><strong>caecitatis</strong></span> <span class='ocrx_word' id='word_1_218' title='bbox 3512 1379 3795 1434; x_wconf 70' lang='lat' dir='ltr'><strong>sanitatem</strong></span> <span class='ocrx_word' id='word_1_219' title='bbox 3843 1388 3977 1435; x_wconf 88' lang='lat' dir='ltr'><strong>esset</strong></span> 
     </span>
    </p>
   </div>
   <div class='ocr_carea' id='block_1_30' title="bbox 2384 1470 3974 1544">
    <p class='ocr_par' dir='ltr' id='par_1_30' title="bbox 2384 1470 3974 1544">
     <span class='ocr_line' id='line_1_30' title="bbox 2384 1470 3974 1544; baseline -0.001 -18"><span class='ocrx_word' id='word_1_220' title='bbox 2384 1473 2640 1541; x_wconf 87' lang='lat' dir='ltr'><strong>allatura,</strong></span> <span class='ocrx_word' id='word_1_221' title='bbox 2688 1472 2756 1544; x_wconf 74' lang='grc' dir='ltr'><strong>(ι’)</strong></span> <span class='ocrx_word' id='word_1_222' title='bbox 2802 1473 2897 1530; x_wconf 82' lang='lat' dir='ltr'><strong>sed</strong></span> <span class='ocrx_word' id='word_1_223' title='bbox 2937 1473 3083 1529; x_wconf 63' lang='lat' dir='ltr'><strong>vita.</strong></span> <span class='ocrx_word' id='word_1_224' title='bbox 3128 1471 3198 1531; x_wconf 86' lang='lat' dir='ltr'><strong>Et</strong></span> <span class='ocrx_word' id='word_1_225' title='bbox 3223 1472 3473 1531; x_wconf 83' lang='lat' dir='ltr'><strong>virtutem</strong></span> <span class='ocrx_word' id='word_1_226' title='bbox 3511 1472 3640 1528; x_wconf 89' lang='lat' dir='ltr'><strong>dicti</strong></span> <span class='ocrx_word' id='word_1_227' title='bbox 3679 1471 3835 1544; x_wconf 87' lang='lat' dir='ltr'><strong>hujus</strong></span> <span class='ocrx_word' id='word_1_228' title='bbox 3858 1470 3974 1526; x_wconf 83' lang='lat' dir='ltr'><strong>dili-</strong></span> 
     </span>
    </p>
   </div>
   <div class='ocr_carea' id='block_1_31' title="bbox 2376 1564 3977 1639">
    <p class='ocr_par' dir='ltr' id='par_1_31' title="bbox 2376 1564 3977 1639">
     <span class='ocr_line' id='line_1_31' title="bbox 2376 1564 3977 1639; baseline -0.002 -15"><span class='ocrx_word' id='word_1_229' title='bbox 2376 1580 2567 1639; x_wconf 84' lang='lat' dir='ltr'><strong>genter</strong></span> <span class='ocrx_word' id='word_1_230' title='bbox 2611 1577 2984 1625; x_wconf 89' lang='lat' dir='ltr'><strong>retractemus.</strong></span> <span class='ocrx_word' id='word_1_231' title='bbox 3014 1568 3312 1639; x_wconf 88' lang='lat' dir='ltr'><strong>lnterrogat</strong></span> <span class='ocrx_word' id='word_1_232' title='bbox 3338 1567 3616 1633; x_wconf 89' lang='lat' dir='ltr'><strong>Dominus,</strong></span> <span class='ocrx_word' id='word_1_233' title='bbox 3649 1564 3725 1621; x_wconf 84' lang='lat' dir='ltr'><strong>Tu</strong></span> <span class='ocrx_word' id='word_1_234' title='bbox 3752 1566 3907 1621; x_wconf 78' lang='lat' dir='ltr'><strong>credis</strong></span> <span class='ocrx_word' id='word_1_235' title='bbox 3924 1567 3977 1623; x_wconf 85' lang='lat' dir='ltr'><strong>in</strong></span> 
     </span>
    </p>
   </div>
   <div class='ocr_carea' id='block_1_32' title="bbox 2379 1661 3979 1739">
    <p class='ocr_par' dir='ltr' id='par_1_32' title="bbox 2379 1661 3979 1739">
     <span class='ocr_line' id='line_1_32' title="bbox 2379 1661 3979 1739; baseline 0.001 -21"><span class='ocrx_word' id='word_1_236' title='bbox 2379 1665 2549 1736; x_wconf 84' lang='lat' dir='ltr'><strong>[ilium</strong></span> <span class='ocrx_word' id='word_1_237' title='bbox 2580 1662 2718 1723; x_wconf 81' lang='lat' dir='ltr'><strong>Dei?</strong></span> <span class='ocrx_word' id='word_1_238' title='bbox 2745 1665 2802 1725; x_wconf 86' lang='lat' dir='ltr'><strong>Si</strong></span> <span class='ocrx_word' id='word_1_239' title='bbox 2830 1666 3015 1739; x_wconf 85' lang='lat' dir='ltr'><strong>utique</strong></span> <span class='ocrx_word' id='word_1_240' title='bbox 3045 1665 3155 1723; x_wconf 88' lang='lat' dir='ltr'><strong>sola</strong></span> <span class='ocrx_word' id='word_1_241' title='bbox 3198 1661 3398 1723; x_wconf 85' lang='lat' dir='ltr'><strong>Christi</strong></span> <span class='ocrx_word' id='word_1_242' title='bbox 3437 1663 3839 1739; x_wconf 63' lang='lat' dir='ltr'><strong>qualiscumque</strong></span> <span class='ocrx_word' id='word_1_243' title='bbox 3857 1678 3979 1719; x_wconf 86' lang='lat' dir='ltr'><strong>con-</strong></span> 
     </span>
    </p>
   </div>
   <div class='ocr_carea' id='block_1_33' title="bbox 672 1747 2279 1825">
    <p class='ocr_par' dir='ltr' id='par_1_33' title="bbox 672 1747 2278 1821">
     <span class='ocr_line' id='line_1_33' title="bbox 672 1747 2278 1821; baseline -0.003 -14"><span class='ocrx_word' id='word_1_244' title='bbox 672 1751 863 1821; x_wconf 87' lang='lat' dir='ltr'><strong>salutis</strong></span> <span class='ocrx_word' id='word_1_245' title='bbox 908 1759 1011 1805; x_wconf 72' lang='lat' dir='ltr'><strong>tute</strong></span> <span class='ocrx_word' id='word_1_246' title='bbox 1058 1748 1251 1804; x_wconf 86' lang='lat' dir='ltr'><strong>ﬁducia</strong></span> <span class='ocrx_word' id='word_1_247' title='bbox 1294 1757 1598 1805; x_wconf 85' lang='lat' dir='ltr'><strong>creaturam</strong></span> <span class='ocrx_word' id='word_1_248' title='bbox 1641 1762 1761 1803; x_wconf 88' lang='lat' dir='ltr'><strong>esse</strong></span> <span class='ocrx_word' id='word_1_249' title='bbox 1789 1747 2063 1807; x_wconf 80' lang='lat' dir='ltr'><strong>Christum</strong></span> <span class='ocrx_word' id='word_1_250' title='bbox 2097 1748 2278 1820; x_wconf 86' lang='lat' dir='ltr'><strong>potius</strong></span> 
     </span>
    </p>
   </div>
   <div class='ocr_carea' id='block_1_34' title="bbox 2375 1747 3978 1825">
    <p class='ocr_par' dir='ltr' id='par_1_34' title="bbox 2386 1756 3978 1825">
     <span class='ocr_line' id='line_1_34' title="bbox 2386 1756 3978 1825; baseline -0.002 -11"><span class='ocrx_word' id='word_1_251' title='bbox 2386 1758 2550 1814; x_wconf 82' lang='lat' dir='ltr'><strong>fessio</strong></span> <span class='ocrx_word' id='word_1_252' title='bbox 2594 1758 2714 1815; x_wconf 89' lang='lat' dir='ltr'><strong>ﬁdei</strong></span> <span class='ocrx_word' id='word_1_253' title='bbox 2746 1767 2893 1815; x_wconf 83' lang='lat' dir='ltr'><strong>esset</strong></span> <span class='ocrx_word' id='word_1_254' title='bbox 2934 1759 3363 1825; x_wconf 84' lang='lat' dir='ltr'><strong>consummatio;</strong></span> <span class='ocrx_word' id='word_1_255' title='bbox 3412 1757 3611 1812; x_wconf 87' lang='lat' dir='ltr'><strong>dictum</strong></span> <span class='ocrx_word' id='word_1_256' title='bbox 3659 1756 3865 1825; x_wconf 78' lang='lat' dir='ltr'><strong>fuisset,</strong></span> <span class='ocrx_word' id='word_1_257' title='bbox 3899 1756 3978 1812; x_wconf 88' lang='lat' dir='ltr'><strong>Tu</strong></span> 
     </span>
    </p>
   </div>
   <div class='ocr_carea' id='block_1_35' title="bbox 667 1843 2272 1919">
    <p class='ocr_par' dir='ltr' id='par_1_35' title="bbox 667 1843 2272 1919">
     <span class='ocr_line' id='line_1_35' title="bbox 667 1843 2272 1919; baseline 0 -21"><span class='ocrx_word' id='word_1_258' title='bbox 667 1863 825 1919; x_wconf 81' lang='lat' dir='ltr'><strong>quam</strong></span> <span class='ocrx_word' id='word_1_259' title='bbox 860 1845 1026 1901; x_wconf 87' lang='lat' dir='ltr'><strong>ﬁlium</strong></span> <span class='ocrx_word' id='word_1_260' title='bbox 1053 1844 1372 1914; x_wconf 81' lang='lat' dir='ltr'><strong>blaspheme</strong></span> <span class='ocrx_word' id='word_1_261' title='bbox 1389 1859 1486 1899; x_wconf 90' lang='lat' dir='ltr'><strong>ore</strong></span> <span class='ocrx_word' id='word_1_262' title='bbox 1510 1843 1839 1901; x_wconf 87' lang='lat' dir='ltr'><strong>contendis?</strong></span> <span class='ocrx_word' id='word_1_263' title='bbox 1865 1844 2194 1916; x_wconf 86' lang='lat' dir='ltr'><strong>Oportuerat</strong></span> <span class='ocrx_word' id='word_1_264' title='bbox 2221 1853 2272 1898; x_wconf 90' lang='lat' dir='ltr'><strong>te</strong></span> 
     </span>
    </p>
   </div>
   <div class='ocr_carea' id='block_1_36' title="bbox 668 1935 2270 2017">
    <p class='ocr_par' dir='ltr' id='par_1_36' title="bbox 668 1935 2270 2017">
     <span class='ocr_line' id='line_1_36' title="bbox 668 1935 2270 2017; baseline 0.001 -25"><span class='ocrx_word' id='word_1_265' title='bbox 668 1958 731 1994; x_wconf 74' lang='lat' dir='ltr'><strong>ex</strong></span> <span class='ocrx_word' id='word_1_266' title='bbox 757 1938 1223 2010; x_wconf 71' lang='lat' dir='ltr'><strong>Evangeliisnosse</strong></span> <span class='ocrx_word' id='word_1_267' title='bbox 1243 1954 1305 1992; x_wconf 91' lang='lat' dir='ltr'><strong>ac</strong></span> <span class='ocrx_word' id='word_1_268' title='bbox 1326 1947 1509 1993; x_wconf 82' lang='lat' dir='ltr'><strong>tenere</strong></span> <span class='ocrx_word' id='word_1_269' title='bbox 1528 1935 1652 1995; x_wconf 87' lang='lat' dir='ltr'><strong>ﬁdei</strong></span> <span class='ocrx_word' id='word_1_270' title='bbox 1675 1937 1831 2017; x_wconf 78' lang='lat' dir='ltr'><strong>hujus</strong></span> <span class='ocrx_word' id='word_1_271' title='bbox 1851 1945 2270 1997; x_wconf 86' lang='lat' dir='ltr'><strong>sacramentum.</strong></span> 
     </span>
    </p>
   </div>
   <div class='ocr_carea' id='block_1_37' title="bbox 671 2030 2272 2107">
    <p class='ocr_par' dir='ltr' id='par_1_37' title="bbox 671 2030 2272 2107">
     <span class='ocr_line' id='line_1_37' title="bbox 671 2030 2272 2107; baseline -0.003 -18"><span class='ocrx_word' id='word_1_272' title='bbox 671 2035 803 2089; x_wconf 86' lang='lat' dir='ltr'><strong>Nam</strong></span> <span class='ocrx_word' id='word_1_273' title='bbox 833 2048 955 2088; x_wconf 91' lang='lat' dir='ltr'><strong>cum</strong></span> <span class='ocrx_word' id='word_1_274' title='bbox 992 2032 1249 2107; x_wconf 81' lang='lat' dir='ltr'><strong>Dominus</strong></span> <span class='ocrx_word' id='word_1_275' title='bbox 1280 2030 1450 2103; x_wconf 77' lang='lat' dir='ltr'><strong>possit</strong></span> <span class='ocrx_word' id='word_1_276' title='bbox 1484 2031 1689 2094; x_wconf 83' lang='lat' dir='ltr'><strong>omnia,</strong></span> <span class='ocrx_word' id='word_1_277' title='bbox 1715 2039 1893 2084; x_wconf 89' lang='lat' dir='ltr'><strong>tamen</strong></span> <span class='ocrx_word' id='word_1_278' title='bbox 1939 2030 1991 2085; x_wconf 91' lang='lat' dir='ltr'><strong>in</strong></span> <span class='ocrx_word' id='word_1_279' title='bbox 2024 2045 2272 2102; x_wconf 83' lang='lat' dir='ltr'><strong>unoquo-</strong></span> 
     </span>
    </p>
   </div>
   <div class='ocr_carea' id='block_1_38' title="bbox 666 2122 2268 2198">
    <p class='ocr_par' dir='ltr' id='par_1_38' title="bbox 666 2122 2268 2198">
     <span class='ocr_line' id='line_1_38' title="bbox 666 2122 2268 2198; baseline -0.002 -17"><span class='ocrx_word' id='word_1_280' title='bbox 666 2141 777 2198; x_wconf 79' lang='lat' dir='ltr'><strong>que</strong></span> <span class='ocrx_word' id='word_1_281' title='bbox 815 2140 1025 2189; x_wconf 89' lang='lat' dir='ltr'><strong>corum,</strong></span> <span class='ocrx_word' id='word_1_282' title='bbox 1067 2122 1158 2195; x_wconf 91' lang='lat' dir='ltr'><strong>qui</strong></span> <span class='ocrx_word' id='word_1_283' title='bbox 1201 2122 1427 2177; x_wconf 86' lang='lat' dir='ltr'><strong>orabant</strong></span> <span class='ocrx_word' id='word_1_284' title='bbox 1474 2122 1807 2195; x_wconf 86' lang='lat' dir='ltr'><strong>operationis</strong></span> <span class='ocrx_word' id='word_1_285' title='bbox 1839 2138 1950 2177; x_wconf 80' lang='lat' dir='ltr'><strong>suae</strong></span> <span class='ocrx_word' id='word_1_286' title='bbox 1995 2122 2268 2189; x_wconf 84' lang='lat' dir='ltr'><strong>eﬁ‘ectum,</strong></span> 
     </span>
    </p>
   </div>
   <div class='ocr_carea' id='block_1_39' title="bbox 673 2212 2275 2289">
    <p class='ocr_par' dir='ltr' id='par_1_39' title="bbox 673 2212 2275 2289">
     <span class='ocr_line' id='line_1_39' title="bbox 673 2212 2275 2289; baseline -0.001 -18"><span class='ocrx_word' id='word_1_287' title='bbox 673 2216 922 2273; x_wconf 81' lang='lat' dir='ltr'><strong>meritum</strong></span> <span class='ocrx_word' id='word_1_288' title='bbox 954 2231 1076 2275; x_wconf 86' lang='lat' dir='ltr'><strong>esse</strong></span> <span class='ocrx_word' id='word_1_289' title='bbox 1103 2215 1273 2270; x_wconf 86' lang='lat' dir='ltr'><strong>voluit</strong></span> <span class='ocrx_word' id='word_1_290' title='bbox 1294 2212 1673 2272; x_wconf 82' lang='lat' dir='ltr'><strong>confessionis.</strong></span> <span class='ocrx_word' id='word_1_291' title='bbox 1706 2215 1888 2289; x_wconf 80' lang='lat' dir='ltr'><strong>Neque</strong></span> <span class='ocrx_word' id='word_1_292' title='bbox 1917 2215 2061 2272; x_wconf 86' lang='lat' dir='ltr'><strong>enim</strong></span> <span class='ocrx_word' id='word_1_293' title='bbox 2094 2216 2141 2271; x_wconf 88' lang='lat' dir='ltr'><strong>ei</strong></span> <span class='ocrx_word' id='word_1_294' title='bbox 2167 2217 2275 2271; x_wconf 79' lang='lat' dir='ltr'><strong>vir-</strong></span> 
     </span>
    </p>
   </div>
   <div class='ocr_carea' id='block_1_40' title="bbox 671 2308 2269 2386">
    <p class='ocr_par' dir='ltr' id='par_1_40' title="bbox 671 2308 2269 2386">
     <span class='ocr_line' id='line_1_40' title="bbox 671 2308 2269 2386; baseline -0.001 -19"><span class='ocrx_word' id='word_1_295' title='bbox 671 2323 861 2378; x_wconf 90' lang='lat' dir='ltr'><strong>tutem,</strong></span> <span class='ocrx_word' id='word_1_296' title='bbox 888 2312 976 2381; x_wconf 87' lang='lat' dir='ltr'><strong>qui</strong></span> <span class='ocrx_word' id='word_1_297' title='bbox 1008 2312 1098 2368; x_wconf 88' lang='lat' dir='ltr'><strong>Dei</strong></span> <span class='ocrx_word' id='word_1_298' title='bbox 1132 2310 1313 2369; x_wconf 82' lang='lat' dir='ltr'><strong>Virtus</strong></span> <span class='ocrx_word' id='word_1_299' title='bbox 1340 2319 1447 2382; x_wconf 77' lang='lat' dir='ltr'><strong>est,</strong></span> <span class='ocrx_word' id='word_1_300' title='bbox 1471 2309 1742 2379; x_wconf 70' lang='lat' dir='ltr'><strong>confessio</strong></span> <span class='ocrx_word' id='word_1_301' title='bbox 1766 2312 1972 2386; x_wconf 80' lang='lat' dir='ltr'><strong>orantis</strong></span> <span class='ocrx_word' id='word_1_302' title='bbox 1993 2308 2229 2367; x_wconf 85' lang='lat' dir='ltr'><strong>addebat</strong></span> <span class='ocrx_word' id='word_1_303' title='bbox 2253 2327 2269 2366; x_wconf 93' lang='lat'><strong>:</strong></span> 
     </span>
    </p>
   </div>
   <div class='ocr_carea' id='block_1_41' title="bbox 666 2402 2268 2475">
    <p class='ocr_par' dir='ltr' id='par_1_41' title="bbox 666 2402 2268 2475">
     <span class='ocr_line' id='line_1_41' title="bbox 666 2402 2268 2475; baseline -0.004 -12"><span class='ocrx_word' id='word_1_304' title='bbox 666 2404 763 2463; x_wconf 83' lang='lat' dir='ltr'><strong>sed</strong></span> <span class='ocrx_word' id='word_1_305' title='bbox 810 2404 934 2461; x_wconf 84' lang='lat' dir='ltr'><strong>ﬁdei</strong></span> <span class='ocrx_word' id='word_1_306' title='bbox 980 2413 1099 2459; x_wconf 89' lang='lat' dir='ltr'><strong>erat</strong></span> <span class='ocrx_word' id='word_1_307' title='bbox 1128 2402 1431 2474; x_wconf 67' lang='lat' dir='ltr'><strong>praemium,</strong></span> <span class='ocrx_word' id='word_1_308' title='bbox 1476 2404 1579 2475; x_wconf 79' lang='lat' dir='ltr'><strong>hoc</strong></span> <span class='ocrx_word' id='word_1_309' title='bbox 1622 2406 1837 2461; x_wconf 89' lang='lat' dir='ltr'><strong>mereri.</strong></span> <span class='ocrx_word' id='word_1_310' title='bbox 1868 2403 2117 2475; x_wconf 88' lang='lat' dir='ltr'><strong>Namque</strong></span> <span class='ocrx_word' id='word_1_311' title='bbox 2146 2419 2268 2459; x_wconf 91' lang='lat' dir='ltr'><strong>cum</strong></span> 
     </span>
    </p>
   </div>
   <div class='ocr_carea' id='block_1_42' title="bbox 667 2494 2273 2577">
    <p class='ocr_par' dir='ltr' id='par_1_42' title="bbox 667 2494 2273 2577">
     <span class='ocr_line' id='line_1_42' title="bbox 667 2494 2273 2577; baseline 0 -25"><span class='ocrx_word' id='word_1_312' title='bbox 667 2498 929 2554; x_wconf 84' lang='lat' dir='ltr'><strong>Martbam</strong></span> <span class='ocrx_word' id='word_1_313' title='bbox 955 2506 1229 2566; x_wconf 81' lang='lat' dir='ltr'><strong>rogantem</strong></span> <span class='ocrx_word' id='word_1_314' title='bbox 1253 2512 1349 2569; x_wconf 89' lang='lat' dir='ltr'><strong>pro</strong></span> <span class='ocrx_word' id='word_1_315' title='bbox 1368 2494 1574 2567; x_wconf 81' lang='lat' dir='ltr'><strong>Lazaro</strong></span> <span class='ocrx_word' id='word_1_316' title='bbox 1596 2495 1962 2577; x_wconf 68' lang='lat' dir='ltr'><strong>interrogavit,</strong></span> <span class='ocrx_word' id='word_1_317' title='bbox 1978 2512 2045 2553; x_wconf 90' lang='lat' dir='ltr'><strong>an</strong></span> <span class='ocrx_word' id='word_1_318' title='bbox 2070 2511 2164 2551; x_wconf 89' lang='lat' dir='ltr'><strong>eos</strong></span> <span class='ocrx_word' id='word_1_319' title='bbox 2180 2495 2273 2567; x_wconf 87' lang='lat' dir='ltr'><strong>qui</strong></span> 
     </span>
    </p>
   </div>
   <div class='ocr_carea' id='block_1_43' title="bbox 671 2576 2324 2671">
    <p class='ocr_par' dir='ltr' id='par_1_43' title="bbox 671 2576 2324 2671">
     <span class='ocr_line' id='line_1_43' title="bbox 671 2576 2324 2671; baseline 0 -24"><span class='ocrx_word' id='word_1_320' title='bbox 671 2592 724 2657; x_wconf 85' lang='lat' dir='ltr'><strong>in</strong></span> <span class='ocrx_word' id='word_1_321' title='bbox 777 2606 836 2647; x_wconf 89' lang='lat' dir='ltr'><strong>se</strong></span> <span class='ocrx_word' id='word_1_322' title='bbox 878 2590 1237 2671; x_wconf 81' lang='lat' dir='ltr'><strong>credidissent</strong></span> <span class='ocrx_word' id='word_1_323' title='bbox 1276 2589 1414 2657; x_wconf 82' lang='lat' dir='ltr'><strong>mori</strong></span> <span class='ocrx_word' id='word_1_324' title='bbox 1463 2606 1568 2643; x_wconf 85' lang='lat' dir='ltr'><strong>non</strong></span> <span class='ocrx_word' id='word_1_325' title='bbox 1612 2576 1864 2645; x_wconf 77' lang='lat' dir='ltr'><strong>crederet</strong></span> <span class='ocrx_word' id='word_1_326' title='bbox 1898 2591 1949 2644; x_wconf 91' lang='lat' dir='ltr'><strong>in</strong></span> <span class='ocrx_word' id='word_1_327' title='bbox 1980 2600 2268 2659; x_wconf 78' lang='lat' dir='ltr'><strong>:eternum,</strong></span> <span class='ocrx_word' id='word_1_328' title='bbox 2312 2576 2324 2588; x_wconf 77' lang='grc'><em>’</em></span> 
     </span>
    </p>
   </div>
   <div class='ocr_carea' id='block_1_44' title="bbox 671 2679 2269 2755">
    <p class='ocr_par' dir='ltr' id='par_1_44' title="bbox 671 2679 2269 2755">
     <span class='ocr_line' id='line_1_44' title="bbox 671 2679 2269 2755; baseline 0.001 -19"><span class='ocrx_word' id='word_1_329' title='bbox 671 2683 744 2755; x_wconf 79' lang='grc' dir='ltr'><strong>(ε)</strong></span> <span class='ocrx_word' id='word_1_330' title='bbox 774 2682 841 2741; x_wconf 91' lang='lat' dir='ltr'><strong>ad</strong></span> <span class='ocrx_word' id='word_1_331' title='bbox 873 2682 957 2736; x_wconf 87' lang='lat' dir='ltr'><strong>illa</strong></span> <span class='ocrx_word' id='word_1_332' title='bbox 991 2681 1341 2753; x_wconf 66' lang='lat' dir='ltr'><strong>conscientiae</strong></span> <span class='ocrx_word' id='word_1_333' title='bbox 1370 2696 1483 2735; x_wconf 74' lang='lat' dir='ltr'><strong>sua:</strong></span> <span class='ocrx_word' id='word_1_334' title='bbox 1518 2679 1676 2736; x_wconf 89' lang='lat' dir='ltr'><strong>ﬁdem</strong></span> <span class='ocrx_word' id='word_1_335' title='bbox 1702 2680 1917 2736; x_wconf 90' lang='lat' dir='ltr'><strong>elocuta</strong></span> <span class='ocrx_word' id='word_1_336' title='bbox 1942 2691 2027 2741; x_wconf 84' lang='lat' dir='ltr'><strong>est</strong></span> <span class='ocrx_word' id='word_1_337' title='bbox 2051 2681 2269 2751; x_wconf 89' lang='lat' dir='ltr'><strong>dicens,</strong></span> 
     </span>
    </p>
   </div>
   <div class='ocr_carea' id='block_1_45' title="bbox 673 2771 2271 2845">
    <p class='ocr_par' dir='ltr' id='par_1_45' title="bbox 673 2771 2271 2845">
     <span class='ocr_line' id='line_1_45' title="bbox 673 2771 2271 2845; baseline 0.005 -19"><span class='ocrx_word' id='word_1_338' title='bbox 673 2774 879 2845; x_wconf 79' lang='lat' dir='ltr'><strong>Utique,</strong></span> <span class='ocrx_word' id='word_1_339' title='bbox 906 2771 1147 2841; x_wconf 85' lang='lat' dir='ltr'><strong>Domine,</strong></span> <span class='ocrx_word' id='word_1_340' title='bbox 1184 2788 1278 2845; x_wconf 85' lang='lat' dir='ltr'><strong>ego</strong></span> <span class='ocrx_word' id='word_1_341' title='bbox 1327 2772 1525 2827; x_wconf 83' lang='lat' dir='ltr'><strong>credidi</strong></span> <span class='ocrx_word' id='word_1_342' title='bbox 1560 2774 1682 2845; x_wconf 87' lang='lat' dir='ltr'><strong>quia</strong></span> <span class='ocrx_word' id='word_1_343' title='bbox 1710 2784 1763 2827; x_wconf 92' lang='lat' dir='ltr'><strong>tu</strong></span> <span class='ocrx_word' id='word_1_344' title='bbox 1789 2790 1842 2829; x_wconf 87' lang='lat' dir='ltr'><strong>es</strong></span> <span class='ocrx_word' id='word_1_345' title='bbox 1866 2774 2099 2830; x_wconf 85' lang='lat' dir='ltr'><strong>Christus</strong></span> <span class='ocrx_word' id='word_1_346' title='bbox 2124 2775 2271 2844; x_wconf 73' lang='lat' dir='ltr'><strong>ﬁlius</strong></span> 
     </span>
    </p>
   </div>
   <div class='ocr_carea' id='block_1_46' title="bbox 672 2863 2271 2939">
    <p class='ocr_par' dir='ltr' id='par_1_46' title="bbox 672 2863 2271 2939">
     <span class='ocr_line' id='line_1_46' title="bbox 672 2863 2271 2939; baseline 0.003 -18"><span class='ocrx_word' id='word_1_347' title='bbox 672 2867 787 2933; x_wconf 81' lang='lat' dir='ltr'><strong>Dei,</strong></span> <span class='ocrx_word' id='word_1_348' title='bbox 818 2867 906 2939; x_wconf 87' lang='lat' dir='ltr'><strong>qui</strong></span> <span class='ocrx_word' id='word_1_349' title='bbox 935 2869 987 2921; x_wconf 86' lang='lat' dir='ltr'><strong>in</strong></span> <span class='ocrx_word' id='word_1_350' title='bbox 1005 2864 1142 2920; x_wconf 89' lang='lat' dir='ltr'><strong>hunc</strong></span> <span class='ocrx_word' id='word_1_351' title='bbox 1166 2866 1416 2920; x_wconf 85' lang='lat' dir='ltr'><strong>mundum</strong></span> <span class='ocrx_word' id='word_1_352' title='bbox 1437 2867 1613 2921; x_wconf 82' lang='lat' dir='ltr'><strong>veniin</strong></span> <span class='ocrx_word' id='word_1_353' title='bbox 1659 2863 1837 2938; x_wconf 80' lang='lat' dir='ltr'><strong>(Joan.</strong></span> <span class='ocrx_word' id='word_1_354' title='bbox 1867 2883 1946 2931; x_wconf 76' lang='lat' dir='ltr'><strong>XI,</strong></span> <span class='ocrx_word' id='word_1_355' title='bbox 1978 2867 2107 2939; x_wconf 80' lang='lat' dir='ltr'><strong>i7);</strong></span> <span class='ocrx_word' id='word_1_356' title='bbox 2137 2883 2271 2925; x_wconf 88' lang='lat' dir='ltr'><strong>con-</strong></span> 
     </span>
    </p>
   </div>
   <div class='ocr_carea' id='block_1_47' title="bbox 668 2958 2266 3025">
    <p class='ocr_par' dir='ltr' id='par_1_47' title="bbox 668 2958 2266 3025">
     <span class='ocr_line' id='line_1_47' title="bbox 668 2958 2266 3025; baseline 0.001 -8"><span class='ocrx_word' id='word_1_357' title='bbox 668 2961 834 3017; x_wconf 79' lang='lat' dir='ltr'><strong>fessio</strong></span> <span class='ocrx_word' id='word_1_358' title='bbox 856 2960 972 3015; x_wconf 59' lang='lat' dir='ltr'><strong>haec</strong></span> <span class='ocrx_word' id='word_1_359' title='bbox 1006 2958 1283 3015; x_wconf 70' lang='lat' dir='ltr'><strong>mternitas</strong></span> <span class='ocrx_word' id='word_1_360' title='bbox 1321 2969 1426 3025; x_wconf 80' lang='lat' dir='ltr'><strong>est,</strong></span> <span class='ocrx_word' id='word_1_361' title='bbox 1460 2968 1514 3019; x_wconf 86' lang='lat' dir='ltr'><strong>ct</strong></span> <span class='ocrx_word' id='word_1_362' title='bbox 1535 2958 1668 3017; x_wconf 90' lang='lat' dir='ltr'><strong>ﬁdes</strong></span> <span class='ocrx_word' id='word_1_363' title='bbox 1713 2959 1816 3017; x_wconf 83' lang='lat' dir='ltr'><strong>ista</strong></span> <span class='ocrx_word' id='word_1_364' title='bbox 1861 2976 1968 3017; x_wconf 92' lang='lat' dir='ltr'><strong>non</strong></span> <span class='ocrx_word' id='word_1_365' title='bbox 2012 2962 2266 3021; x_wconf 86' lang='lat' dir='ltr'><strong>moritur.</strong></span> 
     </span>
    </p>
   </div>
   <div class='ocr_carea' id='block_1_48' title="bbox 667 3051 2267 3127">
    <p class='ocr_par' dir='ltr' id='par_1_48' title="bbox 667 3051 2267 3127">
     <span class='ocr_line' id='line_1_48' title="bbox 667 3051 2267 3127; baseline -0.002 -14"><span class='ocrx_word' id='word_1_366' title='bbox 667 3054 873 3113; x_wconf 79' lang='lat' dir='ltr'><strong>Martha</strong></span> <span class='ocrx_word' id='word_1_367' title='bbox 896 3054 1194 3127; x_wconf 86' lang='lat' dir='ltr'><strong>deprecans</strong></span> <span class='ocrx_word' id='word_1_368' title='bbox 1211 3051 1390 3109; x_wconf 79' lang='lat' dir='ltr'><strong>fratris</strong></span> <span class='ocrx_word' id='word_1_369' title='bbox 1416 3055 1498 3111; x_wconf 84' lang='lat' dir='ltr'><strong>sui</strong></span> <span class='ocrx_word' id='word_1_370' title='bbox 1522 3052 1706 3119; x_wconf 88' lang='lat' dir='ltr'><strong>vitam,</strong></span> <span class='ocrx_word' id='word_1_371' title='bbox 1736 3055 2060 3127; x_wconf 88' lang='lat' dir='ltr'><strong>interrogata</strong></span> <span class='ocrx_word' id='word_1_372' title='bbox 2084 3071 2150 3113; x_wconf 89' lang='lat' dir='ltr'><strong>an</strong></span> <span class='ocrx_word' id='word_1_373' title='bbox 2191 3057 2267 3111; x_wconf 86' lang='lat' dir='ltr'><strong>ita</strong></span> 
     </span>
    </p>
   </div>
   <div class='ocr_carea' id='block_1_49' title="bbox 664 3140 2347 3221">
    <p class='ocr_par' dir='ltr' id='par_1_49' title="bbox 664 3140 2347 3221">
     <span class='ocr_line' id='line_1_49' title="bbox 664 3140 2347 3221; baseline -0.002 -15"><span class='ocrx_word' id='word_1_374' title='bbox 664 3149 928 3212; x_wconf 85' lang='lat' dir='ltr'><strong>crederet,</strong></span> <span class='ocrx_word' id='word_1_375' title='bbox 981 3149 1052 3201; x_wconf 85' lang='lat' dir='ltr'><strong>ita</strong></span> <span class='ocrx_word' id='word_1_376' title='bbox 1080 3145 1328 3202; x_wconf 88' lang='lat' dir='ltr'><strong>credidit.</strong></span> <span class='ocrx_word' id='word_1_377' title='bbox 1370 3146 1567 3214; x_wconf 85' lang='lat' dir='ltr'><strong>Quam,</strong></span> <span class='ocrx_word' id='word_1_378' title='bbox 1606 3163 1761 3219; x_wconf 73' lang='lat' dir='ltr'><strong>rogo,</strong></span> <span class='ocrx_word' id='word_1_379' title='bbox 1793 3147 1878 3205; x_wconf 85' lang='lat' dir='ltr'><strong>vel</strong></span> <span class='ocrx_word' id='word_1_380' title='bbox 1911 3164 1941 3201; x_wconf 91' lang='lat' dir='ltr'><strong>a</strong></span> <span class='ocrx_word' id='word_1_381' title='bbox 1970 3163 2079 3221; x_wconf 88' lang='lat' dir='ltr'><strong>quo</strong></span> <span class='ocrx_word' id='word_1_382' title='bbox 2100 3149 2270 3207; x_wconf 83' lang='lat' dir='ltr'><strong>vitam</strong></span> <span class='ocrx_word' id='word_1_383' title='bbox 2300 3140 2347 3206; x_wconf 90' lang='lat' dir='ltr'><strong>C</strong></span> 
     </span>
    </p>
   </div>
   <div class='ocr_carea' id='block_1_50' title="bbox 667 3238 2272 3312">
    <p class='ocr_par' dir='ltr' id='par_1_50' title="bbox 667 3238 2272 3312">
     <span class='ocr_line' id='line_1_50' title="bbox 667 3238 2272 3312; baseline 0.001 -14"><span class='ocrx_word' id='word_1_384' title='bbox 667 3249 947 3312; x_wconf 75' lang='lat' dir='ltr'><strong>exspectat</strong></span> <span class='ocrx_word' id='word_1_385' title='bbox 987 3239 1090 3295; x_wconf 89' lang='lat' dir='ltr'><strong>hoc</strong></span> <span class='ocrx_word' id='word_1_386' title='bbox 1120 3238 1412 3308; x_wconf 88' lang='lat' dir='ltr'><strong>denegans,</strong></span> <span class='ocrx_word' id='word_1_387' title='bbox 1445 3254 1566 3293; x_wconf 91' lang='lat' dir='ltr'><strong>cum</strong></span> <span class='ocrx_word' id='word_1_388' title='bbox 1597 3241 1712 3297; x_wconf 90' lang='lat' dir='ltr'><strong>sola</strong></span> <span class='ocrx_word' id='word_1_389' title='bbox 1732 3241 1805 3295; x_wconf 90' lang='lat' dir='ltr'><strong>sit</strong></span> <span class='ocrx_word' id='word_1_390' title='bbox 1836 3241 1944 3297; x_wconf 91' lang='lat' dir='ltr'><strong>vita</strong></span> <span class='ocrx_word' id='word_1_391' title='bbox 1973 3241 2051 3297; x_wconf 89' lang='lat' dir='ltr'><strong>sic</strong></span> <span class='ocrx_word' id='word_1_392' title='bbox 2078 3244 2272 3301; x_wconf 87' lang='lat' dir='ltr'><strong>crede-</strong></span> 
     </span>
    </p>
   </div>
   <div class='ocr_carea' id='block_1_51' title="bbox 669 3328 2272 3405">
    <p class='ocr_par' dir='ltr' id='par_1_51' title="bbox 669 3328 2272 3405">
     <span class='ocr_line' id='line_1_51' title="bbox 669 3328 2272 3405; baseline 0.004 -18"><span class='ocrx_word' id='word_1_393' title='bbox 669 3331 766 3388; x_wconf 87' lang='lat' dir='ltr'><strong>re?</strong></span> <span class='ocrx_word' id='word_1_394' title='bbox 791 3331 1038 3405; x_wconf 79' lang='lat' dir='ltr'><strong>Magnum</strong></span> <span class='ocrx_word' id='word_1_395' title='bbox 1084 3340 1168 3388; x_wconf 91' lang='lat' dir='ltr'><strong>est</strong></span> <span class='ocrx_word' id='word_1_396' title='bbox 1199 3335 1342 3388; x_wconf 88' lang='lat' dir='ltr'><strong>enim</strong></span> <span class='ocrx_word' id='word_1_397' title='bbox 1374 3328 1496 3386; x_wconf 87' lang='lat' dir='ltr'><strong>ﬁdei</strong></span> <span class='ocrx_word' id='word_1_398' title='bbox 1538 3329 1700 3402; x_wconf 84' lang='lat' dir='ltr'><strong>hujus</strong></span> <span class='ocrx_word' id='word_1_399' title='bbox 1752 3343 2176 3402; x_wconf 87' lang='lat' dir='ltr'><strong>sacramentum,</strong></span> <span class='ocrx_word' id='word_1_400' title='bbox 2212 3346 2272 3393; x_wconf 90' lang='lat' dir='ltr'><strong>et</strong></span> 
     </span>
    </p>
   </div>
   <div class='ocr_carea' id='block_1_52' title="bbox 672 3422 1905 3496">
    <p class='ocr_par' dir='ltr' id='par_1_52' title="bbox 672 3422 1905 3496">
     <span class='ocr_line' id='line_1_52' title="bbox 672 3422 1905 3496; baseline 0.004 -20"><span class='ocrx_word' id='word_1_401' title='bbox 672 3423 907 3496; x_wconf 76' lang='lat' dir='ltr'><strong>perfeCta</strong></span> <span class='ocrx_word' id='word_1_402' title='bbox 930 3422 1290 3487; x_wconf 69' lang='lat' dir='ltr'><strong>confessionis</strong></span> <span class='ocrx_word' id='word_1_403' title='bbox 1318 3424 1473 3483; x_wconf 86' lang='lat' dir='ltr'><strong>istius</strong></span> <span class='ocrx_word' id='word_1_404' title='bbox 1499 3423 1775 3480; x_wconf 70' lang='lat' dir='ltr'><strong>beatitudo</strong></span> <span class='ocrx_word' id='word_1_405' title='bbox 1800 3434 1905 3491; x_wconf 84' lang='lat' dir='ltr'><strong>est.</strong></span> 
     </span>
    </p>
   </div>
   <div class='ocr_carea' id='block_1_53' title="bbox 735 3514 2274 3595">
    <p class='ocr_par' dir='ltr' id='par_1_53' title="bbox 735 3514 2274 3595">
     <span class='ocr_line' id='line_1_53' title="bbox 735 3514 2274 3595; baseline 0.004 -19"><span class='ocrx_word' id='word_1_406' title='bbox 735 3516 826 3580; x_wconf 69' lang='lat'><strong>4,8.</strong></span> <span class='ocrx_word' id='word_1_407' title='bbox 868 3514 950 3574; x_wconf 74' lang='lat' dir='ltr'><strong>Ad</strong></span> <span class='ocrx_word' id='word_1_408' title='bbox 978 3520 1195 3575; x_wconf 84' lang='lat' dir='ltr'><strong>salutem</strong></span> <span class='ocrx_word' id='word_1_409' title='bbox 1234 3519 1423 3573; x_wconf 63' lang='lat' dir='ltr'><strong>animle</strong></span> <span class='ocrx_word' id='word_1_410' title='bbox 1462 3518 1640 3575; x_wconf 80' lang='lat' dir='ltr'><strong>eadem</strong></span> <span class='ocrx_word' id='word_1_411' title='bbox 1664 3536 1698 3577; x_wconf 88' lang='lat' dir='ltr'><strong>a</strong></span> <span class='ocrx_word' id='word_1_412' title='bbox 1746 3535 1881 3575; x_wconf 68' lang='lat' dir='ltr'><strong>ca&#39;co</strong></span> <span class='ocrx_word' id='word_1_413' title='bbox 1907 3524 2025 3595; x_wconf 84' lang='lat' dir='ltr'><strong>jam</strong></span> <span class='ocrx_word' id='word_1_414' title='bbox 2068 3522 2274 3582; x_wconf 77' lang='lat' dir='ltr'><strong>uidente</strong></span> 
     </span>
    </p>
   </div>
   <div class='ocr_carea' id='block_1_54' title="bbox 664 3610 2269 3683">
    <p class='ocr_par' dir='ltr' id='par_1_54' title="bbox 664 3610 2269 3683">
     <span class='ocr_line' id='line_1_54' title="bbox 664 3610 2269 3683; baseline 0.005 -17"><span class='ocrx_word' id='word_1_415' title='bbox 664 3612 1063 3683; x_wconf 81' lang='lat' dir='ltr'><strong>ppstulutur.—</strong></span> <span class='ocrx_word' id='word_1_416' title='bbox 1098 3610 1254 3667; x_wconf 63' lang='lat' dir='ltr'><strong>Caeco</strong></span> <span class='ocrx_word' id='word_1_417' title='bbox 1292 3627 1320 3665; x_wconf 87' lang='lat' dir='ltr'><strong>a</strong></span> <span class='ocrx_word' id='word_1_418' title='bbox 1349 3610 1631 3667; x_wconf 89' lang='lat' dir='ltr'><strong>nativitate</strong></span> <span class='ocrx_word' id='word_1_419' title='bbox 1679 3610 1940 3668; x_wconf 90' lang='lat' dir='ltr'><strong>Dominus</strong></span> <span class='ocrx_word' id='word_1_420' title='bbox 1972 3612 2150 3671; x_wconf 79' lang='lat' dir='ltr'><strong>visum</strong></span> <span class='ocrx_word' id='word_1_421' title='bbox 2182 3618 2269 3673; x_wconf 87' lang='lat' dir='ltr'><strong>in-</strong></span> 
     </span>
    </p>
   </div>
   <div class='ocr_carea' id='block_1_55' title="bbox 657 3702 2266 3783">
    <p class='ocr_par' dir='ltr' id='par_1_55' title="bbox 657 3702 2266 3783">
     <span class='ocr_line' id='line_1_55' title="bbox 657 3702 2266 3783; baseline 0.001 -22"><span class='ocrx_word' id='word_1_422' title='bbox 657 3705 917 3770; x_wconf 88' lang='lat' dir='ltr'><strong>dulserat,</strong></span> <span class='ocrx_word' id='word_1_423' title='bbox 944 3715 1000 3760; x_wconf 93' lang='lat' dir='ltr'><strong>et</strong></span> <span class='ocrx_word' id='word_1_424' title='bbox 1023 3714 1230 3761; x_wconf 73' lang='lat' dir='ltr'><strong>natura:</strong></span> <span class='ocrx_word' id='word_1_425' title='bbox 1267 3702 1524 3761; x_wconf 89' lang='lat' dir='ltr'><strong>damnum</strong></span> <span class='ocrx_word' id='word_1_426' title='bbox 1565 3712 1771 3759; x_wconf 77' lang='lat' dir='ltr'><strong>naturae</strong></span> <span class='ocrx_word' id='word_1_427' title='bbox 1798 3704 2060 3762; x_wconf 88' lang='lat' dir='ltr'><strong>Dominus</strong></span> <span class='ocrx_word' id='word_1_428' title='bbox 2104 3708 2266 3783; x_wconf 74' lang='lat'><strong>169</strong></span> 
     </span>
    </p>
   </div>
   <div class='ocr_carea' id='block_1_56' title="bbox 655 3797 2272 3873">
    <p class='ocr_par' dir='ltr' id='par_1_56' title="bbox 655 3797 2272 3873">
     <span class='ocr_line' id='line_1_56' title="bbox 655 3797 2272 3873; baseline 0 -14"><span class='ocrx_word' id='word_1_429' title='bbox 655 3808 949 3873; x_wconf 78' lang='lat' dir='ltr'><strong>exemerat.</strong></span> <span class='ocrx_word' id='word_1_430' title='bbox 964 3800 1033 3856; x_wconf 90' lang='lat' dir='ltr'><strong>Et</strong></span> <span class='ocrx_word' id='word_1_431' title='bbox 1052 3798 1174 3872; x_wconf 85' lang='lat' dir='ltr'><strong>quia</strong></span> <span class='ocrx_word' id='word_1_432' title='bbox 1198 3812 1375 3857; x_wconf 79' lang='lat' dir='ltr'><strong>ctecus</strong></span> <span class='ocrx_word' id='word_1_433' title='bbox 1403 3799 1489 3855; x_wconf 87' lang='lat' dir='ltr'><strong>hic</strong></span> <span class='ocrx_word' id='word_1_434' title='bbox 1511 3797 1576 3854; x_wconf 90' lang='lat' dir='ltr'><strong>ad</strong></span> <span class='ocrx_word' id='word_1_435' title='bbox 1602 3797 1825 3870; x_wconf 89' lang='lat' dir='ltr'><strong>gloriam</strong></span> <span class='ocrx_word' id='word_1_436' title='bbox 1851 3799 1947 3865; x_wconf 85' lang='lat' dir='ltr'><strong>Dei</strong></span> <span class='ocrx_word' id='word_1_437' title='bbox 1969 3808 2126 3857; x_wconf 88' lang='lat' dir='ltr'><strong>natus</strong></span> <span class='ocrx_word' id='word_1_438' title='bbox 2151 3803 2272 3860; x_wconf 85' lang='lat' dir='ltr'><strong>fue-</strong></span> 
     </span>
    </p>
   </div>
   <div class='ocr_carea' id='block_1_57' title="bbox 662 3892 2267 3968">
    <p class='ocr_par' dir='ltr' id='par_1_57' title="bbox 662 3892 2267 3968">
     <span class='ocr_line' id='line_1_57' title="bbox 662 3892 2267 3968; baseline 0 -15"><span class='ocrx_word' id='word_1_439' title='bbox 662 3905 768 3962; x_wconf 87' lang='lat' dir='ltr'><strong>rat,</strong></span> <span class='ocrx_word' id='word_1_440' title='bbox 801 3908 859 3951; x_wconf 91' lang='lat' dir='ltr'><strong>nt</strong></span> <span class='ocrx_word' id='word_1_441' title='bbox 887 3894 941 3953; x_wconf 89' lang='lat' dir='ltr'><strong>in</strong></span> <span class='ocrx_word' id='word_1_442' title='bbox 963 3892 1167 3951; x_wconf 88' lang='lat' dir='ltr'><strong>Christi</strong></span> <span class='ocrx_word' id='word_1_443' title='bbox 1194 3910 1359 3966; x_wconf 86' lang='lat' dir='ltr'><strong>opere</strong></span> <span class='ocrx_word' id='word_1_444' title='bbox 1392 3892 1487 3949; x_wconf 90' lang='lat' dir='ltr'><strong>Dei</strong></span> <span class='ocrx_word' id='word_1_445' title='bbox 1510 3907 1645 3964; x_wconf 90' lang='lat' dir='ltr'><strong>opus</strong></span> <span class='ocrx_word' id='word_1_446' title='bbox 1669 3903 1851 3964; x_wconf 86' lang='lat' dir='ltr'><strong>posset</strong></span> <span class='ocrx_word' id='word_1_447' title='bbox 1874 3894 2123 3968; x_wconf 73' lang='lat' dir='ltr'><strong>intelligi,</strong></span> <span class='ocrx_word' id='word_1_448' title='bbox 2157 3912 2267 3955; x_wconf 90' lang='lat' dir='ltr'><strong>non</strong></span> 
     </span>
    </p>
   </div>
   <div class='ocr_carea' id='block_1_58' title="bbox 660 3985 2266 4065">
    <p class='ocr_par' dir='ltr' id='par_1_58' title="bbox 660 3985 2266 4065">
     <span class='ocr_line' id='line_1_58' title="bbox 660 3985 2266 4065; baseline 0.005 -26"><span class='ocrx_word' id='word_1_449' title='bbox 660 3993 969 4058; x_wconf 68' lang='lat' dir='ltr'><strong>exspectata</strong></span> <span class='ocrx_word' id='word_1_450' title='bbox 999 3987 1069 4042; x_wconf 88' lang='lat' dir='ltr'><strong>ab</strong></span> <span class='ocrx_word' id='word_1_451' title='bbox 1108 4001 1175 4043; x_wconf 88' lang='lat' dir='ltr'><strong>eo</strong></span> <span class='ocrx_word' id='word_1_452' title='bbox 1215 3986 1314 4043; x_wconf 86' lang='lat' dir='ltr'><strong>fuit</strong></span> <span class='ocrx_word' id='word_1_453' title='bbox 1358 3985 1492 4042; x_wconf 88' lang='lat' dir='ltr'><strong>ﬁdes</strong></span> <span class='ocrx_word' id='word_1_454' title='bbox 1530 3987 1921 4063; x_wconf 81' lang='lat' dir='ltr'><strong>confessionis:</strong></span> <span class='ocrx_word' id='word_1_455' title='bbox 1969 3989 2063 4046; x_wconf 89' lang='lat' dir='ltr'><strong>sed</strong></span> <span class='ocrx_word' id='word_1_456' title='bbox 2093 3993 2182 4065; x_wconf 89' lang='lat' dir='ltr'><strong>qui</strong></span> <span class='ocrx_word' id='word_1_457' title='bbox 2210 3995 2266 4048; x_wconf 86' lang='lat' dir='ltr'><strong>in</strong></span> 
     </span>
    </p>
   </div>
   <div class='ocr_carea' id='block_1_59' title="bbox 660 4077 2263 4151">
    <p class='ocr_par' dir='ltr' id='par_1_59' title="bbox 660 4077 2263 4151">
     <span class='ocr_line' id='line_1_59' title="bbox 660 4077 2263 4151; baseline 0.004 -16"><span class='ocrx_word' id='word_1_458' title='bbox 660 4081 894 4151; x_wconf 85' lang='lat' dir='ltr'><strong>receptis</strong></span> <span class='ocrx_word' id='word_1_459' title='bbox 945 4077 1121 4137; x_wconf 85' lang='lat' dir='ltr'><strong>oculis</strong></span> <span class='ocrx_word' id='word_1_460' title='bbox 1169 4087 1448 4137; x_wconf 85' lang='lat' dir='ltr'><strong>auctorem</strong></span> <span class='ocrx_word' id='word_1_461' title='bbox 1479 4080 1611 4136; x_wconf 90' lang='lat' dir='ltr'><strong>tanti</strong></span> <span class='ocrx_word' id='word_1_462' title='bbox 1653 4082 1756 4137; x_wconf 83' lang='lat' dir='ltr'><strong>sibi</strong></span> <span class='ocrx_word' id='word_1_463' title='bbox 1784 4083 2029 4141; x_wconf 91' lang='lat' dir='ltr'><strong>muneris</strong></span> <span class='ocrx_word' id='word_1_464' title='bbox 2050 4086 2263 4143; x_wconf 85' lang='lat' dir='ltr'><strong>nescie-</strong></span> 
     </span>
    </p>
   </div>
   <div class='ocr_carea' id='block_1_60' title="bbox 665 4169 2265 4249">
    <p class='ocr_par' dir='ltr' id='par_1_60' title="bbox 665 4169 2265 4249">
     <span class='ocr_line' id='line_1_60' title="bbox 665 4169 2265 4249; baseline 0.005 -23"><span class='ocrx_word' id='word_1_465' title='bbox 665 4171 780 4238; x_wconf 82' lang='lat' dir='ltr'><strong>bat,</strong></span> <span class='ocrx_word' id='word_1_466' title='bbox 811 4169 1013 4228; x_wconf 89' lang='lat' dir='ltr'><strong>meruit</strong></span> <span class='ocrx_word' id='word_1_467' title='bbox 1051 4170 1154 4227; x_wconf 89' lang='lat' dir='ltr'><strong>hoc</strong></span> <span class='ocrx_word' id='word_1_468' title='bbox 1172 4181 1361 4243; x_wconf 86' lang='lat' dir='ltr'><strong>postea</strong></span> <span class='ocrx_word' id='word_1_469' title='bbox 1400 4181 1457 4229; x_wconf 92' lang='lat' dir='ltr'><strong>ut</strong></span> <span class='ocrx_word' id='word_1_470' title='bbox 1487 4172 1646 4229; x_wconf 86' lang='lat' dir='ltr'><strong>ﬁdem</strong></span> <span class='ocrx_word' id='word_1_471' title='bbox 1674 4173 1927 4249; x_wconf 77' lang='lat' dir='ltr'><strong>disceret.</strong></span> <span class='ocrx_word' id='word_1_472' title='bbox 1960 4176 2075 4233; x_wconf 87' lang='lat' dir='ltr'><strong>Non</strong></span> <span class='ocrx_word' id='word_1_473' title='bbox 2118 4180 2265 4235; x_wconf 86' lang='lat' dir='ltr'><strong>enim</strong></span> 
     </span>
    </p>
   </div>
   <div class='ocr_carea' id='block_1_61' title="bbox 655 4263 2269 4339">
    <p class='ocr_par' dir='ltr' id='par_1_61' title="bbox 655 4263 2269 4339">
     <span class='ocr_line' id='line_1_61' title="bbox 655 4263 2269 4339; baseline 0.005 -18"><span class='ocrx_word' id='word_1_474' title='bbox 655 4266 915 4321; x_wconf 60' lang='lat' dir='ltr'><strong>excitatis</strong></span> <span class='ocrx_word' id='word_1_475' title='bbox 954 4263 1206 4334; x_wconf 86' lang='lat' dir='ltr'><strong>depulsio</strong></span> <span class='ocrx_word' id='word_1_476' title='bbox 1249 4265 1373 4320; x_wconf 63' lang='lat' dir='ltr'><strong>vita:</strong></span> <span class='ocrx_word' id='word_1_477' title='bbox 1426 4264 1787 4339; x_wconf 66' lang='lat' dir='ltr'><strong>aeternitatem</strong></span> <span class='ocrx_word' id='word_1_478' title='bbox 1841 4269 2120 4327; x_wconf 81' lang='lat' dir='ltr'><strong>allerebat.</strong></span> <span class='ocrx_word' id='word_1_479' title='bbox 2181 4271 2269 4329; x_wconf 87' lang='lat' dir='ltr'><strong>0b</strong></span> 
     </span>
    </p>
   </div>
   <div class='ocr_carea' id='block_1_62' title="bbox 659 4356 2264 4433">
    <p class='ocr_par' dir='ltr' id='par_1_62' title="bbox 659 4356 2264 4433">
     <span class='ocr_line' id='line_1_62' title="bbox 659 4356 2264 4433; baseline 0.006 -22"><span class='ocrx_word' id='word_1_480' title='bbox 659 4356 801 4426; x_wconf 89' lang='lat' dir='ltr'><strong>quod</strong></span> <span class='ocrx_word' id='word_1_481' title='bbox 830 4357 1089 4413; x_wconf 88' lang='lat' dir='ltr'><strong>Dominus</strong></span> <span class='ocrx_word' id='word_1_482' title='bbox 1128 4357 1239 4433; x_wconf 77' lang='lat' dir='ltr'><strong>jam</strong></span> <span class='ocrx_word' id='word_1_483' title='bbox 1277 4372 1489 4425; x_wconf 89' lang='lat' dir='ltr'><strong>sanum,</strong></span> <span class='ocrx_word' id='word_1_484' title='bbox 1521 4366 1575 4414; x_wconf 93' lang='lat' dir='ltr'><strong>et</strong></span> <span class='ocrx_word' id='word_1_485' title='bbox 1605 4358 1675 4416; x_wconf 89' lang='lat' dir='ltr'><strong>de</strong></span> <span class='ocrx_word' id='word_1_486' title='bbox 1720 4376 1987 4433; x_wconf 71' lang='lat' dir='ltr'><strong>synagoga</strong></span> <span class='ocrx_word' id='word_1_487' title='bbox 2027 4362 2264 4433; x_wconf 79' lang='lat' dir='ltr'><strong>ejectum</strong></span> 
     </span>
    </p>
   </div>
   <div class='ocr_carea' id='block_1_63' title="bbox 655 4449 2254 4527">
    <p class='ocr_par' dir='ltr' id='par_1_63' title="bbox 655 4449 2254 4527">
     <span class='ocr_line' id='line_1_63' title="bbox 655 4449 2254 4527; baseline 0.004 -22"><span class='ocrx_word' id='word_1_488' title='bbox 655 4450 950 4522; x_wconf 79' lang='lat' dir='ltr'><strong>interrogat</strong></span> <span class='ocrx_word' id='word_1_489' title='bbox 974 4450 1158 4507; x_wconf 85' lang='lat' dir='ltr'><strong>dicens</strong></span> <span class='ocrx_word' id='word_1_490' title='bbox 1188 4449 1267 4506; x_wconf 84' lang='lat' dir='ltr'><strong>:T</strong></span> <span class='ocrx_word' id='word_1_491' title='bbox 1268 4469 1302 4506; x_wconf 83' lang='grc' dir='ltr'><strong>ιι</strong></span> <span class='ocrx_word' id='word_1_492' title='bbox 1340 4451 1502 4508; x_wconf 83' lang='lat' dir='ltr'><strong>credis</strong></span> <span class='ocrx_word' id='word_1_493' title='bbox 1527 4452 1581 4506; x_wconf 88' lang='lat' dir='ltr'><strong>in</strong></span> <span class='ocrx_word' id='word_1_494' title='bbox 1628 4452 1793 4522; x_wconf 76' lang='lat' dir='ltr'><strong>tilium</strong></span> <span class='ocrx_word' id='word_1_495' title='bbox 1825 4452 1922 4508; x_wconf 85' lang='lat' dir='ltr'><strong>Dei</strong></span> <span class='ocrx_word' id='word_1_496' title='bbox 1967 4453 2145 4527; x_wconf 83' lang='lat' dir='ltr'><strong>(Joan.</strong></span> <span class='ocrx_word' id='word_1_497' title='bbox 2177 4473 2254 4524; x_wconf 80' lang='grc' dir='ltr'>ιιι,</span> 
     </span>
    </p>
   </div>
   <div class='ocr_carea' id='block_1_64' title="bbox 652 4543 2258 4623">
    <p class='ocr_par' dir='ltr' id='par_1_64' title="bbox 652 4543 2258 4623">
     <span class='ocr_line' id='line_1_64' title="bbox 652 4543 2258 4623; baseline 0.003 -24"><span class='ocrx_word' id='word_1_498' title='bbox 652 4544 785 4614; x_wconf 81' lang='lat'><strong>55)?</strong></span> <span class='ocrx_word' id='word_1_499' title='bbox 810 4543 892 4600; x_wconf 83' lang='lat' dir='ltr'><strong>Ne</strong></span> <span class='ocrx_word' id='word_1_500' title='bbox 918 4543 1174 4600; x_wconf 88' lang='lat' dir='ltr'><strong>damnum</strong></span> <span class='ocrx_word' id='word_1_501' title='bbox 1220 4544 1322 4601; x_wconf 88' lang='lat' dir='ltr'><strong>sibi</strong></span> <span class='ocrx_word' id='word_1_502' title='bbox 1349 4553 1561 4614; x_wconf 84' lang='lat' dir='ltr'><strong>putaret</strong></span> <span class='ocrx_word' id='word_1_503' title='bbox 1583 4558 1725 4610; x_wconf 89' lang='lat' dir='ltr'><strong>esse,</strong></span> <span class='ocrx_word' id='word_1_504' title='bbox 1758 4544 1840 4617; x_wconf 78' lang='lat'><strong>(5)</strong></span> <span class='ocrx_word' id='word_1_505' title='bbox 1870 4560 1931 4600; x_wconf 84' lang='lat' dir='ltr'><strong>se</strong></span> <span class='ocrx_word' id='word_1_506' title='bbox 1959 4560 2149 4604; x_wconf 86' lang='lat' dir='ltr'><strong>carere</strong></span> <span class='ocrx_word' id='word_1_507' title='bbox 2170 4564 2258 4623; x_wconf 86' lang='lat' dir='ltr'><strong>sy-</strong></span> 
     </span>
    </p>
   </div>
   <div class='ocr_carea' id='block_1_65' title="bbox 723 4685 1344 4758">
    <p class='ocr_par' dir='ltr' id='par_1_65' title="bbox 723 4685 1344 4758">
     <span class='ocr_line' id='line_1_65' title="bbox 723 4685 1344 4758; baseline -0.005 -15"><span class='ocrx_word' id='word_1_508' title='bbox 723 4685 803 4758; x_wconf 86' lang='lat' dir='ltr'><strong>(I)</strong></span> <span class='ocrx_word' id='word_1_509' title='bbox 834 4686 951 4758; x_wconf 81' lang='lat' dir='ltr'><strong>Qua</strong></span> <span class='ocrx_word' id='word_1_510' title='bbox 978 4686 1051 4758; x_wconf 70' lang='lat' dir='ltr'><strong>ita</strong></span> <span class='ocrx_word' id='word_1_511' title='bbox 1070 4686 1344 4758; x_wconf 73' lang='lat' dir='ltr'><strong>credimus.</strong></span> 
     </span>
    </p>
   </div>
   <div class='ocr_carea' id='block_1_66' title="bbox 724 4754 1843 4825">
    <p class='ocr_par' dir='ltr' id='par_1_66' title="bbox 724 4754 1843 4825">
     <span class='ocr_line' id='line_1_66' title="bbox 724 4754 1843 4825; baseline -0.006 -13"><span class='ocrx_word' id='word_1_512' title='bbox 724 4754 808 4825; x_wconf 43' lang='lat'><strong>(‘2&#39;)</strong></span> <span class='ocrx_word' id='word_1_513' title='bbox 850 4754 981 4811; x_wconf 78' lang='lat' dir='ltr'><strong>Tum</strong></span> <span class='ocrx_word' id='word_1_514' title='bbox 1011 4754 1245 4811; x_wconf 75' lang='lat' dir='ltr'><strong>Christus</strong></span> <span class='ocrx_word' id='word_1_515' title='bbox 1265 4756 1353 4810; x_wconf 86' lang='lat' dir='ltr'><strong>ille</strong></span> <span class='ocrx_word' id='word_1_516' title='bbox 1378 4755 1628 4811; x_wconf 79' lang='lat' dir='ltr'><strong>credetur.</strong></span> <span class='ocrx_word' id='word_1_517' title='bbox 1836 4796 1843 4805; x_wconf 95' lang='lat'><strong>.</strong></span> 
     </span>
    </p>
   </div>
   <div class='ocr_carea' id='block_1_67' title="bbox 722 4764 2247 4901">
    <p class='ocr_par' dir='ltr' id='par_1_67' title="bbox 722 4764 2247 4901">
     <span class='ocr_line' id='line_1_67' title="bbox 724 4764 1843 4825; baseline -0.006 -13"><span class='ocrx_word' id='word_1_518' title='bbox 724 4764 784 4825; x_wconf 77' lang='lat'><strong>(‘2</strong></span> <span class='ocrx_word' id='word_1_519' title='bbox 850 4764 981 4811; x_wconf 75' lang='lat' dir='ltr'><strong>Tum</strong></span> <span class='ocrx_word' id='word_1_520' title='bbox 1011 4764 1245 4811; x_wconf 78' lang='lat' dir='ltr'><strong>Christus</strong></span> <span class='ocrx_word' id='word_1_521' title='bbox 1265 4764 1353 4810; x_wconf 81' lang='lat' dir='ltr'><strong>ille</strong></span> <span class='ocrx_word' id='word_1_522' title='bbox 1378 4764 1628 4811; x_wconf 81' lang='lat' dir='ltr'><strong>credetur.</strong></span> <span class='ocrx_word' id='word_1_523' title='bbox 1836 4796 1843 4805; x_wconf 96' lang='lat'><strong>.</strong></span> 
     </span>
     <span class='ocr_line' id='line_1_68' title="bbox 722 4764 2247 4901; baseline 0.003 -16"><span class='ocrx_word' id='word_1_524' title='bbox 722 4764 909 4901; x_wconf 46' lang='grc' dir='ltr'><strong>(ὅῖβσ</strong></span> <span class='ocrx_word' id='word_1_525' title='bbox 955 4844 1130 4882; x_wconf 82' lang='lat' dir='ltr'><strong>carere</strong></span> <span class='ocrx_word' id='word_1_526' title='bbox 1158 4843 1496 4901; x_wconf 68' lang='lat' dir='ltr'><strong>synagogam.</strong></span> <span class='ocrx_word' id='word_1_527' title='bbox 1529 4826 1586 4881; x_wconf 89' lang='lat' dir='ltr'><strong>In</strong></span> <span class='ocrx_word' id='word_1_528' title='bbox 1616 4826 1719 4881; x_wconf 90' lang='lat' dir='ltr'><strong>hoc</strong></span> <span class='ocrx_word' id='word_1_529' title='bbox 1740 4826 2005 4897; x_wconf 85' lang='lat' dir='ltr'><strong>siquidem</strong></span> <span class='ocrx_word' id='word_1_530' title='bbox 2038 4833 2247 4900; x_wconf 87' lang='lat' dir='ltr'><strong>codice,</strong></span> 
     </span>
    </p>
   </div>
   <div class='ocr_carea' id='block_1_68' title="bbox 649 4895 2254 4976">
    <p class='ocr_par' dir='ltr' id='par_1_68' title="bbox 649 4895 2254 4976">
     <span class='ocr_line' id='line_1_69' title="bbox 649 4895 2254 4976; baseline 0.004 -22"><span class='ocrx_word' id='word_1_531' title='bbox 649 4895 793 4956; x_wconf 60' lang='lat' dir='ltr'><strong>caret&#39;</strong></span> <span class='ocrx_word' id='word_1_532' title='bbox 811 4899 1025 4955; x_wconf 86' lang='lat' dir='ltr'><strong>Patrem</strong></span> <span class='ocrx_word' id='word_1_533' title='bbox 1048 4895 1213 4972; x_wconf 82' lang='lat' dir='ltr'><strong>supra</strong></span> <span class='ocrx_word' id='word_1_534' title='bbox 1236 4895 1305 4954; x_wconf 57' lang='lat' dir='ltr'><strong>n.&#39;</strong></span> <span class='ocrx_word' id='word_1_535' title='bbox 1322 4895 1419 4967; x_wconf 59' lang='grc' dir='ltr'><strong>ἃ,</strong></span> <span class='ocrx_word' id='word_1_536' title='bbox 1448 4914 1539 4953; x_wconf 85' lang='lat' dir='ltr'><strong>nec</strong></span> <span class='ocrx_word' id='word_1_537' title='bbox 1553 4907 1723 4953; x_wconf 80' lang='lat' dir='ltr'><strong>careat</strong></span> <span class='ocrx_word' id='word_1_538' title='bbox 1743 4895 2000 4969; x_wconf 81' lang='lat' dir='ltr'><strong>virtutem,</strong></span> <span class='ocrx_word' id='word_1_539' title='bbox 2027 4903 2121 4959; x_wconf 89' lang='lat' dir='ltr'><strong>lib.</strong></span> <span class='ocrx_word' id='word_1_540' title='bbox 2156 4895 2254 4976; x_wconf 67' lang='lat' dir='ltr'><strong>sit,</strong></span> 
     </span>
    </p>
   </div>
   <div class='ocr_carea' id='block_1_69' title="bbox 742 5034 2061 5111">
    <p class='ocr_par' dir='ltr' id='par_1_69' title="bbox 742 5034 2061 5111">
     <span class='ocr_line' id='line_1_70' title="bbox 742 5034 2061 5111; baseline -0.002 -13"><span class='ocrx_word' id='word_1_541' title='bbox 742 5044 796 5111; x_wconf 82' lang='grc' dir='ltr'><strong>α)</strong></span> <span class='ocrx_word' id='word_1_542' title='bbox 834 5040 1004 5099; x_wconf 84' lang='lat' dir='ltr'><strong>Vetus</strong></span> <span class='ocrx_word' id='word_1_543' title='bbox 1023 5038 1196 5095; x_wconf 77' lang='lat' dir='ltr'><strong>codex</strong></span> <span class='ocrx_word' id='word_1_544' title='bbox 1224 5035 1376 5111; x_wconf 83' lang='lat' dir='ltr'><strong>Colb.</strong></span> <span class='ocrx_word' id='word_1_545' title='bbox 1401 5034 1726 5100; x_wconf 82' lang='lat' dir='ltr'><strong>antichristo,</strong></span> <span class='ocrx_word' id='word_1_546' title='bbox 1756 5035 1961 5111; x_wconf 76' lang='lat' dir='ltr'><strong>omisso</strong></span> <span class='ocrx_word' id='word_1_547' title='bbox 1984 5038 2061 5095; x_wconf 82' lang='lat' dir='ltr'><strong>iu.</strong></span> 
     </span>
    </p>
   </div>
   <div class='ocr_carea' id='block_1_70' title="bbox 746 5106 2254 5187">
    <p class='ocr_par' dir='ltr' id='par_1_70' title="bbox 746 5106 2254 5187">
     <span class='ocr_line' id='line_1_71' title="bbox 746 5106 2254 5187; baseline -0.002 -16"><span class='ocrx_word' id='word_1_548' title='bbox 746 5106 797 5187; x_wconf 59' lang='lat' dir='ltr'><strong>li)</strong></span> <span class='ocrx_word' id='word_1_549' title='bbox 839 5112 1125 5187; x_wconf 19' lang='lat' dir='ltr'><strong>Bad.,AEAr.</strong></span> <span class='ocrx_word' id='word_1_550' title='bbox 1151 5109 1377 5187; x_wconf 84' lang='lat' dir='ltr'><strong>et_Lips.</strong></span> <span class='ocrx_word' id='word_1_551' title='bbox 1423 5123 1547 5165; x_wconf 89' lang='lat' dir='ltr'><strong>cum</strong></span> <span class='ocrx_word' id='word_1_552' title='bbox 1578 5106 1851 5187; x_wconf 77' lang='lat' dir='ltr'><strong>nonnullis</strong></span> <span class='ocrx_word' id='word_1_553' title='bbox 1883 5124 2016 5167; x_wconf 83' lang='lat' dir='ltr'><strong>mss.</strong></span> <span class='ocrx_word' id='word_1_554' title='bbox 2058 5112 2254 5187; x_wconf 81' lang='lat' dir='ltr'><strong>quaita</strong></span> 
     </span>
    </p>
   </div>
   <div class='ocr_carea' id='block_1_71' title="bbox 648 5180 2247 5254">
    <p class='ocr_par' dir='ltr' id='par_1_71' title="bbox 648 5180 2247 5254">
     <span class='ocr_line' id='line_1_72' title="bbox 648 5180 2247 5254; baseline -0.003 -10"><span class='ocrx_word' id='word_1_555' title='bbox 648 5180 922 5244; x_wconf 73' lang='lat' dir='ltr'><strong>credimus.</strong></span> <span class='ocrx_word' id='word_1_556' title='bbox 977 5183 1169 5241; x_wconf 77' lang='lat' dir='ltr'><strong>Melius</strong></span> <span class='ocrx_word' id='word_1_557' title='bbox 1214 5182 1341 5238; x_wconf 85' lang='lat' dir='ltr'><strong>Par.</strong></span> <span class='ocrx_word' id='word_1_558' title='bbox 1384 5189 1505 5254; x_wconf 83' lang='lat' dir='ltr'><strong>post</strong></span> <span class='ocrx_word' id='word_1_559' title='bbox 1547 5180 1871 5254; x_wconf 79' lang='lat' dir='ltr'><strong>vetustiores</strong></span> <span class='ocrx_word' id='word_1_560' title='bbox 1916 5180 2247 5254; x_wconf 49' lang='lat' dir='ltr'><strong>msquuia.</strong></span> 
     </span>
    </p>
   </div>
   <div class='ocr_carea' id='block_1_72' title="bbox 650 5251 2252 5316">
    <p class='ocr_par' dir='ltr' id='par_1_72' title="bbox 650 5251 2252 5316">
     <span class='ocr_line' id='line_1_73' title="bbox 650 5251 2252 5316; baseline -0.003 0"><span class='ocrx_word' id='word_1_561' title='bbox 650 5260 914 5316; x_wconf 75' lang='lat' dir='ltr'><strong>Redditur</strong></span> <span class='ocrx_word' id='word_1_562' title='bbox 938 5259 1083 5312; x_wconf 87' lang='lat' dir='ltr'><strong>enim</strong></span> <span class='ocrx_word' id='word_1_563' title='bbox 1115 5254 1253 5310; x_wconf 85' lang='lat' dir='ltr'><strong>ratio</strong></span> <span class='ocrx_word' id='word_1_564' title='bbox 1278 5269 1376 5309; x_wconf 89' lang='lat' dir='ltr'><strong>cur</strong></span> <span class='ocrx_word' id='word_1_565' title='bbox 1392 5251 1651 5309; x_wconf 85' lang='lat' dir='ltr'><strong>diabolus</strong></span> <span class='ocrx_word' id='word_1_566' title='bbox 1681 5265 1787 5307; x_wconf 91' lang='lat' dir='ltr'><strong>non</strong></span> <span class='ocrx_word' id='word_1_567' title='bbox 1844 5254 2026 5309; x_wconf 87' lang='lat' dir='ltr'><strong>statim</strong></span> <span class='ocrx_word' id='word_1_568' title='bbox 2074 5251 2252 5311; x_wconf 78' lang='lat' dir='ltr'><strong>tentet</strong></span> 
     </span>
    </p>
   </div>
   <div class='ocr_carea' id='block_1_73' title="bbox 648 5323 2240 5403">
    <p class='ocr_par' dir='ltr' id='par_1_73' title="bbox 648 5323 2240 5403">
     <span class='ocr_line' id='line_1_74' title="bbox 648 5323 2240 5403; baseline -0.004 -14"><span class='ocrx_word' id='word_1_569' title='bbox 648 5334 867 5403; x_wconf 86' lang='lat' dir='ltr'><strong>eripere</strong></span> <span class='ocrx_word' id='word_1_570' title='bbox 894 5327 1111 5403; x_wconf 74' lang='lat' dir='ltr'><strong>Christo</strong></span> <span class='ocrx_word' id='word_1_571' title='bbox 1156 5326 1250 5381; x_wconf 83' lang='lat' dir='ltr'><strong>lilii</strong></span> <span class='ocrx_word' id='word_1_572' title='bbox 1275 5325 1651 5403; x_wconf 81' lang='lat' dir='ltr'><strong>nomen,__quia</strong></span> <span class='ocrx_word' id='word_1_573' title='bbox 1686 5323 1937 5403; x_wconf 79' lang='lat' dir='ltr'><strong>nimirum</strong></span> <span class='ocrx_word' id='word_1_574' title='bbox 1961 5324 2035 5380; x_wconf 90' lang='lat' dir='ltr'><strong>ita</strong></span> <span class='ocrx_word' id='word_1_575' title='bbox 2073 5323 2240 5383; x_wconf 80' lang='lat' dir='ltr'><strong>ﬁxum</strong></span> 
     </span>
    </p>
   </div>
   <div class='ocr_carea' id='block_1_74' title="bbox 643 5394 2240 5461">
    <p class='ocr_par' dir='ltr' id='par_1_74' title="bbox 643 5394 2240 5461">
     <span class='ocr_line' id='line_1_75' title="bbox 643 5394 2240 5461; baseline -0.004 -1"><span class='ocrx_word' id='word_1_576' title='bbox 643 5394 804 5461; x_wconf 69' lang='lat' dir='ltr'><strong>est&#39;in</strong></span> <span class='ocrx_word' id='word_1_577' title='bbox 835 5409 1016 5456; x_wconf 87' lang='lat' dir='ltr'><strong>nostra</strong></span> <span class='ocrx_word' id='word_1_578' title='bbox 1042 5400 1148 5455; x_wconf 89' lang='lat' dir='ltr'><strong>ﬁde</strong></span> <span class='ocrx_word' id='word_1_579' title='bbox 1172 5414 1295 5453; x_wconf 87' lang='lat' dir='ltr'><strong>eum</strong></span> <span class='ocrx_word' id='word_1_580' title='bbox 1332 5412 1455 5453; x_wconf 84' lang='lat' dir='ltr'><strong>esse</strong></span> <span class='ocrx_word' id='word_1_581' title='bbox 1482 5395 1675 5460; x_wconf 81' lang='lat' dir='ltr'><strong>ﬁlium,</strong></span> <span class='ocrx_word' id='word_1_582' title='bbox 1706 5404 1764 5450; x_wconf 93' lang='lat' dir='ltr'><strong>ut</strong></span> <span class='ocrx_word' id='word_1_583' title='bbox 1788 5394 1858 5451; x_wconf 90' lang='lat' dir='ltr'><strong>ab</strong></span> <span class='ocrx_word' id='word_1_584' title='bbox 1892 5396 1992 5453; x_wconf 87' lang='lat' dir='ltr'><strong>hac</strong></span> <span class='ocrx_word' id='word_1_585' title='bbox 2017 5406 2240 5454; x_wconf 83' lang='lat' dir='ltr'><strong>senten-</strong></span> 
     </span>
    </p>
   </div>
   <div class='ocr_carea' id='block_1_75' title="bbox 650 5468 1739 5539">
    <p class='ocr_par' dir='ltr' id='par_1_75' title="bbox 650 5468 1739 5539">
     <span class='ocr_line' id='line_1_76' title="bbox 650 5468 1739 5539; baseline -0.009 -9"><span class='ocrx_word' id='word_1_586' title='bbox 650 5482 719 5531; x_wconf 85' lang='lat' dir='ltr'><strong>tia</strong></span> <span class='ocrx_word' id='word_1_587' title='bbox 750 5474 932 5529; x_wconf 84' lang='lat' dir='ltr'><strong>statim</strong></span> <span class='ocrx_word' id='word_1_588' title='bbox 958 5472 1142 5527; x_wconf 85' lang='lat' dir='ltr'><strong>divelli</strong></span> <span class='ocrx_word' id='word_1_589' title='bbox 1169 5485 1267 5525; x_wconf 88' lang='lat' dir='ltr'><strong>nos</strong></span> <span class='ocrx_word' id='word_1_590' title='bbox 1285 5483 1443 5539; x_wconf 87' lang='lat' dir='ltr'><strong>posse</strong></span> <span class='ocrx_word' id='word_1_591' title='bbox 1467 5468 1739 5538; x_wconf 88' lang='lat' dir='ltr'><strong>desperet.</strong></span> 
     </span>
    </p>
   </div>
   <div class='ocr_carea' id='block_1_76' title="bbox 2286 4692 2942 4786">
    <p class='ocr_par' dir='ltr' id='par_1_76' title="bbox 2286 4692 2942 4786">
     <span class='ocr_line' id='line_1_77' title="bbox 2286 4692 2942 4786; baseline 0 0"><span class='ocrx_word' id='word_1_592' title='bbox 2286 4723 2344 4786; x_wconf 79' lang='grc' dir='ltr'>Β</span> <span class='ocrx_word' id='word_1_593' title='bbox 2365 4692 2834 4786; x_wconf 56' lang='grc' dir='ltr'><strong>’.ὶιὲἶξ,ξ⁵ἓῖ“ἱῖ¹1ί;-</strong></span> <span class='ocrx_word' id='word_1_594' title='bbox 2849 4693 2942 4786; x_wconf 63' lang='grc' dir='ltr'><strong>δίὲ</strong></span> 
     </span>
    </p>
   </div>
   <div class='ocr_carea' id='block_1_77' title="bbox 2377 1848 3978 1933">
    <p class='ocr_par' dir='ltr' id='par_1_77' title="bbox 2377 1848 3978 1933">
     <span class='ocr_line' id='line_1_78' title="bbox 2377 1848 3978 1933; baseline -0.002 -24"><span class='ocrx_word' id='word_1_595' title='bbox 2377 1852 2556 1917; x_wconf 84' lang='lat' dir='ltr'><strong>credis</strong></span> <span class='ocrx_word' id='word_1_596' title='bbox 2596 1853 2648 1908; x_wconf 89' lang='lat' dir='ltr'><strong>in</strong></span> <span class='ocrx_word' id='word_1_597' title='bbox 2685 1852 3003 1911; x_wconf 84' lang='lat' dir='ltr'><strong>Chrisutm?</strong></span> <span class='ocrx_word' id='word_1_598' title='bbox 3045 1851 3151 1921; x_wconf 75' lang='lat' dir='ltr'><strong>Sed</strong></span> <span class='ocrx_word' id='word_1_599' title='bbox 3205 1851 3328 1922; x_wconf 84' lang='lat' dir='ltr'><strong>quia</strong></span> <span class='ocrx_word' id='word_1_600' title='bbox 3370 1848 3639 1905; x_wconf 65' lang='lat' dir='ltr'><strong>haereticis</strong></span> <span class='ocrx_word' id='word_1_601' title='bbox 3696 1865 3835 1933; x_wconf 85' lang='lat' dir='ltr'><strong>pene</strong></span> <span class='ocrx_word' id='word_1_602' title='bbox 3867 1865 3978 1905; x_wconf 90' lang='lat' dir='ltr'><strong>om-</strong></span> 
     </span>
    </p>
   </div>
   <div class='ocr_carea' id='block_1_78' title="bbox 2378 1941 3978 2025">
    <p class='ocr_par' dir='ltr' id='par_1_78' title="bbox 2378 1941 3978 2025">
     <span class='ocr_line' id='line_1_79' title="bbox 2378 1941 3978 2025; baseline -0.002 -23"><span class='ocrx_word' id='word_1_603' title='bbox 2378 1948 2538 2011; x_wconf 81' lang='lat' dir='ltr'><strong>nibus</strong></span> <span class='ocrx_word' id='word_1_604' title='bbox 2566 1947 2669 2003; x_wconf 87' lang='lat' dir='ltr'><strong>hoe</strong></span> <span class='ocrx_word' id='word_1_605' title='bbox 2705 1962 2901 2025; x_wconf 81' lang='lat' dir='ltr'><strong>nomen</strong></span> <span class='ocrx_word' id='word_1_606' title='bbox 2932 1949 3106 2005; x_wconf 90' lang='lat' dir='ltr'><strong>inore</strong></span> <span class='ocrx_word' id='word_1_607' title='bbox 3144 1953 3291 2015; x_wconf 83' lang='lat' dir='ltr'><strong>esset</strong></span> <span class='ocrx_word' id='word_1_608' title='bbox 3315 1945 3576 2025; x_wconf 80' lang='lat' dir='ltr'><strong>futprum,</strong></span> <span class='ocrx_word' id='word_1_609' title='bbox 3621 1952 3678 2021; x_wconf 70' lang='lat' dir='ltr'><strong>ut</strong></span> <span class='ocrx_word' id='word_1_610' title='bbox 3715 1941 3978 1999; x_wconf 83' lang='lat' dir='ltr'><strong>Christum</strong></span> 
     </span>
    </p>
   </div>
   <div class='ocr_carea' id='block_1_79' title="bbox 2376 2034 3982 2111">
    <p class='ocr_par' dir='ltr' id='par_1_79' title="bbox 2376 2034 3982 2111">
     <span class='ocr_line' id='line_1_80' title="bbox 2376 2034 3982 2111; baseline -0.002 -15"><span class='ocrx_word' id='word_1_611' title='bbox 2376 2040 2788 2108; x_wconf 80' lang='lat' dir='ltr'><strong>conﬁterentur,</strong></span> <span class='ocrx_word' id='word_1_612' title='bbox 2825 2048 2881 2097; x_wconf 89' lang='lat' dir='ltr'><strong>et</strong></span> <span class='ocrx_word' id='word_1_613' title='bbox 2900 2039 3068 2097; x_wconf 78' lang='lat' dir='ltr'><strong>ﬁlium</strong></span> <span class='ocrx_word' id='word_1_614' title='bbox 3093 2048 3270 2101; x_wconf 83' lang='lat' dir='ltr'><strong>tamen</strong></span> <span class='ocrx_word' id='word_1_615' title='bbox 3293 2048 3543 2110; x_wconf 78' lang='lat' dir='ltr'><strong>negarent</strong></span> <span class='ocrx_word' id='word_1_616' title='bbox 3565 2055 3579 2103; x_wconf 89' lang='lat'><strong>;</strong></span> <span class='ocrx_word' id='word_1_617' title='bbox 3602 2037 3652 2091; x_wconf 91' lang='lat' dir='ltr'><strong>id</strong></span> <span class='ocrx_word' id='word_1_618' title='bbox 3679 2034 3982 2111; x_wconf 86' lang='lat' dir='ltr'><strong>qttodChri-</strong></span> 
     </span>
    </p>
   </div>
   <div class='ocr_carea' id='block_1_80' title="bbox 2377 2129 3983 2207">
    <p class='ocr_par' dir='ltr' id='par_1_80' title="bbox 2377 2129 3983 2207">
     <span class='ocr_line' id='line_1_81' title="bbox 2377 2129 3983 2207; baseline -0.004 -17"><span class='ocrx_word' id='word_1_619' title='bbox 2377 2145 2463 2193; x_wconf 88' lang='lat' dir='ltr'><strong>sto</strong></span> <span class='ocrx_word' id='word_1_620' title='bbox 2504 2134 2781 2206; x_wconf 85' lang='lat' dir='ltr'><strong>proprium</strong></span> <span class='ocrx_word' id='word_1_621' title='bbox 2820 2144 2904 2193; x_wconf 89' lang='lat' dir='ltr'><strong>est</strong></span> <span class='ocrx_word' id='word_1_622' title='bbox 2923 2133 3170 2207; x_wconf 76' lang='lat' dir='ltr'><strong>adtidem</strong></span> <span class='ocrx_word' id='word_1_623' title='bbox 3202 2133 3464 2203; x_wconf 88' lang='lat' dir='ltr'><strong>poscitur,</strong></span> <span class='ocrx_word' id='word_1_624' title='bbox 3500 2129 3550 2187; x_wconf 90' lang='lat' dir='ltr'><strong>id</strong></span> <span class='ocrx_word' id='word_1_625' title='bbox 3580 2139 3682 2198; x_wconf 85' lang='lat' dir='ltr'><strong>est,</strong></span> <span class='ocrx_word' id='word_1_626' title='bbox 3713 2140 3771 2185; x_wconf 93' lang='lat' dir='ltr'><strong>ut</strong></span> <span class='ocrx_word' id='word_1_627' title='bbox 3798 2129 3983 2184; x_wconf 84' lang='lat' dir='ltr'><strong>creda-</strong></span> 
     </span>
    </p>
   </div>
   <div class='ocr_carea' id='block_1_81' title="bbox 2380 2222 3980 2303">
    <p class='ocr_par' dir='ltr' id='par_1_81' title="bbox 2380 2222 3980 2303">
     <span class='ocr_line' id='line_1_82' title="bbox 2380 2222 3980 2303; baseline -0.007 -16"><span class='ocrx_word' id='word_1_628' title='bbox 2380 2240 2468 2289; x_wconf 88' lang='lat' dir='ltr'><strong>tur</strong></span> <span class='ocrx_word' id='word_1_629' title='bbox 2488 2230 2540 2289; x_wconf 90' lang='lat' dir='ltr'><strong>iu</strong></span> <span class='ocrx_word' id='word_1_630' title='bbox 2560 2229 2653 2285; x_wconf 89' lang='lat' dir='ltr'><strong>Dei</strong></span> <span class='ocrx_word' id='word_1_631' title='bbox 2677 2228 2863 2287; x_wconf 80' lang='lat' dir='ltr'><strong>lilium.</strong></span> <span class='ocrx_word' id='word_1_632' title='bbox 2888 2226 3196 2303; x_wconf 72' lang='lat' dir='ltr'><strong>Credidisse</strong></span> <span class='ocrx_word' id='word_1_633' title='bbox 3226 2237 3406 2287; x_wconf 83' lang='lat' dir='ltr'><strong>autem</strong></span> <span class='ocrx_word' id='word_1_634' title='bbox 3441 2229 3492 2293; x_wconf 83' lang='lat' dir='ltr'><strong>in</strong></span> <span class='ocrx_word' id='word_1_635' title='bbox 3527 2226 3619 2285; x_wconf 88' lang='lat' dir='ltr'><strong>Dei</strong></span> <span class='ocrx_word' id='word_1_636' title='bbox 3661 2225 3824 2281; x_wconf 87' lang='lat' dir='ltr'><strong>lilium</strong></span> <span class='ocrx_word' id='word_1_637' title='bbox 3854 2222 3980 2293; x_wconf 86' lang='lat' dir='ltr'><strong>quid</strong></span> 
     </span>
    </p>
   </div>
   <div class='ocr_carea' id='block_1_82' title="bbox 2379 2315 3981 2395">
    <p class='ocr_par' dir='ltr' id='par_1_82' title="bbox 2379 2315 3981 2395">
     <span class='ocr_line' id='line_1_83' title="bbox 2379 2315 3981 2395; baseline -0.004 -17"><span class='ocrx_word' id='word_1_638' title='bbox 2379 2321 2611 2395; x_wconf 89' lang='lat' dir='ltr'><strong>proﬁcit,</strong></span> <span class='ocrx_word' id='word_1_639' title='bbox 2639 2322 2685 2381; x_wconf 90' lang='lat' dir='ltr'><strong>si</strong></span> <span class='ocrx_word' id='word_1_640' title='bbox 2717 2320 2972 2381; x_wconf 82' lang='lat' dir='ltr'><strong>credatur</strong></span> <span class='ocrx_word' id='word_1_641' title='bbox 3013 2319 3069 2379; x_wconf 91' lang='lat' dir='ltr'><strong>in</strong></span> <span class='ocrx_word' id='word_1_642' title='bbox 3111 2330 3447 2385; x_wconf 80' lang='lat' dir='ltr'><strong>creaturam;</strong></span> <span class='ocrx_word' id='word_1_643' title='bbox 3476 2334 3596 2377; x_wconf 87' lang='lat' dir='ltr'><strong>cum</strong></span> <span class='ocrx_word' id='word_1_644' title='bbox 3620 2334 3648 2372; x_wconf 90' lang='lat' dir='ltr'><strong>a</strong></span> <span class='ocrx_word' id='word_1_645' title='bbox 3672 2316 3824 2373; x_wconf 90' lang='lat' dir='ltr'><strong>nobis</strong></span> <span class='ocrx_word' id='word_1_646' title='bbox 3853 2315 3981 2383; x_wconf 79' lang='lat' dir='ltr'><strong>ﬁdes</strong></span> 
     </span>
    </p>
   </div>
   <div class='ocr_carea' id='block_1_83' title="bbox 2381 2407 3880 2485">
    <p class='ocr_par' dir='ltr' id='par_1_83' title="bbox 2381 2407 3880 2485">
     <span class='ocr_line' id='line_1_84' title="bbox 2381 2407 3880 2485; baseline -0.006 -14"><span class='ocrx_word' id='word_1_647' title='bbox 2381 2417 2433 2473; x_wconf 89' lang='lat' dir='ltr'><strong>in</strong></span> <span class='ocrx_word' id='word_1_648' title='bbox 2456 2415 2691 2481; x_wconf 85' lang='lat' dir='ltr'><strong>Christo,</strong></span> <span class='ocrx_word' id='word_1_649' title='bbox 2726 2430 2831 2471; x_wconf 90' lang='lat' dir='ltr'><strong>non</strong></span> <span class='ocrx_word' id='word_1_650' title='bbox 2854 2422 3120 2473; x_wconf 74' lang='lat' dir='ltr'><strong>creatura:</strong></span> <span class='ocrx_word' id='word_1_651' title='bbox 3153 2412 3270 2478; x_wconf 90' lang='lat' dir='ltr'><strong>Dei,</strong></span> <span class='ocrx_word' id='word_1_652' title='bbox 3298 2410 3395 2469; x_wconf 81' lang='lat' dir='ltr'><strong>sed</strong></span> <span class='ocrx_word' id='word_1_653' title='bbox 3415 2411 3507 2468; x_wconf 89' lang='lat' dir='ltr'><strong>lilii</strong></span> <span class='ocrx_word' id='word_1_654' title='bbox 3544 2407 3880 2485; x_wconf 78' lang='lat' dir='ltr'><strong>postuletur?</strong></span> 
     </span>
    </p>
   </div>
   <div class='ocr_carea' id='block_1_84' title="bbox 2450 2546 3984 2609">
    <p class='ocr_par' dir='ltr' id='par_1_84' title="bbox 2450 2546 3984 2609">
     <span class='ocr_line' id='line_1_85' title="bbox 2450 2546 3984 2609; baseline -0.004 -2"><span class='ocrx_word' id='word_1_655' title='bbox 2450 2551 2543 2609; x_wconf 72' lang='grc'><strong>49.</strong></span> <span class='ocrx_word' id='word_1_656' title='bbox 2578 2552 2774 2608; x_wconf 81' lang='lat' dir='ltr'><strong>Filium</strong></span> <span class='ocrx_word' id='word_1_657' title='bbox 2794 2550 2894 2607; x_wconf 87' lang='lat' dir='ltr'><strong>Dei</strong></span> <span class='ocrx_word' id='word_1_658' title='bbox 2914 2552 3170 2608; x_wconf 77' lang='lat' dir='ltr'><strong>drmmmes</strong></span> <span class='ocrx_word' id='word_1_659' title='bbox 3190 2567 3292 2607; x_wconf 88' lang='lat' dir='ltr'><strong>non</strong></span> <span class='ocrx_word' id='word_1_660' title='bbox 3315 2550 3601 2607; x_wconf 80' lang='lat' dir='ltr'><strong>nescierunt</strong></span> <span class='ocrx_word' id='word_1_661' title='bbox 3624 2550 3778 2602; x_wconf 77' lang='grc' dir='ltr'>-Ᾱιι</span> <span class='ocrx_word' id='word_1_662' title='bbox 3795 2561 3863 2603; x_wconf 89' lang='lat' dir='ltr'><strong>ne</strong></span> <span class='ocrx_word' id='word_1_663' title='bbox 3883 2546 3984 2601; x_wconf 82' lang='lat' dir='ltr'><strong>ltu-</strong></span> 
     </span>
    </p>
   </div>
   <div class='ocr_carea' id='block_1_85' title="bbox 2377 2639 3986 2717">
    <p class='ocr_par' dir='ltr' id='par_1_85' title="bbox 2377 2639 3986 2717">
     <span class='ocr_line' id='line_1_86' title="bbox 2377 2639 3986 2717; baseline -0.003 -20"><span class='ocrx_word' id='word_1_664' title='bbox 2377 2645 2464 2716; x_wconf 81' lang='lat' dir='ltr'><strong>jus</strong></span> <span class='ocrx_word' id='word_1_665' title='bbox 2488 2644 2727 2701; x_wconf 89' lang='lat' dir='ltr'><strong>nominis</strong></span> <span class='ocrx_word' id='word_1_666' title='bbox 2760 2646 3150 2717; x_wconf 84' lang='lat' dir='ltr'><strong>proprietatem</strong></span> <span class='ocrx_word' id='word_1_667' title='bbox 3185 2643 3464 2700; x_wconf 68' lang='lat' dir='ltr'><strong>daemones</strong></span> <span class='ocrx_word' id='word_1_668' title='bbox 3512 2640 3866 2697; x_wconf 78' lang='lat' dir='ltr'><strong>nescierunt?</strong></span> <span class='ocrx_word' id='word_1_669' title='bbox 3898 2639 3986 2693; x_wconf 87' lang='lat' dir='ltr'><strong>Di-</strong></span> 
     </span>
    </p>
   </div>
   <div class='ocr_carea' id='block_1_86' title="bbox 2376 2732 3987 2808">
    <p class='ocr_par' dir='ltr' id='par_1_86' title="bbox 2376 2732 3987 2808">
     <span class='ocr_line' id='line_1_87' title="bbox 2376 2732 3987 2808; baseline -0.003 -16"><span class='ocrx_word' id='word_1_670' title='bbox 2376 2754 2539 2807; x_wconf 84' lang='lat' dir='ltr'><strong>gnum</strong></span> <span class='ocrx_word' id='word_1_671' title='bbox 2571 2738 2713 2794; x_wconf 90' lang='lat' dir='ltr'><strong>enim</strong></span> <span class='ocrx_word' id='word_1_672' title='bbox 2759 2749 2845 2794; x_wconf 91' lang='lat' dir='ltr'><strong>est</strong></span> <span class='ocrx_word' id='word_1_673' title='bbox 2889 2737 3174 2794; x_wconf 64' lang='lat' dir='ltr'><strong>haereticos</strong></span> <span class='ocrx_word' id='word_1_674' title='bbox 3205 2752 3310 2794; x_wconf 86' lang='lat' dir='ltr'><strong>non</strong></span> <span class='ocrx_word' id='word_1_675' title='bbox 3323 2736 3433 2808; x_wconf 87' lang='lat' dir='ltr'><strong>jam</strong></span> <span class='ocrx_word' id='word_1_676' title='bbox 3456 2733 3769 2807; x_wconf 82' lang='lat' dir='ltr'><strong>aposmlicis</strong></span> <span class='ocrx_word' id='word_1_677' title='bbox 3783 2732 3987 2787; x_wconf 85' lang='lat' dir='ltr'><strong>doctri-</strong></span> 
     </span>
    </p>
   </div>
   <div class='ocr_carea' id='block_1_87' title="bbox 2383 2823 3985 2901">
    <p class='ocr_par' dir='ltr' id='par_1_87' title="bbox 2383 2823 3985 2901">
     <span class='ocr_line' id='line_1_88' title="bbox 2383 2823 3985 2901; baseline -0.003 -19"><span class='ocrx_word' id='word_1_678' title='bbox 2383 2829 2490 2894; x_wconf 90' lang='lat' dir='ltr'><strong>nis,</strong></span> <span class='ocrx_word' id='word_1_679' title='bbox 2523 2828 2618 2885; x_wconf 91' lang='lat' dir='ltr'><strong>sed</strong></span> <span class='ocrx_word' id='word_1_680' title='bbox 2649 2827 2953 2884; x_wconf 66' lang='lat' dir='ltr'><strong>daemonum</strong></span> <span class='ocrx_word' id='word_1_681' title='bbox 2985 2828 3061 2901; x_wconf 88' lang='lat' dir='ltr'><strong>(g)</strong></span> <span class='ocrx_word' id='word_1_682' title='bbox 3090 2842 3187 2883; x_wconf 89' lang='lat' dir='ltr'><strong>ore</strong></span> <span class='ocrx_word' id='word_1_683' title='bbox 3243 2826 3517 2884; x_wconf 83' lang='lat' dir='ltr'><strong>convinci.</strong></span> <span class='ocrx_word' id='word_1_684' title='bbox 3550 2823 3985 2887; x_wconf 85' lang='lat' dir='ltr'><strong>Clautantenim,</strong></span> 
     </span>
    </p>
   </div>
   <div class='ocr_carea' id='block_1_88' title="bbox 2377 2915 3990 2991">
    <p class='ocr_par' dir='ltr' id='par_1_88' title="bbox 2377 2915 3990 2991">
     <span class='ocr_line' id='line_1_89' title="bbox 2377 2915 3990 2991; baseline -0.003 -14"><span class='ocrx_word' id='word_1_685' title='bbox 2377 2932 2430 2977; x_wconf 90' lang='lat' dir='ltr'><strong>et</strong></span> <span class='ocrx_word' id='word_1_686' title='bbox 2450 2935 2597 2991; x_wconf 71' lang='lat' dir='ltr'><strong>smpe</strong></span> <span class='ocrx_word' id='word_1_687' title='bbox 2621 2920 2857 2977; x_wconf 87' lang='lat' dir='ltr'><strong>clamant</strong></span> <span class='ocrx_word' id='word_1_688' title='bbox 2887 2920 3065 2989; x_wconf 75' lang='lat' dir='ltr'><strong>:Quid</strong></span> <span class='ocrx_word' id='word_1_689' title='bbox 3085 2919 3211 2975; x_wconf 86' lang='lat' dir='ltr'><strong>mihi</strong></span> <span class='ocrx_word' id='word_1_690' title='bbox 3230 2930 3277 2975; x_wconf 91' lang='lat' dir='ltr'><strong>et</strong></span> <span class='ocrx_word' id='word_1_691' title='bbox 3299 2920 3388 2976; x_wconf 74' lang='lat' dir='ltr'><strong>tibi</strong></span> <span class='ocrx_word' id='word_1_692' title='bbox 3406 2918 3664 2984; x_wconf 79' lang='lat' dir='ltr'><strong>est,Jesu,</strong></span> <span class='ocrx_word' id='word_1_693' title='bbox 3691 2917 3769 2988; x_wconf 75' lang='lat' dir='ltr'><strong>ﬁli</strong></span> <span class='ocrx_word' id='word_1_694' title='bbox 3787 2915 3881 2971; x_wconf 81' lang='lat' dir='ltr'><strong>Dei</strong></span> <span class='ocrx_word' id='word_1_695' title='bbox 3906 2915 3990 2972; x_wconf 80' lang='lat' dir='ltr'><strong>nl-</strong></span> 
     </span>
    </p>
   </div>
   <div class='ocr_carea' id='block_1_89' title="bbox 2378 3006 3983 3088">
    <p class='ocr_par' dir='ltr' id='par_1_89' title="bbox 2378 3006 3983 3088">
     <span class='ocr_line' id='line_1_90' title="bbox 2378 3006 3983 3088; baseline -0.002 -21"><span class='ocrx_word' id='word_1_696' title='bbox 2378 3015 2561 3070; x_wconf 84' lang='lat' dir='ltr'><strong>tissimi</strong></span> <span class='ocrx_word' id='word_1_697' title='bbox 2582 3013 2760 3088; x_wconf 86' lang='lat' dir='ltr'><strong>(an.,</strong></span> <span class='ocrx_word' id='word_1_698' title='bbox 2788 3030 2905 3081; x_wconf 85' lang='lat' dir='ltr'><strong>vm,</strong></span> <span class='ocrx_word' id='word_1_699' title='bbox 2937 3013 3077 3087; x_wconf 73' lang='lat'><strong>28)?</strong></span> <span class='ocrx_word' id='word_1_700' title='bbox 3104 3012 3293 3069; x_wconf 86' lang='lat' dir='ltr'><strong>Invitis</strong></span> <span class='ocrx_word' id='word_1_701' title='bbox 3324 3012 3525 3068; x_wconf 79' lang='lat' dir='ltr'><strong>veritas</strong></span> <span class='ocrx_word' id='word_1_702' title='bbox 3546 3008 3736 3066; x_wconf 68' lang='lat' dir='ltr'><strong>elicuit</strong></span> <span class='ocrx_word' id='word_1_703' title='bbox 3757 3006 3983 3066; x_wconf 84' lang='lat' dir='ltr'><strong>confes-</strong></span> 
     </span>
    </p>
   </div>
   <div class='ocr_carea' id='block_1_90' title="bbox 2376 3102 3993 3179">
    <p class='ocr_par' dir='ltr' id='par_1_90' title="bbox 2376 3102 3993 3179">
     <span class='ocr_line' id='line_1_91' title="bbox 2376 3102 3993 3179; baseline -0.002 -17"><span class='ocrx_word' id='word_1_704' title='bbox 2376 3110 2621 3173; x_wconf 84' lang='lat' dir='ltr'><strong>sionem,</strong></span> <span class='ocrx_word' id='word_1_705' title='bbox 2663 3117 2720 3165; x_wconf 91' lang='lat' dir='ltr'><strong>et</strong></span> <span class='ocrx_word' id='word_1_706' title='bbox 2746 3117 2953 3165; x_wconf 73' lang='lat' dir='ltr'><strong>natura:</strong></span> <span class='ocrx_word' id='word_1_707' title='bbox 2999 3115 3321 3179; x_wconf 86' lang='lat' dir='ltr'><strong>potestatem</strong></span> <span class='ocrx_word' id='word_1_708' title='bbox 3373 3112 3606 3161; x_wconf 86' lang='lat' dir='ltr'><strong>testatur</strong></span> <span class='ocrx_word' id='word_1_709' title='bbox 3650 3102 3805 3159; x_wconf 89' lang='lat' dir='ltr'><strong>dolor</strong></span> <span class='ocrx_word' id='word_1_710' title='bbox 3855 3102 3993 3158; x_wconf 90' lang='lat' dir='ltr'><strong>ohe-</strong></span> 
     </span>
    </p>
   </div>
   <div class='ocr_carea' id='block_1_91' title="bbox 2376 3196 3990 3272">
    <p class='ocr_par' dir='ltr' id='par_1_91' title="bbox 2376 3196 3990 3272">
     <span class='ocr_line' id='line_1_92' title="bbox 2376 3196 3990 3272; baseline -0.004 -15"><span class='ocrx_word' id='word_1_711' title='bbox 2376 3202 2580 3259; x_wconf 90' lang='lat' dir='ltr'><strong>diendi.</strong></span> <span class='ocrx_word' id='word_1_712' title='bbox 2604 3201 2818 3259; x_wconf 81' lang='lat' dir='ltr'><strong>Virtute</strong></span> <span class='ocrx_word' id='word_1_713' title='bbox 2867 3204 3176 3268; x_wconf 88' lang='lat' dir='ltr'><strong>vincuntur,</strong></span> <span class='ocrx_word' id='word_1_714' title='bbox 3198 3216 3318 3258; x_wconf 90' lang='lat' dir='ltr'><strong>cum</strong></span> <span class='ocrx_word' id='word_1_715' title='bbox 3360 3214 3612 3272; x_wconf 84' lang='lat' dir='ltr'><strong>possessa</strong></span> <span class='ocrx_word' id='word_1_716' title='bbox 3640 3196 3732 3254; x_wconf 87' lang='lat' dir='ltr'><strong>diu</strong></span> <span class='ocrx_word' id='word_1_717' title='bbox 3754 3211 3990 3267; x_wconf 82' lang='lat' dir='ltr'><strong>corpora</strong></span> 
     </span>
    </p>
   </div>
   <div class='ocr_carea' id='block_1_92' title="bbox 2376 3287 3990 3362">
    <p class='ocr_par' dir='ltr' id='par_1_92' title="bbox 2376 3287 3990 3362">
     <span class='ocr_line' id='line_1_93' title="bbox 2376 3287 3990 3362; baseline -0.004 -13"><span class='ocrx_word' id='word_1_718' title='bbox 2376 3295 2675 3351; x_wconf 87' lang='lat' dir='ltr'><strong>deserunt:</strong></span> <span class='ocrx_word' id='word_1_719' title='bbox 2704 3295 2962 3352; x_wconf 86' lang='lat' dir='ltr'><strong>honorem</strong></span> <span class='ocrx_word' id='word_1_720' title='bbox 3017 3293 3274 3361; x_wconf 90' lang='lat' dir='ltr'><strong>reddunt,</strong></span> <span class='ocrx_word' id='word_1_721' title='bbox 3302 3294 3431 3349; x_wconf 91' lang='lat' dir='ltr'><strong>dum</strong></span> <span class='ocrx_word' id='word_1_722' title='bbox 3464 3298 3711 3347; x_wconf 87' lang='lat' dir='ltr'><strong>naturam</strong></span> <span class='ocrx_word' id='word_1_723' title='bbox 3740 3287 3823 3362; x_wconf 80' lang='lat' dir='ltr'><strong>(lt)</strong></span> <span class='ocrx_word' id='word_1_724' title='bbox 3855 3302 3990 3344; x_wconf 90' lang='lat' dir='ltr'><strong>con-</strong></span> 
     </span>
    </p>
   </div>
   <div class='ocr_carea' id='block_1_93' title="bbox 2380 3386 3989 3455">
    <p class='ocr_par' dir='ltr' id='par_1_93' title="bbox 2380 3386 3989 3455">
     <span class='ocr_line' id='line_1_94' title="bbox 2380 3386 3989 3455; baseline -0.004 -11"><span class='ocrx_word' id='word_1_725' title='bbox 2380 3396 2620 3445; x_wconf 80' lang='lat' dir='ltr'><strong>ﬁtentur.</strong></span> <span class='ocrx_word' id='word_1_726' title='bbox 2654 3390 2745 3444; x_wconf 79' lang='lat' dir='ltr'><strong>llei</strong></span> <span class='ocrx_word' id='word_1_727' title='bbox 2795 3405 2856 3447; x_wconf 90' lang='lat' dir='ltr'><strong>se</strong></span> <span class='ocrx_word' id='word_1_728' title='bbox 2917 3391 3056 3446; x_wconf 88' lang='lat' dir='ltr'><strong>inter</strong></span> <span class='ocrx_word' id='word_1_729' title='bbox 3099 3388 3215 3444; x_wconf 77' lang='lat' dir='ltr'><strong>lucc</strong></span> <span class='ocrx_word' id='word_1_730' title='bbox 3245 3388 3411 3443; x_wconf 85' lang='lat' dir='ltr'><strong>ﬁlium</strong></span> <span class='ocrx_word' id='word_1_731' title='bbox 3441 3386 3689 3445; x_wconf 87' lang='lat' dir='ltr'><strong>Christus</strong></span> <span class='ocrx_word' id='word_1_732' title='bbox 3715 3394 3771 3445; x_wconf 85' lang='lat' dir='ltr'><strong>et</strong></span> <span class='ocrx_word' id='word_1_733' title='bbox 3814 3398 3989 3455; x_wconf 72' lang='lat' dir='ltr'><strong>opem</strong></span> 
     </span>
    </p>
   </div>
   <div class='ocr_carea' id='block_1_94' title="bbox 2376 3475 3982 3539">
    <p class='ocr_par' dir='ltr' id='par_1_94' title="bbox 2376 3475 3982 3539">
     <span class='ocr_line' id='line_1_95' title="bbox 2376 3475 3982 3539; baseline -0.002 -3"><span class='ocrx_word' id='word_1_734' title='bbox 2376 3492 2606 3537; x_wconf 86' lang='lat' dir='ltr'><strong>testatur</strong></span> <span class='ocrx_word' id='word_1_735' title='bbox 2644 3475 2699 3538; x_wconf 82' lang='lat' dir='ltr'><strong>et</strong></span> <span class='ocrx_word' id='word_1_736' title='bbox 2721 3483 2957 3538; x_wconf 84' lang='lat' dir='ltr'><strong>nomine.</strong></span> <span class='ocrx_word' id='word_1_737' title='bbox 2987 3478 3141 3539; x_wconf 86' lang='lat' dir='ltr'><strong>Unde</strong></span> <span class='ocrx_word' id='word_1_738' title='bbox 3163 3481 3255 3538; x_wconf 87' lang='lat' dir='ltr'><strong>tibi</strong></span> <span class='ocrx_word' id='word_1_739' title='bbox 3284 3482 3423 3537; x_wconf 88' lang='lat' dir='ltr'><strong>inter</strong></span> <span class='ocrx_word' id='word_1_740' title='bbox 3443 3479 3577 3536; x_wconf 87' lang='lat' dir='ltr'><strong>istas</strong></span> <span class='ocrx_word' id='word_1_741' title='bbox 3605 3478 3982 3535; x_wconf 87' lang='lat' dir='ltr'><strong>conlitentium</strong></span> 
     </span>
    </p>
   </div>
   <div class='ocr_carea' id='block_1_95' title="bbox 2375 3572 3984 3646">
    <p class='ocr_par' dir='ltr' id='par_1_95' title="bbox 2375 3572 3984 3646">
     <span class='ocr_line' id='line_1_96' title="bbox 2375 3572 3984 3646; baseline -0.001 -18"><span class='ocrx_word' id='word_1_742' title='bbox 2375 3573 2682 3630; x_wconf 69' lang='lat' dir='ltr'><strong>daemonum</strong></span> <span class='ocrx_word' id='word_1_743' title='bbox 2711 3589 2891 3642; x_wconf 79' lang='lat' dir='ltr'><strong>voces,</strong></span> <span class='ocrx_word' id='word_1_744' title='bbox 2924 3589 2956 3631; x_wconf 94' lang='lat' dir='ltr'><strong>o</strong></span> <span class='ocrx_word' id='word_1_745' title='bbox 2984 3572 3259 3643; x_wconf 67' lang='lat' dir='ltr'><strong>haeretica,</strong></span> <span class='ocrx_word' id='word_1_746' title='bbox 3293 3572 3355 3646; x_wconf 87' lang='lat' dir='ltr'><strong>(i)</strong></span> <span class='ocrx_word' id='word_1_747' title='bbox 3404 3588 3604 3629; x_wconf 82' lang='lat' dir='ltr'><strong>nomen</strong></span> <span class='ocrx_word' id='word_1_748' title='bbox 3631 3582 3899 3629; x_wconf 66' lang='lat' dir='ltr'><strong>creaturae</strong></span> <span class='ocrx_word' id='word_1_749' title='bbox 3925 3579 3984 3629; x_wconf 90' lang='lat' dir='ltr'><strong>et</strong></span> 
     </span>
    </p>
   </div>
   <div class='ocr_carea' id='block_1_96' title="bbox 2376 3666 3079 3740">
    <p class='ocr_par' dir='ltr' id='par_1_96' title="bbox 2376 3666 3079 3740">
     <span class='ocr_line' id='line_1_97' title="bbox 2376 3666 3079 3740; baseline 0.006 -19"><span class='ocrx_word' id='word_1_750' title='bbox 2376 3666 2706 3738; x_wconf 80' lang='lat' dir='ltr'><strong>indulgentia</strong></span> <span class='ocrx_word' id='word_1_751' title='bbox 2733 3667 3079 3740; x_wconf 74' lang='lat' dir='ltr'><strong>adoptionis?</strong></span> 
     </span>
    </p>
   </div>
   <div class='ocr_carea' id='block_1_97' title="bbox 2446 3808 3989 3883">
    <p class='ocr_par' dir='ltr' id='par_1_97' title="bbox 2446 3808 3989 3883">
     <span class='ocr_line' id='line_1_98' title="bbox 2446 3808 3989 3883; baseline -0.003 -14"><span class='ocrx_word' id='word_1_752' title='bbox 2446 3811 2537 3869; x_wconf 81' lang='grc'><strong>50.</strong></span> <span class='ocrx_word' id='word_1_753' title='bbox 2559 3809 2735 3873; x_wconf 62' lang='lat' dir='ltr'><strong>Iudici</strong></span> <span class='ocrx_word' id='word_1_754' title='bbox 2756 3812 2927 3883; x_wconf 73' lang='lat' dir='ltr'><strong>ﬁlium</strong></span> <span class='ocrx_word' id='word_1_755' title='bbox 2958 3808 3056 3873; x_wconf 87' lang='lat' dir='ltr'><strong>Dei</strong></span> <span class='ocrx_word' id='word_1_756' title='bbox 3080 3810 3337 3869; x_wconf 76' lang='lat' dir='ltr'><strong>Christum</strong></span> <span class='ocrx_word' id='word_1_757' title='bbox 3356 3809 3599 3877; x_wconf 83' lang='lat' dir='ltr'><strong>scierunt,</strong></span> <span class='ocrx_word' id='word_1_758' title='bbox 3624 3810 3718 3869; x_wconf 79' lang='lat' dir='ltr'><strong>etsi</strong></span> <span class='ocrx_word' id='word_1_759' title='bbox 3743 3808 3831 3882; x_wconf 81' lang='lat' dir='ltr'><strong>qui</strong></span> <span class='ocrx_word' id='word_1_760' title='bbox 3849 3818 3989 3867; x_wconf 84' lang='lat' dir='ltr'><strong>esset</strong></span> 
     </span>
    </p>
   </div>
   <div class='ocr_carea' id='block_1_98' title="bbox 2378 3902 3987 3971">
    <p class='ocr_par' dir='ltr' id='par_1_98' title="bbox 2378 3902 3987 3971">
     <span class='ocr_line' id='line_1_99' title="bbox 2378 3902 3987 3971; baseline -0.001 -12"><span class='ocrx_word' id='word_1_761' title='bbox 2378 3902 2616 3959; x_wconf 83' lang='lat' dir='ltr'><strong>Christus</strong></span> <span class='ocrx_word' id='word_1_762' title='bbox 2631 3905 2937 3971; x_wconf 69' lang='lat' dir='ltr'><strong>nescierunt.</strong></span> <span class='ocrx_word' id='word_1_763' title='bbox 2957 3904 3139 3961; x_wconf 79' lang='lat' dir='ltr'><strong>Ariani</strong></span> <span class='ocrx_word' id='word_1_764' title='bbox 3158 3904 3211 3958; x_wconf 90' lang='lat' dir='ltr'><strong>in</strong></span> <span class='ocrx_word' id='word_1_765' title='bbox 3223 3904 3483 3961; x_wconf 80' lang='lat' dir='ltr'><strong>Christum</strong></span> <span class='ocrx_word' id='word_1_766' title='bbox 3509 3902 3987 3961; x_wconf 81' lang='lat' dir='ltr'><strong>contumeliosiores</strong></span> 
     </span>
    </p>
   </div>
   <div class='ocr_carea' id='block_1_99' title="bbox 2374 3993 3993 4068">
    <p class='ocr_par' dir='ltr' id='par_1_99' title="bbox 2374 3993 3993 4068">
     <span class='ocr_line' id='line_1_100' title="bbox 2374 3993 3993 4068; baseline -0.002 -15"><span class='ocrx_word' id='word_1_767' title='bbox 2374 4011 2533 4068; x_wconf 81' lang='lat' dir='ltr'><strong>quam</strong></span> <span class='ocrx_word' id='word_1_768' title='bbox 2557 3996 2828 4053; x_wconf 77' lang='lat' dir='ltr'><strong>Judtei.—</strong></span> <span class='ocrx_word' id='word_1_769' title='bbox 2848 3995 2988 4065; x_wconf 87' lang='lat' dir='ltr'><strong>Quid</strong></span> <span class='ocrx_word' id='word_1_770' title='bbox 3024 3995 3096 4054; x_wconf 88' lang='lat' dir='ltr'><strong>sit</strong></span> <span class='ocrx_word' id='word_1_771' title='bbox 3129 3994 3401 4063; x_wconf 87' lang='lat' dir='ltr'><strong>Christus,</strong></span> <span class='ocrx_word' id='word_1_772' title='bbox 3441 3996 3512 4055; x_wconf 83' lang='lat' dir='ltr'><strong>ab</strong></span> <span class='ocrx_word' id='word_1_773' title='bbox 3541 3995 3623 4051; x_wconf 77' lang='lat' dir='ltr'><strong>his</strong></span> <span class='ocrx_word' id='word_1_774' title='bbox 3658 3994 3854 4051; x_wconf 85' lang='lat' dir='ltr'><strong>saltem</strong></span> <span class='ocrx_word' id='word_1_775' title='bbox 3888 3993 3993 4062; x_wconf 80' lang='lat' dir='ltr'><strong>qui</strong></span> 
     </span>
    </p>
   </div>
   <div class='ocr_carea' id='block_1_100' title="bbox 2386 4087 3993 4166">
    <p class='ocr_par' dir='ltr' id='par_1_100' title="bbox 2386 4087 3993 4166">
     <span class='ocr_line' id='line_1_101' title="bbox 2386 4087 3993 4166; baseline -0.002 -18"><span class='ocrx_word' id='word_1_776' title='bbox 2386 4091 2549 4166; x_wconf 77' lang='lat' dir='ltr'><strong>17o</strong></span> <span class='ocrx_word' id='word_1_777' title='bbox 2574 4091 2825 4148; x_wconf 90' lang='lat' dir='ltr'><strong>nesciunt</strong></span> <span class='ocrx_word' id='word_1_778' title='bbox 2853 4090 3035 4158; x_wconf 88' lang='lat' dir='ltr'><strong>disce;</strong></span> <span class='ocrx_word' id='word_1_779' title='bbox 3064 4099 3124 4147; x_wconf 93' lang='lat' dir='ltr'><strong>ut</strong></span> <span class='ocrx_word' id='word_1_780' title='bbox 3170 4091 3500 4162; x_wconf 89' lang='lat' dir='ltr'><strong>impietatem</strong></span> <span class='ocrx_word' id='word_1_781' title='bbox 3546 4100 3691 4144; x_wconf 88' lang='lat' dir='ltr'><strong>tuam</strong></span> <span class='ocrx_word' id='word_1_782' title='bbox 3742 4089 3861 4157; x_wconf 88' lang='lat' dir='ltr'><strong>ipsa</strong></span> <span class='ocrx_word' id='word_1_783' title='bbox 3896 4087 3993 4144; x_wconf 79' lang='lat' dir='ltr'><strong>illa</strong></span> 
     </span>
    </p>
   </div>
   <div class='ocr_carea' id='block_1_101' title="bbox 2379 4180 3991 4256">
    <p class='ocr_par' dir='ltr' id='par_1_101' title="bbox 2379 4180 3991 4256">
     <span class='ocr_line' id='line_1_102' title="bbox 2379 4180 3991 4256; baseline -0.004 -16"><span class='ocrx_word' id='word_1_784' title='bbox 2379 4184 2741 4256; x_wconf 88' lang='lat' dir='ltr'><strong>ignorantium</strong></span> <span class='ocrx_word' id='word_1_785' title='bbox 2765 4183 3070 4239; x_wconf 88' lang='lat' dir='ltr'><strong>necessaria</strong></span> <span class='ocrx_word' id='word_1_786' title='bbox 3087 4181 3350 4255; x_wconf 89' lang='lat' dir='ltr'><strong>professio</strong></span> <span class='ocrx_word' id='word_1_787' title='bbox 3365 4194 3573 4255; x_wconf 88' lang='lat' dir='ltr'><strong>arguat.</strong></span> <span class='ocrx_word' id='word_1_788' title='bbox 3593 4180 3835 4252; x_wconf 83' lang='lat' dir='ltr'><strong>Namque</strong></span> <span class='ocrx_word' id='word_1_789' title='bbox 3857 4195 3991 4236; x_wconf 91' lang='lat' dir='ltr'><strong>cum</strong></span> 
     </span>
    </p>
   </div>
   <div class='ocr_carea' id='block_1_102' title="bbox 2373 4277 3993 4351">
    <p class='ocr_par' dir='ltr' id='par_1_102' title="bbox 2373 4277 3993 4351">
     <span class='ocr_line' id='line_1_103' title="bbox 2373 4277 3993 4351; baseline -0.001 -15"><span class='ocrx_word' id='word_1_790' title='bbox 2373 4278 2546 4336; x_wconf 73' lang='lat' dir='ltr'><strong>Judaei</strong></span> <span class='ocrx_word' id='word_1_791' title='bbox 2575 4277 2854 4334; x_wconf 87' lang='lat' dir='ltr'><strong>Christum</strong></span> <span class='ocrx_word' id='word_1_792' title='bbox 2884 4292 3206 4351; x_wconf 90' lang='lat' dir='ltr'><strong>corporeum</strong></span> <span class='ocrx_word' id='word_1_793' title='bbox 3240 4278 3532 4340; x_wconf 75' lang='lat' dir='ltr'><strong>nescirent,</strong></span> <span class='ocrx_word' id='word_1_794' title='bbox 3561 4277 3768 4332; x_wconf 89' lang='lat' dir='ltr'><strong>scirent</strong></span> <span class='ocrx_word' id='word_1_795' title='bbox 3797 4288 3993 4335; x_wconf 79' lang='lat' dir='ltr'><strong>tamen</strong></span> 
     </span>
    </p>
   </div>
   <div class='ocr_carea' id='block_1_103' title="bbox 2372 4367 3994 4444">
    <p class='ocr_par' dir='ltr' id='par_1_103' title="bbox 2372 4367 3994 4444">
     <span class='ocr_line' id='line_1_104' title="bbox 2372 4367 3994 4444; baseline -0.004 -13"><span class='ocrx_word' id='word_1_796' title='bbox 2372 4390 2498 4431; x_wconf 85' lang='lat' dir='ltr'><strong>eum</strong></span> <span class='ocrx_word' id='word_1_797' title='bbox 2525 4374 2617 4444; x_wconf 86' lang='lat' dir='ltr'><strong>qui</strong></span> <span class='ocrx_word' id='word_1_798' title='bbox 2662 4371 2912 4429; x_wconf 84' lang='lat' dir='ltr'><strong>Christus</strong></span> <span class='ocrx_word' id='word_1_799' title='bbox 2938 4383 3084 4429; x_wconf 89' lang='lat' dir='ltr'><strong>esset</strong></span> <span class='ocrx_word' id='word_1_800' title='bbox 3121 4386 3245 4429; x_wconf 88' lang='lat' dir='ltr'><strong>esse</strong></span> <span class='ocrx_word' id='word_1_801' title='bbox 3286 4372 3453 4426; x_wconf 89' lang='lat' dir='ltr'><strong>ﬁlium</strong></span> <span class='ocrx_word' id='word_1_802' title='bbox 3490 4370 3625 4437; x_wconf 86' lang='lat' dir='ltr'><strong>Dei;</strong></span> <span class='ocrx_word' id='word_1_803' title='bbox 3668 4386 3790 4426; x_wconf 92' lang='lat' dir='ltr'><strong>cum</strong></span> <span class='ocrx_word' id='word_1_804' title='bbox 3826 4367 3994 4424; x_wconf 80' lang='lat' dir='ltr'><strong>falsis</strong></span> 
     </span>
    </p>
   </div>
   <div class='ocr_carea' id='block_1_104' title="bbox 2370 4462 3997 4522">
    <p class='ocr_par' dir='ltr' id='par_1_104' title="bbox 2370 4462 3997 4522">
     <span class='ocr_line' id='line_1_105' title="bbox 2370 4462 3997 4522; baseline -0.002 0"><span class='ocrx_word' id='word_1_805' title='bbox 2370 4466 2639 4522; x_wconf 86' lang='lat' dir='ltr'><strong>adversus</strong></span> <span class='ocrx_word' id='word_1_806' title='bbox 2689 4480 2813 4521; x_wconf 88' lang='lat' dir='ltr'><strong>eum</strong></span> <span class='ocrx_word' id='word_1_807' title='bbox 2849 4465 3224 4521; x_wconf 75' lang='lat' dir='ltr'><strong>teatibus&#39;sine</strong></span> <span class='ocrx_word' id='word_1_808' title='bbox 3255 4464 3357 4519; x_wconf 89' lang='lat' dir='ltr'><strong>ulla</strong></span> <span class='ocrx_word' id='word_1_809' title='bbox 3383 4465 3627 4519; x_wconf 73' lang='lat' dir='ltr'><strong>veritatis</strong></span> <span class='ocrx_word' id='word_1_810' title='bbox 3674 4462 3997 4519; x_wconf 79' lang='lat' dir='ltr'><strong>assertione</strong></span> 
     </span>
    </p>
   </div>
   <div class='ocr_carea' id='block_1_105' title="bbox 2367 4553 3997 4635">
    <p class='ocr_par' dir='ltr' id='par_1_105' title="bbox 2367 4553 3997 4635">
     <span class='ocr_line' id='line_1_106' title="bbox 2367 4553 3997 4635; baseline -0.004 -22"><span class='ocrx_word' id='word_1_811' title='bbox 2367 4566 2674 4623; x_wconf 87' lang='lat' dir='ltr'><strong>uterentur,</strong></span> <span class='ocrx_word' id='word_1_812' title='bbox 2701 4555 2959 4612; x_wconf 78' lang='lat' dir='ltr'><strong>Sacerdos</strong></span> <span class='ocrx_word' id='word_1_813' title='bbox 2982 4571 3105 4612; x_wconf 89' lang='lat' dir='ltr'><strong>eum</strong></span> <span class='ocrx_word' id='word_1_814' title='bbox 3134 4557 3207 4612; x_wconf 87' lang='lat' dir='ltr'><strong>ita</strong></span> <span class='ocrx_word' id='word_1_815' title='bbox 3238 4557 3531 4635; x_wconf 77' lang='lat' dir='ltr'><strong>interrogat</strong></span> <span class='ocrx_word' id='word_1_816' title='bbox 3556 4571 3570 4608; x_wconf 89' lang='lat'>:</span> <span class='ocrx_word' id='word_1_817' title='bbox 3614 4553 3692 4610; x_wconf 89' lang='lat' dir='ltr'><strong>Tu</strong></span> <span class='ocrx_word' id='word_1_818' title='bbox 3741 4572 3795 4609; x_wconf 86' lang='lat' dir='ltr'><strong>es</strong></span> <span class='ocrx_word' id='word_1_819' title='bbox 3826 4553 3997 4610; x_wconf 78' lang='lat' dir='ltr'><strong>Chri-</strong></span> 
     </span>
    </p>
   </div>
   <div class='ocr_carea' id='block_1_106' title="bbox 2990 4690 3998 4771">
    <p class='ocr_par' dir='ltr' id='par_1_106' title="bbox 2990 4690 3998 4771">
     <span class='ocr_line' id='line_1_107' title="bbox 2990 4690 3998 4771; baseline 0 -23"><span class='ocrx_word' id='word_1_820' title='bbox 2990 4707 3169 4771; x_wconf 72' lang='lat' dir='ltr'><strong>grtrce</strong></span> <span class='ocrx_word' id='word_1_821' title='bbox 3205 4696 3258 4750; x_wconf 82' lang='grc' dir='ltr'><strong>τί</strong></span> <span class='ocrx_word' id='word_1_822' title='bbox 3295 4693 3496 4771; x_wconf 77' lang='grc' dir='ltr'><strong>ὑστερῶ</strong></span> <span class='ocrx_word' id='word_1_823' title='bbox 3521 4708 3536 4760; x_wconf 90' lang='lat'><strong>;</strong></span> <span class='ocrx_word' id='word_1_824' title='bbox 3566 4690 3731 4749; x_wconf 88' lang='lat' dir='ltr'><strong>latine</strong></span> <span class='ocrx_word' id='word_1_825' title='bbox 3758 4705 3998 4763; x_wconf 87' lang='lat' dir='ltr'><strong>quoque</strong></span> 
     </span>
    </p>
   </div>
   <div class='ocr_carea' id='block_1_107' title="bbox 2370 4764 3487 4833">
    <p class='ocr_par' dir='ltr' id='par_1_107' title="bbox 2370 4764 3487 4833">
     <span class='ocr_line' id='line_1_108' title="bbox 2370 4764 3487 4833; baseline -0.004 -11"><span class='ocrx_word' id='word_1_826' title='bbox 2370 4767 2666 4822; x_wconf 84' lang='lat' dir='ltr'><strong>Plautusin</strong></span> <span class='ocrx_word' id='word_1_827' title='bbox 2694 4764 2857 4820; x_wconf 89' lang='lat' dir='ltr'><strong>Curc.</strong></span> <span class='ocrx_word' id='word_1_828' title='bbox 2890 4764 2957 4819; x_wconf 83' lang='lat' dir='ltr'><strong>Id</strong></span> <span class='ocrx_word' id='word_1_829' title='bbox 2982 4764 3121 4833; x_wconf 79' lang='lat' dir='ltr'><strong>quod</strong></span> <span class='ocrx_word' id='word_1_830' title='bbox 3145 4780 3283 4833; x_wconf 83' lang='lat' dir='ltr'><strong>ante,</strong></span> <span class='ocrx_word' id='word_1_831' title='bbox 3314 4764 3487 4823; x_wconf 77' lang='lat' dir='ltr'><strong>careo.</strong></span> 
     </span>
    </p>
   </div>
   <div class='ocr_carea' id='block_1_108' title="bbox 2468 4835 3010 4907">
    <p class='ocr_par' dir='ltr' id='par_1_108' title="bbox 2468 4835 3010 4907">
     <span class='ocr_line' id='line_1_109' title="bbox 2468 4835 3010 4907; baseline -0.006 -13"><span class='ocrx_word' id='word_1_832' title='bbox 2468 4838 2524 4907; x_wconf 77' lang='grc' dir='ltr'>ι)</span> <span class='ocrx_word' id='word_1_833' title='bbox 2550 4835 3010 4905; x_wconf 77' lang='lat' dir='ltr'><strong>Reciperationem.</strong></span> 
     </span>
    </p>
   </div>
   <div class='ocr_carea' id='block_1_109' title="bbox 2468 4907 2810 4983">
    <p class='ocr_par' dir='ltr' id='par_1_109' title="bbox 2468 4907 2810 4983">
     <span class='ocr_line' id='line_1_110' title="bbox 2468 4907 2810 4983; baseline -0.009 -17"><span class='ocrx_word' id='word_1_834' title='bbox 2468 4910 2524 4983; x_wconf 70' lang='grc' dir='ltr'>ὁ)</span> <span class='ocrx_word' id='word_1_835' title='bbox 2547 4907 2810 4979; x_wconf 80' lang='lat' dir='ltr'><strong>Poposcit.</strong></span> 
     </span>
    </p>
   </div>
   <div class='ocr_carea' id='block_1_110' title="bbox 2363 5040 4001 5171">
    <p class='ocr_par' dir='ltr' id='par_1_110' title="bbox 2363 5040 4001 5171">
     <span class='ocr_line' id='line_1_111' title="bbox 2363 5040 4001 5171; baseline 0 -71"><span class='ocrx_word' id='word_1_836' title='bbox 2363 5042 2663 5171; x_wconf 57' lang='lat' dir='ltr'><strong>tinendumt</strong></span> <span class='ocrx_word' id='word_1_837' title='bbox 2718 5056 2842 5113; x_wconf 81' lang='lat' dir='ltr'><strong>cum</strong></span> <span class='ocrx_word' id='word_1_838' title='bbox 2899 5043 3292 5115; x_wconf 88' lang='lat' dir='ltr'><strong>antiquioribus</strong></span> <span class='ocrx_word' id='word_1_839' title='bbox 3353 5042 3590 5103; x_wconf 83' lang='lat' dir='ltr'><strong>credatur</strong></span> <span class='ocrx_word' id='word_1_840' title='bbox 3618 5082 3635 5113; x_wconf 93' lang='lat'><strong>,</strong></span> <span class='ocrx_word' id='word_1_841' title='bbox 3684 5040 4001 5103; x_wconf 81' lang='lat' dir='ltr'><strong>subaudito</strong></span> 
     </span>
     <span class='ocr_line' id='line_1_112' title="bbox 2363 5132 2684 5171; baseline 0 0"><span class='ocrx_word' id='word_1_842' title='bbox 2363 5133 2567 5171; x_wconf 77' lang='lat' dir='ltr'><strong>necesse</strong></span> <span class='ocrx_word' id='word_1_843' title='bbox 2590 5132 2641 5171; x_wconf 90' lang='lat' dir='ltr'><strong>es</strong></span> <span class='ocrx_word' id='word_1_844' title='bbox 2666 5155 2684 5171; x_wconf 83' lang='lat'><strong><em>.</em></strong></span> 
     </span>
    </p>
   </div>
   <div class='ocr_carea' id='block_1_111' title="bbox 2362 5132 2684 5173">
    <p class='ocr_par' dir='ltr' id='par_1_111' title="bbox 2362 5132 2684 5173">
     <span class='ocr_line' id='line_1_113' title="bbox 2362 5132 2684 5173; baseline 0.006 -3"><span class='ocrx_word' id='word_1_845' title='bbox 2362 5133 2567 5173; x_wconf 68' lang='grc'><strong>21888888</strong></span> <span class='ocrx_word' id='word_1_846' title='bbox 2590 5132 2684 5172; x_wconf 74' lang='grc'><strong>881.</strong></span> 
     </span>
    </p>
   </div>
   <div class='ocr_carea' id='block_1_112' title="bbox 2442 5183 3997 5270">
    <p class='ocr_par' dir='ltr' id='par_1_112' title="bbox 2442 5183 3997 5270">
     <span class='ocr_line' id='line_1_114' title="bbox 2442 5183 3997 5270; baseline 0.001 -27"><span class='ocrx_word' id='word_1_847' title='bbox 2442 5184 2515 5270; x_wconf 67' lang='grc' dir='ltr'><strong>(ς)</strong></span> <span class='ocrx_word' id='word_1_848' title='bbox 2554 5187 2631 5243; x_wconf 86' lang='lat' dir='ltr'><strong>Ita</strong></span> <span class='ocrx_word' id='word_1_849' title='bbox 2652 5202 2719 5243; x_wconf 82' lang='lat' dir='ltr'><strong>ex</strong></span> <span class='ocrx_word' id='word_1_850' title='bbox 2745 5200 2875 5243; x_wconf 89' lang='lat' dir='ltr'><strong>mss.</strong></span> <span class='ocrx_word' id='word_1_851' title='bbox 2897 5185 3054 5243; x_wconf 90' lang='lat' dir='ltr'><strong>Colb.</strong></span> <span class='ocrx_word' id='word_1_852' title='bbox 3083 5197 3138 5244; x_wconf 90' lang='lat' dir='ltr'><strong>et</strong></span> <span class='ocrx_word' id='word_1_853' title='bbox 3169 5185 3357 5244; x_wconf 88' lang='lat' dir='ltr'><strong>Germ.</strong></span> <span class='ocrx_word' id='word_1_854' title='bbox 3399 5185 3457 5243; x_wconf 87' lang='lat' dir='ltr'><strong>In</strong></span> <span class='ocrx_word' id='word_1_855' title='bbox 3484 5184 3606 5243; x_wconf 88' lang='lat' dir='ltr'><strong>aliis</strong></span> <span class='ocrx_word' id='word_1_856' title='bbox 3630 5200 3763 5243; x_wconf 85' lang='lat' dir='ltr'><strong>vero</strong></span> <span class='ocrx_word' id='word_1_857' title='bbox 3792 5183 3997 5256; x_wconf 85' lang='lat' dir='ltr'><strong>libris,</strong></span> 
     </span>
    </p>
   </div>
   <div class='ocr_carea' id='block_1_113' title="bbox 2358 5259 2557 5313">
    <p class='ocr_par' dir='ltr' id='par_1_113' title="bbox 2358 5259 2557 5313">
     <span class='ocr_line' id='line_1_115' title="bbox 2358 5259 2557 5313; baseline -0.005 0"><span class='ocrx_word' id='word_1_858' title='bbox 2358 5267 2419 5313; x_wconf 80' lang='lat' dir='ltr'><strong>at</strong></span> <span class='ocrx_word' id='word_1_859' title='bbox 2444 5259 2557 5313; x_wconf 88' lang='lat' dir='ltr'><strong>illa.</strong></span> 
     </span>
    </p>
   </div>
   <div class='ocr_carea' id='block_1_114' title="bbox 2436 5328 3284 5403">
    <p class='ocr_par' dir='ltr' id='par_1_114' title="bbox 2436 5328 3284 5403">
     <span class='ocr_line' id='line_1_116' title="bbox 2436 5328 3284 5403; baseline -0.013 -9"><span class='ocrx_word' id='word_1_860' title='bbox 2436 5329 2518 5403; x_wconf 77' lang='grc' dir='ltr'><strong>(Ι)</strong></span> <span class='ocrx_word' id='word_1_861' title='bbox 2536 5328 2689 5403; x_wconf 70' lang='grc' dir='ltr'>ιιιρε.</span> <span class='ocrx_word' id='word_1_862' title='bbox 2728 5338 2785 5387; x_wconf 75' lang='lat' dir='ltr'><strong>et</strong></span> <span class='ocrx_word' id='word_1_863' title='bbox 2812 5328 2964 5403; x_wconf 87' lang='lat' dir='ltr'><strong>Par.,</strong></span> <span class='ocrx_word' id='word_1_864' title='bbox 2992 5330 3093 5403; x_wconf 78' lang='lat' dir='ltr'><strong>sed</strong></span> <span class='ocrx_word' id='word_1_865' title='bbox 3110 5330 3284 5403; x_wconf 72' lang='lat' dir='ltr'><strong>eitum.</strong></span> 
     </span>
    </p>
   </div>
   <div class='ocr_carea' id='block_1_115' title="bbox 2429 5400 4003 5477">
    <p class='ocr_par' dir='ltr' id='par_1_115' title="bbox 2429 5400 4003 5477">
     <span class='ocr_line' id='line_1_117' title="bbox 2429 5400 4003 5477; baseline 0.001 -22"><span class='ocrx_word' id='word_1_866' title='bbox 2429 5400 2504 5477; x_wconf 72' lang='lat' dir='ltr'><strong>(g)</strong></span> <span class='ocrx_word' id='word_1_867' title='bbox 2536 5401 2611 5477; x_wconf 81' lang='lat' dir='ltr'><strong>Ita</strong></span> <span class='ocrx_word' id='word_1_868' title='bbox 2645 5414 2775 5454; x_wconf 72' lang='lat' dir='ltr'><strong>mss.</strong></span> <span class='ocrx_word' id='word_1_869' title='bbox 2832 5401 2919 5477; x_wconf 84' lang='lat' dir='ltr'><strong>_v_el</strong></span> <span class='ocrx_word' id='word_1_870' title='bbox 2966 5416 3035 5477; x_wconf 80' lang='lat' dir='ltr'><strong>ex</strong></span> <span class='ocrx_word' id='word_1_871' title='bbox 3086 5400 3428 5477; x_wconf 71' lang='lat' dir='ltr'><strong>librariorum</strong></span> <span class='ocrx_word' id='word_1_872' title='bbox 3476 5400 3653 5477; x_wconf 80' lang='lat' dir='ltr'><strong>lapsu,</strong></span> <span class='ocrx_word' id='word_1_873' title='bbox 3703 5416 3873 5477; x_wconf 78' lang='lat' dir='ltr'><strong>more.</strong></span> <span class='ocrx_word' id='word_1_874' title='bbox 3915 5401 4003 5457; x_wconf 78' lang='lat' dir='ltr'><strong>At</strong></span> 
     </span>
    </p>
   </div>
   <div class='ocr_carea' id='block_1_116' title="bbox 2351 5470 4001 5546">
    <p class='ocr_par' dir='ltr' id='par_1_116' title="bbox 2351 5470 4001 5546">
     <span class='ocr_line' id='line_1_118' title="bbox 2351 5470 4001 5546; baseline 0 -19"><span class='ocrx_word' id='word_1_875' title='bbox 2351 5470 2511 5546; x_wconf 78' lang='lat' dir='ltr'><strong>editi,</strong></span> <span class='ocrx_word' id='word_1_876' title='bbox 2554 5472 2798 5529; x_wconf 82' lang='lat' dir='ltr'><strong>clamore.</strong></span> <span class='ocrx_word' id='word_1_877' title='bbox 2828 5472 2950 5531; x_wconf 72' lang='lat' dir='ltr'><strong>Mox</strong></span> <span class='ocrx_word' id='word_1_878' title='bbox 2991 5476 3044 5529; x_wconf 90' lang='lat' dir='ltr'><strong>in</strong></span> <span class='ocrx_word' id='word_1_879' title='bbox 3097 5488 3201 5529; x_wconf 91' lang='lat' dir='ltr'><strong>ms.</strong></span> <span class='ocrx_word' id='word_1_880' title='bbox 3237 5472 3355 5529; x_wconf 79' lang='lat' dir='ltr'><strong>Vat.</strong></span> <span class='ocrx_word' id='word_1_881' title='bbox 3386 5470 3505 5530; x_wconf 83' lang='lat' dir='ltr'><strong>has.</strong></span> <span class='ocrx_word' id='word_1_882' title='bbox 3534 5470 3687 5546; x_wconf 72' lang='lat' dir='ltr'><strong>&#39;quid</strong></span> <span class='ocrx_word' id='word_1_883' title='bbox 3728 5474 3885 5531; x_wconf 84' lang='lat' dir='ltr'><strong>nobis</strong></span> <span class='ocrx_word' id='word_1_884' title='bbox 3943 5483 4001 5528; x_wconf 81' lang='lat' dir='ltr'><strong>et</strong></span> 
     </span>
    </p>
   </div>
   <div class='ocr_carea' id='block_1_117' title="bbox 724 5536 2465 5617">
    <p class='ocr_par' dir='ltr' id='par_1_117' title="bbox 724 5536 2465 5617">
     <span class='ocr_line' id='line_1_119' title="bbox 724 5536 2465 5617; baseline 0 -18"><span class='ocrx_word' id='word_1_885' title='bbox 724 5550 802 5617; x_wconf 91' lang='lat' dir='ltr'><strong>(c)</strong></span> <span class='ocrx_word' id='word_1_886' title='bbox 845 5544 898 5617; x_wconf 85' lang='lat' dir='ltr'><strong>Id</strong></span> <span class='ocrx_word' id='word_1_887' title='bbox 927 5544 1174 5617; x_wconf 83' lang='lat' dir='ltr'><strong>est,ipsa</strong></span> <span class='ocrx_word' id='word_1_888' title='bbox 1218 5536 1307 5597; x_wconf 82' lang='lat' dir='ltr'><strong>illa</strong></span> <span class='ocrx_word' id='word_1_889' title='bbox 1354 5536 1659 5617; x_wconf 63' lang='lat' dir='ltr'><strong>adOptiojtis</strong></span> <span class='ocrx_word' id='word_1_890' title='bbox 1683 5536 1918 5617; x_wconf 79' lang='lat' dir='ltr'><strong>conditio</strong></span> <span class='ocrx_word' id='word_1_891' title='bbox 1967 5538 2150 5607; x_wconf 83' lang='lat' dir='ltr'><strong>faciat,</strong></span> <span class='ocrx_word' id='word_1_892' title='bbox 2185 5547 2248 5599; x_wconf 72' lang='lat' dir='ltr'><strong>ut</strong></span> <span class='ocrx_word' id='word_1_893' title='bbox 2350 5543 2465 5617; x_wconf 83' lang='lat' dir='ltr'><strong>tibi.</strong></span> 
     </span>
    </p>
   </div>
   <div class='ocr_carea' id='block_1_118' title="bbox 653 5609 2028 5677">
    <p class='ocr_par' dir='ltr' id='par_1_118' title="bbox 653 5609 2028 5677">
     <span class='ocr_line' id='line_1_120' title="bbox 653 5609 2028 5677; baseline -0.006 -3"><span class='ocrx_word' id='word_1_894' title='bbox 653 5609 961 5675; x_wconf 61' lang='lat' dir='ltr'><strong>ctu&#39;n&#39;etiam</strong></span> <span class='ocrx_word' id='word_1_895' title='bbox 991 5609 1156 5669; x_wconf 80' lang='lat' dir='ltr'><strong>lilium</strong></span> <span class='ocrx_word' id='word_1_896' title='bbox 1187 5628 1293 5667; x_wconf 88' lang='lat' dir='ltr'><strong>non</strong></span> <span class='ocrx_word' id='word_1_897' title='bbox 1324 5609 1621 5677; x_wconf 68' lang='lat' dir='ltr'><strong>essefacile</strong></span> <span class='ocrx_word' id='word_1_898' title='bbox 1646 5610 2028 5677; x_wconf 82' lang='lat' dir='ltr'><strong>concedamus.</strong></span> 
     </span>
    </p>
   </div>
   <div class='ocr_carea' id='block_1_119' title="bbox 722 5627 2243 5763">
    <p class='ocr_par' dir='ltr' id='par_1_119' title="bbox 722 5627 2243 5763">
     <span class='ocr_line' id='line_1_121' title="bbox 725 5627 2028 5677; baseline -0.004 -6"><span class='ocrx_word' id='word_1_899' title='bbox 725 5632 775 5671; x_wconf 86' lang='lat' dir='ltr'><strong>tn</strong></span> <span class='ocrx_word' id='word_1_900' title='bbox 802 5627 961 5671; x_wconf 75' lang='lat' dir='ltr'><strong>etiam</strong></span> <span class='ocrx_word' id='word_1_901' title='bbox 991 5627 1156 5669; x_wconf 78' lang='lat' dir='ltr'><strong>lilium</strong></span> <span class='ocrx_word' id='word_1_902' title='bbox 1187 5628 1293 5667; x_wconf 75' lang='grc'><strong>11011</strong></span> <span class='ocrx_word' id='word_1_903' title='bbox 1324 5627 1621 5677; x_wconf 67' lang='grc' dir='ltr'><strong>εεθομειιθ</strong></span> <span class='ocrx_word' id='word_1_904' title='bbox 1646 5627 1937 5675; x_wconf 75' lang='lat' dir='ltr'><strong>concedam</strong></span> <span class='ocrx_word' id='word_1_905' title='bbox 1978 5627 2028 5667; x_wconf 73' lang='grc' dir='ltr'><strong>ὃ.</strong></span> 
     </span>
     <span class='ocr_line' id='line_1_122' title="bbox 722 5627 2243 5763; baseline 0.001 -2"><span class='ocrx_word' id='word_1_906' title='bbox 722 5686 804 5759; x_wconf 73' lang='grc' dir='ltr'><strong>(α)</strong></span> <span class='ocrx_word' id='word_1_907' title='bbox 830 5685 1132 5763; x_wconf 64' lang='lat' dir='ltr'><strong>Exer</strong></span> <span class='ocrx_word' id='word_1_908' title='bbox 1366 5682 1488 5763; x_wconf 65' lang='lat' dir='ltr'><strong>eia</strong></span> <span class='ocrx_word' id='word_1_909' title='bbox 1646 5627 2087 5763; x_wconf 61' lang='grc' dir='ltr'>ιιιιη..ιιιε-“¹ιιιι</span> <span class='ocrx_word' id='word_1_910' title='bbox 2126 5681 2243 5763; x_wconf 57' lang='lat' dir='ltr'><strong>es.</strong></span> 
     </span>
    </p>
   </div>
   <div class='ocr_carea' id='block_1_120' title="bbox 654 5750 2249 5826">
    <p class='ocr_par' dir='ltr' id='par_1_120' title="bbox 654 5750 2249 5826">
     <span class='ocr_line' id='line_1_123' title="bbox 654 5750 2249 5826; baseline -0.001 -12"><span class='ocrx_word' id='word_1_911' title='bbox 654 5750 795 5814; x_wconf 63' lang='lat' dir='ltr'><strong>Deus&#39;</strong></span> <span class='ocrx_word' id='word_1_912' title='bbox 813 5756 971 5826; x_wconf 76' lang='lat' dir='ltr'><strong>ﬁlius.</strong></span> <span class='ocrx_word' id='word_1_913' title='bbox 996 5750 1119 5811; x_wconf 69' lang='lat' dir='ltr'><strong>ﬂos</strong></span> <span class='ocrx_word' id='word_1_914' title='bbox 1145 5753 1350 5823; x_wconf 89' lang='lat' dir='ltr'><strong>aliquot</strong></span> <span class='ocrx_word' id='word_1_915' title='bbox 1368 5751 1483 5820; x_wconf 87' lang='lat' dir='ltr'><strong>alii,</strong></span> <span class='ocrx_word' id='word_1_916' title='bbox 1506 5750 1739 5808; x_wconf 79' lang='lat' dir='ltr'><strong>Christus</strong></span> <span class='ocrx_word' id='word_1_917' title='bbox 1759 5751 1847 5808; x_wconf 86' lang='lat' dir='ltr'><strong>ille</strong></span> <span class='ocrx_word' id='word_1_918' title='bbox 1861 5754 2111 5810; x_wconf 74' lang='lat' dir='ltr'><strong>creditur.</strong></span> <span class='ocrx_word' id='word_1_919' title='bbox 2142 5754 2249 5812; x_wconf 71' lang='lat' dir='ltr'><strong>lie-</strong></span> 
     </span>
    </p>
   </div>
   <div class='ocr_carea' id='block_1_121' title="bbox 2432 5612 3719 5681">
    <p class='ocr_par' dir='ltr' id='par_1_121' title="bbox 2432 5612 3719 5681">
     <span class='ocr_line' id='line_1_124' title="bbox 2432 5612 3719 5681; baseline 0.001 -14"><span class='ocrx_word' id='word_1_920' title='bbox 2432 5612 2511 5681; x_wconf 84' lang='lat' dir='ltr'><strong>(h)</strong></span> <span class='ocrx_word' id='word_1_921' title='bbox 2535 5612 2596 5673; x_wconf 85' lang='lat' dir='ltr'><strong>In</strong></span> <span class='ocrx_word' id='word_1_922' title='bbox 2627 5629 2730 5670; x_wconf 91' lang='lat' dir='ltr'><strong>ms.</strong></span> <span class='ocrx_word' id='word_1_923' title='bbox 2754 5613 2876 5671; x_wconf 89' lang='lat' dir='ltr'><strong>Vat.</strong></span> <span class='ocrx_word' id='word_1_924' title='bbox 2900 5615 3015 5672; x_wconf 90' lang='lat' dir='ltr'><strong>bas.</strong></span> <span class='ocrx_word' id='word_1_925' title='bbox 3047 5624 3102 5675; x_wconf 88' lang='lat' dir='ltr'><strong>et</strong></span> <span class='ocrx_word' id='word_1_926' title='bbox 3127 5613 3311 5681; x_wconf 66' lang='lat' dir='ltr'><strong>Marh,</strong></span> <span class='ocrx_word' id='word_1_927' title='bbox 3335 5625 3578 5681; x_wconf 78' lang='lat' dir='ltr'><strong>naturam</strong></span> <span class='ocrx_word' id='word_1_928' title='bbox 3599 5613 3719 5673; x_wconf 83' lang='lat' dir='ltr'><strong>Dei.</strong></span> 
     </span>
    </p>
   </div>
   <div class='ocr_carea' id='block_1_122' title="bbox 2432 5685 4007 5765">
    <p class='ocr_par' dir='ltr' id='par_1_122' title="bbox 2432 5685 4007 5765">
     <span class='ocr_line' id='line_1_125' title="bbox 2432 5685 4007 5765; baseline 0.006 -26"><span class='ocrx_word' id='word_1_929' title='bbox 2432 5685 2495 5757; x_wconf 77' lang='grc' dir='ltr'><strong>(ἰ)</strong></span> <span class='ocrx_word' id='word_1_930' title='bbox 2523 5686 2685 5765; x_wconf 62' lang='grc' dir='ltr'>βύιιί,</span> <span class='ocrx_word' id='word_1_931' title='bbox 2717 5688 3210 5765; x_wconf 35' lang='grc' dir='ltr'>ρι’φιιιιηιίχηοιιιειι</span> <span class='ocrx_word' id='word_1_932' title='bbox 3237 5698 3489 5744; x_wconf 82' lang='lat' dir='ltr'><strong>creatura:</strong></span> <span class='ocrx_word' id='word_1_933' title='bbox 3507 5698 3559 5755; x_wconf 82' lang='lat' dir='ltr'><strong>et</strong></span> <span class='ocrx_word' id='word_1_934' title='bbox 3584 5685 4007 5765; x_wconf 65' lang='lat' dir='ltr'><strong>indulgentiam</strong></span> 
     </span>
    </p>
   </div>
   <div class='ocr_carea' id='block_1_123' title="bbox 2355 5756 3271 5832">
    <p class='ocr_par' dir='ltr' id='par_1_123' title="bbox 2355 5756 3271 5832">
     <span class='ocr_line' id='line_1_126' title="bbox 2355 5756 3271 5832; baseline 0 -19"><span class='ocrx_word' id='word_1_935' title='bbox 2355 5757 2681 5829; x_wconf 72' lang='lat' dir='ltr'><strong>adoptionis:</strong></span> <span class='ocrx_word' id='word_1_936' title='bbox 2713 5756 3111 5832; x_wconf 69' lang='lat' dir='ltr'><strong>refragantibus</strong></span> <span class='ocrx_word' id='word_1_937' title='bbox 3140 5773 3271 5827; x_wconf 82' lang='lat' dir='ltr'><strong>mss.</strong></span> 
     </span>
    </p>
   </div>
  </div>
