4266 6260
284 293 390 367 teri

1480 304 1568 374 os
1607 283 2028 372 TlilNlTATE.
2064 297 2268 372 LIBER
2315 299 2423 372 vlt.

3539 309 3643 386 5.98

275 437 391 481 stus
415 424 562 494 ﬁlius
603 420 688 492 (α)
717 419 988 486 Benedicti
1008 418 1226 491 (illam,
1271 433 1386 486 ΧΗ,
1414 417 1504 491 6|)
1527 419 1550 474 ι
1573 417 1926 480 Sacramen-
1959 420 2010 486 Α
2042 415 2164 472 andi
2189 418 2331 473 enim
2353 415 2498 472 inter
2518 429 2691 480 smvas
2719 418 2896 492 crucis
2926 421 3200 490 custodias
3220 421 3374 498 172
3388 422 3644 494 Romana:

278 528 392 580 tum
425 517 772 581 nescientes,
806 522 1054 568 naturain
1082 522 1259 570 tamen
1289 528 1390 568 non
1423 513 1686 583 ignorant.
1715 509 1936 576 Neque

278 613 630 680 interrogant
662 623 736 666 an
766 606 1020 666 Christus
1062 605 1160 668 Dei
1204 605 1342 668 lilius
1370 607 1458 672 sit,
1486 604 1577 666 sed
1625 620 1689 660 an
1720 603 1813 657 hic
1850 597 1942 664 sit

276 701 535 758 Christus
562 699 719 756 ﬁlius
753 699 872 760 Dei.
903 696 1079 758 Error
1109 697 1162 760 in
1190 697 1406 764 homine
1432 705 1531 764 est,
1563 711 1666 752 non
1713 695 1768 750 in
1819 687 1941 756 Dei

276 794 413 852 ﬁlio.
460 792 599 852 Nam
635 806 750 852 non
784 790 932 861 quod
961 788 1216 846 Christus
1270 790 1362 852 Dei
1395 791 1534 845 ﬁlius
1573 790 1643 856 sit
1689 779 1941 850 ambigi-

280 899 406 942 tur:
438 897 608 956 atque
664 885 740 942 ita
787 884 918 944 dum
971 884 1341 952 interrogatur
1374 899 1441 938 an
1490 882 1576 938 hic
1616 882 1702 947 sit,
1732 886 1936 946 tamen.

277 980 426 1047 quod
450 977 714 1048 Christus
743 976 820 1040 sit
851 975 944 1040 Dei
979 975 1126 1030 ﬁlius
1151 989 1258 1030 non
1293 985 1534 1045 negatttr.
1568 975 1632 1040 Et
1658 988 1759 1044 qua
1795 979 1933 1025 tan-

283 1075 436 1139 dem,
463 1089 626 1143 rego,
651 1081 711 1136 tu
763 1071 908 1126 istud
942 1070 1050 1124 title
1098 1069 1358 1139 deneges,
1384 1069 1527 1138 quod
1560 1084 1629 1126 ne
1659 1067 1758 1139 ipsi
1799 1061 1931 1136 qui-

278 1167 408 1221 dem
444 1174 649 1236 negant
681 1163 776 1233 qui
806 1161 1258 1222 nesciuntiCum
1301 1160 1445 1218 enim
1478 1161 1719 1233 perfecta
1746 1160 1932 1228 scien-

280 1259 356 1316 tia
387 1259 483 1328 sit,
509 1257 793 1312 Christum
823 1255 917 1314 Dei
963 1255 1133 1314 filium
1162 1263 1292 1312 ante
1340 1256 1536 1324 saecula
1586 1265 1924 1324 manentem,

279 1353 457 1407 etiam
495 1365 564 1404 ex
600 1347 819 1418 virgine
865 1361 1032 1406 nosse
1065 1356 1250 1402 natum
1277 1363 1292 1412 ;
1325 1346 1427 1417 ipsi
1456 1363 1697 1419 quoque,
1729 1348 1823 1419 qui
1855 1346 1926 1404 de

281 1444 456 1500 Maria
515 1451 710 1498 natum
760 1439 1031 1505 nesciunt,
1083 1439 1179 1494 Dei
1215 1448 1393 1508 tamen
1446 1441 1614 1496 ﬁlium
1647 1455 1768 1498 esse
1816 1427 1924 1496 non

282 1536 562 1600 nesciunt.
604 1536 671 1590 Et
701 1533 828 1588 vide
850 1533 903 1586 in
932 1531 1074 1602 quod
1109 1541 1181 1598 te,
1207 1532 1459 1604 negando
1486 1532 1660 1598 ﬁlium
1690 1533 1806 1602 Dei,
1832 1533 1929 1590 Ju-

283 1629 460 1684 daica:
508 1625 814 1698 impietatis
843 1625 1180 1692 consortium
1237 1625 1527 1680 miscuisti.
1564 1625 1738 1694 Quam
1781 1627 1927 1696 enim

283 1722 367 1777 illi
400 1719 778 1792 damnationis
829 1717 884 1772 in
916 1732 1038 1772 eum
1065 1731 1280 1776 causam
1313 1717 1606 1790 attulerint
1635 1727 1926 1786 testantur.

2050 509 2282 566 cohortis
2299 509 2593 574 edomitum
2617 511 2680 566 ad
2702 513 2858 568 fidem
2882 515 3116 584 militem.
3139 516 3400 587 Loquitur
3412 535 3645 592 namque

2050 605 2347 671 conSpectis
2399 614 2560 676 tanta:
2616 607 2829 674 virtutis
2881 609 3289 678 operationibus
3344 615 3638 676 centurio:

2059 693 2181 764 Yere
2204 693 2300 758 Dei
2319 697 2461 767 ﬁlius
2487 707 2596 754 erat
2620 698 2713 756 iste
2735 698 2976 771 (Mollia,
3006 717 3178 772 xrvu,
3203 701 3318 773 54).
3350 705 3482 773 lloc,
3517 715 3642 777 post

2046 793 2300 859 emissum
2323 794 2592 861 spiritum,
2635 793 2920 854 discissum
2965 798 3150 868 templi
3184 799 3381 864 velum,
3411 809 3465 856 et
3492 808 3638 856 mota

2044 893 2208 953 terra,
2235 896 2290 944 et
2313 889 2478 944 scissa
2529 903 2682 951 saxa,
2726 899 2779 942 et
2808 891 3056 960 sepulcra
3115 890 3375 958 patentia,
3409 903 3464 948 et
3492 907 3637 948 mor-

2045 981 2116 1035 tui
2147 991 2492 1050 resurgentes
2541 987 2827 1048 testantur,
2851 991 2906 1038 et
2946 987 3108 1048 homo
3134 982 3350 1052 gentilis
3398 985 3636 1054 perﬁdiae

2035 1075 2324 1132 conﬁtetur
2343 1092 2356 1134 :
2377 1076 2596 1134 virtutis
2621 1087 2862 1152 naturam
2884 1079 3130 1150 agnoscit
3151 1079 3202 1134 in
3220 1079 3408 1146 gestis,
3427 1089 3635 1136 naturae

2035 1169 2316 1226 veritatem
2349 1168 2642 1240 proﬁtetur
2667 1169 2718 1224 in
2744 1171 2984 1232 nomine.
3007 1169 3181 1230 Tanta
3209 1170 3345 1226 ratio
3366 1170 3630 1236 veritatis,

2033 1270 2090 1330 et
2119 1269 2260 1318 tanta
2290 1261 2372 1320 vis
2398 1261 2521 1322 fidei
2544 1271 2645 1324 est,
2668 1260 2918 1320 ntvincat
2944 1263 3274 1340 yolnntatem
3295 1262 3408 1320 veri
3441 1276 3634 1324 neces-

2030 1354 2184 1419 sitas,
2207 1361 2262 1412 et
2283 1353 2557 1412 Chrismm
2587 1353 2875 1430 Dominum
2903 1355 3093 1425 gloriae,
3136 1361 3356 1412 :eternae
3387 1369 3512 1416 vere
3536 1351 3631 1410 Dei

2032 1447 2202 1504 ﬁlium
2229 1462 2369 1512 esse,
2394 1462 2496 1504 nec
2519 1447 2608 1518 qui
2631 1447 2977 1522 cruciﬁxerat
3005 1447 3318 1518 denegaret.

2331 1606 2685 1704 173-174
2722 1607 2926 1666 LIBER
2953 1606 3312 1690 suerit-tus.

2038 1723 2104 1780 In
2132 1726 2344 1784 exordio
2379 1730 2656 1799 exponitur
2684 1729 2800 1788 libri
2837 1731 2994 1804 hujus
3025 1729 3348 1802 prtestanlia,
3373 1727 3629 1790 scribendi

281 1814 540 1875 dicentes
573 1808 680 1864 :Et
701 1810 985 1880 secundum
1017 1809 1178 1879 legem
1217 1810 1360 1865 debet
1401 1811 1560 1876 mori,
1594 1809 1840 1882 quoniam
1866 1809 1931 1878 Ιί-
2109 1834 2306 1885 cuum,
2350 1821 2661 1878 Arianorum
2690 1823 2940 1892 υαίνίιξεδ,
2981 1825 3067 1893 qui
3115 1821 3216 1878 (mc
3257 1839 3416 1893 usque
3443 1822 3626 1882 ἀειαεα

282 1910 416 1962 (iam
447 1905 544 1960 Dei
579 1921 635 1960 se
661 1903 784 1976 fecit
813 1900 1019 1975 (Joan.,
1043 1919 1152 1969 xu,
1189 1903 1263 1974 7).
1294 1905 1453 1962 Anne
1482 1921 1592 1962 non
1625 1905 1732 1962 hoc
1753 1907 1930 1972 etiam
1977 1891 1990 1906 ’

280 2000 472 2071 impia:
499 2009 605 2052 tua:
642 1996 796 2058 vocis
815 1995 1156 2066 opprobrium
1181 2006 1287 2065 est,
1321 1998 1398 2072 (ι)
1426 1999 1504 2070 (b)
1528 2014 1626 2058 cur
1655 2015 1715 2070 se
1745 1997 1932 2054 ﬁlium

281 2097 459 2160 dicat,
507 2108 674 2166 quem
731 2099 790 2146 tu
832 2106 952 2148 esse
1016 2106 1233 2148 asseras
1271 2094 1618 2148 creaturam?
1653 2092 1770 2159 ille,
1827 2090 1937 2154 Dei

281 2184 605 2243 conﬁtendo
629 2201 689 2239 se
720 2183 1048 2252 ﬁlium,reus
1072 2184 1260 2239 mortis
1285 2185 1456 2246 abhis
1482 2185 1760 2255 iudicatur
1791 2200 1805 2236 ε
1839 2191 1930 2251 ιιι,

287 2299 417 2352 eum
457 2280 552 2336 Dei
589 2278 762 2335 ﬁlium
793 2277 1056 2350 negando,
1087 2293 1273 2349 qtnero
1319 2279 1442 2349 quid
1493 2279 1750 2350 indices?
1784 2279 1938 2338 Pro-

291 2376 464 2432 fessio
481 2375 628 2430 enim
652 2373 774 2445 ejus
799 2372 870 2430 ita
895 2372 1118 2440 Judmis,
1143 2381 1204 2428 ut
1230 2371 1324 2428 tibi
1345 2373 1613 2443 displicet.
1635 2374 1936 2442 Interrogo

286 2488 361 2525 an
390 2469 630 2526 diversa:
657 2469 728 2521 ab
751 2467 831 2521 eis
857 2468 1145 2524 sententia:
1169 2480 1412 2534 maneas,
1437 2482 1464 2520 a
1493 2467 1687 2537 quibus
1705 2484 1814 2536 non
1839 2467 1936 2524 di-

293 2580 494 2622 versus
543 2565 620 2620 sis
646 2563 962 2636 voluntate?
1008 2562 1208 2622 Eadem
1251 2563 1392 2618 enim
1447 2563 1616 2618 ﬁlium
1671 2565 1762 2620 Dei
1793 2579 1933 2620 eum

292 2674 423 2715 esse
454 2657 737 2728 impietate
771 2665 827 2709 tu
852 2653 1109 2725 denegas.
1152 2654 1238 2710 Illi
1271 2663 1450 2720 tamen
1478 2670 1544 2712 eo
1568 2655 1797 2712 crimine
1822 2655 1940 2712 mi-

293 2766 457 2811 nore.
481 2751 628 2821 quod
645 2747 912 2804 nesciunt.
929 2746 1186 2812 Nesciunt
1205 2747 1346 2802 enim
1361 2747 1427 2802 de
1448 2746 1610 2802 Maria
1628 2747 1936 2817 Christum,

307 2845 405 2900 sed
436 2842 721 2900 Christum
749 2842 844 2898 Dei
871 2841 1032 2904 ﬁlium
1067 2856 1190 2906 esse
1216 2859 1319 2898 non
1345 2842 1641 2913 ambigunt.
1682 2843 1761 2904 Tu
1803 2845 1936 2913 quia

300 2935 590 2992 Christum
622 2950 729 2990 non
760 2944 915 3004 petes
961 2937 1173 2988 nescire
1203 2932 1270 2988 de
1317 2933 1501 3000 Maria,
1545 2933 1820 2990 Christum
1845 2943 1935 2990 ta-

305 3044 433 3082 men
469 3028 562 3082 Dei
591 3026 766 3081 ﬁlium
807 3041 930 3082 esse
971 3041 1076 3081 nOn
1108 3026 1395 3098 praedicas.
1447 3027 1580 3090 Illis.
1613 3028 1664 3080 in
1697 3042 1762 3082 eo
1789 3029 1935 3096 quod

307 3122 589 3183 nesciunt,
633 3125 814 3190 potest
839 3117 1015 3174 adhuc
1039 3120 1092 3174 in
1123 3127 1238 3172 tuto
1262 3119 1409 3180 Salus
1439 3135 1560 3176 esse
1582 3119 1626 3174 si
1657 3117 1883 3184 credant
1919 3137 1933 3175 :

311 3213 410 3266 tibi
430 3212 550 3282 jam
579 3213 764 3282 omnia
795 3212 976 3268 clausa
1007 3221 1134 3267 sunt
1167 3211 1232 3266 ad
1263 3212 1514 3277 salutem,
1547 3211 1616 3282 (c)
1649 3214 1739 3280 qui
1773 3228 1937 3283 negas
1966 3215 2013 3279 ι’]

312 3309 460 3378 quod
487 3308 743 3382 ignorare
773 3308 883 3378 jam
920 3323 1026 3362 non
1061 3314 1236 3377 potes.
1258 3305 1374 3361 Non
1405 3306 1548 3364 enim
1582 3307 1797 3377 ignoras
1816 3323 1938 3364 esse

318 3404 489 3456 lilium
531 3403 667 3464 Dei;
697 3419 870 3473 usque
917 3401 1056 3459 adeo
1085 3411 1141 3464 ut
1183 3400 1490 3472 adoptionis
1521 3418 1718 3462 nomen
1764 3403 1942 3460 indul-

317 3509 474 3564 geas,
501 3504 554 3549 ut
586 3504 892 3548 creaturam
921 3503 1395 3564 eonnuncupatam
1429 3494 1594 3558 lilium
1633 3495 1940 3553 mentiaris.

317 3587 578 3642 Naturam
610 3597 788 3652 autem
819 3597 1078 3658 quantum
1105 3589 1158 3642 in
1198 3596 1250 3643 te
1280 3598 1364 3642 est
1391 3588 1667 3664 auferens,
1698 3588 1944 3648 auferres

320 3695 543 3750 quoque
572 3679 616 3734 si
646 3679 738 3734 tibi
769 3681 962 3737 liceret
1005 3689 1058 3736 et
1087 3695 1309 3748 nomen.
1343 3678 1446 3734 Sed
1477 3681 1600 3750 quia
1651 3679 1703 3736 id
1740 3696 1847 3736 non
1879 3681 1944 3740 li-

320 3783 435 3839 cet,
463 3782 708 3828 naturam
740 3772 817 3846 (d)
842 3775 1044 3830 nomini
1070 3789 1178 3830 non
1203 3773 1467 3845 relinquis
1491 3793 1503 3828 :
1531 3789 1600 3831 ne
1625 3775 1770 3846 quod
1803 3775 1945 3833 ﬁlius

320 3866 548 3938 dicitur.
584 3882 745 3922 verus
782 3867 874 3923 Dei
901 3866 1042 3923 ﬁlius
1071 3869 1162 3928 sit.

411 3959 930 4036 17151.Cltristum
945 3975 1059 4016 vere
1069 3960 1236 4029 ﬁlium
1253 3957 1350 4022 Dei
1363 3958 1674 4030 conﬁtentur
1686 3957 1941 4033 Apostoli.

328 4077 405 4094 ο·-
420 4051 700 4116 Habueras
723 4052 774 4106 in
793 4050 1135 4107 confessione
1152 4067 1362 4118 eorum,
1383 4053 1599 4122 quibus,
1618 4052 1946 4110 desazviente

332 4155 508 4206 vento
538 4152 592 4198 et
634 4145 846 4199 turbato
901 4144 1055 4209 mari,
1085 4145 1135 4200 in
1163 4145 1316 4201 verbi
1340 4143 1495 4213 jussu
1538 4153 1659 4203 erat
1697 4145 1946 4200 restituta

333 4239 698 4308 tranquillitas
716 4281 728 4302 ,
761 4247 818 4294 ut
843 4249 898 4296 et
920 4249 973 4294 ttt
997 4254 1183 4295 verum
1207 4238 1300 4294 Dei
1321 4238 1489 4294 ﬁlium
1512 4236 1866 4304 conﬁtereris,
1892 4246 1950 4294 et

329 4347 528 4387 eorum
557 4349 684 4388 voce
701 4335 957 4398 utereris:
993 4333 1123 4390 Vere
1145 4333 1284 4404 ﬁlius
1311 4332 1410 4388 Dei
1433 4342 1508 4388 est
1551 4331 1791 4402 (Matth.,
1833 4347 1940 4396 xtv,

331 4425 454 4497 53).
477 4425 584 4482 Sed
612 4435 663 4481 te
684 4428 911 4482 szeviens
933 4427 1152 4498 spiritus
1182 4427 1234 4482 iu
1269 4424 1606 4496 naufragium
1636 4425 1758 4478 vita:
1781 4422 1943 4493 rapit,

331 4528 393 4573 et
422 4517 628 4572 mentis
659 4527 764 4571 tute
811 4519 1044 4574 motibus
1101 4526 1370 4589 tamquam
1401 4519 1666 4572 ﬁuctuoso
1697 4515 1829 4570 mari
1859 4515 1946 4570 in-

336 4611 609 4666 cumbens
633 4611 867 4680 procella
901 4609 1228 4666 dominatur.

410 4701 506 4758 52.
533 4699 818 4770 Conﬁtetur
840 4713 887 4756 ct
914 4703 1001 4773 qui
1031 4702 1358 4770 cruciﬁxerat
1388 4699 1650 4768 Centurio.
1677 4731 1750 4742 --
1769 4699 1825 4756 Si
1851 4699 1946 4756 tibi

338 4793 458 4850 hrcc
489 4795 854 4864 navigantium
885 4810 950 4850 ex
997 4810 1062 4849 eo
1094 4793 1299 4849 incerta
1342 4794 1476 4852 ﬁdes
1508 4793 1796 4859 videbitur,
1821 4793 1947 4863 quia

340 4887 746 4944 existimabitur
795 4903 914 4942 esse
958 4887 1386 4957 Apostolorum;
1436 4885 1564 4939 tnihi
1614 4896 1795 4941 tamen
1844 4885 1945 4942 etsi

345 4984 534 5038 minus
563 4992 785 5052 praestat
808 4982 1202 5049 admirationis,
1233 4983 1354 5053 plus
1382 4990 1558 5034 tamen
1585 4979 1739 5034 aﬁ‘crt
1759 4989 1944 5034 aucto-

346 5078 545 5132 ritatis.
560 5076 942 5130 Verumtamen
966 5077 1124 5132 etiam
1154 5075 1392 5148 gentium
1417 5074 1471 5128 in
1494 5088 1558 5126 eo
1583 5070 1742 5125 ﬁdem
1770 5085 1946 5136 sume;

419 5237 502 5311 (ι)
529 5235 640 5291 Cur
659 5252 711 5290 se
732 5235 898 5303 ﬁlium
928 5233 1023 5290 Dei
1050 5235 1202 5289 dicat.

423 5399 500 5469 (α)
539 5395 596 5452 1η
623 5395 773 5466 prius
803 5395 1054 5469 vulgatis,
1076 5389 1172 5448 Dei
1225 5390 1698 5469 benedicti._Abest
1724 5404 1826 5445 vox
1859 5386 1958 5469 Dei

355 5485 385 5524 a
419 5461 556 5523 mss.
589 5461 643 5522 ei
667 5485 694 5550 τι
728 5461 930 5550 gra‘cd;
957 5465 1260 5548 indmorum
1309 5480 1463 5520 error
1506 5463 1632 5518 hinc
1659 5472 1880 5518 notatur
1910 5461 1963 5515 in

355 5546 523 5600 Iacto,
542 5556 651 5594 non
683 5537 879 5608 iniure
908 5537 1096 5592 fuisse.

387 5613 394 5618 ’
435 5611 510 5684 (b)
531 5611 606 5686 Ita
634 5602 772 5665 mss:
800 5608 1219 5675 Atexcusi,cum
1243 5622 1296 5661 se
1325 5603 1490 5675 ﬁliam
1510 5602 1607 5678 Dei
1637 5605 1792 5668 dicat,
1815 5619 1964 5686 quem

361 5695 422 5736 tu
441 5682 636 5737 asseris
666 5691 976 5736 creaturam.

438 5752 514 5826 (ε)
543 5753 684 5826 Dieti
713 5749 885 5823 hujus
901 5750 1042 5826 ratio
1067 5749 1384 5826 petendae;
1414 5749 1735 5826 tr_act._psal.
1762 5761 1963 5826 cxxav,

363 5819 520 5883 nuiu’.
548 5826 604 5892 5,
633 5825 725 5881 ubi
763 5819 902 5880 inter
927 5819 1042 5878 a‘lia'
1071 5819 1190 5894 hzec
1224 5819 1492 5898 habenth
1518 5819 1542 5876 :'
1563 5821 1734 5890 Extra
1770 5821 1969 5894 veniam

1971 4614 2024 4676 D

2109 1909 2174 1963 sit
2200 1928 2260 1965 ac
2279 1913 2485 1983 repulsa
2503 1955 2517 1979 ,
2540 1913 2845 1968 aduersandi
2875 1915 2945 1968 eis
2977 1915 3270 1981 discrimen,
3305 1932 3368 1972 ne
3393 1914 3629 1972 videlicet

2113 2001 2295 2056 Arium
2325 2009 2598 2074 confutans
2624 2005 2873 2072 Sabellio,
2902 2023 2961 2061 ac
3006 2023 3182 2060 rursus
3212 2006 3498 2061 Sabelliam
3527 2007 3627 2059 int—

2115 2110 2350 2166 pugnans
2385 2094 2609 2150 Pbotino
2641 2101 2810 2166 facere
2839 2096 3108 2161 videatur;
3138 2107 3184 2151 et
3225 2098 3280 2152 in
3317 2112 3424 2151 rem
3447 2096 3633 2151 Eccle-

2115 2187 2206 2242 sia:
2230 2187 2482 2257 quomodo
2513 2203 2566 2242 se
2592 2188 2809 2243 inuicem
2843 2187 3018 2256 Arius,
3055 2187 3334 2253 Sabellius,
3357 2204 3417 2242 ac
3454 2187 3635 2243 i’ltoti-

2116 2297 2214 2336 nus
2241 2281 2443 2336 vincant
2477 2291 2566 2335 aut
2599 2283 2885 2337 uincantur.
2923 2283 3122 2350 Quibus
3165 2283 3379 2338 breviter
3407 2285 3635 2352 explica-

2116 2376 2181 2429 tis
2197 2416 2212 2438 ,
2241 2390 2357 2429 eum
2375 2416 2389 2440 ,
2421 2377 2508 2440 qui
2532 2390 2646 2430 uere
2672 2392 2736 2432 ea:
2763 2384 2948 2430 natura
2972 2377 3111 2444 ﬁlius
3134 2375 3230 2431 Dei
3253 2386 3350 2440 est,
3371 2391 3482 2430 uere
3508 2390 3640 2446 quo-

2114 2483 2213 2536 que
2247 2484 2337 2538 per
2362 2478 2619 2536 naturam,
2652 2469 2794 2524 salua
2831 2470 2983 2523 unius
3013 2478 3060 2523 et
3089 2484 3192 2522 non
3232 2468 3512 2538 singularis
3537 2465 3639 2522 Dei

2115 2559 2240 2628 ﬁde,
2267 2559 2438 2616 Deum
2460 2579 2569 2616 esse
2589 2561 2968 2630 comprobatur,
2992 2569 3046 2615 ut
3067 2569 3182 2632 pote
3207 2561 3291 2616 cui
3313 2559 3410 2614 Dei
3430 2576 3635 2625 nomen,

2113 2655 2356 2710 natiuitas
2385 2671 2449 2710 ea:
2473 2653 2602 2722 Deo,
2635 2654 2809 2708 divina
2839 2669 2954 2707 cum
2981 2663 3198 2716 natura,
3229 2663 3333 2707 tum
3374 2661 3632 2722 potestas,

2114 2763 2177 2800 ac
2196 2746 2410 2816 denique
2432 2747 2552 2817 quia
2575 2763 2630 2802 se
2649 2746 2760 2815 ipse
2787 2743 2952 2815 Deum
2970 2746 3288 2816 proﬁteatur.
3319 2737 3643 2812 Quamquam

2115 2838 2303 2907 fatetur
2329 2837 2587 2904 Hilarius,
2628 2855 2742 2893 cum
2764 2847 3061 2909 argumento
3091 2855 3154 2893 ea:
3193 2839 3453 2892 natiuitate
3484 2837 3644 2906 petito

2112 2929 2185 2983 ita
2207 2945 2438 2984 connexa
2461 2946 2565 2986 esse
2585 2941 2787 2996 caetera,
2815 2940 2872 2984 ut
2899 2930 3111 2985 seorsim
3138 2930 3345 2984 tractari
3370 2941 3644 3000 nequeant.

2043 3022 2119 3074 Ac
2166 3022 2332 3090 primo
2370 3022 2573 3093 quidem
2602 3028 2746 3095 ponit
2771 3064 2786 3088 ,
2819 3032 3059 3078 naturam
3091 3022 3164 3076 rei
3205 3021 3414 3076 nomine
3441 3033 3648 3092 semper

2112 3116 2444 3186 signiﬁcari,
2486 3119 2585 3174 nisi
2633 3117 2830 3173 ratione
2873 3119 3192 3185 adiectorum
3235 3115 3570 3171 adventitium
3600 3123 3650 3173 et

2120 3229 2223 3267 non
2253 3214 2519 3286 proprium
2563 3231 2669 3270 esse
2696 3215 2949 3269 indicetur
2986 3230 3007 3270 :
3047 3215 3111 3269 de
3139 3211 3280 3268 Filio
3309 3213 3573 3276 autemita
3616 3231 3651 3269 a

2121 3303 2326 3360 Joanne
2354 3307 2494 3373 dici,
2525 3313 2582 3363 et
2617 3308 2756 3362 Deus
2794 3316 2910 3363 erat
2939 3307 3172 3363 Verbum
3199 3348 3214 3370 ,
3257 3316 3305 3362 et
3346 3324 3379 3361 a
3423 3305 3644 3377 Thoma,

2125 3398 2384 3468 Dominus
2414 3415 2568 3454 meus
2601 3410 2655 3456 ct
2685 3400 2825 3456 Deus
2854 3415 3007 3456 meus
3027 3443 3042 3466 ,
3074 3409 3126 3453 ut
3161 3400 3244 3454 Ita:
3280 3400 3652 3473 appellationes

2123 3493 2275 3545 etiam
2303 3507 2368 3545 ea:
2400 3491 2691 3562 adjunctis,
2720 3507 2891 3546 veram
2919 3493 2971 3546 in
2995 3509 3052 3546 eo
3087 3491 3181 3545 Dei
3211 3500 3453 3546 naturam
3478 3495 3655 3558 expri-

2122 3593 2288 3636 mant.
2321 3580 2420 3638 Cui
2449 3600 2589 3648 vero,
2623 3599 2724 3639 non
2752 3599 2898 3638 secus
2936 3601 2996 3638 ac
3028 3582 3215 3650 Patri,
3245 3593 3443 3640 natura:
3469 3587 3656 3642 diuinae

2128 3676 2403 3746 proprium
2444 3693 2647 3742 nomen,
2679 3677 2832 3731 anius
2871 3686 2945 3732 est
2987 3693 3100 3731 cum
3139 3677 3253 3744 ipso
3292 3686 3493 3734 natura:
3532 3693 3552 3733 .°
3592 3693 3656 3732 ac

2127 3771 2344 3839 proinde
2373 3771 2482 3841 ipse
2505 3786 2622 3824 cum
2649 3769 2807 3824 Patre
2841 3785 2945 3824 non
2973 3771 3076 3824 duo
3097 3769 3219 3836 Dii,
3253 3771 3344 3826 sed
3381 3789 3514 3826 unus
3551 3780 3648 3827 est.

2125 3865 2326 3919 Leviter
2363 3865 2447 3918 Itic
2476 3865 2684 3935 attingit
2717 3863 2895 3928 Verbi,
2925 3864 3209 3935 Sapientiae
3229 3881 3291 3919 ac
3321 3864 3535 3920 Virtutis
3567 3881 3655 3921 co-

2060 3944 2067 3950 ’
2126 3959 2390 4031 gnomina,
2421 3976 2580 4028 eaque
2612 3957 2754 4012 Filio
2776 3967 2954 4026 aptata
2979 3975 3089 4013 esse
3111 3959 3358 4025 declarat,
3385 3968 3440 4013 ut
3467 3961 3522 4014 in
3544 3957 3654 4013 Pa-

2126 4064 2201 4106 tre
2219 4051 2408 4118 absque
2437 4051 2548 4105 ulla
2577 4052 2741 4117 ipsius
2769 4052 3018 4107 diuisione
3045 4061 3132 4108 aut
3162 4052 3508 4108 demutatione
3535 4052 3657 4108 sub-

2121 4145 2302 4198 sistere
2327 4144 2646 4200 ostendatur.

2055 4235 2279 4309 Subjicit
2311 4236 2497 4290 deinde
2530 4255 2632 4293 non
2660 4238 2829 4293 minus
2853 4255 2945 4311 per
2965 4255 3020 4294 se
3044 4255 3152 4295 esse
3179 4249 3377 4305 notam,
3402 4250 3523 4294 nato
3543 4257 3656 4296 eam

2123 4329 2288 4384 inesse
2327 4341 2564 4384 naturam
2592 4347 2656 4386 ea:
2686 4347 2788 4402 qua
2813 4331 3040 4386 subsistit
3066 4347 3085 4386 :
3107 4348 3198 4386 nec
3228 4331 3450 4386 dubitari
3484 4349 3656 4404 posse,

2127 4425 2251 4495 quin
2277 4441 2342 4480 ea:
2373 4423 2482 4479 Deo
2509 4435 2660 4481 natus
2681 4427 2747 4481 sit
2775 4426 3029 4492 Christus,
3053 4443 3202 4495 quem
3227 4426 3288 4481 ob
3309 4426 3406 4480 hoc
3433 4428 3659 4482 nuixime

2125 4516 2413 4586 interﬁcere
2439 4517 2672 4572 uolebant
2708 4516 2885 4572 θαάιεὶ
2907 4559 2921 4583 ,
2954 4519 3077 4585 quia
3106 4519 3380 4588 proprium
3427 4519 3531 4573 sibi
3564 4534 3660 4590 pa-

2131 4617 2266 4664 trem
2294 4608 2510 4664 dicebat
2539 4610 2729 4674 Deum,
2761 4609 3027 4680 aequalem
3059 4625 3118 4665 se
3146 4610 3350 4666 faciens
3375 4610 3506 4666 Deo.
3540 4611 3660 4666 Nae

2129 4703 2300 4756 tivitas
2335 4711 2534 4769 autem,
2565 4703 2696 4758 sicut
2721 4714 2766 4757 et
2803 4702 3102 4774 arqualitas,
3131 4721 3221 4758 nec
3246 4705 3416 4758 solum
3446 4705 3658 4776 patitur,

2128 4810 2219 4848 nec
2242 4793 2522 4849 diversum.

2058 4887 2142 4942 Ea:
2163 4903 2219 4941 eo
2239 4888 2354 4954 ipso
2381 4902 2636 4952 sermone,
2659 4902 2806 4956 quem
2830 4893 2953 4942 tunc
2977 4885 3211 4944 Christus
3233 4889 3300 4942 ad
3318 4889 3529 4944 Judwos
3556 4887 3654 4943 Ita-

2131 4978 2416 5045 buit,illius
2445 4995 2508 5033 ea:
2529 4978 2635 5033 Deo
2657 4980 2968 5035 nativitatem
2986 4981 3140 5034 simul
3157 4990 3200 5035 et
3218 4991 3444 5050 paterna
3463 4993 3660 5037 natura:

2127 5071 2373 5126 unitatem
2413 5071 2749 5126 demonstrari
2775 5071 3006 5144 pluribus
3036 5074 3217 5128 evincit
3251 5089 3269 5127 :
3306 5084 3506 5143 natura:
3534 5075 3657 5148 qui-

2071 5396 2164 5456 est,
2190 5385 2280 5458 qui
2309 5393 2570 5454 peccatum
2600 5385 2852 5458 cognorit,
2866 5399 2964 5458 nec
2991 5383 3247 5458 cognitum
3275 5385 3544 5458 conﬁtetur
3566 5403 3586 5444 :
3613 5394 3670 5446 et

2070 5455 2212 5522 hocf
2244 5459 2364 5528 quia
2409 5457 2662 5528 confessio
2714 5455 2904 5508 erroris
2941 5455 3202 5528 professio
3244 5466 3318 5508 est
3365 5457 3668 5528 desinendi;

2069 5546 2170 5586 nec
2203 5526 2413 5584 veniam
2451 5526 2712 5594 meretur,
2737 5529 2828 5597 qui
2867 5541 2895 5590 ιι
2929 5526 3145 5594 peceato
3173 5526 3422 5584 desinere
3467 5526 3669 5588 renuit.

2070 5599 2208 5656 Vide
2234 5609 2492 5655 annotata
2519 5598 2585 5653 ad
2615 5613 2764 5652 num.
2791 5599 2850 5672 Δ8,
2886 5597 3043 5652 tract.
3068 5611 3157 5672 ps.
3185 5612 3308 5672 est...

2143 5672 2225 5744 (ά)
2252 5673 2340 5726 Sic
2369 5684 2504 5744 imss.
2535 5679 2593 5723 ut
2620 5669 3133 5744 superi_us__num.2_5
3156 5687 3169 5724 :
3192 5669 3254 5744 Si
3266 5669 3392 5744 non
3404 5674 3557 5744 credo
3579 5691 3676 5731 na.

2074 5739 2378 5807 minibus,si
2403 5751 2642 5825 naturam
2664 5739 2922 5795 vocabulis
2947 5756 3052 5798 non
3076 5741 3324 5812 intelligo.
3352 5741 3676 5820 Editi'vero,

2074 5824 2315 5870 natumut
2356 5828 2600 5881 nonanis.
