4246 6260
629 352 732 411 ill‘J

1823 331 2070 394 SANCTI
2103 328 2360 387 HILARII
2400 323 2710 386 EPISCOPI

3823 306 3925 366 ιω

704 466 818 521 dem
842 460 1245 526 unitatem,dum
1275 463 1515 529 Operatur
1541 452 1677 524 quod
1700 449 1878 514 Pater,
1905 450 2025 503 dum
2056 447 2227 502 omnia
2257 451 2307 512 Α
2333 443 2548 499 currerit
2583 437 2834 495 Hilarius.
2877 435 3028 490 Liber
3053 431 3285 503 superior
3328 444 3499 486 verum
3532 428 3718 498 ﬁlium,
3743 426 3828 480 hic
3850 444 3931 481 os-

707 557 982 625 eudemqne
1006 553 1164 622 facit,
1199 549 1318 603 dum
1356 563 1460 601 una
1487 546 1749 615 utriusque
1776 543 1829 596 in
1860 541 2074 594 mortuis
2101 539 2226 591 vivi-

705 650 924 720 ﬁcandis
952 655 1172 718 potestas
1195 685 1209 709 ,
1245 658 1376 696 unus
1406 643 1590 705 honor,
1622 654 1728 691 una
1752 635 1964 708 injuria,
1993 633 2117 686 dum
2146 633 2235 686 de-

707 744 859 812 nique
899 755 1045 793 omne
1077 736 1339 809 judicium
1370 733 1551 798 habet;
1591 729 1906 784 natiuitatem
1937 743 2084 791 vero,
2113 726 2232 778 dum

711 834 877 902 ﬁlium
905 847 1013 886 sese
1040 829 1262 884 vocitare
1291 842 1394 880 non
1433 823 1647 886 desinit,
1699 827 1824 874 dunt
1848 819 1921 873 ita
1958 817 2062 889 agit
2097 815 2235 886 quod

714 925 870 979 Pater
890 963 905 990 ,
938 933 990 976 ut
1016 931 1183 975 tamen
1213 936 1315 973 non
1343 917 1412 972 ab
1435 930 1494 970 se
1519 955 1534 982 ,
1564 916 1638 968 ita
1665 914 1862 978 eadem,
1895 920 1949 965 ut
1973 920 2141 964 tamen
2164 906 2236 962 si-

709 1017 931 1081 militer,
959 1016 1032 1068 ita
1070 1013 1322 1082 iudicium
1346 1025 1494 1064 omne
1524 1007 1702 1071 habet,
1735 1014 1789 1058 ut
1819 1014 1987 1057 tamen
2016 1020 2048 1056 a
2081 998 2239 1053 Patre

712 1111 779 1164 sit
804 1117 1094 1178 acceptum.
1131 1103 1283 1170 Quod
1311 1101 1516 1170 quidem
1541 1100 1876 1170 conﬁrmatur
1910 1106 2016 1150 tum
2045 1109 2110 1148 ea:
2135 1091 2236 1145 Ju-

713 1203 943 1257 dworum
978 1199 1336 1270 intelligentia,
1361 1196 1447 1264 qui
1477 1194 1736 1248 Christum
1764 1192 1843 1246 his
1874 1190 2022 1243 dictis
2049 1203 2101 1242 se
2129 1202 2242 1240 vere

716 1295 815 1350 Dei
853 1294 1021 1365 ﬁlium
1061 1307 1270 1361 vereque
1297 1287 1466 1342 Deum
1514 1285 1797 1357 prtedicare
1837 1283 2237 1344 intellexerunt,

716 1395 824 1440 tum
851 1401 914 1440 ea:
940 1385 1104 1451 ipsius
1130 1381 1322 1435 Christi
1349 1378 1607 1449 responsis
1633 1417 1646 1440 ,
1674 1375 1859 1446 quibus
1883 1389 1983 1426 non
2019 1388 2074 1426 se
2109 1369 2244 1424 male

714 1479 1029 1534 intellectum
1073 1477 1290 1539 retulit,
1333 1473 1421 1528 sed
1455 1471 1628 1540 inique
1665 1483 1767 1521 non
1806 1465 2087 1532 creditum,
2128 1479 2246 1517 cum

713 1572 966 1627 dictorum
985 1569 1141 1639 ﬁdem
1163 1583 1323 1636 opera
1348 1567 1596 1636 facerent.
1651 1563 1662 1574 °

643 1663 913 1720 Postremo
939 1663 1104 1730 exiis,
1131 1676 1244 1732 qua:
1256 1659 1487 1714 Christus
1514 1673 1545 1710 (ι
1571 1655 1818 1728 Philippo
1838 1663 1894 1708 ut
1917 1652 2128 1706 Patrem
2151 1648 2247 1704 sibi

723 1757 1014 1814 ostenderet
1040 1765 1251 1827 rogatus
1280 1752 1557 1825 peroravit,
1588 1750 1698 1819 ipse
1722 1764 1776 1802 se
1799 1757 1845 1802 et
1875 1762 1938 1800 ea;
1964 1743 2122 1798 Patre
2157 1759 2250 1795 na-

720 1863 849 1919 tum,
875 1861 922 1905 et
949 1850 1102 1905 unius
1131 1847 1457 1921 ejusdemque
1481 1859 1595 1897 cum
1622 1858 1679 1896 eo
1711 1852 1912 1895 natura:
1937 1838 2124 1894 diserte
2149 1837 2247 1890 do-
2273 1885 2323 1947 Β

716 1959 830 1999 cere
849 1944 1250 1997 demonstratur.

721 2122 770 2175 1.
812 2119 915 2174 Hic
965 2119 1089 2172 liber
1127 2113 1474 2188 superioribus
1527 2122 1754 2182 prastat.
1805 2111 2072 2167 Scribendi
2119 2125 2245 2163 cau-

646 2229 737 2269 ste.
794 2211 1169 2266 ereticorum
1223 2208 1498 2262 subtilitas.
1531 2204 1900 2275 -Seplimus
1951 2203 2036 2257 hic
2092 2201 2248 2256 nobis

643 2307 934 2362 adversum
961 2317 1114 2358 nova:
1142 2302 1411 2356 Increseos
1438 2313 1692 2354 vesanam
1727 2296 2086 2352 temeritatem
2113 2293 2250 2349 liber

645 2401 900 2458 scribitur
929 2416 942 2452 :
975 2396 1189 2454 caeteris
1219 2393 1435 2465 quidem
1463 2391 1828 2448 anterioribus
1865 2405 2090 2445 numero
2122 2403 2249 2458 pos-

648 2493 849 2556 terior,
873 2490 970 2548 sed
999 2489 1065 2545 ad
1097 2489 1346 2561 perfecta:
1373 2487 1495 2542 ﬁdei
1515 2497 1914 2542 sacramentum
1945 2483 2252 2554 intelligen-

645 2585 774 2640 dum
806 2593 898 2638 aut
926 2584 1171 2654 primus,
1201 2590 1294 2634 aut
1322 2577 1610 2634 maximus.
1647 2576 1701 2632 In
1742 2592 1851 2647 quo
1883 2591 1988 2630 non
2033 2575 2252 2646 ignora-

645 2693 768 2735 mus
795 2694 954 2748 quam
978 2675 1200 2732 difficile
1219 2684 1382 2745 atque
1413 2673 1640 2727 arduum
1672 2672 1774 2726 iter
1798 2670 2058 2726 doctrina:
2081 2683 2250 2724 evan-

653 2771 842 2842 gelica:
872 2767 1218 2825 scandamus.
1250 2765 1297 2820 A
1323 2781 1431 2836 quo
1459 2763 1707 2835 quamvis
1735 2757 1811 2834 (a)
1841 2761 2073 2817 consciae
2099 2759 2250 2814 inﬁr-

645 2863 848 2918 mitatis
888 2868 1087 2916 nostrae
1118 2858 1472 2929 trepidatione
1511 2871 1854 2920 revocemur;
1905 2865 2083 2909 tamen
2126 2851 2252 2908 ﬁdei

640 2964 785 3010 aestu
842 2952 1089 3017 incitati,
1161 2959 1216 3005 et
1273 2949 1649 3005 haereticorum
1706 2946 1886 3002 furore
1949 2946 2249 3012 commoti,

646 3055 701 3103 et
741 3045 984 3116 periculo
1027 3043 1388 3114 ignorantium
1423 3039 1760 3111 perturbati,
1802 3052 1924 3110 qua:
1969 3037 2113 3106 loqui
2143 3050 2250 3091 non

646 3141 933 3206 audemus,
977 3137 1140 3193 silere
1196 3151 1303 3190 non
1353 3149 1638 3205 possumus
1676 3150 1688 3186 :
1739 3133 2020 3202 utriusque
2060 3128 2252 3185 discri-

648 3233 810 3289 minis
860 3228 934 3302 (b)
975 3241 1123 3286 metu
1164 3227 1403 3291 subditi,
1448 3242 1516 3282 ne
1555 3225 1826 3281 destitutae
1870 3219 2116 3279 veritatis
2161 3235 2250 3277 rea

648 3327 702 3380 iu
750 3323 907 3380 nobis
953 3322 1025 3378 sit
1064 3331 1158 3376 aut
1202 3319 1538 3376 taciturnitas
1567 3360 1585 3386 ,
1632 3326 1727 3373 aut
1780 3315 2109 3387 praedicatio.
2163 3313 2248 3368 In-

647 3415 993 3474 credibilibus
1017 3414 1218 3470 etenim
1256 3428 1317 3469 se
1338 3411 1580 3481 corrupti
1611 3411 1807 3482 ingenii
1845 3409 2054 3465 artibus
2089 3407 2247 3481 175

649 3512 904 3570 lueretica
943 3509 1212 3566 subtilitas
1256 3509 1574 3578 circumegit
1608 3525 1621 3561 :
1669 3506 1897 3575 primum
1929 3517 1987 3559 ut
2030 3505 2100 3575 (c)
2147 3504 2245 3557 lin-

645 3616 797 3676 geret
826 3603 1168 3674 religionem,
1211 3601 1405 3656 deinde
1437 3611 1494 3653 ut
1521 3600 1761 3656 omnium
1791 3597 2116 3668 simplicium
2142 3611 2245 3650 au-

645 3700 784 3754 rium
814 3697 1160 3752 securitatem
1187 3693 1368 3748 verbis
1398 3692 1641 3759 falleret,
1672 3701 1784 3746 tum
1817 3703 2076 3760 praeterea
2105 3697 2164 3743 ut
2187 3703 2248 3744 se

645 3789 948 3862 prudentiae
971 3786 1152 3842 smculi
1181 3793 1482 3855 coaptaret,
1509 3794 1786 3855 postremo
1811 3791 1868 3837 ut
1896 3782 2140 3837 veritatis
2166 3781 2250 3836 in-

644 3881 992 3954 telligentiam
1021 3895 1118 3950 per
1141 3878 1377 3949 speciem
1409 3875 1488 3948 (d)
1513 3875 1670 3930 editae
1703 3874 1927 3929 rationis
1956 3880 2244 3928 averteret.

643 3976 775 4032 Nam
812 3981 1108 4045 protestata
1135 3973 1212 4045 (in
1244 3971 1464 4042 epistola
1486 3969 1574 4024 lib.
1618 3985 1670 4024 tv
1695 3979 1745 4024 et
1768 3985 1818 4023 vr
1868 3968 2054 4038 relata)
2077 3969 2245 4023 Deum

646 4084 809 4124 unum
840 4108 854 4131 ,
897 4066 1119 4121 mentita
1155 4065 1412 4135 pietatem
1465 4071 1582 4128 est;
1635 4064 1873 4134 professa
1923 4076 2110 4117 rursus
2153 4059 2248 4116 Dei

645 4158 842 4225 ﬁlium,
876 4157 1153 4212 audientes
1179 4155 1367 4210 fefellit
1391 4155 1444 4210 iu
1474 4155 1690 4210 nomine
1711 4171 1725 4220 ;
1750 4154 1936 4209 dicens
1961 4153 2121 4209 etiam
2141 4169 2247 4210 non

647 4249 817 4307 fuisse
847 4257 973 4304 ante
1001 4263 1163 4319 quam
1195 4247 1430 4302 nascitur
1452 4288 1466 4311 ,
1498 4246 1686 4302 mundi
1717 4245 2000 4316 sapientiae
2033 4246 2249 4301 satisfe~

647 4343 751 4408 cit;
799 4340 1240 4397 indemutahilem
1283 4354 1500 4410 quoque
1544 4351 1599 4396 et
1645 4341 2025 4410 incorporeum
2079 4339 2247 4394 Deum

645 4435 930 4501 cculitens,
963 4433 1297 4490 nativitatem
1330 4433 1514 4490 Deiex
1549 4433 1658 4489 Deo
1699 4449 1796 4504 per
1834 4433 2252 4489 demonstratio-

645 4545 769 4586 nem
817 4527 1058 4585 subdolae
1107 4527 1336 4583 rationis
1377 4527 1609 4582 exclusit
1655 4543 1668 4580 :
1714 4526 1914 4582 nostris
1961 4525 2248 4582 adversum

644 4639 743 4680 nos
773 4639 866 4680 usa
898 4621 1157 4679 doctrinis
1179 4665 1194 4688 ,
1246 4632 1300 4678 et
1339 4622 1597 4678 Ecclesia:
1627 4621 1730 4677 ﬁde
1773 4631 1960 4676 contra
1991 4621 2246 4676 Ecclesia:

641 4717 806 4774 ﬁdem
853 4731 1138 4789 pugnans,
1171 4714 1490 4787 gravissimo
1537 4714 1826 4770 adversum
1869 4728 1968 4768 nos
2015 4713 2100 4768 vel
2161 4729 2244 4767 re-

645 4808 956 4879 sponsionis
979 4808 1064 4864 vel
1094 4807 1293 4862 silentii
1335 4807 1575 4876 periculo
1600 4815 1914 4877 comparato
1940 4848 1954 4873 ,
1987 4805 2115 4860 dum
2147 4820 2245 4876 per

643 4918 705 4960 ea
732 4918 852 4974 qua:
878 4917 984 4956 non
1014 4910 1298 4972 negantur,
1328 4915 1390 4954 ea
1417 4899 1673 4970 praedicat
1698 4915 1818 4970 qum
1845 4910 2132 4970 negantur.

718 4994 774 5048 2.
809 4993 948 5059 Quid
987 4992 1204 5065 epistola
1241 5008 1334 5047 sua
1363 4993 1604 5046 tentarint
1635 4993 1883 5064 ingerere.
1913 4990 2014 5058 Qui
2043 4992 2115 5046 eis
2163 5008 2250 5047 oc-

716 5133 1074 5207 (a)_Nonnull_i
1107 5147 1241 5188 mss.
1275 5135 1604 5207 conscientia:
1633 5134 1932 5203 inﬁrmitate
1969 5143 2175 5207 noster
2199 5143 2248 5187 et

647 5205 1004 5276 trepidatione.
1037 5205 1403 5260 Praeferebant
1439 5223 1650 5276 quoque
1680 5207 1807 5262 editi
1840 5249 1853 5269 ,
1900 5206 2243 5260 conscientiae.

648 5275 842 5359 Verius
855 5276 1224 5359 castigatiores
1250 5291 1380 5359 mss.
1406 5275 1644 5359 conscire,
1669 5280 1859 5359 supple
1875 5278 1991 5343 sibi,
2015 5292 2136 5340 ceu,
2160 5293 2244 5330 cu-

645 5348 1556 5418 jusconsciisumus.Qualoquendi
1587 5351 1858 5406 rationein
1893 5349 2028 5418 psal.
2058 5349 2243 5411 vain,

651 5434 803 5501 num.
830 5419 922 5482 15,
953 5427 1150 5501 cista},
1185 5420 1400 5498 conscia:
1415 5421 1465 5474 in
1482 5437 1534 5475 se
1565 5423 1742 5475 salutis
1765 5423 1973 5489 fiducia.
2002 5421 2111 5475 Nec
2133 5419 2247 5474 dis-

649 5490 812 5561 plicet
831 5505 952 5544 cum
983 5489 1145 5547 Corb.
1175 5508 1204 5545 a
1234 5491 1404 5561 prima
1429 5508 1610 5561 manu,
1645 5494 1856 5547 conscii.

720 5582 794 5653 (b)
827 5582 988 5648 Editi,
1015 5584 1174 5637 metui
1198 5585 1384 5639 subditi
1415 5601 1432 5638 :
1462 5587 1850 5642 reluctantibus
1878 5601 2009 5644 mss.
2041 5582 2248 5642 Deinde

647 5667 785 5709 unus
813 5669 844 5708 e
867 5653 988 5709 Vat.
1021 5671 1083 5709 ne
1109 5657 1172 5709 de
1199 5656 1520 5712 destitutione
1541 5658 1791 5714 veritatis.

716 5743 792 5818 (c)
826 5745 946 5802 Vat.
977 5746 1094 5802 bas.
1125 5763 1228 5803 ms.
1259 5749 1528 5820 ingereret.

719 5837 800 5909 (ά)
829 5837 1116 5907 Exemplar
1142 5840 1353 5896 Martin.
1386 5844 1642 5899 meditata:
1666 5844 1902 5899 rationis.

2335 538 2491 592 tendit
2521 533 2683 588 Deum
2706 545 2976 585 verum.-—
2993 525 3060 582 Et
3090 523 3304 596 quidem
3327 521 3541 577 eteleris
3563 517 3932 590 superioribus

2337 629 2491 684 libris
2521 625 2826 682 admonitos
2849 636 2876 673 a
2907 618 3063 674 nobis
3090 618 3328 686 legentes
3355 612 3721 674 meminimus,
3762 620 3816 664 ut
3853 619 3935 664 to-

2338 722 2441 776 tius
2464 715 2816 788 blasphemiae
2841 711 2914 787 (e)
2940 710 3231 767 editionem
3259 714 3672 778 pertractantes,
3691 701 3936 758 animad-

2336 820 2610 868 verterent
2631 825 2736 864 non
2757 806 2902 862 aliud
2925 803 3181 865 laborari,
3200 815 3358 872 quam
3382 807 3442 854 ut
3467 797 3725 854 Dominus
3753 807 3938 851 noster

2337 906 2498 962 Jesus
2523 902 2769 959 Christus
2796 914 2967 969 neque
2999 897 3091 952 Dei
3126 894 3265 948 ﬁlius
3295 907 3470 963 neque
3501 891 3644 946 Deus
3669 903 3792 944 esse
3818 901 3941 943 cre-

2338 999 2517 1062 datur,
2549 996 2674 1050 dum
2707 994 2753 1049 ei
2776 989 3049 1048 concessis
3077 995 3281 1043 tantum
3311 1001 3378 1041 ex
3398 982 3628 1055 quadam
3649 980 3941 1052 adoptione

2343 1090 2670 1154 nominibus,
2693 1097 2744 1143 el
2776 1087 2869 1140 Dei
2902 1094 3089 1140 natura
3119 1093 3345 1151 negatur
3372 1089 3426 1134 et
3457 1078 3550 1133 lilii
3582 1095 3595 1130 :
3628 1091 3748 1132 cum
3778 1085 3831 1132 et
3859 1075 3942 1129 in-

2343 1183 2686 1242 demutabilis
2710 1191 2873 1252 atque
2901 1179 3252 1248 incorporeus
3273 1173 3438 1239 Deus,
3464 1169 3623 1228 sicuti
3647 1180 3699 1228 et
3728 1179 3832 1233 est,
3865 1169 3947 1222 id-

2343 1278 2488 1334 circo
2512 1276 2832 1341 afﬁrmatur,
2866 1289 2935 1328 ne
2964 1272 3134 1328 Filius
3162 1280 3319 1324 natus
3344 1283 3412 1324 ex
3448 1267 3560 1322 Deo
3587 1268 3690 1330 sit;
3719 1273 3776 1321 et
3799 1265 3945 1319 Deus

2347 1379 2500 1442 pater
2534 1370 2604 1424 ob
2634 1367 2686 1423 id
2719 1377 2922 1422 tantum
2954 1366 3006 1419 in
3047 1362 3390 1418 confessione
3415 1361 3560 1414 Deus
3589 1374 3724 1413 unus
3753 1359 3842 1421 sit,
3878 1373 3947 1412 nc

2347 1467 2400 1522 in
2433 1464 2537 1520 ﬁde
2566 1472 2750 1518 nostra
2783 1461 2926 1515 Deus
2949 1459 3195 1514 Christus
3225 1457 3296 1511 sit
3323 1473 3337 1509 :
3367 1456 3489 1526 quia
3519 1469 3618 1508 nec
3648 1453 3948 1508 nativitatis

2348 1557 2762 1628 intelligentiam
2788 1563 2973 1609 natura
3000 1549 3357 1621 incorporalis
3382 1547 3651 1612 admittat,
3677 1555 3733 1600 et
3752 1545 3846 1600 Dei
3877 1560 3948 1599 ex

2352 1653 2462 1708 Deo
2501 1650 2657 1706 ﬁdem
2690 1665 2828 1703 unus
2872 1656 3082 1702 tantum
3125 1644 3280 1700 nobis
3319 1643 3462 1698 Deus
3505 1643 3558 1696 in
3604 1641 3952 1696 confessione

2352 1744 2632 1800 dissolvat.
2663 1741 2769 1800 Sed
2793 1739 3162 1810 superioribus
3177 1739 3288 1810 jam
3317 1737 3512 1792 libellis
3541 1735 3783 1790 fallacem
3807 1735 3952 1789 hanc

2352 1853 2542 1895 eorum
2571 1847 2732 1906 atque
2763 1834 3002 1889 inutilem
3033 1830 3469 1902 praedicationem
3492 1844 3557 1884 ex
3583 1828 3701 1898 lege
3729 1843 3793 1882 ac
3820 1843 3952 1897 pro-

2350 1931 2526 2004 phetis
2548 1931 2828 1994 docentes,
2853 1943 2972 1982 eam
3002 1925 3371 1996 responsionis
3397 1922 3626 1980 formam
3651 1921 3948 1989 tenuimus,

2349 2042 2469 2098 qua:
2506 2026 2557 2080 in
2584 2025 2697 2080 Deo
2737 2039 2802 2079 ex
2831 2023 2943 2078 Deo
2987 2021 3281 2092 praedicata
3305 2060 3321 2086 ,
3364 2028 3420 2074 et
3447 2033 3554 2076 uno
3584 2016 3696 2071 Deo
3727 2031 3790 2070 ac
3821 2031 3956 2071 vero

2350 2118 2597 2189 professo
2618 2159 2633 2184 ,
2668 2131 2841 2186 neque
2886 2116 2936 2168 in
2966 2113 3123 2169 unius
3151 2111 3266 2168 veri
3307 2111 3400 2166 Dei
3431 2112 3631 2165 unione
3654 2109 3910 2164 deﬁceret
3937 2149 3953 2173 ,

2351 2226 2525 2282 neque
2556 2209 2623 2264 ad
2671 2207 2830 2263 ﬁdem
2875 2207 2972 2261 Dei
3001 2205 3224 2260 alterius
3269 2203 3586 2264 excederet;
3621 2202 3748 2255 dum
3777 2216 3958 2270 neque

2351 2304 2627 2360 solitarius
2650 2301 2806 2356 nobis
2835 2301 2978 2354 Deus
3001 2299 3055 2353 in
3077 2297 3438 2359 confessione,
3469 2309 3644 2365 neque
3667 2292 3773 2348 duo
3800 2302 3954 2347 sunt.

2352 2398 2422 2453 Et
2463 2399 2602 2453 inter
2641 2397 2792 2460 hzec,
2841 2409 3004 2448 unum
3045 2407 3220 2463 neque
3268 2389 3514 2462 negando
3560 2404 3734 2458 neque
3777 2386 3956 2442 conlio

2352 2489 2555 2557 tendo,
2605 2487 2726 2544 fidei
2774 2487 2851 2561 (ί)
2903 2495 3217 2542 conservata
3264 2482 3528 2554 perfectio
3558 2491 3680 2546 est,
3727 2480 3852 2535 dum
3899 2488 3959 2536 et

2351 2583 2495 2655 quod
2543 2598 2706 2636 unum
2739 2591 2865 2636 sunt
2907 2579 3139 2635 refertur
3165 2576 3232 2631 ad
3271 2587 3561 2645 utrumque
3587 2616 3600 2640 ,
3640 2583 3694 2629 et
3725 2583 3958 2644 uterque

2353 2692 2460 2732 non
2495 2692 2631 2730 unus
2671 2683 2774 2730 est.
2808 2673 2920 2728 Hoc
2943 2673 3108 2743 igitur
3137 2671 3390 2742 perfectae
3429 2667 3552 2723 ﬁdei
3582 2666 3959 2722 indissolubilc

2354 2776 2749 2826 sacramentum
2781 2763 3109 2836 evangelicis
3141 2773 3304 2833 atque
3335 2759 3651 2833 apostolicis
3690 2758 3960 2814 doctrinis

2354 2862 2652 2918 absoluturi
2674 2903 2688 2929 ,
2719 2876 2826 2915 non
2867 2859 3011 2914 aliud
3045 2858 3276 2930 primum
3309 2855 3595 2913 debuimus
3620 2895 3633 2917 ,
3666 2869 3824 2924 quam
3855 2852 3960 2908 Dei

2356 2955 2524 3011 ﬁlium
2549 2970 2688 3010 vera:
2705 2953 2998 3009 nativitatis
3015 2952 3395 3007 subsistentem
3419 2947 3578 3020 176
3593 2949 3669 3021 (g)
3703 2959 3957 3000 naturam

2355 3049 2646 3119 cognitioni
2678 3047 3009 3102 audientium
3036 3046 3313 3108 intimare;
3335 3059 3509 3112 neque
3534 3041 3745 3096 aliunde
3766 3048 3855 3095 aut
3885 3055 3958 3094 ex

2356 3142 2568 3206 nihilo,
2619 3140 2713 3196 sed
2743 3155 2807 3195 ex
2857 3139 2969 3194 Deo
2999 3154 3120 3194 esse
3167 3137 3332 3191 lilium
3384 3133 3745 3190 manifestare.
3796 3131 3959 3201 Quod

2279 3272 2324 3336 C
2356 3235 2480 3306 quia
2521 3233 2814 3289 secundum
2847 3247 2906 3288 ea
2927 3273 2941 3298 ,
2971 3247 3092 3302 quze
3136 3230 3408 3286 anteriore
3449 3227 3588 3283 libro
3610 3225 3754 3282 edita
3783 3235 3913 3280 sunt
3940 3269 3957 3293 ,

2356 3328 2554 3398 ambigi
2585 3342 2690 3382 non
2718 3335 2912 3396 potest,
2943 3325 3072 3395 quin
3095 3332 3344 3380 cessante
3374 3318 3681 3391 adoptionis
3709 3319 3956 3385 nomine,

2354 3437 2513 3478 verus
2556 3422 2697 3476 ﬁlius
2736 3437 2803 3476 ex
2835 3420 3059 3476 veritate
3091 3417 3388 3474 nativitatis
3428 3417 3538 3471 sit:
3573 3413 3651 3487 (Ιι)
3702 3431 3764 3471 ea
3812 3430 3960 3469 nunc

2353 3529 2570 3584 quoque
2597 3529 2665 3568 ex
2696 3502 3006 3582 Evangeliis
3037 3509 3362 3581 proferimus
3385 3551 3399 3575 ,
3441 3518 3501 3563 ut
3533 3508 3654 3578 quia
3687 3507 3830 3562 ﬁlius
3862 3522 3963 3561 ve-

2351 3619 2446 3660 rus
2475 3613 2582 3670 est,
2609 3618 2772 3659 verus
2801 3617 3016 3674 quoque
3045 3601 3190 3658 Deus
3223 3617 3349 3657 esse
3373 3607 3628 3655 noscatur
3658 3617 3670 3653 :
3703 3599 3826 3670 quia
3859 3613 3959 3653 ne-

2353 3713 2459 3767 que
2493 3711 2653 3752 verus
2680 3695 2824 3752 ﬁlius
2865 3695 2970 3750 erit
2993 3735 3009 3761 ,
3043 3695 3142 3749 nisi
3176 3709 3334 3749 verus
3364 3701 3421 3748 et
3449 3692 3590 3748 Deus
3623 3702 3734 3755 est;
3778 3705 3958 3762 neque

2352 3803 2514 3844 verus
2543 3788 2709 3852 Deus,
2738 3787 2838 3841 nisi
2867 3803 3029 3842 verus
3057 3798 3110 3841 ct
3142 3785 3286 3840 ﬁlius
3309 3795 3412 3840 est.

2423 3883 2476 3937 5.
2518 3879 2772 3936 ﬂwrcsim
2816 3897 2968 3934 unam
3018 3883 3292 3951 confutans
3320 3881 3404 3933 via:
3439 3877 3572 3950 fugit
3611 3876 3958 3948 suspicionem

2351 3975 2582 4030 alterius.
2622 3973 2901 4042 Sabellius,
2933 3973 3112 4038 Arius,
3147 3971 3372 4036 llebion,
3408 3971 3681 4026 Photinus.
3713 4001 3785 4012 ——
3807 3969 3956 4026 Nihil

2355 4066 2604 4122 humana:
2672 4075 2876 4120 natura:
2922 4067 3137 4137 gravius
3200 4074 3285 4121 est
3331 4064 3551 4134 periculi
3622 4063 3956 4120 conscientia

2353 4156 2502 4228 (nam
2549 4173 2611 4213 ea
2642 4173 2764 4228 qua:
2795 4168 2888 4212 aut
2930 4157 3173 4227 ignorata
3217 4167 3310 4213 aut
3341 4157 3624 4226 repentina
3653 4166 3809 4222 sunt,
3860 4159 3957 4209 lia-

2353 4247 2482 4304 bent
2540 4247 2754 4320 quidem
2793 4249 3153 4306 miserabilem
3183 4253 3526 4306 securitatem
3547 4291 3562 4314 ,
3593 4248 3688 4305 sed
3727 4264 3834 4305 non
3868 4250 3958 4302 ha-

2353 4339 2485 4395 bent
2521 4350 2721 4396 metum
2774 4341 2933 4397 futuri
2966 4341 2985 4415 )
3021 4360 3034 4398 :
3065 4342 3188 4414 quia
3220 4358 3324 4398 non
3355 4344 3540 4414 ignaro
3567 4341 3949 4406 accidentium,

2351 4432 2596 4488 anxietas
2636 4433 2748 4504 ipsa
2791 4449 2947 4505 pcena
2981 4435 3217 4506 patiendi
3264 4444 3371 4491 est.
3404 4435 3520 4490 Non
3551 4451 3652 4506 ego
3697 4450 3831 4489 nunc
3861 4449 3957 4487 na-

2353 4538 2476 4580 vem
2507 4539 2538 4579 e
2567 4533 2724 4594 portu
2754 4527 2907 4582 solvo
2933 4527 3192 4598 naufragii
3224 4527 3460 4598 ignarus,
3498 4543 3675 4598 neque
3704 4529 3803 4582 iter
3827 4526 3957 4580 ineo

2358 4621 2581 4677 infestos
2609 4619 2672 4693 (i)
2696 4621 2912 4677 nescius
2941 4621 3240 4676 latronibus
3263 4622 3430 4678 saltus
3448 4665 3463 4690 ,
3498 4636 3599 4678 nec
3624 4620 3806 4692 Libya:
3833 4635 3957 4673 are-

2354 4729 2450 4770 nas
2491 4717 2728 4770 incertus
2757 4714 3078 4786 scorpiones
3109 4715 3307 4786 ubique
3335 4726 3389 4771 et
3429 4715 3646 4784 aSpides
3685 4723 3737 4769 et
3770 4712 3957 4768 basili-

2349 4820 2471 4861 scos
2499 4806 2690 4862 adesse
2712 4816 3056 4862 transcurro:
3084 4805 3215 4862 nihil
3244 4806 3594 4863 sollicitudini
3625 4821 3780 4869 mete,
3815 4802 3952 4858 nihil

2353 4901 2698 4957 conscientia;
2729 4908 2906 4956 vacat.
2940 4901 3052 4957 Sub
3079 4902 3296 4970 specula
3326 4902 3469 4956 enim
3500 4900 3739 4955 omnium
3774 4900 3951 4951 lucre-

2357 4994 2587 5049 ticorum
2627 4993 2694 5048 ad
2739 4992 3054 5048 occasiones
3085 4992 3420 5065 singulorum
3467 4993 3750 5047 verborum
3793 4990 3846 5043 in
3891 5003 3956 5043 os

2424 5133 2495 5204 (e)
2524 5132 2578 5188 in
2603 5133 2792 5190 codice
2817 5131 2934 5186 Vat.
2961 5132 3071 5187 has.
3101 5131 3350 5201 adjicitur
3371 5132 3478 5199 hic,
3503 5149 3677 5204 eorum
3704 5148 3721 5186 :
3752 5141 3805 5186 ct
3829 5147 3954 5186 mox

2352 5202 2483 5275 ρος(
2505 5204 2644 5258 Deus
2668 5221 2776 5258 esse
2803 5204 3072 5275 credatur,
3093 5204 3378 5273 subjicitur
3402 5221 3466 5258 ea:
3509 5202 3637 5258 Deo.

2423 5276 2510 5347 (f)
2545 5277 2833 5347 Exemplar
2879 5276 2992 5330 bas.
3034 5274 3152 5330 Vat.
3189 5291 3309 5330 cum
3356 5275 3507 5347 Mart.
3539 5285 3900 5347 consmmnata
3937 5291 3956 5328 :

2350 5346 2622 5429 minusad
2649 5362 2781 5400 rem.
2814 5347 2914 5429 ita,
2949 5361 3068 5418 pag.
3100 5349 3201 5402 127
3225 5347 3352 5400 edit.
3380 5346 3580 5429 γει-οη.
3610 5350 3660 5402 in
3695 5347 3832 5401 notis
3853 5346 3954 5428 ob-

2349 5418 2681 5472 servavimus
2726 5418 2946 5473 verbum
2987 5429 3331 5484 consummet,
3389 5419 3508 5473 loco
3552 5429 3841 5484 conservet,
3901 5419 3952 5472 iu

2350 5503 2452 5567 ms:
2483 5488 2931 5567 .Cgr‘nzsecttndis
2951 5492 3095 5545 curis
3120 5491 3486 5545 substitutum.

2423 5559 2501 5682 (i)
2529 5559 2698 5622 Editi,
2731 5560 3081 5616 subsistentem
3132 5571 3316 5615 natura
3342 5577 3357 5616 :
3386 5561 3774 5615 reluctantibus
3822 5575 3948 5614 mss.

2425 5631 2443 5682 l
2495 5637 2508 5682 l
2539 5631 2731 5682 Excusi
2761 5648 2874 5682 eam
2906 5648 2924 5682 :
2959 5633 3288 5682 castimntur
3323 5647 3389 5682 ex
3430 5647 3562 5682 mss.
3598 5632 3716 5682 Mox
3769 5633 3904 5682 Mart.
3935 5672 3948 5682 .

2425 5631 2508 5703 (lt)
2539 5631 2731 5687 Excusi
2761 5648 2874 5685 eam
2906 5648 2924 5686 :
2959 5633 3288 5703 eaStigantur
3323 5647 3389 5689 ex
3430 5647 3562 5686 mss.
3598 5632 3716 5687 Mox
3769 5633 3904 5686 Mart.
3935 5672 3949 5695 ,

2353 5701 2696 5772 proferamus,
2737 5718 2842 5756 non
2874 5701 3205 5774 proferimus.
3238 5703 3430 5758 Postea
3461 5718 3527 5758 ex
3555 5704 3709 5759 (λιιι).
3741 5703 3954 5772 rchni-

2353 5788 2494 5848 mus,
2522 5783 2578 5848 _ut
2606 5774 2725 5848 quia
2753 5774 2913 5848 ﬁlius,
2945 5775 3035 5830 ubi
3068 5784 3222 5848 antea
3258 5775 3536 5848 legebatur
3564 5785 3619 5829 ut
3659 5776 3747 5845 qui
3788 5775 3948 5844 filius.

2425 5843 2490 5917 (i)
2520 5844 2578 5901 In
2603 5843 2730 5902 Solis
2751 5844 2931 5914 editis,
2956 5847 3205 5903 nesciens.
