4246 6260
333 312 438 372 9.01

1537 305 1628 364 DE
1668 303 2043 366 TRINITATE
2085 304 2290 366 LIBER
2328 307 2438 366 νη.

3537 313 3640 372 202

333 440 516 481 meum
565 423 915 497 pendentium
959 422 1150 490 loquor
1174 463 1190 490 ,
1235 430 1289 477 et
1328 432 1490 477 onme
1520 424 1788 478 sermonis
1837 423 1936 478 mei
1966 435 2021 496 Α
2114 426 2425 482 4.Veritatis
2451 427 2544 481 vis.
2575 424 2804 481 Ecclesia
2824 426 3046 482 simtsuo
3068 433 3236 483 tenere
3254 443 3428 484 omnes
3457 447 3648 504 perop-

333 518 436 572 iter
461 528 554 572 aut
575 519 839 590 angustiis
867 522 1219 586 praeruptum,
1251 522 1344 568 aut
1369 511 1539 568 foveis
1563 514 1814 579 incisum,
1841 521 1936 567 aut

335 609 542 682 laqueis
584 620 911 680 prtetensum
944 615 1046 661 est.
1091 605 1208 660 .lam
1248 604 1389 675 qttod
1421 604 1648 658 arduum
1693 619 1756 659 ac
1793 604 1936 660 difﬁ-

332 702 436 759 cile
461 703 553 770 sit,
589 702 768 757 minus
791 714 1137 771 conqueror:
1171 713 1277 753 non
1306 697 1441 752 meis
1480 696 1646 762 enim,
1679 695 1775 752 sed
1812 710 1937 767 apo-

331 797 542 854 stolicis
585 795 791 853 scendo
830 793 1108 867 gradibus.
1165 792 1295 848 Mihi
1354 807 1482 847 vero
1531 801 1626 847 aut
1675 792 1937 863 angustiis

337 891 414 965 (η)
455 891 743 958 decedere,
779 900 874 947 aut
898 892 952 945 in
979 889 1194 946 defossa
1223 887 1482 952 incidere,
1513 897 1605 942 aut
1630 887 1800 958 plagis
1820 887 1938 942 illa-

335 985 520 1056 queari
547 1029 562 1053 ,
595 998 812 1056 semper
855 983 908 1038 in
954 981 1236 1054 periculo,
1276 993 1496 1051 semper
1542 980 1594 1034 in
1637 986 1782 1034 metu
1828 986 1931 1034 est.

335 1076 705 1134 Pr:edieaturo
743 1076 890 1133 enim
929 1074 1225 1130 secundum
1266 1073 1438 1144 legem
1468 1080 1524 1128 et
1552 1074 1844 1143 prophetas
1883 1079 1939 1127 et

335 1172 629 1242 Apostolus
659 1186 822 1226 unum
865 1169 1056 1235 Deum,
1081 1168 1235 1225 adest
1263 1167 1392 1223 mihi
1419 1167 1687 1224 Sabellius
1712 1209 1727 1234 ,
1763 1175 1936 1222 totum

336 1279 431 1321 me
451 1266 550 1319 sub
569 1264 712 1320 verbi
730 1263 889 1334 hujus
911 1261 1246 1333 professione
1275 1269 1548 1333 tamquam
1566 1259 1936 1316 desideratum

338 1358 522 1414 cibum
561 1371 742 1413 morsu
778 1355 1077 1411 saevissimo
1105 1363 1477 1409 transvorans.
1520 1353 1816 1423 Negantem
1845 1366 1935 1406 me

334 1467 554 1508 rursum
585 1459 769 1508 contra
796 1449 1089 1506 Sabellium
1123 1463 1285 1502 unum
1321 1447 1487 1502 Deum
1513 1487 1529 1514 ,
1577 1454 1632 1502 et
1666 1447 1932 1503 conﬁten-

342 1553 452 1600 tem
482 1558 669 1599 verum
691 1543 857 1599 Deum
874 1541 965 1596 Dei
993 1540 1180 1609 ﬁlium,
1207 1547 1486 1610 exspectat
1515 1553 1651 1594 nova
1680 1538 1904 1595 haeresis
1922 1579 1936 1605 ,

337 1647 399 1692 ut
428 1652 459 1692 a
489 1651 575 1692 me
603 1636 739 1692 duos
764 1635 898 1690 deos
929 1643 1118 1705 arguat
1156 1632 1458 1705 praedicari.
1501 1631 1694 1686 Natum
1726 1645 1939 1701 quoque

339 1729 438 1786 Dei
463 1729 625 1784 ﬁlium
655 1743 721 1786 ex
750 1727 913 1782 Maria
937 1727 1170 1793 dicturo,
1196 1725 1402 1780 Hebion
1425 1723 1502 1794 (b)
1532 1722 1675 1794 quod
1703 1732 1786 1778 est
1801 1723 1942 1778 Pho-

2040 529 2131 572 tat.
2153 518 2237 573 Ea:
2255 521 2382 591 ipsis
2397 518 2672 574 hteresibus
2686 520 3023 590 cognoscitur.
3035 516 3151 574 Una
3169 529 3262 576 est.
3282 519 3359 575 De
3372 521 3647 576 hwresibus

2037 630 2089 669 se
2106 614 2316 667 invicem
2333 614 2645 668 vincentibus
2661 615 2976 686 triumphum
2988 615 3227 687 agit.Sed
3241 631 3302 671 ea
3311 624 3448 683 m,ut
3463 631 3646 687 spero,

2040 707 2280 763 Ecclesia
2307 707 2571 763 doctrina:
2591 722 2702 762 sua:
2730 708 2926 773 lucem,
2959 710 3119 764 etiam
3145 709 3518 780 imprudentia:
3543 724 3648 765 ste-

2039 798 2146 854 culi
2179 798 2430 867 invehet,
2461 808 2518 855 ut
2545 799 2670 855 licet
2698 798 2824 855 fidei
2875 809 3273 856 sacramentum
3321 817 3427 857 non
3477 800 3652 856 susci—

2042 891 2172 962 piat,
2222 900 2400 947 tamen
2451 891 2735 947 adversum
2792 890 3079 948 luereticos
3136 892 3419 950 veritatem
3467 905 3649 948 sacra-

2042 987 2266 1043 mentia
2297 988 2454 1044 nobis
2485 987 2752 1056 intelligat
2799 986 3103 1058 praedicari.
3131 988 3319 1058 Magna
3371 987 3516 1045 enim
3562 986 3648 1042 vis

2042 1088 2126 1136 est
2148 1079 2416 1145 veritatis,
2448 1094 2570 1150 qua:
2595 1094 2716 1135 cum
2744 1093 2840 1149 per
2866 1093 2926 1134 se
2955 1078 3034 1151 (Ii)
3062 1080 3286 1151 intelligi
3316 1080 3515 1150 possit,
3548 1095 3646 1152 per

2043 1187 2104 1229 ea
2134 1183 2312 1228 tamen
2338 1173 2450 1241 ipsa
2473 1187 2594 1242 qua:
2623 1172 2670 1226 ei
2715 1170 3072 1226 adversantur
3103 1171 3282 1227 elucet
3313 1189 3325 1226 :
3361 1181 3419 1227 ut
3464 1173 3516 1226 in
3545 1186 3646 1226 na-

2045 1275 2162 1322 tura
2198 1282 2292 1321 sua
2325 1265 2620 1320 immobilis
2654 1280 2914 1333 manens,
2946 1264 3254 1319 ﬁrmitatem
3285 1275 3490 1320 natura:
3535 1279 3647 1322 sua:

2043 1359 2287 1432 quotidie
2307 1358 2436 1414 dum
2465 1368 2762 1414 attentatur
2788 1359 3050 1429 acquirat.
3084 1359 3196 1412 lloc
3218 1359 3362 1414 enim
3391 1359 3649 1415 Ecclesiae

2046 1453 2324 1524 proprium
2354 1459 2470 1518 est,
2502 1462 2561 1508 ut
2583 1461 2710 1508 tunc
2739 1453 2958 1517 vincat,
2983 1467 3104 1508 cum
3138 1451 3374 1519 laeditur,
3407 1461 3534 1506 tunc
3562 1451 3647 1506 in-

2046 1548 2318 1619 telligatur
2338 1564 2458 1604 cum
2483 1547 2745 1618 arguitur,
2772 1555 2899 1603 tunc
2926 1547 3166 1602 obtineat
3192 1561 3314 1602 cum
3356 1546 3646 1604 deseritur.

2045 1640 2248 1697 Omnes
2276 1641 2492 1711 quidem
2529 1641 2618 1695 illa
2647 1655 2832 1697 secum
2880 1649 3041 1711 atque
3085 1639 3226 1695 intra
3274 1654 3335 1696 se
3383 1639 3446 1711 (ἱ)
3488 1639 3653 1695 vellet

2048 1749 2292 1800 manere,
2313 1749 2410 1790 nec
2442 1749 2508 1790 ex
2541 1733 3000 1805 tranquillissimis
3031 1733 3236 1788 sinibus
3264 1732 3380 1789 suis
3400 1733 3538 1789 alios
3557 1741 3653 1788 aut

339 1824 486 1880 tinus
513 1823 718 1878 assistit
743 1865 758 1889 ,
788 1823 1166 1877 auctoritatem
1213 1819 1477 1876 mendacii
1509 1819 1591 1873 sui
1633 1833 1697 1874 ex
1733 1817 1939 1889 profes-
1973 1835 2020 1895 Β
2047 1827 2304 1898 abjicere,
2333 1836 2425 1883 aut
2450 1827 2700 1898 perdere,
2722 1827 2848 1881 dum
2879 1826 3084 1896 indigni
3113 1826 3253 1881 ﬁunt
3273 1834 3434 1881 tanta:
3464 1825 3654 1884 matris

335 1919 508 1975 sionis
530 1917 758 1973 veritate
777 1925 1109 1985 sumpturus.
1138 1915 1212 1970 De
1239 1914 1453 1970 caeteris
1469 1922 1642 1982 taceo,
1661 1912 1742 1984 (t)
1761 1912 1851 1984 qui
1873 1913 1941 1968 ab

335 2012 592 2070 omnibus
622 2025 745 2066 esse
785 2018 936 2066 extra
986 2009 1287 2065 Ecclesiam
1329 2023 1436 2063 non
1466 2008 1800 2078 ignorantur.
1832 2006 1944 2062 lloc

339 2120 473 2162 vero
498 2107 810 2160 damnatum
855 2115 910 2160 et
955 2103 1222 2173 abiectum
1270 2102 1396 2157 licet
1461 2104 1798 2172 frequenter,
1851 2100 1943 2156 sed

340 2199 417 2272 (c)
436 2201 704 2255 internum
724 2197 885 2253 hodie
899 2196 1074 2252 adhuc
1101 2197 1298 2252 malum
1320 2204 1424 2251 est.
1453 2193 1620 2263 lmpie
1650 2194 1849 2250 multos
1877 2193 1943 2249 ad

336 2293 500 2349 unius
552 2292 646 2347 Dei
692 2291 1082 2363 professionem
1144 2290 1350 2346 Galatia
1403 2290 1484 2363 (ά)
1531 2291 1772 2345 nutrivit.
1808 2291 1944 2345 Male

274 2398 287 2405 ’
341 2385 503 2460 177
543 2387 596 2442 ill
637 2394 807 2441 totum
835 2401 973 2458 pene
1017 2384 1203 2441 orbem
1253 2399 1391 2456 quos
1436 2394 1594 2454 negat
1621 2384 1762 2439 duos
1811 2384 1944 2440 deos

340 2478 672 2534 Alexandria
695 2479 764 2550 (ε)
799 2477 1041 2548 pr0tulit.
1071 2477 1334 2533 Pestifere
1361 2485 1546 2532 natum
1576 2476 1760 2534 Jesum
1781 2475 1942 2532 Chri-

339 2579 486 2627 stum
511 2587 581 2627 ex
604 2570 766 2627 Maria
796 2569 1070 2626 Pannonia
1106 2568 1178 2642 (ι’)
1211 2569 1470 2626 defendit.
1503 2569 1570 2625 Et
1602 2569 1841 2626 Ecclesia
1872 2569 1946 2624 iu-

341 2676 432 2723 tcr
459 2665 575 2723 hate
605 2666 937 2737 periclitatur
970 2665 1254 2721 veritatem
1287 2679 1392 2720 non
1438 2673 1622 2721 tenere
1667 2680 1762 2734 per
1791 2678 1942 2728 vera,

339 2758 473 2814 dum
510 2773 576 2814 ea
599 2759 648 2814 ei
673 2758 740 2813 ad
770 2756 1221 2829 irreligiositatem
1254 2757 1570 2829 ingeruntur
1593 2801 1610 2827 ,
1634 2758 1829 2828 quibus
1860 2775 1949 2814 re-

341 2855 477 2927 ligio
517 2863 572 2910 et
612 2855 1001 2924 conﬁrmatur,
1046 2866 1100 2912 et
1143 2855 1377 2926 deperit.
1422 2855 1539 2912 Non
1581 2856 1724 2912 enim
1777 2873 1941 2913 unum

342 2948 520 3004 Deum
571 2947 656 3016 pie
705 2962 988 3018 possumus
1038 2948 1368 3019 prmdicare,
1408 2949 1454 3004 si
1504 2949 1676 3004 solum
1719 2950 1945 3020 (supple,

343 3039 730 3110 praedicamus)
763 3058 778 3093 :
811 3039 932 3108 quia
965 3055 1070 3094 non
1118 3041 1221 3096 erit
1249 3040 1391 3095 Deus
1432 3040 1574 3096 ﬁlius
1620 3042 1672 3096 in
1714 3041 1942 3097 Solitarii

347 3134 481 3190 ﬁde.
512 3135 582 3190 At
610 3149 738 3190 vero
771 3133 867 3191 Dei
896 3133 1099 3202 ﬁlium,
1127 3133 1268 3189 sicut
1302 3143 1405 3202 est,
1433 3134 1602 3192 Deum
1651 3135 1948 3206 prtediean-

2048 1921 2391 1977 habitaculo:
2424 1922 2518 1977 sed
2557 1921 2960 1978 discedentibus
3007 1936 3072 1975 ex
3126 1936 3190 1976 ea
3243 1919 3536 1988 haereticis,
3565 1918 3653 1976 vel

2045 2015 2291 2085 abjectis,
2321 2024 2578 2086 quantum
2610 2014 2808 2069 amittit
2823 2011 3128 2069 occasionis
3157 2012 3448 2084 largienda:
3481 2027 3547 2067 ex
3589 2025 3652 2067 se

2045 2108 2257 2174 salutis,
2284 2117 2488 2163 tantum
2521 2107 2591 2179 (j)
2613 2107 2929 2177 adsequitur
2949 2105 3016 2162 ad
3047 2105 3208 2161 tidem
3246 2105 3564 2177 expetendae
3586 2105 3655 2162 de

2047 2217 2106 2257 se
2126 2201 2492 2258 beatitudinis.
2549 2199 2817 2271 Cognosci
2859 2201 3002 2256 enim
3051 2199 3154 2254 hoc
3183 2214 3248 2256 ex
3281 2198 3413 2268 ipsis
3441 2199 3660 2254 haereti-

2047 2311 2234 2352 corum
2276 2295 2470 2351 studiis
2501 2295 2966 2365 promptissimum
2999 2302 3102 2349 est.
3132 2293 3372 2365 Namque
3402 2309 3524 2348 cum
3556 2293 3657 2350 Ec—

2047 2392 2211 2448 clesia
2240 2407 2271 2445 a
2303 2391 2530 2447 Domino
2557 2390 2824 2451 instituta,
2845 2399 2900 2444 et
2921 2389 2990 2445 ab
3015 2389 3286 2459 Apostolis
3313 2389 3653 2456 conﬁrmata,

2048 2501 2152 2542 una
2185 2487 2424 2542 omnium
2451 2485 2556 2552 sit,
2587 2500 2653 2540 ex
2690 2499 2791 2554 qua
2836 2499 2895 2539 se
2937 2482 3275 2538 diversarum
3319 2484 3656 2553 impietatum

2047 2581 2234 2636 furens
2258 2579 2416 2654 178
2435 2593 2591 2634 error
2605 2576 2916 2638 absciderit;
2947 2591 3043 2630 nec
3063 2576 3244 2645 negari
3266 2576 3457 2645 possit,
3480 2590 3546 2631 ex
3580 2575 3660 2630 vi-

2049 2673 2124 2728 tio
2173 2671 2246 2743 (It)
2303 2671 2458 2726 mala:
2520 2668 2885 2739 intelligentia:
2921 2709 2934 2733 ,
2987 2666 3108 2722 ﬁdei
3153 2667 3426 2722 exstitisse
3491 2666 3658 2723 dissi-

2049 2762 2196 2818 dium
2221 2805 2236 2828 ,
2277 2763 2404 2817 dum
2445 2761 2588 2831 quod
2639 2759 2870 2830 legitur,
2903 2758 3087 2813 sensui
3136 2757 3315 2827 p0tius
3354 2765 3657 2828 coaptatur,

2050 2873 2210 2930 quam
2243 2857 2458 2912 lectioni
2509 2870 2700 2912 sensus
2728 2855 3069 2924 obtemperat
3103 2871 3115 2905 :
3161 2863 3338 2907 tamen
3378 2853 3504 2907 dum
3555 2853 3659 2908 sibi

2051 2959 2234 3022 partes
2264 2950 2487 3021 singulae
2514 2949 2894 3014 adversantur,
2929 2962 3036 3002 non
3067 2946 3240 3001 solum
3272 2946 3412 3007 suis.
3438 2947 3531 3002 sed
3565 2946 3663 3003 ad-

2051 3040 2380 3098 versantium
2431 3049 2515 3096 est
2566 3039 2911 3110 intelligenda
2943 3037 3236 3103 doctrinis;
3295 3046 3351 3092 ut
3390 3037 3517 3092 dum
3565 3037 3662 3093 ad-

2052 3150 2268 3191 versum
2301 3150 2461 3189 uuam
2503 3149 2622 3188 eam
2651 3147 2845 3189 omnes
2873 3142 3000 3186 sunt
3021 3131 3423 3201 ,impiissimum
3476 3141 3656 3188 tamen

350 3239 433 3284 tes
461 3270 478 3297 ,
508 3227 878 3299 periclitamur
900 3228 978 3300 (in
1021 3228 1301 3286 hominum
1338 3227 1762 3303 existimatione)
1791 3229 1950 3287 ﬁdem
1978 3231 2024 3295 C
2056 3245 2296 3286 errorem
2324 3229 2566 3284 omnium
2597 3243 2691 3298 per
2719 3227 2770 3282 id
2790 3225 2933 3296 quod
2963 3225 3078 3281 sola
3103 3233 3190 3280 est
3215 3235 3376 3296 atque
3403 3240 3506 3279 una
3531 3241 3664 3282 eon—

347 3319 448 3376 Dei
514 3321 672 3376 unius
717 3335 824 3376 non
881 3330 1066 3379 tenere
1112 3339 1126 3376 :
1178 3329 1232 3376 et
1295 3321 1534 3392 ejusdem
1585 3322 1810 3394 periculi
1864 3339 1952 3379 res

349 3425 439 3472 est
463 3414 541 3487 (2)
572 3414 652 3490 (g)
682 3431 852 3472 unum
883 3431 1098 3486 negare,
1131 3415 1283 3486 cujus
1323 3423 1485 3471 estet
1505 3416 1805 3472 solitarium
1825 3431 1956 3472 con-

352 3509 521 3566 ﬁteri.
550 3509 616 3566 Et
635 3509 752 3566 haec
772 3510 987 3580 quidem
1012 3510 1194 3564 mundi
1223 3509 1386 3564 stulta
1407 3524 1512 3564 non
1540 3509 1798 3575 sentiunt,
1824 3509 1950 3564 dum

355 3602 443 3659 his
469 3619 644 3675 neque
672 3603 727 3660 in
756 3618 864 3660 non
895 3603 1014 3660 solo
1035 3601 1325 3675 signiﬁcari
1355 3615 1494 3659 unus
1517 3600 1750 3673 videtur,
1780 3619 1955 3675 neque

355 3696 413 3752 in
441 3710 550 3754 uno
575 3711 681 3754 non
709 3697 857 3753 solus
889 3694 1135 3769 intelligi.

436 3833 516 3976 (ιζ
539 3833 663 3904 quia
688 3833 752 3888 ab
778 3833 1034 3889 omnibus.

436 3905 494 3976 (Ξ
541 3904 613 3960 Ita
645 3906 781 3962 liber
809 3917 1017 3970 noster,

436 3901 513 3977 (2)
541 3901 613 3960 ha
645 3906 781 3962 liber
809 3917 1017 3970 noster,
1044 3911 1104 3960 ut
1140 3911 1258 3977 erat
1298 3903 1351 3958 in
1388 3901 1658 3977 prioribus
1706 3901 1960 3977 editioni.

354 3973 462 4033 bus
489 3973 506 4044 ξ
537 3992 694 4031 unum
727 3993 826 4032 non
849 3992 1057 4047 negare,
1089 3985 1145 4030 ut
1170 3975 1223 4030 in
1249 3983 1522 4046 postrema
1549 3974 1809 4042 habetur,
1841 3973 1958 4028 uul-

459 4108 513 4182 α)
539 4108 789 4175 Bad.,Er.
805 4117 856 4166 et
878 4108 1093 4182 quidam
1117 4122 1247 4164 mss.
1266 4107 1516 4179 angustiis
1535 4106 1788 4172 decidere,
1811 4104 1958 4182 L_i_ps.

359 4190 419 4238 et
437 4177 566 4252 Par.
591 4183 646 4236 in
669 4177 920 4252 angustiis
939 4181 1171 4252 decidere
1194 4197 1212 4235 :
1236 4177 1567 4250 castigantur
1587 4193 1653 4234 ex
1681 4192 1812 4232 mss.
1839 4177 1958 4231 Vat.

360 4254 510 4316 has,
539 4251 723 4318 Carm,
745 4250 940 4318 Mart.,
971 4250 1134 4307 Curb.
1166 4261 1273 4307 etc.

439 4324 518 4395 (b)
539 4323 747 4393 Lipsius
767 4335 903 4394 post.
928 4323 1017 4378 Er.
1041 4324 1130 4393 qui
1141 4333 1231 4378 est.
1255 4322 1602 4379 Recentiores
1619 4335 1749 4377 mss.
1775 4321 1870 4395 qui
1889 4329 1955 4375 et.

362 4391 784 4454 At'vettIStitvres
807 4410 929 4450 cum
948 4391 1078 4449 Bad'.
1110 4395 1244 4461 quod
1263 4405 1358 4460 est,
1383 4395 1533 4465 quasi
1565 4395 1662 4447 ltoc
1691 4402 1781 4465 est.
1814 4391 1958 4465 Pho-

362 4471 538 4522 tinutn
583 4476 758 4520 autem
796 4467 917 4521 ideo
959 4466 1252 4521 Hehionetn
1280 4463 1466 4531 vocat,
1497 4481 1602 4519 non
1651 4463 1812 4518 modo
1837 4464 1958 4534 quia

363 4539 621 4594 haeresim
652 4537 796 4592 illius
821 4536 1101 4592 suscitavit
1128 4579 1142 4598 .
1175 4537 1266 4592 sed
1297 4547 1350 4591 et
1380 4541 1499 4606 quia
1529 4537 1620 4591 lib.
1665 4551 1702 4599 ι,
1738 4537 1787 4588 in
1811 4549 1963 4602 argu-

362 4620 555 4666 mento
582 4609 743 4675 hujus
787 4609 932 4671 libri.
955 4609 1024 4664 de
1050 4608 1290 4663 llebione
1328 4607 1590 4679 agendum
1629 4608 1728 4662 sibi
1767 4620 1963 4679 prepo-

363 4691 577 4739 suerat.
609 4681 759 4735 Unde
787 4691 841 4734 et
870 4680 1063 4735 librum
1092 4679 1322 4749 primum
1356 4677 1482 4733 ante
1523 4684 1663 4734 hunc
1688 4677 1958 4749 composi—

365 4731 594 4813 {assist
617 4731 838 4806 vitam;
873 4731 1498 4806 istest":nassam.
1529 4731 1762 4820 iguiotam
1793 4731 1960 4802 fuisse
1986 4731 2042 4792 D

365 4826 531 4880 nobis
553 4822 720 4878 videri
745 4821 855 4892 jam
891 4826 1326 4891 praunonuimus.
1362 4822 1485 4876 Post
1509 4837 1675 4891 pauca
1713 4820 1768 4873 in
1787 4820 1965 4888 vulga-

366 4897 438 4950 tis
464 4912 532 4949 ca:
562 4897 876 4964 professione
903 4895 1151 4959 veritatis,
1183 4895 1270 4946 ubi
1296 4908 1360 4948 ex
1394 4908 1523 4947 mss.
1551 4893 1855 4947 restitutum
1881 4897 1964 4944 est

367 4985 434 5023 ca:
462 4966 797 5037 professionis
817 4967 1040 5037 veritate.

469 5033 521 5161 ξ)
553 5033 711 5092 Solus
740 5037 906 5091 codex
941 5035 1059 5090 Val.
1086 5035 1201 5089 bas.
1233 5035 1487 5089 internum
1513 5033 1644 5087 illud
1670 5034 1857 5086 adhuc.

516 5112 530 5161 l
559 5108 812 5161 Marcello
843 5109 1092 5161 videlicet
1118 5109 1344 5161 Ancvra:
1384 5109 1435 5159 in
1472 5106 1681 5160 Galatia
1707 5103 1854 5161 eoi~c

510 5112 530 5181 )
559 5108 812 5163 Marcello
843 5109 1092 5161 videlicet
1118 5109 1344 5181 ᾼιιεγνω
1384 5109 1435 5181 in
1472 5106 1681 5181 Galatia
1707 5103 1962 5181 e_pi~c_Opq

369 5172 712 5253 praséitptorc
734 5181 1095 5253 acmagistro.
1111 5172 1312 5253 ‘Neq'ue
1336 5179 1479 5232 enim
1501 5172 1755 5253 adeliud
1773 5172 1961 5253 referri

371 5239 581 5319 queunt
611 5251 727 5306 hate
757 5239 1066 5321 Hieronymi
1090 5249 1168 5321 de
1193 5239 1390 5317 script.
1414 5248 1548 5321 eccl.
1582 5247 1960 5321 iu‘hlarcello;

376 5317 486 5379 Sed
513 5333 560 5376 et
596 5323 834 5377 Hilarius
861 5317 1074 5392 septimo
1105 5320 1369 5374 adversum
1396 5320 1615 5392 Arianos
1637 5317 1765 5372 libro
1801 5317 1965 5392 nomi-

375 5397 460 5449 nis
485 5398 596 5468 ejus
612 5396 767 5468 quasi
788 5388 1015 5468 lucretici
1042 5394 1308 5468 meminit:
1329 5392 1418 5468 ubi
1444 5391 1798 5468 Hieronymus
1826 5388 1964 5468 hiar-

375 5463 573 5520 celltim
609 5463 679 5520 ita
724 5463 889 5519 dubio
917 5466 1100 5534 procul
1142 5464 1424 5524 intellexit,
1456 5469 1513 5515 ut
1533 5465 1694 5516 etiam
1723 5463 1969 5514 nomina-

378 5548 494 5594 tum
518 5537 816 5606 scripserit,
850 5536 1106 5590 memoria
1124 5535 1351 5606 forsitan
1383 5538 1451 5588 ita
1479 5543 1822 5606 suggerente.

455 5609 530 5680 (ε)
559 5602 713 5675 Αιῖὶο,
740 5610 813 5662 uti
843 5621 1029 5680 omnes
1049 5605 1250 5680 vident,
1279 5616 1530 5680 apetore:
1561 5605 1830 5680 quiduos
1835 5602 1968 5657 deos

379 5680 434 5735 in
463 5673 650 5736 orbem
673 5673 902 5743 invexit,
927 5695 1046 5734 cum
1066 5677 1279 5732 Patrem
1302 5676 1471 5732 Deum
1489 5691 1550 5732 ac
1575 5675 1764 5730 Filium
1795 5673 1964 5729 Deum

379 5752 567 5808 dicens
595 5761 648 5806 et
699 5752 918 5815 colens,
951 5759 1238 5818 utrumque
1286 5747 1511 5802 diversa:
1540 5747 1855 5818 substantia:
1877 5760 1968 5818 as-

381 5825 553 5881 seruit
572 5845 585 5880 :
605 5823 886 5894 iactitabat
901 5832 1078 5876 tamen
1099 5817 1163 5875 se
1185 5835 1348 5876 unum
1374 5819 1596 5876 omnino
1613 5817 1781 5875 Deum
1807 5817 1966 5881 velle,

826 5920 1104 5982 ΡΑτιιοι.
1179 5916 1264 5980 Χ.

2056 3323 2213 3380 futet.
2268 3321 2516 3378 llaeretiei
2563 3321 2725 3393 igitur
2769 3335 2960 3376 omnes
3006 3328 3193 3376 contra
3224 3317 3520 3374 Ecclesiam
3573 3335 3667 3377 vc—

2058 3418 2214 3474 niunt
2243 3435 2256 3472 :
2291 3416 2383 3472 sed
2407 3416 2533 3472 dum
2564 3414 2806 3470 haeretici
2837 3429 3027 3470 omnes
3056 3429 3116 3470 se
3146 3411 3378 3470 invicem
3415 3413 3662 3480 vincunt,

2058 3511 2192 3566 nihil
2217 3518 2396 3566 tamen
2428 3507 2531 3565 sibi
2561 3516 2800 3564 vmcunt.
2827 3507 3064 3562 Victoria
3096 3507 3240 3563 enim
3290 3523 3475 3564 eorum
3499 3551 3513 3577 ,
3561 3508 3663 3564 Ec-

2059 3604 2239 3660 clesia:
2270 3601 2572 3673 triumphus
2599 3600 2930 3657 exomnihus
2956 3608 3061 3669 est,
3087 3599 3166 3673 (5)
3197 3600 3324 3657 dum
3353 3617 3419 3658 eo
3440 3601 3664 3657 ltmresis

2060 3705 2246 3753 contra
2271 3696 2495 3752 alteram
2528 3702 2751 3766 pugnat,
2779 3695 2921 3766 quod
2951 3695 3003 3751 in
3033 3695 3227 3752 haeresi
3274 3698 3442 3754 altera
3479 3697 3666 3754 Eccle-

2063 3831 2166 3887 lius
2190 3831 2414 3904 periculi
2437 3846 2525 3887 res
2553 3840 2720 3887 esset.

2140 3902 2217 3976 (ὅ)
2247 3902 2387 3957 Dum
2413 3905 2466 3958 in
2493 3918 2572 3957 eo.

2068 4102 2205 4158 duos
2233 4114 2451 4172 negare.
2486 4097 2642 4172 Unde
2692 4097 3024 4168 Augustinus
3079 4109 3264 4158 contra
3311 4100 3658 4164 Maximinum

2067 4173 2282 4229 Ariana!
2310 4171 2473 4228 Secta:
2501 4171 2761 4226 fautorem
2792 4172 2883 4226 lib.
2929 4188 2972 4238 ι,
3003 4189 3053 4227 c.
3087 4175 3112 4230 1
3148 4192 3161 4227 :
3197 4174 3295 4230 Ubi
3321 4179 3441 4231 aisti
3462 4197 3493 4233 a
3519 4181 3660 4235 vobis

2067 4262 2228 4300 unum
2261 4244 2424 4318 Deum
2457 4243 2558 4298 coli
2578 4260 2596 4296 :
2637 4259 2947 4311 consequens
2967 4255 3040 4299 est
3060 4287 3074 4309 ,
3097 4245 3334 4318 inquam,
3364 4260 3422 4303 ut
3452 4263 3538 4305 aut
3557 4269 3662 4307 non

2065 4318 2243 4442 gelatis
2271 4315 2530 4371 Christum
2558 4356 2572 4383 ,
2602 4326 2690 4368 aut
2740 4331 2842 4368 non
2875 4331 3032 4370 unum
3083 4315 3253 4372 Deum
3301 4322 3479 4376 colatis
3499 4364 3514 4390 ,
3571 4323 3661 4380 scd

2103 4405 2215 4442 uos.

2103 4405 2215 4443 uos.

2138 4459 2208 4535 (ί)
2253 4459 2386 4514 Puta
2432 4473 2529 4528 per
2569 4455 2862 4535 ‘Photiuum
2919 4457 3270 4535 Sirmicnsem
3299 4463 3607 4535 episcopum
3641 4505 3658 4531 ,

2067 4529 2222 4600 cujus
2251 4545 2404 4585 error
2432 4545 2536 4583 non
2563 4529 2619 4600 in
2645 4543 2710 4600 eo
2729 4529 2815 4582 hic
2837 4534 3089 4600 ponitur,
3120 4534 3261 4598 quod
3291 4529 3560 4589 Christum
3590 4529 3657 4591 ex

2070 4599 2233 4656 maria
2265 4613 2448 4656 natum
2481 4599 2774 4673 defendat,
2795 4600 2888 4654 sed
2929 4599 3071 4669 quod
3103 4608 3480 4673 temporariam
3511 4607 3656 4661 illam

2071 4674 2405 4727 nativitatem
2433 4676 2602 4726 solam
2633 4672 2909 4739 praedicet.

2142 4743 2220 4816 (g)
2253 4743 2394 4798 Editi
2423 4753 2648 4818 excepto
2677 4743 2797 4796 Par.
2823 4758 2982 4795 unum
3014 4741 3181 4798 Deum
3229 4762 3434 4818 negare.
3467 4747 3659 4805 Verius

2068 4815 2192 4888 Par.
2225 4830 2345 4868 cum
2381 4816 2676 4888 potioribus
2707 4829 2836 4888 mss.
2866 4831 3024 4888 unum
3050 4832 3149 4869 non
3173 4815 3388 4888 negare:
3430 4821 3530 4876 ltoc
3551 4833 3655 4883 est,

2067 4886 2160 4954 qui
2189 4903 2352 4960 unum
2386 4887 2602 4960 Arianis
2650 4887 3200 4960 prmdicatttihttinon
3227 4886 3403 4960 fnegat
3433 4933 3446 4953 ,
3477 4894 3655 4947 statim

2064 4973 2188 5082 1eum
2219 4957 2406 5012 iisdem
2443 4957 2654 5010 videtur
2699 4957 2908 5024 facere,
2949 4964 3004 5010 ct
3045 4956 3181 5013 Filio
3207 4956 3536 5018 divinitatem
3565 4980 3662 5019 au-

2088 5045 2229 5082 erre.

2088 5045 2229 5084 erre.

2143 5099 2224 5173 (It)
2257 5100 2374 5173 ΕΓ..
2417 5098 2562 5169 Lips.
2591 5108 2646 5154 et
2666 5099 2811 5173 ‘Par.
2853 5099 3073 5172 intelligi
3101 5118 3199 5155 non
3229 5105 3422 5170 possit:
3449 5105 3584 5162 male
3610 5119 3665 5164 et

2067 5171 2270 5243 praeter
2290 5171 2448 5243 ﬁdem
2481 5185 2630 5243 mss.
2665 5171 2836 5243 Porro
2864 5174 3003 5241 quod
3027 5171 3135 5228 hic
3162 5173 3229 5228 de
3261 5177 3486 5232 veritate
3511 5219 3524 5239 ,
3558 5178 3662 5235 hoc

2074 5241 2198 5316 mox
2229 5242 2427 5316 clarius
2445 5242 2524 5316 _de
2554 5241 2793 5316 Ecclesia
2838 5244 3167 5316 alﬁrmatur,
3202 5257 3255 5299 ut
3291 5262 3407 5316 qua!
3451 5265 3551 5303 non
3578 5268 3664 5306 s0-

2073 5314 2305 5386 luntsttis
2323 5354 2338 5377 ,
2365 5311 2454 5386 sed
2481 5313 2864 5386 adversantium
2889 5325 2964 5368 est
2998 5311 3330 5386 intelligenda
3358 5320 3625 5376 doctrinis.

2148 5383 2210 5463 (ξ)
2231 5383 2348 5438 Vat.
2380 5382 2490 5463 bas.
2524 5383 2749 5463 ms._pult
2775 5401 2994 5439 manere.
3019 5386 3140 5440 Mox
3163 5382 3270 5443 soli
3292 5389 3445 5457 editi,
3468 5393 3667 5463 aliquos

2074 5452 2328 5526 abjicere:
2352 5452 2744 5526 refragantibus
2782 5470 2911 5510 mss.

2149 5525 2216 5596 (ᾔ)
2243 5525 2593 5598 Martinianus
2621 5527 2792 5579 codex
2814 5567 2827 5588 .
2858 5529 3203 5598 consequitur.
3230 5528 3355 5587 Par.
3380 5547 3500 5588 cum
3532 5552 3664 5594 mss.

2076 5595 2230 5653 Coll).
2255 5609 2305 5652 et
2324 5595 2508 5677 Germ.
2531 5613 2592 5651 cx
2612 5598 2858 5666 sequitur.
2886 5595 3088 5656 Deinde
3108 5602 3270 5657 (lorb.
3297 5605 3665 5677 expendendtc,

2076 5684 2189 5740 non
2207 5669 2524 5740 expetendae.

2151 5738 2226 5812 (k)
2262 5738 2317 5794 l'n
2347 5754 2486 5820 ιιι-ἓξ..
2508 5739 2761 5820 bas.__V_'at.
2792 5752 2846 5796 et
2875 5740 3049 5820 Mart;
3058 5744 3192 5798 male
3206 5746 3490 5820 intellecta:
3516 5750 3672 5820 ﬁdei:

2078 5810 2353 5883 corrupte.
2391 5810 2602 5868 Videsis
2624 5812 2716 5868 lib.
2751 5827 2810 5882 tt,
2842 5829 2992 5870 ntuu.
3018 5815 3090 5883 ὃς
3123 5824 3179 5872 et
3205 5819 3299 5874 lib.
3336 5835 3374 5888 ι,
3424 5837 3480 5877 n.
3516 5810 3602 5880 '18.

3123 5915 3164 5974 7
