4246 6260
580 318 689 392 2οξ
1775 308 2019 379 εΑΝοτι
2057 310 2167 373 BIL

2277 307 2318 369 Ii
2346 298 2657 371 EPISCOPI
3789 289 3895 371 soi

579 441 674 497 sise
697 437 833 497 lides
852 436 1076 497 damnat
1091 432 1249 507 (nihil
1267 433 1412 495 enim
1434 429 1700 503 est,quod
1731 428 2002 486 haereticis
2031 441 2180 483 como
2213 431 2262 495 Α
2288 423 2581 481 Sabellium
2607 420 2711 479 sibi
2739 419 2937 477 adsint.
2966 418 3192 489 Legisse
3211 432 3271 477 se
3292 425 3557 487 asserent,
3595 417 3751 474 Pater
3780 436 3896 476 ma-

576 545 740 587 mune
764 529 887 601 est)
914 546 926 583 :
959 535 1014 585 et
1038 526 1180 583 inter
1211 526 1328 581 hare
1367 521 1529 583 iidem
1577 530 1819 581 nostram
1842 561 1858 588 ,
1897 519 2026 577 dum
2068 517 2171 573 sibi
2270 517 2361 588 jor
2383 532 2463 570 me
2489 525 2563 570 est
2590 512 2789 586 (Joan.
2821 529 2933 578 xtv,
2964 512 3074 585 28)
3107 530 3120 565 :
3149 522 3205 569 et
3235 512 3367 569 nihil
3390 512 3472 569 vel
3496 528 3565 569 ex
3595 512 3895 568 nativitatis

577 625 957 697 adversantur,
985 620 1281 687 affirmant.

648 741 706 797 5.
739 737 954 796 Sabellii
979 750 1122 791 error
1150 736 1363 807 ejusque
1388 730 1771 803 confutatio.-—
1790 727 1968 785 Unum
2003 725 2172 781 Deum

576 830 841 891 Sabeliius
877 828 1134 901 praedicat
1164 825 1285 881 Filii
1331 825 1609 880 nativitate
1656 821 1866 877 sublata
1889 861 1905 887 ,
1937 819 2014 890 (a)
2044 817 2171 874 dum

575 935 780 980 naturae
811 922 1097 986 Virtutem,
1128 934 1251 986 aute
1278 927 1499 989 operata
1525 918 1580 971 in
1606 916 1826 971 homine
1851 921 1971 980 est,
2005 912 2172 966 Deum

572 1033 695 1076 esse
731 1032 840 1073 non
878 1015 1122 1087 ambigit.
1148 1014 1501 1072 sacramento
1538 1011 1743 1069 etenim
1776 1008 1872 1063 lilii
1901 1008 2169 1079 ignorata,

571 1127 669 1183 per
697 1120 969 1183 gestorum
999 1108 1418 1165 admirationem
1448 1107 1608 1163 tidem
1638 1120 1780 1162 verte
1805 1103 2175 1176 generationis

570 1205 751 1261 amisit
782 1222 795 1258 :
825 1214 880 1261 et
912 1204 1041 1259 dum
1072 1202 1244 1270 audit,
1278 1201 1382 1268 Qui
1423 1216 1505 1254 me
1543 1199 1691 1265 vidit,
1722 1198 1848 1253 vidit
1886 1206 1937 1253 et
1964 1195 2176 1250 Patrem

570 1297 751 1371 (Joan.
784 1311 895 1364 xtv,
926 1296 1007 1371 9),
1043 1296 1349 1351 indiscreta:
1377 1302 1433 1349 et
1460 1291 1538 1365 (ὁ)
1570 1291 1908 1348 lndissimilis
1937 1292 1989 1344 in
2016 1289 2177 1345 Patre

566 1402 623 1449 et
644 1392 754 1446 lilio
775 1399 980 1446 naturae
1003 1387 1166 1459 impie
1192 1386 1420 1457 arripuit
1439 1386 1716 1451 unionem,
1736 1399 1843 1440 non
1868 1383 2177 1454 intelligens

569 1484 874 1539 naturalem
939 1481 1205 1536 unitatem
1274 1478 1375 1536 sub
1438 1477 1737 1533 nativitatis
1784 1475 2179 1548 significatione

576 1575 868 1631 monstrari
901 1592 915 1631 :
945 1589 1068 1630 cum
1105 1588 1200 1642 per
1228 1571 1304 1638 id,
1333 1570 1476 1643 quod
1504 1570 1559 1626 in
1592 1569 1729 1625 Filio
1760 1570 1918 1624 Pater
1938 1567 2174 1635 videtur,

568 1668 911 1724 conﬁrmatio
954 1665 1255 1722 divinitatis
1293 1664 1400 1731 sit,
1432 1678 1544 1719 non
1585 1661 1883 1718 nativitatis
1923 1660 2173 1717 abolitio.

568 1760 817 1830 Cognitio
836 1758 1022 1830 itaque
1049 1759 1273 1815 alterius
1301 1758 1353 1812 in
1381 1757 1555 1812 altero
1574 1767 1681 1823 est,
1701 1756 1827 1826 quia
1852 1770 1960 1812 non
1991 1754 2174 1811 differt

2274 624 2425 666 sacra
2433 607 2727 674 tnento,vel
2740 623 2808 663 ex
2823 608 3079 677 mysterio
3089 608 3331 665 evacuati
3346 621 3375 663 a
3387 621 3448 663 se
3467 606 3560 665 Dei
3575 616 3628 663 et
3644 620 3898 677 assump-

2276 713 2343 759 t:e
2360 701 2542 759 carnis
2560 701 2938 771 intelligentes,
2960 708 3163 757 naturae
3175 699 3374 759 facient
3386 697 3458 774 (ε)
3472 699 3898 757 deminutionem

2276 795 2613 867 professione
2625 794 2865 865 majoris.
2881 792 3222 855 Contendant
3242 793 3388 857 enim
3401 792 3685 853 adversum
3704 791 3899 851 Sabel-

2275 890 2431 955 lium,
2454 888 2648 949 Filium
2672 902 2792 947 esse
2807 902 3079 959 eousque,
3108 886 3421 947 utetminor
3452 884 3613 945 Patre
3649 886 3743 951 sit.
3769 892 3899 945 utet

2278 980 2539 1043 honorem
2555 980 2886 1049 prreteritum
2908 987 3176 1048 reposcat,
3198 986 3255 1035 et
3272 978 3414 1037 mori
3439 979 3626 1034 timeat
3649 994 3662 1031 :
3682 987 3736 1041 et
3752 990 3901 1035 mor-

2278 1082 2405 1130 tuus
2423 1075 2512 1129 sit.
2529 1073 2730 1133 Contra
2744 1071 2981 1129 veroille
3002 1071 3317 1144 (Sabellius)
3333 1078 3578 1127 naturam
3599 1070 3692 1133 Dei
3709 1069 3900 1131 defer

2276 1166 2356 1223 dit
2382 1165 2454 1239 (Ι)
2484 1166 2534 1220 in
2562 1167 2756 1237 gestis:
2779 1173 2964 1225 etcum
2980 1179 3146 1219 unum
3179 1163 3345 1229 Deum
3368 1162 3578 1221 novella
3600 1160 3716 1217 haec
3752 1175 3899 1217 nunc

2279 1259 2508 1317 haeresis
2523 1274 2630 1314 non
2656 1258 2892 1329 negabit,
2918 1272 2986 1315 ne
3012 1256 3177 1321 tilium
3202 1256 3369 1312 Deum
3392 1254 3598 1321 credat;
3630 1254 3902 1317 Sabellius

2295 1363 2477 1415 tamen
2507 1352 2676 1411 Deum
2708 1368 2896 1420 unum,
2925 1367 2995 1411 ne
3022 1352 3163 1409 filius
3188 1349 3412 1406 omnino
3438 1357 3646 1416 exstet,
3680 1349 3735 1402 in
3767 1362 3895 1417 pro-

2283 1445 2518 1503 fossione
2538 1445 2814 1509 retinebit.
2840 1444 2938 1503 Hic
2962 1441 3174 1516 (Arius)
3198 1438 3366 1499 ﬁlium
3396 1452 3710 1513 operantem
3743 1442 3901 1511 inge-

2285 1547 2367 1594 ret
2400 1555 2413 1592 :
2441 1537 2535 1594 hic
2563 1534 2882 1611 (Sabellius)
2914 1537 3081 1593 Deum
3124 1535 3177 1593 in
3204 1535 3467 1606 operibus
3504 1548 3633 1593 esse
3670 1544 3900 1591 conten-

2280 1630 2392 1685 det.
2415 1629 2513 1688 Hic
2536 1645 2700 1689 unum
2721 1630 2865 1685 dicet
2895 1646 2909 1683 :
2941 1626 3020 1701 (2)
3039 1626 3116 1701 (ς)
3140 1626 3242 1683 iste
3272 1642 3439 1693 unum
3467 1625 3635 1682 Deum
3652 1627 3894 1698 negabit.

2281 1721 2551 1781 Sabellius
2596 1736 2656 1778 se
2704 1724 2776 1777 ita
2814 1721 3052 1779 tuebitur
3091 1719 3310 1785 dicens,
3342 1717 3553 1788 Opera,
3581 1734 3701 1789 quae
3741 1730 3899 1791 gesta

568 1810 816 1909 nisi;
837 1810 1032 1907 11.1.};
1052 1810 1268 1907 3.1;;
1296 1810 1315 1903 ζ
1340 1810 1621 1918 εζίιὶάιιξ)
1650 1810 1784 1902 iisin
1805 1810 2083 1909 ditiorum,
2101 1810 2167 1900 in

2284 1825 2410 1899 sunt
2432 1824 2625 1886 praeter
2646 1830 2821 1886 quam,
2833 1813 2928 1871 Dei
2960 1822 3152 1869 natura
3180 1827 3288 1868 non
3312 1810 3477 1869 eflicit
3508 1828 3523 1864 :
3546 1818 3899 1882 peccatorum

568 1959 637 2001 eo
665 1942 742 2015 (c)
778 1942 1091 1999 indifferens
1120 1940 1505 2010 contemplatio
1523 1947 1609 1995 est
1632 1937 1702 1994 de
1730 1938 2061 2008 proprietate
2086 1952 2178 1992 ua-

571 2041 727 2092 tum.
760 2036 870 2092 Nec
895 2050 1029 2092 sane
1074 2034 1272 2103 ambigi
1299 2041 1513 2103 potest,
1541 2031 1670 2101 quin
1714 2046 1784 2087 ex
1824 2046 1885 2088 se
1937 2032 2175 2101 speciem

566 2130 661 2186 Dei
691 2129 878 2185 forma:
901 2169 917 2195 ,
941 2129 1032 2198 qui
1061 2126 1117 2183 in
1162 2127 1337 2182 forma
1369 2126 1468 2182 Dei
1514 2126 1803 2189 manebat,
1827 2125 2169 2181 ostenderet.

567 2222 821 2279 Succedit
847 2236 1062 2293 quoque
1088 2219 1155 2275 ad
1200 2221 1360 2291 hujus
1407 2235 1588 2290 prava
1631 2220 1902 2289 opinionis
1944 2219 2169 2274 stultum

571 2317 806 2371 furorem
859 2315 1022 2369 etiam
1067 2316 1170 2368 hoc
1216 2312 1419 2368 dictum
1468 2312 1726 2366 Domini:
1759 2310 1874 2383 Ego
1912 2323 1961 2366 et
2008 2309 2171 2365 Pater

573 2423 737 2463 unum
757 2423 935 2463 suam
971 2404 1156 2479 (Jaan.
1189 2420 1247 2471 x,
1277 2406 1395 2476 50).
1418 2404 1636 2460 Natura:
1659 2405 1807 2460 enim
1839 2404 2174 2460 indissimilis

574 2500 755 2555 unitas
779 2499 1078 2566 irreligioso
1101 2499 1121 2565 (
1135 2495 1183 2571 Ι)
1210 2498 1277 2553 ad
1299 2497 1518 2552 unionis
1550 2496 1777 2567 profecit
1804 2512 2043 2555 errorem
2079 2514 2092 2550 :
2119 2506 2178 2553 et

564 2592 831 2648 rationem
857 2591 985 2648 dicti
1020 2588 1182 2663 119
1210 2591 1381 2646 virtus
1405 2590 1519 2646 sola
1549 2590 1820 2649 intellecta
1847 2603 1953 2647 non
1977 2590 2170 2645 tenuit.

559 2681 677 2742 Non
700 2685 845 2742 enim
866 2685 1166 2742 solitarium
1189 2684 1478 2757 significat,
1507 2684 1616 2757 Ego
1637 2694 1685 2740 et
1707 2684 1867 2741 Pater
1892 2700 2054 2739 unum
2077 2700 2171 2738 su-

561 2796 699 2836 mus.
721 2780 855 2837 Nam
902 2779 1216 2847 coniunctio
1241 2793 1305 2833 ea
1327 2818 1344 2845 ,
1372 2794 1494 2849 qua:
1521 2779 1791 2849 signiﬁcat
1842 2788 1891 2832 et
1935 2786 2168 2847 patrem,

562 2871 971 2943 intelligentiam
1000 2885 1107 2927 non
1154 2870 1391 2926 admittit
1428 2871 1584 2927 unius
1616 2887 1629 2925 :
1658 2880 1715 2927 et
1764 2870 1892 2925 illud
1919 2867 2002 2942 (d)
2027 2868 2174 2940 quod

561 2981 761 3032 sumus,
788 2979 895 3020 non
918 2965 1121 3035 patitur
1146 2964 1477 3033 singularem
1503 2962 1643 3018 :hoc
1669 2978 1801 3018 vero
1831 2961 1978 3031 quod
2010 2977 2172 3017 unum

561 3066 762 3121 sumu‘s,
780 3071 885 3113 non
917 3057 1254 3113 nativitatem
1279 3056 1490 3123 adimit,
1516 3056 1613 3111 sed
1641 3063 1887 3111 naturam
1917 3070 2029 3111 non
2049 3054 2167 3110 dis-

560 3151 739 3208 cernit
790 3149 844 3205 in
874 3165 1108 3221 genere;
1141 3147 1268 3209 dum
1296 3163 1472 3220 neque
1490 3164 1655 3205 unum
1678 3147 2013 3204 diversitatis
2052 3156 2163 3216 est,

562 3270 663 3313 nec
689 3270 868 3312 sums
893 3255 1050 3313 unius
1075 3262 1181 3311 est.

632 3369 687 3425 6.
720 3368 789 3425 Ut
818 3367 1078 3425 Sabellius
1104 3379 1151 3424 et
1175 3368 1331 3424 Arius
1367 3383 1540 3423 secum
1572 3375 1857 3441 pugnantes
1883 3382 1989 3422 rem
2014 3384 2170 3441 agant

565 3468 913 3527 Ecclesiw.—
933 3469 1231 3541 Compinge
1258 3469 1419 3541 hujus
1437 3469 1707 3542 (Sabellii)
1732 3468 1900 3529 furori
1931 3485 2172 3540 praesen-

563 3573 700 3629 tium
721 3572 1104 3633 haereticorum
1131 3571 1499 3645 (Arianorum)
1524 3570 1787 3646 furorem,
1810 3583 1869 3632 ut
1884 3574 2172 3634 adversum

660 3706 717 3765 ii
750 3706 831 3762 Ad
856 3707 1028 3765 statim.

660 3708 685 3762 i
750 3706 831 3762 Ad
856 3707 1028 3765 statim.

633 3706 717 3852 iii
742 3777 849 3835 Iste
873 3795 1034 3832 autem
1058 3777 1258 3849 negabit
1291 3778 1346 3833 iu
1367 3793 1471 3834 ms.
1493 3777 1697 3836 Veron.

632 3890 707 3962 (a)
740 3890 895 3966 Bad.,
933 3890 1024 3945 Er.
1058 3900 1113 3966 et
1141 3905 1243 3945 ms.
1275 3890 1442 3966 cori).
1474 3891 1673 3966 aliique
1704 3891 2039 3966 pauci,_dttm
2063 3909 2155 3966 per

560 3961 760 4016 naturae
788 3963 1040 4017 virtutem.
1068 3961 1185 4016 Mox
1208 3962 1370 4032 apud.
1386 3962 1533 4032 Lips.
1556 3961 1610 4017 ct
1632 3963 1780 4029 Par.,
1805 3961 1904 4017 Dei
1928 3961 2159 4019 essenon

563 4032 807 4105 ambigit,
859 4047 969 4105 ms;
1016 4033 1230 4105 Martini.
1276 4033 1393 4087 solo
1420 4032 1764 4105 suli‘i-agante.
1798 4034 1947 4090 Hunc
1975 4038 2153 4091 locum

561 4103 899 4175 siciniitatur
931 4102 1216 4175 Faustitms
1241 4119 1386 4173 sazpe
1409 4104 1519 4173 jam
1542 4102 1790 4160 laudatus
1808 4121 1926 4175 cap.
1952 4107 1977 4159 1
2008 4126 2023 4160 :
2054 4106 2161 4162 Sa-

560 4172 741 4248 bellius
762 4173 1103 4248 adrrg’ratione
1131 4172 1370 4248 virtutum
1416 4172 1547 4248 quas
1568 4175 1799 4233 Christus
1827 4172 2151 4248 operabatur,

562 4243 820 4298 Christum
849 4240 1018 4299 Deum
1046 4261 1152 4300 esse
1178 4246 1375 4300 credit:
1407 4240 1472 4300 ad
1523 4240 1869 4311 superiorum
1900 4240 2158 4305 imitatio-3

561 4330 685 4389 ueni
715 4312 911 4370 deinde
937 4315 1224 4389 sulijicietts
1248 4357 1263 4380 ,
1296 4315 1553 4389 Sabellius
1582 4319 1746 4372 vincat
1784 4318 1986 4381 Arium.
2018 4322 2153 4389 quod

561 4383 796 4439 Christus
824 4403 968 4440 verus
1020 4383 1155 4439 Dens
1199 4397 1310 4441 est:
1336 4397 1380 4440 et
1426 4388 1579 4442 Arius
1610 4390 1773 4443 vincat
1826 4383 2109 4446 Sabellinm
2136 4433 2150 4456 ,

558 4457 697 4525 quod
727 4457 959 4531 Christus
986 4457 1078 4531 sub
1123 4458 1442 4531 confessione
1480 4462 1583 4514 veri
1616 4460 1708 4519 Dei
1740 4477 1887 4517 verus
1932 4473 1982 4518 et
2011 4464 2154 4531 [ilius

558 4536 663 4583 est:
691 4537 736 4582 et
763 4528 887 4595 nti/ti
909 4527 1160 4583 catholico
1189 4527 1337 4584 ambo
1364 4530 1613 4595 vicerunt,
1646 4542 1753 4588 etc.
1779 4531 1845 4591 Ut
1872 4527 2020 4590 enini
2041 4536 2154 4589 ele-

558 4610 747 4669 ganter
774 4597 1105 4672 adfluentem
1133 4601 1313 4672 llilarii
1337 4604 1504 4656 nostri
1533 4602 1845 4671 nitVigilius
1867 4603 2028 4672 Talis.
2057 4606 2152 4660 lib.

560 4685 598 4724 ll
625 4679 811 4724 contra
850 4671 1074 4742 Eutych.
1113 4690 1125 4723 :
1150 4670 1452 4726 lnconsonw
1473 4670 1788 4741 perﬁdorum
1813 4670 2075 4730 sententia:
2103 4679 2161 4731 in

2192 3243 2245 3307 C

2280 1907 2549 1977 remissio,
2596 1907 2806 1964 curatio
2854 1907 3254 1973 inlirmitatum,
3303 1904 3619 1965 claudornm
3669 1918 3887 1974 cursus,

2277 2016 2546 2056 caecorum
2574 2000 2740 2068 visus,
2774 2006 3111 2055 mortuorum
3145 1997 3254 2054 vita
3283 2012 3315 2052 a
3348 1997 3459 2054 Deo
3484 1996 3604 2052 solo
3626 2004 3730 2052 est.
3760 1995 3887 2061 Non

2284 2094 2389 2150 alia
2415 2103 2607 2151 natura
2629 2133 2647 2161 ,
2669 2108 2830 2163 quam
2860 2108 2980 2165 quae
3008 2093 3091 2148 sui
3119 2092 3336 2148 conscia
3357 2102 3474 2160 est,
3505 2092 3752 2159 diceret,
3778 2090 3900 2164 Ego

2276 2195 2325 2245 et
2349 2185 2509 2241 Pater
2535 2202 2695 2241 unum
2716 2202 2892 2240 sumus
2919 2183 3111 2257 (Joan.
3147 2200 3205 2252 x,
3234 2183 3352 2253 50).
3380 2183 3519 2251 Quid
3551 2199 3638 2239 me
3665 2184 3722 2239 in
3751 2183 3886 2240 sub-

2283 2279 2536 2333 stantiam
2575 2277 2800 2347 alteram
2823 2275 3010 2345 rapis?
3031 2276 3157 2346 quid
3196 2273 3252 2331 in
3285 2275 3455 2331 Deum
3480 2275 3647 2331 alium
3688 2274 3901 2344 sollici-

2279 2370 2620 2437 tasicesta,
2660 2384 2779 2445 qua:
2819 2366 3034 2441 propria
3065 2367 3159 2422 Dei
3202 2373 3362 2433 sunt,
3405 2366 3550 2421 Deus
3594 2380 3734 2425 unus
3774 2364 3899 2437 ipe

2276 2461 2466 2533 gessit.
2498 2460 2822 2521 Clamabunt
2852 2473 2982 2515 vero
3026 2464 3213 2515 contra
3259 2456 3375 2511 hau:
3420 2454 3742 2517 dissimilem
3772 2446 3888 2511 Deo

2280 2554 2416 2623 patri
2449 2553 2614 2613 lilium
2644 2550 3003 2622 praedicantes
3031 2564 3140 2611 non
3163 2548 3344 2607 minus
3365 2563 3460 2607 ore
3487 2548 3709 2625 vipereo
3742 2566 3755 2601 :
3784 2547 3892 2604 Sa-

2280 2654 2612 2707 cramentum
2631 2644 2818 2703 salutis
2836 2652 2941 2701 tua:
2964 2643 3162 2719 nescis,
3176 2640 3475 2699 credendus
3485 2641 3643 2715 ιω
3656 2650 3740 2698 est
3748 2641 3897 2717 illius

2284 2753 2379 2808 per
2423 2752 2587 2808 quem
2638 2735 2833 2797 sarcula
2890 2735 3030 2791 facta
3078 2741 3225 2800 sunt,
3272 2748 3369 2804 per
3418 2747 3576 2801 quem
3630 2730 3898 2791 formatus

2282 2832 2447 2883 homo
2488 2836 2600 2892 est,
2635 2826 2723 2898 qui
2756 2841 2849 2897 per
2894 2824 3128 2898 Angelos
3173 2826 3346 2895 legem
3389 2822 3560 2890 dedit,
3584 2822 3676 2896 qui
3706 2824 3785 2894 lli)
3816 2824 3888 2880 de

2280 2920 2446 2977 Maria
2471 2928 2626 2974 natus
2649 2926 2753 2987 est,
2780 2918 2868 2994 qui
2894 2918 3092 2972 missus
3114 2931 3144 2970 a
3172 2914 3332 2970 Patre
3359 2923 3463 2981 est,
3485 2914 3577 2985 qui
3598 2913 3895 2971 cruciﬁxus

2274 3023 2380 3081 est,
2401 3019 2644 3083 mortuus
2666 3019 2719 3065 ct
2743 3010 2988 3082 sepultus
3018 3008 3224 3079 est,qui
3250 3007 3314 3062 de
3345 3006 3574 3071 mortuis
3603 3022 3896 3080 resurgens

2275 3106 2327 3161 in
2343 3106 2549 3162 dextris
2568 3104 2661 3161 Dei
2675 3114 2779 3175 est,
2798 3088 2889 3176 qui
2912 3105 3154 3160 vivorum
3179 3101 3339 3174 judex
3358 3111 3441 3158 est
3457 3111 3512 3157 et
3531 3111 3892 3166 mortuorum.

2270 3199 2329 3255 In
2356 3201 2500 3265 hunc
2527 3197 2922 3261 renascendum
2953 3204 3059 3265 est,
3087 3196 3175 3253 hic
3203 3195 3547 3263 condiendus
3573 3207 3657 3255 εει
3676 3240 3692 3266 ,
3725 3197 3892 3268 hujus

2274 3311 2500 3367 regnum
2538 3302 2621 3350 est
2648 3290 3089 3381 promerendum.
3118 3287 3357 3363 Uterque
3389 3288 3563 3345 hostis
3593 3290 3889 3360 Ecclesiae,

2280 3404 2372 3445 res
2402 3385 2660 3444 Ecclesia:
2689 3386 2799 3456 agit
2832 3402 2844 3437 :
2878 3383 3005 3439 dum
3027 3382 3301 3439 Sabellius
3329 3383 3495 3449 Deum
3518 3399 3583 3453 ex
3614 3396 3805 3453 natura
3832 3385 3894 3445 in

2281 3479 2539 3551 Operihus
2563 3477 2841 3551 prtedicat,
2860 3476 2913 3531 hi
2938 3490 3067 3533 vero
3093 3490 3159 3532 ex
3190 3483 3531 3545 sacramento
3560 3475 3688 3547 lidei
3710 3475 3891 3547 ﬁliqm

2291 3574 2370 3643 (3)
2399 3570 2461 3644 (i)
2492 3571 2593 3627 Dei
2616 3568 2963 3627 conﬁtentur.

2362 3708 2443 3781 (3)
2475 3706 2591 3763 Non
2622 3704 2853 3761 habetur
2878 3701 3000 3759 Dei.

2266 3907 2392 3947 cum
2418 3889 2540 3945 aliis
2580 3886 3006 3959 deminutionem,
3038 3884 3206 3959 quod
3228 3883 3731 3959 aptiusrespondet
3764 3899 3886 3957 iter-

2271 3963 2354 4019 bis
2377 4005 2392 4028 ,
2424 3961 2595 4031 major
2635 3954 2714 4014 me
2740 3969 2834 4025 est,
2862 3973 2929 4014 ex
2958 3952 3153 4029 quibus
3179 3952 3371 4013 Ariani
3398 3952 3672 4083 Christum
3712 3952 3886 4029 Deum

2271 4036 2535 4083 minorem
2564 4040 2618 4083 et
2650 4030 2801 4083 uuasi
2845 4029 3168 4083 diminutum
3205 4027 3589 4083 nrardicabant.
3668 4029 3877 4083 roxime

2271 4027 2535 4089 minorem
2564 4040 2618 4086 et
2650 4030 2801 4102 quasi
2845 4027 3168 4084 diminutum
3205 4027 3589 4098 praedicabant.
3625 4027 3877 4083 Proxime

2271 4116 2397 4162 ante
2423 4104 2474 4158 in
2516 4101 2745 4172 vulgatis
2775 4110 2953 4158 exstat
2985 4101 3201 4171 faciunt,
3229 4109 3282 4154 et
3335 4114 3498 4169 supra
3527 4108 3783 4172 asserunt,
3811 4113 3877 4157 ac

2276 4185 2415 4245 post,
2451 4171 2761 4237 contendunt
2788 4215 2803 4241 ,
2849 4191 2957 4228 non
2998 4173 3150 4241 juxta
3188 4186 3320 4228 mss.
3353 4180 3613 4239 msereat,
3641 4171 3832 4240 facient
3856 4212 3876 4236 .

2276 4248 2605 4301 contendent.

2345 4318 2416 4389 (ί)
2443 4317 2500 4372 In
2531 4333 2632 4389 ms.
2666 4314 2822 4371 Mart.
2849 4315 3084 4389 ingeriit}.
3112 4313 3302 4389 Verius
3334 4313 3427 4389 alii
3447 4311 3599 4389 libri,
3625 4313 3681 4369 in
3704 4314 3879 4385 gestis,

2272 4388 2328 4444 id
2356 4384 2457 4450 est,
2493 4404 2557 4443 ex
2591 4387 2653 4459 iis
2681 4402 2800 4458 qua:
2833 4384 3004 4459 gessit
3022 4384 3266 4443 Christus
3287 4426 3303 4453 ,
3335 4384 3431 4442 Dei
3457 4386 3510 4445 in
3534 4400 3601 4439 eo
3629 4384 3878 4445 naturam

2272 4476 2396 4516 esse
2422 4458 2679 4529 defendit.
2848 4458 2857 4459 “
2884 4527 2911 4529 Α
3034 4528 3037 4529 ν
3288 4527 3295 4529 _
3320 4498 3327 4503 .

2348 4529 2427 4604 (g)
2456 4525 2532 4585 ιω
2567 4546 2697 4604 mss.
2731 4529 2802 4604 At
2821 4527 2963 4604 editi
2988 4528 3070 4584 Iu'c
3095 4569 3110 4594 ,
3146 4542 3250 4582 non
3280 4527 3393 4604 iste.
3410 4525 3570 4604 ’Τωηῇ
3578 4542 3690 4604 _ms.
3719 4527 3879 4582 Mart.

2274 4597 2433 4657 rtnit'm
2465 4602 2698 4673 negabit:
2747 4599 2836 4655 nbi
2879 4601 3041 4655 habet
3085 4599 3359 4673 eXemplar
3410 4599 3527 4653 bas.
3553 4597 3673 4673 Vat.
3723 4615 3885 4673 unum

2275 4690 2378 4728 non
2408 4669 2606 4743 negabit
2624 4689 2643 4737 ;
2671 4688 2789 4741 qum
2818 4673 2976 4725 verba
3001 4686 3122 4727 cum
3147 4671 3211 4743 ad
3243 4671 3428 4724 Arium
3460 4669 3883 4743 pertinerenul-

561 4758 719 4795 unum
758 4751 906 4816 rectae
948 4735 1072 4816 ﬁdei
1116 4743 1382 4798 modulum
1424 4735 1725 4807 concinam,
1770 4747 2162 4816 trophreumque
2190 4735 2246 4797 Ι)
2271 4735 2638 4816 Ιυιηνάιῖὺὶυιιίί
2662 4735 2753 4807 sit,
2777 4751 2834 4795 ut
2860 4751 2913 4816 et
2951 4739 3311 4816 praecedentia
3334 4735 3497 4816 uerunt
3523 4740 3747 4816 dicetad
3778 4741 3881 4797 Sa-

564 4823 750 4886 rrastra:
780 4814 1002 4886 victoria:
1027 4830 1199 4886 eorum
1223 4831 1370 4868 cassa
1406 4816 1684 4869 certamina
1703 4816 1938 4886 gignunt.
1971 4814 2163 4874 Sab‘elo

564 4884 621 4937 lii
643 4885 773 4936 enim
800 4884 1018 4953 perﬁdia
1042 4884 1149 4936 Arii
1178 4886 1385 4938 damnat
1414 4902 1658 4951 errarent,
1690 4884 1795 4940 etc.

628 4952 701 5026 (b)
736 4952 949 5008 ln’tnss.
979 4954 1091 5010 Vat.
1124 4955 1240 5010 bas.
1274 4966 1327 5026 et
1356 4956 1508 5026 διατι.
1532 4966 1580 5010 et
1599 4956 1963 5012 indivisibilis:
1995 4961 2158 5017 male.

559 5024 719 5097 Hunc
745 5028 917 5079 locum
963 5027 1034 5079 ita
1066 5024 1638 5097 exprimitFaustinus
1668 5044 1787 5097 cap.
1836 5028 2053 5085 izCum
2076 5033 2163 5085 di-

559 5096 649 5158 cit,
685 5095 786 5162 Qui
814 5112 893 5150 me
921 5097 1068 5160 vidit,
1092 5096 1213 5150 uidit
1243 5110 1288 5152 et
1313 5096 1523 5152 Patrem
1544 5114 1564 5153 :
1591 5100 1720 5153 sicut
1738 5095 1924 5155 Patris
1947 5112 1995 5156 et
2018 5100 2153 5161 Filii

558 5183 660 5220 non
688 5183 844 5220 unam
883 5168 1103 5223 ostendit
1142 5184 1251 5222 esse
1282 5185 1584 5236 personam,
1628 5171 1702 5224 ita
1729 5188 1886 5226 unam
1934 5174 2156 5229 ostendit

556 5254 663 5292 esse
680 5239 963 5321 deitatem;
994 5254 1110 5293 cum
1140 5236 1313 5295 Putris
1342 5250 1389 5299 et
1429 5237 1557 5296 Filii
1582 5240 1867 5299 substantia
1900 5246 2048 5305 nulla
2074 5246 2163 5303 die

557 5319 773 5362 versttus
795 5319 890 5365 est.

628 5377 704 5457 te)
733 5378 893 5457 bidui,
915 5377 1159 5457 (timeretis
1186 5381 1577 5440 :emeudantur
1603 5400 1668 5451 ex
1690 5386 1931 5457 scriptis.

627 5452 707 5535 (αξ
745 5450 890 5535 Lips.
923 5462 977 5535 et
1019 5452 1146 5535 Enr.
1196 5457 1452 5535 omittunt
1489 5450 2008 5535 particulam'guod;
2050 5475 2159 5535 qua

554 5522 973 5605 e_xpriiititut'_rri
1014 5522 1349 5605 Graecorum.
1378 5522 1705 5605 _Jux'ta~lne_c
1756 5522 2154 5605 [illariijerba

552 5593 1118 5678 MaximushTaurin"
1172 5593 1318 5653 boni.
1370 5599 1422 5667 1,
1464 5594 1615 5678 de
1649 5600 2054 5678 Eusebiog,_Qai
2105 5611 2163 5657 et

554 5680 710 5745 unum
730 5666 888 5745 dicit,
917 5676 964 5720 et
980 5683 1185 5745 sumus,
1238 5684 1331 5723 nec
1367 5666 1686 5739 separatione
1711 5688 1765 5726 se
1791 5666 2011 5741 dividit,
2056 5689 2151 5728 nec

552 5736 738 5789 unione
758 5736 1053 5861 conzundit.

627 5804 700 5861 le)
733 5806 845 5861 Prin
872 5816 955 5861 ert
983 5822 1053 5861 ms

627 5804 700 5876 (e)
733 5804 955 5863 Prtefert
983 5822 1087 5863 ms.
1128 5806 1249 5864 Vat.
1280 5809 1398 5867 bas.
1428 5811 1845 5871 demutationetu.
1880 5814 2161 5875 Malumua

2276 4815 2520 4883 bellium,
2555 4815 2678 4870 huic
2707 4829 2837 4869 szine
2886 4812 3106 4869 lectioiii
3137 4811 3308 4875 lavet,
3358 4812 3500 4880 quod
3547 4814 3708 4879 pmln
3752 4821 3882 4869 ante

2273 4887 2478 4942 dictum
2510 4897 2615 4952 est,
2639 4902 2798 4939 unum
2828 4884 2991 4939 Deum
3018 4886 3218 4938 novella
3249 4885 3357 4938 luet:
3388 4899 3522 4952 nunc
3547 4883 3754 4938 haeresis
3774 4900 3877 4938 non

2276 4959 2498 5032 negabit.
2528 4951 2897 5032 Retinendunt
2930 4966 3105 5032 tamen
3133 4956 3238 5021 hic,
3273 4971 3432 5032 unum
3453 4951 3623 5009 Deum
3650 4954 3876 5032 negabit.

2279 5026 2511 5085 Ιιλέινυςίδ
2538 5033 2737 5100 quippe
2764 5028 3061 5094 versipellis
3090 5041 3254 5080 unum
3288 5026 3455 5079 Deum
3484 5040 3601 5100 non
3621 5028 3875 5096 negabat,

2273 5117 2383 5171 quo
2412 5098 2606 5157 Filinin
2630 5118 2659 5153 a
2691 5099 2971 5155 divmitate
2998 5105 3302 5171 removget
3323 5112 3337 5161 ;
3362 5098 3679 5171 et_uegabat
3710 5110 3877 5171 unum

2282 5167 2473 5240 Deum,
2507 5189 2629 5228 cum
2659 5172 2872 5227 Patrem
2907 5171 3072 5240 Deum
3099 5179 3152 5223 et
3198 5167 3394 5223 Filium
3424 5167 3592 5240 Deum
3636 5167 3879 5240 proﬁteri

2284 5237 2497 5306 coacto,
2528 5259 2623 5299 eos
2645 5261 2750 5297 non
2782 5257 2945 5296 unum
2977 5239 3073 5294 sed
3096 5241 3230 5295 duos
3258 5240 3392 5294 deos
3416 5237 3777 5310 praedicabat,
3800 5238 3878 5293 uti

2270 5314 2384 5385 jam
2408 5316 2749 5370 observatum
2778 5320 3039 5385 est_num.
3074 5310 3128 5365 3.

2352 5386 2432 5457 (Ir)
2465 5386 2626 5457 Solus
2652 5385 2823 5440 codex
2865 5379 3425 5457 Mart._per__blariam:
3444 5394 3658 5457 manum
3685 5377 3882 5457 inlide-

2279 5446 2385 5513 lem
2414 5446 2571 5526 sapit.
2597 5456 2922 5511 Constanter
2955 5446 3100 5510 enim
3133 5451 3367 5509 Hilarius
3409 5446 3665 5521 praedicat
3688 5447 3880 5508 Chris-

2280 5539 2390 5583 tum
2419 5525 2486 5583 de
2506 5525 2679 5583 Maria
2700 5538 2904 5581 natum.

2352 5599 2415 5671 (i)
2442 5598 2559 5656 Vox
2588 5596 2686 5655 Dei
2714 5598 2869 5655 abest
2906 5612 2938 5654 a
2968 5610 3072 5671 ms.
3103 5594 3259 5671 Μαι-ι.
3302 5608 3514 5671 necnon
3578 5592 3705 5651 Vat.
3753 5592 3871 5671 bas.

2274 5671 2328 5726 in
2360 5663 2467 5741 quo
2498 5680 2554 5729 et
2594 5671 2837 5740 proxime
2865 5678 3005 5741 ante
3031 5667 3227 5741 legitur
3250 5708 3264 5735 ,
3310 5666 3382 5721 ad
3404 5676 3784 5741 sacramentum
3808 5663 3875 5733 [i-

2274 5742 2359 5798 dei
2372 5737 2394 5795 Ξ
2424 5759 2543 5813 qua:
2579 5737 2742 5798 lectio
2788 5740 2957 5796 nihilo
2987 5737 3194 5813 felicior
3236 5748 3321 5795 est
3348 5753 3411 5793 ac
3448 5737 3760 5813 superiores
3777 5750 3875 5813 __e_x

2273 5804 2477 5871 eisdem
2510 5813 2659 5875 libris
2680 5822 2972 5871 annotatae.
3001 5811 3415 5869 Sacramentum
3440 5804 3567 5877 ﬁdei
3591 5816 3749 5869 vocat
3773 5804 3876 5864 ili-
