4246 6260
604 346 712 403 207

1797 336 2046 397 SANCTI
2088 335 2341 396 lllLARll
2379 334 2691 394 EPISCOPI

3806 331 3912 392 208

608 463 684 534 (a)
723 460 1025 516 Pharaoni?
1047 460 1150 517 Aut
1172 456 1426 528 numquid
1458 457 1506 514 ei
1545 463 1789 512 naturam
1820 457 1915 513 Dei
1944 456 2212 523 intulit,et
2241 460 2286 520 Α
2319 455 2600 526 progenies
2631 453 2868 525 perlecta
2899 469 2912 505 :
2942 451 3061 523 quia
3094 451 3345 508 natis-itas
3391 465 3498 507 non
3541 449 3705 506 habet
3739 449 3912 506 detri-

604 573 714 612 non
733 556 908 625 petius
929 555 979 609 iu
1000 569 1121 609 eum
1142 553 1230 622 qui
1261 559 1526 607 metueret
1551 560 1838 617 terrorem,
1855 566 1977 605 eum
2004 550 2194 605 draco-

607 662 706 704 nes
735 651 971 718 magicos
1000 645 1162 700 draco
1192 644 1360 716 Moysi
1385 659 1507 698 mox
1530 644 1676 716 virga
1701 657 1924 698 manens
1952 643 2194 707 devorat,

608 757 732 798 cum
756 738 1093 811 cynomyiam
1117 751 1276 808 quam
1303 737 1605 793 immiserat
1629 736 1814 808 abigit,
1837 751 1956 790 cum
1983 734 2200 806 grandi-

608 851 732 891 nem
752 841 1018 904 potestate
1039 846 1140 902 qua
1171 831 1722 897 evocaveratavertit,
1747 845 1864 886 cum
1881 831 2116 884 locustas
2139 843 2199 884 ea

606 925 805 980 virtute
858 939 958 993 qua
1017 923 1296 978 invexerat
1325 922 1690 992 repulit,cnm
1722 921 1774 975 in
1800 919 2204 991 operationibus

608 1017 727 1088 ejus
749 1017 888 1088 magi
913 1015 1238 1072 conﬁtentur
1267 1016 1491 1087 digitum
1524 1015 1618 1070 Dei
1646 1013 2082 1087 esse(Exod.vu,
2102 1013 2188 1080 1'2;

607 1127 724 1179 vni,
760 1112 851 1176 δίς
881 1126 955 1178 tx,
980 1113 1051 1168 5⁷5
1071 1127 1085 1178 ;
1105 1127 1161 1176 x,
1187 1110 1283 1176 19;
1315 1125 1429 1176 vut,
1449 1107 1574 1183 l9)?
1595 1109 1686 1164 Sic
1705 1107 1915 1181 Moyses
1940 1107 2204 1162 Pharaoni

608 1203 744 1260 deus
773 1204 929 1259 datus
957 1212 1072 1266 est.
1103 1204 1229 1259 dum
1269 1205 1508 1269 timetur,
1542 1201 1620 1275 (b)
1655 1203 1782 1257 dum
1825 1213 2008 1258 oratur
2032 1244 2046 1269 ,
2078 1202 2206 1256 dum

608 1297 784 1368 punit,
815 1295 943 1350 dum
998 1295 1262 1351 medetur.
1297 1294 1364 1349 Et
1405 1293 1550 1350 aliud
1580 1303 1664 1348 est
1710 1293 1870 1348 deum
1895 1293 2032 1357 dari,
2067 1291 2210 1348 aliud

607 1399 693 1447 est
724 1390 892 1445 Deum
924 1404 1060 1445 esse.
1095 1387 1172 1462 (l)
1209 1389 1281 1461 (e)
1313 1391 1368 1443 ln
1399 1388 1736 1444 Pharaonem
1777 1387 1920 1443 enim
1949 1387 2082 1443 deus
2119 1388 2214 1441 da-

609 1491 696 1537 tus
718 1492 802 1538 est
833 1500 847 1537 :
881 1491 1135 1537 creternm
1176 1497 1282 1535 non
1306 1481 1356 1535 ei
1387 1488 1472 1536 est
1509 1490 1561 1536 et
1593 1488 1782 1535 natura
1809 1490 1861 1536 et
1889 1495 2084 1535 nomen
2111 1521 2127 1547 ,
2155 1487 2215 1534 ut

608 1577 753 1631 Deus
775 1575 865 1631 sit.
897 1575 1114 1631 Memini
1147 1589 1364 1644 quoque
1395 1582 1450 1630 et
1491 1573 1713 1629 alterius
1758 1572 2177 1644 nuncupationis
2197 1612 2213 1640 ,

610 1669 701 1724 ubi
734 1667 951 1735 dicitur,
981 1667 1096 1742 Ego
1124 1669 1253 1735 dixi,
1289 1668 1362 1722 dii
1393 1669 1514 1722 estis
1537 1666 1556 1739 (
1576 1665 1718 1722 Psal.
1747 1683 1927 1735 Lxxx1,
1959 1666 2030 1739 6)
2058 1708 2072 1732 ,
2119 1668 2217 1722 sed

609 1760 664 1815 in
687 1775 754 1816 eo
783 1759 971 1816 indulti
995 1761 1228 1816 nominis
1259 1760 1582 1831 signiﬁcatio
1607 1769 1709 1814 est.
1739 1752 1805 1813 Et
1834 1761 1922 1815 ubi
1955 1759 2214 1823 refertur,

2304 562 2546 606 mentum
2575 547 2898 620 generandi,
2926 562 3048 602 cum
3082 546 3382 617 profectum
3413 555 3590 601 teneat
3629 545 3910 605 nascendi,

2301 643 2367 699 Et
2390 641 2592 697 idcirco
2614 657 2799 696 earum
2821 655 3001 696 rerum
3036 640 3314 711 unigenito
3349 640 3459 693 Deo
3485 646 3662 708 aptata
3695 651 3891 707 Cogno-

2301 737 2445 792 mina
2477 745 2620 802 sunt,
2652 752 2771 806 qum
2799 751 2920 790 cum
2949 750 3071 791 eum
3104 734 3490 790 subsistentem
3519 747 3590 788 ex
3622 731 3906 786 nativitate

2303 838 2709 895 consumment,
2737 840 2919 885 tamen
2948 827 3026 901 (Ιι)
3047 829 3190 884 Patri
3215 826 3382 882 insint
3407 841 3472 881 ex
3509 824 3915 880 indemutabilis

2304 925 2506 979 virtute
2533 931 2762 978 naturze.
2793 922 3114 992 Unigenitus
3157 921 3302 977 enim
3353 919 3499 975 Deus
3538 917 3763 973 verbum
3808 925 3912 984 est,

2309 1015 2402 1071 sed
2431 1014 2772 1070 innascibilis
2799 1014 2960 1070 Pater
2983 1028 3275 1084 numquam
3309 1012 3533 1066 omnino
3579 1012 3699 1066 sine
3731 1009 3916 1066 Verbo

2311 1118 2394 1166 cst
2428 1126 2440 1162 :
2470 1125 2579 1163 non
2608 1107 2750 1178 quod
2780 1109 3010 1178 prolatio
3043 1107 3192 1161 vocis
3222 1115 3410 1161 natura
3442 1104 3520 1177 (‘2)
3551 1104 3611 1177 (i)
3642 1105 3713 1159 sit
3748 1102 3869 1158 Filii
3897 1117 3913 1170 ;

2313 1201 2409 1258 sed
2440 1217 2504 1256 ex
2535 1201 2646 1255 Deo
2672 1200 2814 1255 Deus
2844 1215 2963 1256 cum
3007 1199 3304 1255 nativitatis
3331 1201 3560 1253 veritate
3578 1195 3915 1265 Subsistens,

2311 1302 2425 1347 uta
2447 1291 2608 1347 Patre
2638 1293 2894 1360 preprius
2923 1301 2977 1348 et
3011 1307 3107 1361 per
3148 1302 3353 1346 naturae
3384 1289 3802 1345 indill'terentiam
3837 1291 3920 1344 iu-

2316 1386 2642 1452 separabilis
2662 1385 2955 1442 doceretur
2974 1429 2989 1454 ,
3020 1385 3354 1457 signiﬁcatus
3386 1387 3438 1440 in
3467 1384 3632 1441 verbo
3661 1393 3764 1440 est.
3800 1385 3920 1442 Sic-

2314 1486 2373 1534 ut
2411 1479 2656 1535 Christus
2685 1478 2946 1550 sapientia
2989 1487 3044 1535 et
3079 1480 3248 1534 virtus
3279 1477 3372 1534 Dei
3414 1487 3540 1545 est,
3567 1493 3672 1533 non
3705 1476 3827 1543 ille,
3859 1486 3922 1534 ut

2315 1571 2542 1644 intelligi
2573 1575 2747 1641 solet,
2779 1573 3006 1629 interna:
3055 1571 3338 1644 potestatis
3367 1581 3459 1628 aut
3497 1587 3690 1628 sensus
3727 1570 3922 1628 el‘tieax

2317 1677 2497 1722 motus
2527 1685 2538 1720 :
2564 1667 2659 1722 sed
2685 1677 2874 1722 natura
2901 1677 3090 1722 tenens
3117 1683 3216 1740 per
3237 1667 3572 1723 nativitatem
3600 1664 3922 1722 substantia:

2319 1760 2623 1824 veritatem,
2658 1757 2744 1815 his
2772 1758 3102 1815 internarmn
3137 1774 3318 1814 rerum
3359 1758 3658 1830 significata
3688 1756 3926 1813 nomini-

610 1871 701 1926 ego
726 1854 859 1921 dixi,
883 1855 1152 1926 loquentis
1201 1855 1377 1924 potius
1407 1863 1491 1908 est
1535 1867 1732 1918 sermo,
1782 1867 1940 1922 quam
1987 1852 2062 1907 rei
2114 1867 2214 1906 ιιο⁶
2247 1873 2294 1934 Β
2321 1853 2421 1908 bus
2451 1863 2552 1908 est.
2585 1853 2702 1908 Non
2733 1857 2878 1908 enim
2901 1853 2953 1908 id
2985 1895 2999 1918 ,
3033 1853 3176 1924 quod
3207 1851 3482 1908 nascendo
3509 1851 3792 1916 subsistit,
3821 1864 3927 1920 ρος

610 1964 734 2004 men
761 1964 776 2004 :
809 1949 932 2018 quia
963 1949 1042 2004 rei
1071 1962 1268 2002 nomen
1296 1945 1704 2016 intelligentiam
1733 1946 1809 2001 rei
1835 1944 2013 2012 affert,
2045 1956 2208 2002 exnte-

603 2059 726 2099 rum
755 2043 1001 2098 voluntas
1023 2041 1404 2112 appellationis
1425 2055 1490 2096 ex
1515 2040 1623 2095 alio
1647 2050 1750 2095 cst.
1771 2040 1839 2094 Et
1869 2040 1959 2095 ubi
1989 2053 2048 2096 se
2075 2056 2213 2095 nun-

599 2132 917 2204 cupationis
942 2139 1131 2188 auctor
1153 2131 1420 2198 ostendit,
1451 2131 1523 2186 ibi
1555 2145 1652 2201 per
1685 2147 1992 2186 sermonem
2025 2142 2214 2187 aucto-

609 2226 688 2282 ris
737 2237 823 2283 est
873 2227 1244 2298 nuucUpatio,
1299 2239 1405 2281 non
1458 2225 1706 2280 naturale
1761 2241 1958 2281 nomen
2016 2224 2068 2279 in
2123 2241 2215 2295 ge-

611 2333 768 2374 nere.

687 2410 771 2467 ll.
809 2411 977 2467 Filius
1018 2428 1111 2467 cur
1160 2413 1387 2479 verbum,
1419 2414 1673 2482 sapientia
1701 2423 1748 2469 et
1773 2415 1930 2470 virtus
1953 2416 2214 2488 c0gnomi-

607 2518 778 2564 netur.
817 2506 986 2562 Filius
1018 2516 1111 2570 est,
1135 2517 1189 2562 ut
1214 2509 1423 2576 dicitur,
1447 2506 1606 2564 Deus.
1632 2540 1704 2552 ——
1728 2511 1794 2564 At
1819 2525 1947 2565 vero
1973 2510 2060 2565 hic
2079 2507 2213 2566 Ver-

607 2599 736 2658 bum
785 2601 928 2656 Deus
969 2609 1092 2656 est:
1123 2601 1199 2674 (d)
1249 2617 1337 2656 res
1383 2602 1568 2656 existit
1595 2603 1646 2656 in
1678 2601 1889 2669 Verbo,
1918 2602 2080 2658 Verbi
2128 2616 2216 2657 res

608 2694 922 2752 enuntiatur
953 2693 1006 2749 in
1039 2695 1276 2750 nomine.
1303 2693 1465 2750 Verbi
1499 2695 1642 2750 enim
1686 2695 1980 2766 appellatio
2023 2696 2074 2749 in
2119 2695 2214 2751 Dei

607 2787 720 2842 ﬁlio
745 2788 813 2844 de
843 2797 1185 2844 sacramento
1216 2787 1513 2842 nativitatis
1538 2797 1646 2853 est,
1675 2789 1833 2843 sicuti
1864 2787 2142 2859 sapientize
2163 2797 2219 2844 et

608 2880 826 2934 virtutis
848 2889 928 2934 cst
953 2893 1149 2933 nomen
1177 2896 1190 2930 :
1217 2894 1334 2948 qua:
1359 2893 1480 2932 cum
1509 2877 1580 2950 (e)
1605 2879 1657 2932 in
1686 2879 1854 2934 Deum
1896 2880 2060 2932 lilium
2093 2895 2216 2934 cmn

609 2969 907 3025 substantia
929 2985 1070 3024 verre
1095 2969 1386 3023 nativitatis
1415 2972 1745 3038 exstiterint,
1781 2971 1848 3043 (ἡ
1872 2970 1985 3025 Deo
2012 2979 2216 3039 tamen,

608 3070 773 3118 ulsua
799 3061 1036 3132 propria,
1061 3063 1305 3132 quamvis
1327 3078 1390 3117 ex
1420 3077 1485 3117 eo
1511 3063 1562 3117 in
1581 3063 1750 3118 Deum
1773 3065 1880 3118 sint
1899 3065 2054 3137 183
2072 3076 2216 3133 nata,

609 3170 719 3210 non
733 3154 945 3210 desunt.
980 3152 1097 3208 Non
1121 3154 1441 3220 enim,sicut
1472 3154 2044 3226 frequenterdictuma
2064 3159 2218 3215 nobis

2321 1955 2427 2002 test
2452 1946 2502 2002 id
2526 1948 2701 2017 ipsum
2728 1945 2898 2002 videri
2931 1961 3077 2012 esse,
3113 1945 3255 2017 quod
3290 1944 3578 2016 unicuique
3607 1944 3675 2019 (j)
3705 1959 3927 2014 semper

2316 2039 2586 2094 internum
2632 2048 2735 2094 est.
2766 2038 2873 2095 Sed
2925 2055 2988 2094 ex
3045 2048 3253 2095 aeterno
3291 2039 3402 2095 Deo
3435 2047 3586 2109 patre
3616 2038 3928 2110 unigenitus

2327 2132 2474 2187 ﬁlius
2506 2134 2558 2187 in
2601 2132 2984 2187 subsiSIcntem
3016 2133 3185 2187 Deum
3238 2143 3415 2198 natus,
3457 2140 3516 2186 ut
3565 2147 3672 2186 non
3719 2131 3930 2188 alienus

2317 2241 2439 2282 esse
2462 2242 2494 2282 a
2523 2235 2717 2282 natura
2741 2237 2980 2297 paterna:
3007 2226 3305 2282 divinitatis
3331 2237 3515 2297 posset
3545 2227 3794 2300 intelligi,
3827 2243 3932 2298 per

2318 2317 2436 2374 lucc
2479 2319 2867 2388 preprietatum
2911 2320 3128 2374 nomina
3175 2318 3476 2374 subsistens
3521 2328 3773 2375 ostensus
3816 2327 3929 2389 est,

2317 2413 2513 2483 quibus
2547 2413 2623 2486 (k)
2652 2430 2715 2469 ex
2767 2430 2875 2483 quo
2913 2414 3226 2468 substiterat
3268 2429 3372 2468 non
3403 2415 3641 2470 carebat.
3663 2413 3808 2470 Deus
3832 2414 3937 2485 igi-

2320 2516 2405 2562 tur
2431 2509 2518 2578 qui
2550 2520 2654 2576 eSI,
2689 2525 2793 2565 non
2826 2518 2909 2566 cst
2950 2509 3097 2565 aliud
3123 2525 3282 2581 quam
3315 2510 3478 2566 Deus.
3504 2509 3639 2564 Nam
3669 2525 3791 2565 cum
3824 2525 3930 2565 au-

2319 2599 2433 2662 dio,
2460 2601 2524 2654 Et
2561 2601 2699 2656 Deus
2738 2613 2845 2656 erat
2882 2601 3141 2666 Verbum;
3171 2618 3276 2656 non
3321 2602 3525 2656 dictum
3550 2601 3726 2657 solum
3767 2601 3936 2658 audio

2319 2693 2554 2749 Verlmm
2590 2693 2653 2768 (Ι)
2687 2695 2850 2750 Deum
2881 2737 2896 2762 ,
2931 2696 3023 2751 sed
3053 2695 3484 2750 demonstratum
3530 2694 3775 2765 intelligo
3803 2707 3936 2751 esse

2319 2785 2462 2856 quod
2495 2785 2635 2840 Deus
2662 2797 2744 2840 est
2774 2805 2786 2841 :
2817 2785 2912 2859 (ιιι)
2944 2788 3066 2856 quia
3095 2786 3235 2842 sicut
3265 2787 3512 2856 superius
3543 2785 3593 2840 iu
3629 2786 3808 2858 Moyse
3825 2785 3937 2841 deo

2321 2889 2375 2934 et
2405 2880 2456 2934 in
2484 2881 2883 2950 cognominatis
2909 2880 3010 2934 diis
3036 2895 3129 2948 per
3150 2880 3568 2950 appellationem
3602 2894 3799 2934 nomen
3833 2878 3940 2934 ad—

2317 2971 2521 3042 jectum
2555 2971 2662 3036 sit;
2688 2973 2776 3028 hic
2801 2971 3094 3045 autcm'(n)
3127 2988 3214 3028 res
3261 2972 3561 3044 signiﬁcata
3606 2971 3936 3028 substantia

2323 3077 2403 3123 est
2427 3109 2441 3134 ,
2472 3084 2594 3124 cum
2619 3067 2836 3133 dicitur,
2863 3065 3004 3121 Deus
3045 3077 3172 3122 erat.
3202 3066 3337 3123 Esse
3357 3067 3502 3124 enim
3539 3081 3643 3122 non
3677 3075 3760 3122 est
3784 3065 3937 3121 acci-

2323 3161 2459 3217 dens
2516 3176 2754 3226 nomen,
2804 3161 2898 3215 sed
2950 3160 3256 3216 subsistens
3305 3160 3543 3226 veritas,
3596 3167 3651 3215 et
3699 3171 3936 3215 manens

611 3257 715 3312 est,
748 3246 826 3320 (g)
856 3246 1136 3302 divisionis
1164 3245 1216 3301 in
1247 3245 1408 3310 Filio,
1439 3247 1534 3302 sed
1567 3249 1862 3303 nativitatis
1905 3265 2218 3307 sacramcn-
2247 3267 2293 3331 ρ
2325 3269 2508 3318 causa,
2535 3264 2590 3310 et
2621 3253 2882 3308 naturalis
2911 3254 3129 3324 generis
3160 3253 3480 3324 proprietas.

607 3348 720 3395 tum
748 3338 1128 3410 prmdicamus.
1155 3335 1266 3393 Nec
1293 3338 1563 3410 separatio
1606 3337 1705 3394 fuit
1735 3340 2050 3410 imperfecta
2070 3385 2084 3410 ,
2116 3345 2211 3402 sed

681 3453 762 3528 (l)
794 3452 861 3511 In
884 3456 1141 3512 Faraone.

680 3570 756 3644 (α)
782 3571 837 3626 lu
869 3571 1121 3644 vulgatis,
1154 3581 1212 3628 ut
1240 3581 1294 3629 et
1323 3572 1492 3629 Paulo
1521 3581 1665 3641 ante,
1701 3571 1865 3629 Deum
1893 3573 2204 3632 Pharaonis.

609 3640 711 3698 llic
738 3640 846 3713 non
894 3640 1155 3712 repetitur
1183 3661 1282 3698 vox
1313 3645 1476 3698 Deum
1507 3650 1558 3700 in
1591 3640 1721 3700 mss.
1753 3663 1980 3713 quorum
2011 3649 2061 3703 in
2111 3665 2208 3705 ve-

609 3711 928 3789 tustioribus
962 3711 1193 3770 habetur
1236 3714 1482 3789 Pharao,
1523 3718 1624 3770 hoc
1655 3711 1869 3772 nomine
1895 3719 2047 3789 juxta
2073 3737 2210 3789 grte-

608 3803 732 3842 cum
784 3787 909 3863 βεὸν
965 3791 1189 3863 ψαραέιη
1224 3802 1318 3855 per
1344 3788 1524 3863 varios
1552 3801 1710 3863 casus
1739 3804 1842 3842 non
1875 3787 2116 3845 inflexo}
2155 3793 2206 3846 in

615 3858 830 3930 ueteris
855 3857 1059 3930 autem",
1089 3857 1377 3924 Pharaoni,
1407 3859 1600 3930 quibus
1629 3859 1762 3913 intra
1790 3863 2134 3916 consentiunt
2154 3872 2209 3918 et

614 3930 766 3992 editi,
800 3929 1009 3998 lavente
1031 3929 1320 3984 Ambrosio
1352 3929 1508 3997 epist.
1534 3945 1676 3984 nunc
1698 3946 1890 3996 xxvttt,
1924 3950 1977 3987 ιι.
2019 3933 2052 3986 8
2073 3975 2087 3998 ,
2118 3935 2207 3989 ubi

612 4001 763 4074 legit,
785 3996 1000 4074 [faciam
1014 4009 1068 4074 te
1091 4001 1143 4053 in
1163 3998 1328 4074 Deum
1347 3996 1453 4074 regi
1473 4000 1764 4074 Pharaoni:
1787 4003 1876 4074 qui
1899 4003 2031 4057 alias
2051 3996 2210 4058 etiam

613 4069 683 4143 in
714 4069 937 4143 casibus
977 4071 1208 4141 obliquis
1255 4069 1570 4142 pleru'mque
1615 4071 1764 4139 ponit
1796 4069 2022 4128 Pharao.
2056 4074 2211 4143 Quod

610 4139 842 4214 llilarius
880 4140 976 4214 hic
1029 4139 1354 4197 ex‘uom'ine
1401 4139 1497 4214 Dei
1539 4143 1859 4214 simpliciter
1884 4155 1937 4199 et
1963 4139 2213 4202 absolute

609 4212 738 4285 dato
763 4211 981 4264 coniicit
1012 4212 1556 4285 argumentumpl'use
1585 4211 1929 4285 persequitur
1952 4215 2210 4282 lreureus,

614 4282 711 4336 lib.
744 4296 824 4341 tu,
858 4296 998 4357 cap._
1024 4282 1248 4357 6,_inter
1276 4283 1379 4336 alia
1404 4282 1607 4344 dicens.
1643 4282 1821 4356 Neque
1849 4287 2004 4357 igitur
2028 4285 2213 4344 Domi-

611 4369 711 4406 nus
733 4393 748 4419 ,
780 4368 939 4429 neque
962 4352 1190 4429 Spiritus
1217 4365 1425 4429 sanctus
1447 4397 1473 4429 ,ί
1495 4371 1652 4424 neque
1684 4352 1912 4429 Aposto'li
1943 4375 2088 4418 eum.
2120 4360 2213 4429 qui

614 4439 719 4477 non
741 4432 869 4476 esset
889 4421 1051 4483 Deus,
1074 4424 1332 4490 deﬁnitire
1357 4436 1403 4478 et
1426 4421 1654 4481 absolute
1679 4421 1836 4482 (Icum
1863 4421 2208 4486 nominassent

601 4494 905 4569 «Aliquando,
952 4495 1049 4547 nisi
1097 4506 1226 4569 esset
1271 4513 1415 4551 verus
1473 4499 1627 4552 Deus.
1691 4500 1755 4552 Et
1812 4510 1931 4569 post
1992 4518 2204 4569 pauca:

612 4563 739 4620 Cum
761 4576 928 4640 autem
956 4582 1040 4620 eos
1065 4567 1150 4636 qui
1175 4584 1273 4620 non
1302 4578 1419 4621 sunt
1445 4569 1519 4622 dii
1547 4563 1918 4636 nominat,'non
1942 4563 2002 4626 in'
2024 4583 2206 4640 totum,

605 4637 1033 4710 quemadmodum
1062 4640 1282 4706 prwdixi
1303 4681 1318 4701 ,
1356 4640 1630 4708 Scriptura
1659 4643 1876 4694 ostendit
1914 4644 2032 4697 illos
2061 4637 2203 4710 deos,

2396 3348 2484 3404 1‘2.
2519 3344 2744 3402 Thomas
2770 3362 2885 3402 eum
2908 3347 3180 3417 conﬁtetur
3218 3343 3420 3416 Deum,
3452 3345 3620 3403 illaesa
3646 3345 3746 3403 Dei
3772 3345 3933 3402 unius

2407 3461 2489 3533 (e)
2515 3461 2595 3517 su
2619 3462 2778 3531 ﬁlius.

2315 3586 2479 3651 turam
2498 3578 2715 3651 divisam
2734 3595 2842 3634 esse
2854 3579 3128 3636 asserimus
3146 3580 3197 3634 in
3223 3579 3332 3651 ﬁlio
3360 3579 3724 3651 :glossemata
3743 3582 3925 3651 varia.

2316 3649 2414 3704 llic
2441 3650 2747 3705 excluditur
2767 3667 2830 3706 ea
2863 3653 3154 3718 sententia,
3181 3649 3334 3719 cujus
3358 3649 3612 3706 invidiam
3644 3653 3694 3707 in
3725 3650 3930 3706 Catho-

2316 3721 2448 3776 licos
2492 3720 2762 3790 conjicere
2790 3722 3084 3777 moliuntur
3111 3722 3320 3788 Ariani,
3351 3741 3534 3790 supra,
3561 3722 3654 3779 lib.
3691 3739 3761 3788 tv,
3787 3739 3842 3777 ιι.
3861 3723 3925 3792 4,

2318 3802 2444 3862 puta
2471 3794 2608 3857 quod
2645 3808 2708 3846 ex
2735 3792 2985 3847 divisione
3007 3803 3234 3862 paterna:
3263 3795 3565 3850 substantia!
3589 3811 3699 3849 esse
3748 3792 3925 3848 Filius

2315 3864 2632 3918 existfmetur
2658 3905 2673 3928 ,
2725 3875 2828 3918 etc.
2865 3865 3062 3919 Eadem
3087 3864 3296 3920 ratione
3339 3865 3688 3926 Athana~ins.
3711 3865 3807 3921 Or.
3859 3865 3920 3931 2,

2318 3946 2464 3988 cont.
2483 3939 2518 3988 Α
2532 3951 2600 4001 r.,
2622 3953 2673 4000 p.
2689 3935 2815 4007 534,
2833 3935 2981 3990 verbi
3005 3945 3059 3990 et
3079 3937 3356 4002 sapientia:
3373 3938 3689 4007 cognomina
3713 3937 3846 3992 Filio
3865 3938 3926 3992 in

2320 4008 2492 4059 sacris
2519 4007 2714 4061 litteris
2736 4005 2858 4059 ideo
2879 4014 3058 4075 aptata
3089 4007 3269 4066 docet.
3300 4008 3421 4073 quia
3446 4005 3662 4072 verum,
3694 4019 3919 4063 natura-

2320 4075 2425 4150 lem
2457 4086 2617 4145 atque
2644 4091 2972 4132 coauernnm
3014 4077 3220 4148 absque
3246 4080 3354 4134 ulla
3385 4081 3633 4150 passione
3669 4090 3763 4135 aut
3791 4095 3921 4149 par-

2319 4148 2509 4272 hitionc
2560 4158 2798 4218 paterna:
2840 4149 3157 4204 substantiae
3205 4148 3396 4205 fetum
3427 4154 3706 4223 aptissime
3743 4148 3916 4222 signi-

2360 4229 2504 4272 cant.

2360 4229 2504 4274 cant.

2391 4288 2470 4362 (Ii)
2514 4290 2602 4347 Sic
2633 4306 2736 4366 ms.
2781 4295 2868 4348 At.
2899 4293 3033 4350 edit.
3072 4291 3220 4348 Patri
3248 4310 3348 4349 non
3374 4293 3542 4349 desint
3575 4309 3594 4350 :
3651 4304 3705 4350 et
3747 4309 3915 4366 mox,

2320 4358 2460 4416 Deus
2480 4373 2528 4416 et
2552 4364 2755 4418 verbum
2775 4375 2868 4420 est.

2346 4503 2357 4515 '
2386 4433 2816 4515 (1').COl'b..lll-.~8.
2858 4439 2925 4492 sit
2962 4437 3101 4515 ﬁlius
3137 4454 3154 4493 :
3188 4438 3347 4495 male.
3380 4437 3508 4515 Vult
3537 4437 3735 4515 quippe
3765 4437 3918 4495 Hila-

2315 4505 2425 4557 rius
2455 4506 2504 4558 in
2551 4505 2851 4580 prlrl‘atione
2880 4505 3050 4574 voCis,
3091 4520 3357 4580 quatenus
3393 4509 3509 4565 lucc
3529 4505 3783 4566 accidens
3806 4521 3917 4579 est,

2316 4583 2564 4630 naturam
2595 4573 2714 4630 Filii
2742 4596 2847 4632 non
2875 4595 2999 4633 esse
3021 4573 3201 4636 sitam.

2387 4645 2454 4717 (j)
2493 4647 2608 4701 Duo
2632 4664 2761 4702 mss.
2785 4653 3150 4724 sempiternum
3177 4663 3268 4716 est,
3291 4653 3445 4709 Mart.
3474 4671 3676 4724 semper
3694 4655 3747 4710 in
3770 4663 3920 4709 teter-

608 4709 696 4794 sed
724 4723 840 4794 cum
867 4709 1039 4794 aliqua
1064 4711 1412 4794 additamenta
1433 4721 1480 4766 et
1510 4711 1904 4782 signiﬁcatione,
1933 4731 2022 4784 per
2051 4709 2204 4786 quam
2232 4709 2282 4770 D
2310 4709 2446 4794 nam
2460 4732 2535 4772 est
2567 4734 2585 4771 :
2611 4709 2905 4792 corruptef
2927 4722 3145 4792 Semper
3173 4709 3449 4787 internum,
3486 4726 3535 4781 id
3565 4709 3670 4792 est,
3698 4709 3919 4794 semper

611 4779 949 4832 ostenduntur
974 4796 1074 4833 non
1100 4796 1206 4834 esse
1227 4782 1319 4835 dii.

686 4848 765 4919 (b)
803 4848 948 4919 Unus
979 4866 1009 4902 e
1037 4866 1183 4919 mss.
1213 4852 1364 4904 Colh.
1407 4851 1529 4904 dum
1557 4853 1836 4907 honoratur
1873 4871 1892 4908 :
1923 4856 2202 4912 mendose.

688 4918 910 4997 (e)-blss.
939 4920 990 4972 in
1020 4918 1491 4997 PhargoneNertit
1515 4923 1768 4997 lrena-us,
1791 4927 1879 4979 lib.
1902 4942 1976 4989 ut,
2005 4943 2122 4996 cap.
2150 4929 2204 4997 6,

613 4988 1110 5046 ant'e'Pharaonem.
1159 4992 1427 5063 Explicari
1461 5004 1636 5063 potest
1674 4996 1798 5050 illud
1827 5039 1840 5061 ,
1875 4999 1927 5051 in
1967 4988 2206 5054 Pharao;

613 5078 726 5136 item
747 5101 763 5128 ,
792 5077 855 5116 ex
885 5062 1576 5136 superioribus.Numquid
1602 5067 1647 5121 ei
1678 5076 1912 5122 naturam
1945 5067 2039 5123 Dei
2069 5073 2208 5125 intu-

613 5133 692 5197 lit,
724 5143 770 5186 ει
801 5149 901 5186 non
928 5136 1100 5202 potius
1128 5136 1181 5188 in
1206 5153 1343 5197 eurn,
1375 5133 1480 5191 etc.

684 5204 762 5286 (ά)
793 5203 952 5286 star-t1
977 5221 1082 5260 ms.
1113 5217 1158 5260 et
1190 5224 1288 5260 res.
1323 5207 1420 5262 Hic
1451 5211 1860 5286 resnopponitur
1889 5213 2152 5270 accidenti
2181 5257 2197 5286 ,

611 5274 753 5344 quod
781 5275 1111 5344 signiticatur
1142 5293 1238 5348 per
1269 5293 1462 5334 nomen
1488 5274 1779 5350 adjectum.

610 5364 753 5492 ter(e)
938 5366 1066 5439 Lips
1111 5380 1163 5424 et
1189 5368 1309 5425 Par.
1357 5371 1410 5425 in
1436 5368 1535 5424 Dei
1557 5373 1722 5441 ﬁlium
1755 5392 1773 5430 :
1811 5379 2077 5449 castigant
2107 5395 2200 5436 ve-

697 5454 754 5492 es
911 5477 925 5492 .

697 5454 754 5492 L‘S
781 5454 925 5492 ΙΙυΓΙ.

687 5530 888 5613 (f)_lloc
909 5540 1010 5588 est.
1045 5531 1210 5613 Patri.
1244 5536 1330 5590 cui
1383 5536 1625 5613 verbum.
1654 5541 1825 5598 virtus
1855 5554 1908 5599 ct
1937 5545 2200 5613 sapientia

612 5617 718 5688 non
751 5603 1218 5688 desunt,‘q.ttamvis
1241 5622 1388 5688 exeo
1418 5609 1436 5682 (
1453 5612 1626 5668 minus
1655 5621 1778 5684 apte
1804 5617 1944 5686 apud
1977 5603 2119 5688 llips.
2149 5627 2204 5674 et

609 5672 732 5728 Par.
763 5691 827 5728 ea:
855 5675 982 5746 Deo)
1000 5672 1062 5729 in
1093 5675 1262 5731 Deum
1288 5681 1390 5732 sint
1417 5672 1558 5736 nata.

685 5763 760 5834 (g)
815 5764 870 5839 ln
894 5780 994 5820 ms.
1023 5764 1184 5824 Corb.
1219 5779 1400 5825 natura
1428 5773 1711 5839 divisionis,
1736 5775 1788 5832 in
1815 5793 1922 5834 uno
1949 5779 2122 5838 Vatic.
2147 5790 2202 5838 et

612 5832 766 5890 Mart.
797 5835 861 5889 de
886 5845 1067 5890 natura
1095 5839 1380 5911 divisionis,
1411 5844 1572 5913 apud.
1607 5832 1738 5902 Bad.
1771 5832 1832 5904 et
1851 5832 1947 5906 Er.
1969 5832 2195 5908 ’oéi'iuil

2312 4787 2600 4865 inluerens.
2625 4787 3090 4865 quod'numquatn
3117 4796 3167 4850 in
3204 4800 3470 4865 proiiriam
3501 4787 3915 4854 subsistentiam

2311 4859 2548 4938 evadat:
2583 4863 2757 4938 qualis
2789 4865 2838 4917 in
2871 4865 3023 4938 nobis
3051 4877 3134 4920 est
3157 4859 3327 4923 virtus
3355 4881 3445 4922 aut
3478 4870 3769 4938 sapientia.

2348 5001 2361 5014 ο
2383 4929 2804 5014 (Ιι).5υρριθ,-ἱδ.
2834 4936 3085 5014 nimirum
3128 4938 3290 4995 Pater
3315 4981 3330 5004 ,
3361 4941 3449 5008 qui
3484 4929 3696 4995 virtutis
3720 4955 3784 4996 ac
3824 4955 3915 4997 sa-

2310 5007 2526 5080 pientia;
2559 5007 2977 5080 proprietatibus
3011 5025 3301 5080 numquam
3327 5014 3522 5066 caruit.

2313 5144 2335 5198 ί
2386 5073 2467 5197 (1))
2487 5074 2563 5130 Ex
2595 5091 2724 5132 mss.
2754 5078 3091 5136 restituimus
3122 5073 3208 5136 hic
3235 5081 3427 5151 Deum,
3456 5099 3519 5138 ac
3548 5083 3794 5154 proxime
3829 5082 3916 5140 in-

2337 5160 2390 5198 Γξὶ
2473 5163 2584 5198 eus.

2337 5160 2390 5198 ['3
2421 5160 2584 5199 υσιιδ.

2383 5216 2476 5286 (ιιι)
2506 5217 2619 5283 lCr.,
2643 5216 2790 5294 Lips.
2819 5228 2873 5276 et
2897 5221 3019 5278 Par.
3043 5223 3165 5294 quia
3190 5241 3290 5280 non
3319 5227 3451 5284 sicut
3481 5243 3500 5282 :
3525 5227 3676 5284 nullo
3712 5227 3914 5286 suffra-

2321 5299 2482 5358 gante
2515 5300 2695 5344 vcterc
2718 5291 2876 5346 libro.

2386 5358 2465 5442 (ιι)
2502 5358 2648 5442 Unus
2678 5377 2876 5442 e_t_nss.
2907 5363 3060 5442 Coll).
3085 5384 3164 5422 res
3185 5369 3474 5442 signiﬁcata
3495 5371 3783 5426 substantia
3810 5379 3907 5428 est.

2312 5428 2476 5502 gorb.
2509 5432 2581 5483 rei
2599 5434 2890 5502 signiﬁcata
2917 5437 3200 5492 substantia
3229 5428 3502 5497 2st.'Vind.
3529 5459 3741 5500 neciion
3773 5443 3908 5498 edit.

2313 5498 2442 5581 llud.
2469 5511 2522 5554 et
2551 5498 2752 5581 [fin-res
2781 5507 3071 5581 signiﬁcata
3093 5529 3126 5564 α
3158 5511 3446 5566 substantia
3471 5498 3911 5571 estalletinemus

2311 5571 3130 5653 aliorumlibrorum'lectionem
3155 5625 3168 5643 ,
3193 5598 3315 5653 qua:
3364 5588 3444 5640 sic
3482 5586 3770 5640 commode
3805 5601 3909 5653 po-

2313 5651 2416 5728 test
2438 5643 2687 5728 intelligi,
2717 5664 2795 5702 res
2816 5649 3115 5728 substantia:
3132 5643 3423 5728 signiﬁcata
3451 5668 3524 5711 est
3541 5675 3561 5724 ;
3592 5667 3650 5711 ut
3681 5657 3767 5712 hic
3796 5643 3910 5711 fere

2311 5714 2362 5791 id
2394 5714 2570 5791 ipsum
2597 5714 2669 5772 sit
2697 5721 2846 5791 quod
2869 5722 3022 5778 initio
3047 5714 3200 5780 num:
3227 5714 3481 5791 ll,Verbi
3511 5714 3590 5783 ras
3613 5729 3911 5782 enuntiatur

2309 5785 2622 5928 ἤῗηὲἱέιε,
2655 5785 2740 5847 vel
2769 5790 3067 5851 substantia:
3091 5807 3164 5851 est
3188 5838 3202 5863 ,
3236 5785 3425 5868 id’est,
3455 5799 3522 5854 ad
3551 5799 3907 5856 substantiam

2454 5875 2485 5912 ιι
2551 5897 2565 5914 .

2454 5875 2565 5914 ηει.
