4246 6260
357 335 468 393 209
1111 329 1140 348 ’⁸

1575 333 1662 390 DE
1703 333 2080 393 TRINITATE
2123 334 2330 391 LIBER
2369 334 2482 392 VH.

3559 345 3667 404 210

357 453 483 524 ﬁde.
517 451 742 506 Thomas
777 451 942 506 Deum
981 461 1167 506 natura
1205 452 1497 523 proﬁtetur.
1531 450 1714 523 Neque
1745 452 1840 507 hoe
1868 469 1962 508 no-
1991 455 2050 516 Α
2148 453 2234 508 15.
2260 452 2418 508 Pater
2445 463 2491 509 et
2518 453 2660 524 ﬁlius
2685 472 2818 511 unus
2847 465 3046 514 tantum
3077 469 3150 514 est
3176 457 3336 514 Deus.
3365 491 3438 502 —-
3462 460 3668 519 Nomen

358 561 474 600 men
505 553 710 599 recusat
739 543 997 600 Christus.
1026 576 1097 585 -——
1128 544 1194 598 Et
1215 543 1491 600 videamus
1517 559 1584 598 an
1618 543 1757 599 hanc
1785 543 1962 599 Evan-

359 639 572 710 gelistm
611 638 1078 709 praedicationem,
1127 637 1358 705 apostoli
1412 637 1636 692 Thoante
1691 635 1961 692 confessio

356 741 746 803 consequatur,
777 747 903 786 cum
971 731 1065 798 ait,
1118 730 1367 786 Dominus
1406 748 1546 786 meus
1575 741 1619 786 et
1649 729 1790 786 Deus
1817 747 1961 785 meus

358 824 555 897 (Joan.
586 841 657 881 xx
685 867 699 889 ,
726 824 852 894 28).
888 825 1030 880 Deus
1080 825 1238 894 igitur
1283 840 1409 879 suus
1451 835 1555 893 est,
1586 841 1747 895 quem
1791 826 1960 880 Deum

359 918 669 973 conﬁtetur.
695 916 758 971 Et
779 927 930 971 certe
952 915 1155 972 dictum
1183 932 1288 972 non
1316 917 1598 986 ignorabat
1627 933 1657 972 a
1693 919 1918 973 Domino
1944 938 1957 972 :

361 1011 526 1077 Audi,
548 1009 737 1076 Israel,
783 1009 1038 1065 Dominus
1071 1010 1207 1065 Deus
1237 1021 1354 1064 tuus
1395 1029 1529 1065 unus
1564 1023 1636 1066 est
1671 1012 1850 1085 (Deut.
1883 1029 1957 1077 VI,

361 1103 422 1176 4)
457 1125 468 1158 ;
503 1115 555 1159 et
580 1104 848 1176 quomodo
874 1105 1168 1174 apostolica
1196 1104 1328 1159 ﬁdes
1349 1107 1961 1175 principalisimmemor

364 1197 609 1252 estfacta
630 1197 884 1264 mandati,
915 1207 973 1251 ut
997 1196 1157 1270 184
1191 1198 1357 1253 Deum
1378 1197 1650 1254 Christum
1673 1202 1960 1256 conﬁtere-

365 1299 478 1355 tur,
516 1307 638 1346 cum
669 1293 721 1345 in
765 1291 922 1346 unius
950 1292 1046 1346 Dei
1073 1300 1219 1346 esset
1262 1292 1603 1348 confessione
1639 1293 1963 1349 vivendum?

363 1384 474 1440 Sed
506 1385 797 1453 Apostolus
827 1383 995 1440 totius
1022 1384 1351 1440 sacramenti
1394 1384 1553 1440 ﬁdem
1587 1400 1680 1454 per
1710 1387 1960 1441 virtutem

359 1477 775 1532 resurrectionis
800 1477 1103 1547 intelligens
1123 1519 1136 1540 .
1170 1493 1292 1533 cum
1338 1479 1646 1548 frequenter
1672 1479 1913 1536 audisset
1946 1498 1959 1535 :

361 1569 477 1642 Ego
528 1581 573 1626 et
623 1571 785 1626 Pater
837 1589 996 1628 unum
1043 1584 1377 1640 sumus;et:
1412 1574 1600 1629 Omnia
1643 1592 1758 1646 qua:
1788 1574 1964 1631 Patris

358 1673 501 1730 sunt,
533 1680 644 1718 mea
691 1674 841 1731 sunt;
873 1677 970 1722 et:
1005 1664 1119 1737 Ego
1158 1670 1213 1721 iu
1257 1666 1452 1734 Putre,
1504 1679 1552 1722 et
1582 1667 1740 1724 Pater
1786 1671 1840 1723 in
1885 1687 1964 1724 me

365 1755 546 1827 (Joan.
581 1774 637 1824 x,
668 1759 772 1824 50;
809 1776 916 1825 xvt,
948 1761 1049 1824 15;
1081 1777 1188 1824 xtv,
1225 1761 1317 1832 Η)
1353 1762 1496 1832 :jam
1524 1763 1639 1819 sine
1670 1763 1790 1819 ﬁdei
1821 1765 1964 1834 peri-

2067 547 2229 618 igitur
2255 557 2482 617 naturae,
2511 548 2634 604 ﬁdei
2657 558 2856 606 nostrae
2882 567 2988 608 non
3015 553 3218 608 deserit
3250 554 3663 624 professionem.

2065 638 2272 695 Nomen
2320 641 2486 707 enim,
2533 641 2677 712 quod
2729 658 2844 698 rem
2895 659 3326 716 unamquamque
3375 647 3666 718 significat,

2065 747 2179 787 rem
2210 749 2422 805 quoque
2450 735 2694 806 ejusdem
2740 738 2958 807 generis
3007 739 3244 794 ostendit
3273 758 3286 795 :
3320 751 3374 795 et
3402 741 3513 812 jam
3558 759 3668 799 non

2067 840 2154 880 res
2182 825 2302 882 dua:
2343 837 2490 891 sunt,
2523 828 2620 882 sed
2667 843 2754 884 res
2797 831 3011 900 generis
3069 831 3311 899 ejusdem
3364 842 3468 888 est.
3498 833 3670 890 Filius

2065 934 2299 988 namque
2331 920 2424 975 Dei
2449 921 2592 974 Deus
2617 929 2730 985 est;
2757 921 2859 975 hoc
2882 923 3024 976 enim
3055 924 3212 996 185
3234 923 3568 994 signiﬁcatur
3597 941 3664 982 ex

2065 1013 2306 1066 nomine.
2343 1012 2456 1066 Non
2501 1014 2638 1066 duos
2685 1013 2819 1068 deos
2849 1026 3208 1070 connumerat
3239 1031 3433 1071 nomen
3463 1034 3665 1086 unum;

2063 1105 2187 1173 quia
2213 1104 2366 1159 unius
2401 1114 2562 1174 atque
2590 1105 2950 1161 indifferentis
2978 1118 3180 1162 naturae
3209 1107 3291 1180 (ά)
3323 1126 3487 1164 unum
3525 1113 3666 1167 Deus

2064 1211 2260 1251 nomen
2305 1205 2407 1252 est.
2436 1195 2571 1253 Cum
2609 1199 2753 1252 enim
2794 1207 2849 1254 et
2887 1199 3048 1255 Pater
3091 1201 3230 1255 Deus
3271 1213 3387 1268 cst,
3415 1214 3469 1256 et
3500 1203 3668 1260 Filius

2065 1290 2208 1345 Deus
2234 1300 2338 1356 est,
2371 1301 2424 1346 et
2453 1292 2730 1361 pr0prium
2761 1299 2971 1348 natura:
2992 1293 3190 1348 divina:
3221 1311 3416 1351 nomen
3443 1297 3494 1350 in
3521 1306 3671 1350 utro-

2063 1397 2172 1451 que
2203 1383 2306 1448 sit;
2341 1394 2572 1452 uterque
2602 1399 2766 1438 unum
2795 1394 2924 1439 sunt
2953 1402 2966 1437 :
2992 1384 3114 1455 quia
3143 1401 3266 1440 cum
3295 1386 3552 1442 subsistat
3571 1387 3665 1442 Fi-

2065 1472 2170 1526 lius
2197 1488 2262 1528 ex
2285 1474 2562 1529 nativitate
2587 1474 2657 1546 (e)
2679 1485 2908 1540 naturae,
2935 1475 3014 1546 (t)
3039 1478 3296 1532 unitatem
3327 1487 3504 1534 tamen
3537 1493 3670 1533 con-

2065 1576 2246 1623 servat
2290 1568 2343 1624 in
2392 1570 2607 1624 nomine
2638 1589 2651 1624 :
2683 1585 2784 1625 nec
2812 1570 2880 1625 ad
2911 1569 3304 1640 professionem
3337 1571 3501 1627 duum
3533 1572 3668 1627 deo-

2063 1674 2182 1714 rum
2223 1663 2472 1716 nativitas
2497 1661 2618 1716 Filii
2640 1661 2977 1718 credentium
3011 1663 3171 1718 fidem
3199 1664 3364 1734 eugit.
3419 1681 3543 1736 quze
3566 1666 3669 1720 Pa-

2067 1759 2204 1806 trem
2229 1761 2285 1807 et
2306 1753 2524 1821 Filium,
2560 1765 2616 1808 ut
2651 1756 2809 1810 unius
2839 1765 3066 1824 natura),
3096 1757 3165 1810 ita
3201 1758 3358 1813 unius
3386 1759 3669 1828 proﬁtetur

358 1850 482 1904 culo
531 1860 736 1906 natura:
791 1867 984 1906 nomen
1035 1855 1318 1908 confessus
1364 1865 1447 1910 est
1486 1872 1500 1909 :
1548 1856 1673 1926 quia
1705 1856 1773 1910 ab
1803 1859 1959 1911 unius
1991 1847 2038 1907 B
2067 1853 2120 1898 el
2152 1846 2405 1900 nominis.
2435 1847 2529 1901 ESl
2562 1848 2738 1909 itaque
2771 1849 2864 1902 Dei
2896 1847 3008 1903 ﬁlio
3037 1849 3104 1920 (Ῑ)
3138 1865 3334 1906 nomen
3372 1867 3436 1906 ex
3470 1853 3669 1908 nativi-

355 1941 453 1997 Dei
495 1944 662 2012 patris
697 1943 1034 2014 professione
1078 1945 1267 2016 religio
1313 1963 1419 2002 non
1467 1947 1743 2003 excideret
1792 1947 1958 2004 Deum

353 2035 605 2090 confessa
634 2035 729 2090 Dei
762 2035 955 2103 filium,
976 2052 1098 2092 cum
1123 2038 1173 2092 in
1201 2039 1310 2093 lilio
1334 2038 1428 2094 Dei
1457 2054 1563 2094 non
1595 2040 1695 2094 nisi
1723 2050 1959 2110 paterna:

353 2140 564 2188 naturae
593 2131 794 2184 veritas
821 2129 1167 2199 crederetur;
1203 2147 1304 2188 nec
1342 2133 1444 2188 sub
1473 2134 1696 2188 alterius
1730 2135 1821 2191 Dei
1853 2136 1956 2192 im-

352 2221 444 2291 pia
498 2221 844 2279 confessione
902 2223 1035 2279 fides
1083 2234 1292 2280 natura:
1339 2227 1737 2296 periclitaretur
1776 2229 1956 2298 unius,

350 2314 479 2384 quia
509 2331 618 2370 non
649 2315 869 2370 alterius
894 2315 987 2371 Dei
1031 2325 1275 2372 naturam
1319 2317 1553 2388 perfecta
1588 2319 1681 2374 Dei
1709 2321 1960 2376 nativitas

353 2406 651 2463 attulisset.
705 2406 1003 2463 Veritatem
1066 2409 1227 2480 igitur
1277 2411 1577 2481 evangelici
1631 2415 1956 2470 sacramenti

353 2498 593 2555 Thomas
624 2499 933 2572 intelligens
957 2540 973 2568 ,
1007 2501 1292 2557 Dotninum
1323 2518 1476 2558 suum
1508 2517 1562 2560 et
1589 2506 1758 2562 Deum
1800 2523 1956 2564 suum

356 2607 482 2648 esse
505 2591 792 2648 confessus
822 2603 924 2648 est.
953 2592 1069 2649 Non
1112 2593 1200 2648 hic
1227 2594 1451 2651 honoris
1476 2606 1557 2652 est
1603 2613 1798 2656 nomen
1819 2642 1834 2666 ,
1861 2601 1954 2656 sed

353 2697 566 2743 natura:
590 2686 863 2743 confessio
888 2697 969 2744 est
1002 2709 1017 2743 :
1047 2689 1207 2745 rebus
1230 2692 1374 2746 enim
1402 2691 1533 2762 ipsis
1561 2702 1722 2765 atque
1750 2694 1958 2750 virtuti-

353 2781 453 2838 bus
480 2781 650 2838 Deum
675 2781 924 2838 credidit.
946 2783 1008 2837 Et
1040 2783 1298 2840 Dominus
1323 2785 1672 2855 professionis
1695 2789 1851 2859 hujus
1873 2804 1961 2846 re-

351 2874 618 2947 ligionem
649 2891 753 2931 non
785 2878 1008 2932 honoris
1031 2893 1150 2934 esse
1175 2879 1390 2946 docuit,
1426 2881 1520 2936 sed
1553 2881 1711 2947 ﬁdei,
1736 2883 1956 2950 dicens,

355 2968 498 3034 Quia
525 2967 702 3022 uidisti
726 2967 821 3039 (α),
856 2969 1122 3024 credidisti
1151 2987 1169 3026 :
1201 2971 1331 3026 beati
1360 2972 1447 3042 qui
1469 2989 1573 3026 non
1615 2973 1849 3029 viderunt
1869 2986 1960 3042 ,εει

350 3061 683 3115 crediderunt
709 3058 888 3134 (Joan.
919 3077 1019 3128 xx,
1042 3062 1158 3134 99).
1188 3062 1387 3119 Videtis
1411 3065 1554 3119 enim
1580 3065 1816 3123 Thomas
1836 3084 1954 3126 creo

353 3154 515 3210 didit.
541 3155 650 3213 Sed
677 3155 807 3227 quid
837 3155 1070 3212 credidit
1092 3157 1336 3228 qumris?
1363 3159 1429 3214 Et
1456 3160 1580 3230 quid
1613 3161 1755 3216 aliud
1783 3163 1957 3218 credi-

350 3247 435 3305 dit
477 3265 639 3320 qnam
696 3248 969 3319 professus
1012 3259 1096 3306 est
1151 3268 1164 3304 :

352 3359 498 3397 meus
518 3341 631 3415 (b)?
662 3343 1046 3398 Resurrexisse
1075 3343 1219 3398 enim
1252 3359 1348 3414 per
1373 3360 1433 3401 se
1454 3361 1520 3401 ex
1541 3348 1768 3403 mortuis
1798 3349 1851 3404 in
1879 3349 1954 3405 vi-

354 3437 608 3499 tam,nisi
634 3437 729 3493 Dei
755 3447 943 3493 natura
975 3453 1082 3493 non
1112 3440 1318 3509 potuit:
1343 3451 1398 3495 et
1427 3441 1648 3497 creditae
1676 3441 1953 3514 religionis

354 3534 490 3591 ﬁdes
520 3537 625 3591 hoc
645 3546 729 3591 est
756 3536 1017 3607 professa,
1043 3537 1187 3608 quod
1215 3537 1357 3592 Deus
1389 3548 1493 3594 est.
1520 3541 1675 3596 Anne
1705 3555 1834 3611 ergo
1857 3557 1955 3596 no-

353 3647 481 3688 men
511 3631 609 3688 Dei
640 3646 749 3687 uon
781 3643 986 3687 natura:
1011 3648 1099 3687 res
1130 3633 1550 3701 existintabitur,
1577 3649 1698 3690 cum
1745 3636 1956 3705 profes-

353 3723 439 3778 sio
474 3725 710 3780 nominis
738 3723 898 3780 ﬁdem
946 3732 1152 3779 natura:
1198 3725 1420 3780 creditae
1463 3726 1533 3781 sit
1570 3730 1790 3782 secuta?
1817 3728 1952 3784 Nam

353 3816 544 3887 utique
573 3817 856 3888 religiosus
881 3817 1022 3872 ﬁlius
1047 3859 1060 3879 ,
1096 3826 1148 3872 et
1180 3819 1270 3887 qui
1301 3834 1409 3872 non
1439 3819 1772 3875 voluntatem
1797 3836 1951 3876 suam

351 3912 452 3968 sed
482 3912 598 3983 ejus
627 3913 720 3982 qui
750 3928 812 3970 se
839 3916 1062 3968 miserat
1091 3911 1322 3977 faceret,
1356 3921 1410 3968 et
1435 3913 1523 3984 qui
1555 3929 1660 3969 non
1691 3913 1952 3972 honorem

352 4020 518 4062 suum
548 4005 644 4061 sed
667 4005 784 4076 ejus
806 4021 838 4062 a
863 4021 971 4076 quo
995 4014 1220 4060 venerat
1247 4015 1534 4074 quaereret,
1567 4004 1827 4062 honorem
1857 4009 1954 4062 ltu-

346 4101 440 4172 jus
471 4101 524 4155 in
570 4115 628 4156 se
657 4100 890 4156 nominis
941 4111 1282 4165 recusasset;
1318 4115 1385 4155 ne
1430 4101 1572 4172 quod
1622 4101 1736 4171 ipse
1788 4119 1950 4159 unum

353 4192 524 4248 Deum
559 4192 949 4262 pratdicaverat
977 4234 992 4256 ,
1022 4193 1342 4248 solveretur.
1375 4193 1478 4248 Sed
1503 4209 1630 4250 vere
1656 4205 1710 4250 et
1731 4205 1954 4266 aposto-

353 4283 474 4339 lica:
507 4284 628 4341 ﬁdei
658 4286 969 4357 mysterium
999 4284 1344 4352 confirmans,
1367 4294 1422 4342 et
1447 4295 1652 4342 natura:
1683 4287 1739 4342 in
1769 4303 1826 4344 se
1858 4305 1952 4360 pa-

356 4385 528 4432 terna:
583 4393 780 4433 nomen
834 4392 1156 4448 agnoscens,
1204 4379 1392 4432 beatos
1439 4391 1562 4434 esse
1602 4378 1816 4446 docuit,
1864 4381 1956 4452 qui

353 4485 480 4524 cum
503 4468 573 4542 (ε)
599 4485 658 4525 se
686 4480 1052 4539 resurgentem
1071 4485 1101 4524 e
1129 4471 1353 4526 mortuis
1367 4485 1473 4526 non
1493 4470 1769 4540 vidissent,
1787 4473 1957 4530 Deum

355 4571 541 4618 tamen
573 4577 669 4634 per
697 4562 1109 4619 resurrectionis
1134 4562 1540 4636 intelligentiam
1576 4564 1954 4624 credidissent.

428 4700 516 4774 (ί)
548 4699 803 4757 Unitatem
834 4710 1000 4756 tamen
1027 4710 1245 4756 naturaz.

1220 3249 1471 3305 Dominus
1509 3269 1651 3307 meus
1699 3264 1750 3308 et
1815 3253 1955 3310 Deus
1982 3245 2026 3308 C

2068 1947 2196 1994 tate.
2249 1939 2345 1994 llic
2374 1939 2517 1994 enim
2550 1940 2706 1995 nobis
2752 1941 3020 1996 secundus
3049 1942 3114 1996 ad
3147 1943 3668 2000 demonstrationem

2062 2030 2262 2100 gradus
2304 2040 2422 2098 est,
2481 2040 2538 2086 ut
2583 2032 2726 2087 Deus
2779 2033 2849 2085 sit
2893 2047 2958 2086 ex
3007 2033 3303 2090 nativitate.
3329 2035 3666 2107 Quamquam

2063 2125 2192 2179 mihi
2223 2123 2399 2178 adhuc
2427 2123 2494 2179 de
2519 2123 2851 2195 proprietate
2892 2126 3130 2181 nominis
3175 2127 3411 2197 supersit
3438 2139 3659 2197 aposto-

2061 2232 2162 2288 lica
2191 2231 2487 2286 auctoritas
2517 2246 2530 2283 :
2556 2228 2651 2284 sed
2681 2230 2898 2284 interim
2929 2229 3298 2301 evangelicum
3320 2230 3496 2302 placet
3523 2240 3666 2288 trac-

2062 2333 2177 2380 tare
2206 2339 2533 2380 sermonem.

2135 2417 2223 2472 M.
2276 2415 2447 2471 Filius
2482 2425 2538 2470 ut
2579 2424 2731 2471 natus
2777 2432 2842 2470 ea:
2877 2413 3026 2483 Deo,
3058 2413 3158 2470 Dei
3202 2425 3441 2471 naturam
3487 2415 3659 2471 habet.

2063 2510 2228 2567 Nasci
2259 2521 2306 2567 et
2327 2521 2547 2581 carptum
2564 2527 2671 2566 esse
2693 2526 2794 2565 non
2817 2510 2972 2565 idem.
3003 2539 3076 2552 -—
3100 2509 3170 2566 Et
3199 2510 3428 2580 primum
3455 2525 3661 2580 quzcro,

2060 2623 2222 2679 quam
2271 2607 2523 2662 nativitas
2571 2604 2668 2660 filii
2714 2615 2918 2661 natura).
2961 2605 3256 2660 novitatem
3304 2605 3540 2673 potuerit
3585 2606 3668 2660 itt—

2060 2698 2236 2762 ferre,
2268 2715 2336 2753 ne
2361 2699 2500 2754 Deus
2521 2697 2624 2753 sit?
2651 2697 3025 2769 lntelligentize
3057 2696 3200 2753 istud
3243 2696 3492 2753 humanae
3535 2711 3664 2753 sen-

2060 2808 2154 2849 sus
2183 2791 2456 2860 excludit,
2487 2801 2544 2847 ut
2570 2792 2771 2863 aliquid
2821 2807 2852 2846 a
2885 2801 3074 2847 natura
3105 2791 3330 2862 originis
3381 2805 3495 2848 sure
3543 2807 3667 2846 nas—

2060 2887 2234 2942 cendo
2263 2887 2532 2943 diversum
2567 2888 2636 2941 sit
2673 2903 2686 2939 :
2739 2885 2844 2942 nisi
2891 2885 3032 2942 forte
3059 2886 3204 2956 quod
3243 2901 3308 2941 ex
3350 2894 3664 2942 naturarum

2059 2981 2375 3038 diversitate
2402 2990 2745 3048 conceptum,
2780 2995 2976 3035 novum
3027 2979 3228 3051 aliquid
3260 2977 3339 3052 (g)
3387 2979 3439 3034 in
3489 2993 3550 3034 se
3580 2982 3662 3045 (et

2061 3075 2132 3129 ita
2162 3075 2231 3128 sit
2257 3073 2472 3144 generis
2501 3073 2802 3142 utriusque,
2825 3071 2968 3142 quod
3011 3082 3258 3128 neutrum
3285 3070 3380 3143 sit)
3403 3071 3585 3126 veniat
3607 3071 3663 3126 in

2061 3168 2258 3235 vitam;
2285 3167 2430 3239 quod
2460 3167 2512 3222 in
2537 3165 2824 3237 pecoribus
2845 3180 2909 3221 ac
2933 3165 3119 3222 bestiis
3141 3165 3398 3221 usitatum
3425 3173 3528 3220 est.
3551 3163 3660 3221 Sed

2061 3278 2124 3320 ea
2167 3263 2280 3326 ipsa
2333 3261 2542 3318 novitas
2598 3275 2705 3316 non
2757 3261 2933 3326 inest,
2987 3260 3093 3315 nisi
3125 3275 3191 3316 ex
3243 3259 3493 3315 connatis
3541 3274 3667 3328 pro-

2062 3355 2382 3427 prietatibus
2453 3353 2556 3410 sub
2622 3353 2933 3409 diversitate
3010 3363 3243 3408 naturae:
3315 3362 3371 3408 et
3437 3351 3668 3408 diversi-

2063 3458 2225 3507 tatem
2287 3450 2368 3521 (h)
2437 3463 2623 3504 eorum
2690 3449 2941 3504 nativitas
2985 3463 3092 3503 non
3115 3447 3335 3515 intulit,
3391 3446 3485 3502 sed
3508 3461 3639 3502 acce

2061 3543 2178 3614 pit,
2239 3542 2366 3597 dum
2419 3539 2470 3596 id
2528 3549 2708 3610 tenet,
2743 3539 2886 3612 quod
2936 3555 3004 3596 ex
3051 3551 3279 3610 utroque
3341 3538 3443 3594 sibi
3495 3554 3662 3594 unum

2061 3645 2164 3693 est.
2199 3636 2264 3692 Et
2298 3651 2422 3692 cum
2451 3635 2568 3690 haec
2596 3635 2650 3690 in
2698 3633 2782 3690 his
2810 3633 3187 3704 corporalibus
3229 3632 3408 3688 causis
3447 3639 3504 3687 et
3550 3647 3668 3701 pas-

2062 3727 2307 3784 sionibus
2334 3729 2406 3784 ita
2455 3727 2596 3790 sint;
2629 3727 2751 3797 quis
2796 3741 2928 3796 rogo
2955 3723 3110 3780 furor
3155 3733 3276 3790 est,
3329 3723 3664 3780 nativitatem

2057 3821 2317 3892 unigeniti
2347 3821 2439 3876 Dei
2468 3819 2536 3874 ad
2564 3819 2890 3889 degenerem
2912 3834 2977 3872 ex
3014 3819 3124 3872 Deo
3151 3817 3354 3872 referre
3383 3823 3662 3870 naturam:

2054 3929 2178 3970 cum
2203 3913 2452 3968 nativitas
2493 3912 2720 3967 nonnisi
2744 3927 2808 3965 ex
2844 3909 3172 3979 proprietate
3214 3917 3420 3961 natura:
3466 3907 3571 3974 sit;
3607 3915 3664 3963 et

2050 4007 2162 4078 jam
2196 4008 2448 4063 nativitas
2471 4021 2576 4062 non
2599 4005 2723 4070 erit,
2755 4004 2799 4058 si
2830 4002 3134 4074 proprietas
3178 4012 3384 4057 natura:
3429 4001 3482 4056 in
3514 4001 3660 4056 nati-

2058 4102 2223 4158 vitate
2247 4117 2354 4158 non
2387 4101 2546 4155 fuerit
2567 4100 2592 4154 ‘l
2624 4099 2758 4155 Hinc
2783 4099 2873 4154 ille
2902 4097 3078 4154 omnis
3098 4107 3262 4152 :estus
3286 4105 3342 4152 et
3370 4095 3520 4152 furor
3543 4104 3651 4166 est,

2056 4204 2114 4250 ut
2138 4195 2190 4250 in
2223 4193 2332 4250 ﬁlio
2364 4194 2455 4250 Dei
2480 4208 2586 4249 non
2616 4193 2866 4248 nativitas
2909 4192 2978 4246 sit
3005 4233 3018 4257 ,
3053 4189 3150 4246 sed
3173 4188 3417 4254 creatio;
3453 4199 3509 4243 ut
3547 4204 3658 4245 non

2058 4297 2264 4344 natura:
2289 4305 2401 4344 suae
2428 4288 2689 4360 originem
2713 4286 3016 4342 subsistens
3057 4292 3274 4350 teneat,
3297 4283 3392 4339 sed
3424 4283 3658 4340 alienam

2057 4399 2090 4440 a
2122 4384 2232 4440 Deo
2267 4383 2335 4440 de
2385 4399 2492 4440 non
2545 4381 2879 4438 exstantibus
2924 4388 3135 4436 sumat:
3184 4377 3311 4450 quia
3363 4376 3659 4433 secundum

2060 4477 2202 4548 quod
2234 4478 2336 4533 ait:
2369 4475 2432 4551 (i)
2483 4476 2631 4545 Quod
2672 4476 2734 4531 de
2779 4491 2934 4530 carne
2974 4473 3238 4538 nascitur,
3285 4485 3406 4526 caro
3453 4479 3567 4536 est;
3613 4481 3662 4524 et

2061 4569 2197 4640 quod
2223 4569 2286 4624 de
2311 4567 2550 4641 spiritus,
2605 4567 2790 4638 spiritu
2818 4575 2890 4622 est
2921 4563 3099 4636 (Joan.
3133 4577 3213 4631 ut,
3245 4561 3334 4631 6),
3364 4560 3488 4632 quia
3517 4559 3662 4616 Deus

427 4843 508 4918 (α)
537 4845 637 4901 Hic
661 4844 1022 4917 expunximus
1043 4861 1141 4910 me,
1173 4843 1494 4901 auctoritate
1515 4851 1758 4900 veterum
1788 4841 1956 4898 libro-
1982 4841 2036 4903 D
2061 4842 2396 4915 intelligenda
2416 4843 2653 4918 nativitas
2672 4858 2698 4918 :_
2720 4841 2886 4918 et_lih.
2910 4855 3195 4906 vnt,num.
3219 4839 3324 4918 18‘:
3347 4854 3440 4894 nec
3465 4854 3557 4908 per
3577 4854 3662 4893 sa-

354 4934 506 4975 rum.

431 4988 513 5062 (ὁ)
545 4986 828 5059 Antiquior
876 4987 1047 5044 codex
1095 4985 1250 5044 Colb.
1283 5002 1408 5044 cum
1434 4987 1618 5043 Germ.
1649 4983 1790 5041 Deus
1817 5001 1961 5040 meus

356 5078 411 5117 ει
437 5073 516 5118 IN.

358 5131 509 5260 “’05)
542 5131 868 5187 Particulam
929 5134 982 5186 in
1035 5132 1122 5187 hic
1183 5130 1603 5202 praetermittunt
1623 5127 1963 5184 vetustiores

381 5225 392 5259 ι
439 5222 505 5260 η.

381 5205 505 5260 ibri.

435 5276 520 5343 (tl)
543 5275 600 5330 In
623 5289 754 5330 mss.
784 5273 938 5329 Mart.
970 5282 1023 5328 et
1049 5272 1204 5330 Corb.
1248 5290 1406 5328 unum
1438 5271 1532 5327 Dei
1553 5285 1773 5328 nomen:
1798 5270 1959 5328 male.

360 5347 463 5403 llic
494 5347 632 5402 Dens
657 5345 1043 5407 materialiter,
1075 5355 1133 5399 ut
1162 5346 1344 5408 aiunt,
1376 5345 1625 5400 sumitur.

435 5420 512 5490 (e)
537 5418 879 5490 Vocabulum
909 5427 1110 5470 natura:
1138 5417 1188 5490 in
1225 5418 1370 5490 prius
1393 5415 1953 5490 vulgatisinterpune-

365 5487 512 5547 tione
551 5489 808 5546 dividitur
835 5489 904 5544 ab
933 5488 1273 5543 antecedenti
1316 5502 1475 5552 voce,
1507 5487 1957 5557 conjungiturque

364 5577 490 5618 cum
534 5561 907 5630 subsequenti.
960 5559 1450 5626 lnterpunctinnem
1498 5569 1768 5614 mutamus
1794 5599 1808 5619 ,
1843 5567 1955 5630 tum

365 5635 488 5705 quia
519 5634 656 5688 alias
686 5631 966 5705 remotior:
985 5639 1130 5705 esset
1157 5631 1411 5705 particula
1454 5640 1620 5683 tamen
1642 5671 1656 5694 ,
1691 5641 1800 5685 tum
1833 5629 1956 5698 quia

366 5701 623 5771 frequens
648 5713 731 5758 est
757 5703 897 5776 apud
926 5701 1181 5776 Hilarium
1205 5703 1666 5776 nativitasnaturte
1684 5743 1699 5768 ,
1731 5716 1828 5776 pro
1855 5716 1953 5776 na-

367 5771 841 5848 tivitatettatura'li
861 5817 874 5840 ,
909 5783 982 5848 __ut
1012 5772 1192 5848 videre
1220 5782 1302 5828 est
1346 5775 1396 5828 in
1446 5773 1532 5828 his
1563 5789 1708 5831 num.
1752 5771 1823 5848 9}
1850 5789 1862 5824 :
1889 5772 1956 5848 Αλι

367 5841 483 5903 uero
507 5858 561 5902 ut
590 5845 641 5903 in
674 5843 855 5902 natura
901 5845 1016 5900 licet
1063 5841 1194 5915 Dei,
1230 5854 1427 5905 natura:
1453 5853 1620 5901 ttnuett
1651 5860 1714 5901 ea:
1758 5842 1866 5900 Deo
1893 5840 1962 5897 sit

2067 4911 2384 4969 crumentum
2420 4915 2811 4984 dispensationis
2838 4929 2998 4967 unum
3026 4921 3177 4979 sunt,
3218 4911 3307 4966 sed
3335 4928 3424 4977 per
3463 4919 3660 4984 natura:

2067 4986 2397 5040 nativitatem.
2436 4981 2624 5040 ln'ms.
2676 4986 2830 5039 Mart.
2855 4999 2959 5040 vox
2989 4993 3188 5038 natura:
3208 4997 3421 5038 rursum
3447 4981 3655 5052 repeti-

2069 5066 2153 5112 tur
2183 5067 2302 5124 post
2332 5058 2578 5111 unitatem
2609 5067 2794 5111 tamen.

2139 5128 2210 5199 (ι’)
2237 5129 2290 5182 ln
2314 5127 2706 5182 recentioribus
2735 5128 3009 5199 dumtaxat
3037 5139 3167 5199 mss.
3184 5197 3193 5199 Α
3209 5141 3382 5199 verum
3400 5139 3614 5199 nomen.

2245 5199 2499 5253 Erasmus
2521 5199 2695 5268 proin
2722 5215 2806 5262 se,
2832 5195 3079 5270 malebat
3094 5197 3234 5270 in_sit.
3266 5194 3478 5262 Lipsius
3498 5195 3657 5250 dein.

2065 5265 2296 5339 delegit
2323 5311 2338 5331 ,
2372 5279 2418 5324 et
2440 5265 2577 5338 quod
2604 5271 2676 5325 ita
2695 5312 2708 5329 .
2731 5269 2914 5324 addito
2943 5269 3102 5339 quod.
3135 5265 3196 5322 ln
3229 5271 3522 5339 vetustiore
3549 5281 3654 5322 ms.

2068 5335 2276 5409 Remig.
2307 5335 2574 5396 omittitur
2593 5340 2792 5410 aliquid
2817 5341 2869 5394 in
2895 5335 2967 5394 se.
3005 5338 3062 5393 In
3111 5352 3214 5393 ms.
3229 5337 3360 5410 _Vat.
3392 5335 3506 5410 bas.
3562 5351 3657 5392 cx-

2065 5421 2192 5477 stat,
2219 5407 2416 5482 aliquid
2439 5422 2623 5482 prmler
2644 5407 2742 5468 ista
2767 5413 2832 5468 sit
2852 5410 3069 5483 generis,
3093 5419 3198 5466 etc.
3229 5407 3334 5464 Pro
3357 5417 3406 5466 et
3426 5409 3518 5475 ita,
3544 5421 3657 5462 ma-

2062 5485 2146 5554 gis
2180 5485 2448 5550 placeret,
2480 5493 2533 5537 ut
2561 5485 2650 5537 ita.
3139 5529 3152 5542 .

2137 5548 2218 5623 (Ii)
2247 5554 2304 5610 In
2339 5570 2439 5611 ms.
2494 5557 2611 5609 bas.
2632 5554 2753 5611 Vat.
2797 5572 2972 5610 eorum
3005 5569 3240 5608 morum:
3269 5548 3615 5623 interpolatio
3639 5591 3656 5616 ,

2065 5621 2220 5696 cujus
2249 5627 2367 5680 loco
2411 5625 2716 5693 intelligere
2741 5635 2824 5684 est
2870 5643 3048 5682 eorum
3088 5641 3363 5696 pecorum,
3394 5621 3424 5678 a
3460 5621 3659 5694 quibus

2062 5699 2182 5753 scil.
2213 5706 2390 5753 exstat
2419 5696 2688 5754 nativitas.
3220 5747 3225 5754 ,
3525 5736 3533 5745 ,

2136 5770 2199 5840 (i)
2243 5769 2406 5826 Solus
2453 5771 2622 5826 codex
2667 5769 2787 5827 Vat.
2817 5769 2954 5828 ibas.
2988 5783 3110 5827 cum
3153 5769 3308 5828 Mart.
3345 5765 3433 5825 hic
3475 5764 3660 5835 addit,

2062 5838 2334 5898 Dominus.

2116 5857 2334 5898 οηηηηε.
