4246 6260
388 349 500 404 215

1616 333 1703 393 ne
1748 325 2127 394 TRINITATE
2165 318 2368 394 LIBER
2406 333 2513 395 tu.

3601 347 3708 403 914

385 462 536 518 dium
567 457 941 530 responsionis
973 455 1263 512 adversum
1291 454 1600 510 Judzeorum
1631 447 1852 522 impium
1886 465 2002 505 mo—
2029 449 2077 513 Α
2107 451 2350 507 vinitatis
2377 449 2660 508 veritatem
2698 452 2754 508 in
2781 452 2940 510 Patre
2967 462 3020 510 et
3043 454 3184 513 Filio
3212 459 3516 526 confitetur,
3544 461 3705 516 abso-

389 565 502 610 tum
526 596 540 620 ,
569 569 669 624 per
692 567 853 624 quem
886 564 1056 620 usque
1083 548 1149 603 ad
1177 548 1506 603 voluntatem
1531 542 1821 600 inferenda:
1852 553 1997 598 mor-

393 643 463 699 tis
488 643 912 714 exagitabantur
935 683 950 707 ,
973 645 1216 710 aptatum
1245 638 1406 710 188
1434 647 1536 692 est.
1563 635 1696 690 Nam
1718 633 1783 688 ad
1815 633 1998 689 violati

387 733 599 791 sabbati
621 735 895 804 objectum
919 732 1021 787 sibi
1043 740 1250 787 reatum
1274 730 1517 796 dixerat,
1550 726 1708 782 Pater
1732 743 1872 782 meus
1905 743 1996 781 us-

387 847 484 901 que
500 830 670 883 adltuc
695 837 939 899 operatur
961 870 974 891 ,
1017 836 1066 882 et
1089 842 1182 897 ego
1203 840 1424 894 Operor:
1458 831 1515 877 ut
1558 835 1847 891 usurpasse
1892 821 1995 876 hoc

385 938 453 979 ex
480 922 803 978 auctoritate
849 918 1250 988 intelligeretur
1277 917 1354 989 (a)
1381 916 1646 986 exempli;
1682 915 1992 986 significans

387 1026 571 1071 tamen
604 1016 704 1070 hoc
728 1057 741 1080 ,
773 1013 914 1084 quod
939 1013 1054 1082 ipse
1077 1020 1292 1080 ageret.
1319 1009 1492 1064 Patris
1521 1023 1642 1064 esse
1664 1021 1798 1076 Opus
1828 1007 1989 1062 intel-

385 1108 658 1181 ilgendum
687 1150 700 1174 ,
750 1105 874 1178 quia
909 1107 1024 1174 ipse
1057 1104 1109 1158 in
1142 1118 1202 1158 se
1250 1109 1568 1172 operaretur
1596 1109 1876 1170 operante.
1925 1099 1992 1154 Et

385 1219 607 1258 rursum
639 1200 927 1256 adversum
954 1211 1073 1251 eam
1116 1195 1399 1257 invidiam,
1432 1207 1534 1263 qua
1578 1209 1635 1246 se
1673 1208 1767 1262 per
1812 1203 1989 1260 pater-

393 1299 524 1349 num
569 1307 765 1347 nomen
795 1293 904 1345 lico
932 1295 1302 1358 exmquasset,
1337 1285 1453 1340 inec
1496 1285 1758 1340 subdidit:
1789 1286 1984 1350 Amen,

383 1400 534 1438 amen
565 1385 683 1438 dico
712 1385 868 1447 vobis,
900 1395 1001 1434 non
1033 1390 1194 1450 potest
1237 1377 1410 1432 Filius
1435 1377 1497 1430 ab
1525 1395 1578 1430 se
1629 1381 1800 1450 facere
1829 1379 1984 1449 quid—

381 1490 558 1545 quam,
600 1475 700 1528 nisi
744 1473 885 1544 quod
914 1472 1096 1526 viderit
1145 1469 1350 1525 Patrem
1397 1470 1686 1537 facientem.
1717 1470 1795 1526 Ne
1827 1471 1987 1540 igitur

383 1569 686 1639 exmquatio
720 1567 809 1621 illa
844 1582 942 1636 per
969 1577 1166 1620 nomen
1199 1575 1551 1632 naturamque
1576 1563 1667 1616 lilii
1700 1563 1861 1618 iidem
1891 1577 1986 1618 na-

387 1661 607 1714 tivitatis
633 1657 906 1721 auferret;
930 1658 1003 1712 ait
1034 1657 1229 1711 Filium
1262 1656 1329 1709 ab
1356 1670 1416 1710 se
1439 1657 1614 1710 facere
1641 1655 1770 1710 nihil
1803 1671 1980 1725 posse,

385 1753 488 1807 nisi
518 1751 660 1822 quod
692 1751 907 1806 Patrem
940 1750 1228 1805 facientem
1261 1749 1504 1803 vidisset.
1537 1749 1603 1802 Et
1645 1758 1703 1803 ut
1739 1759 1982 1806 maneret

2103 545 2431 600 latissimum
2472 556 2902 613 sacramentum,
2943 545 3103 621 ιω
3145 560 3204 606 ιιι
3241 551 3431 607 eadem
3463 547 3708 610 iaciendo

2100 637 2268 692 Filius
2315 637 2565 693 similiter
2610 637 2802 706 faciat,
2834 648 2892 695 et
2934 642 3186 698 similiter
3232 643 3482 702 faciendo
3509 641 3702 701 eadem

2102 730 2211 786 sint
2238 730 2358 801 ipsa
2385 729 2456 802 (ε)
2481 745 2602 801 quae
2631 731 2822 788 faciat:
2853 733 2980 803 quia
3018 735 3121 792 sub
3157 752 3261 794 una
3291 737 3394 793 bac
3431 733 3707 810 significa-

2098 823 2246 878 tione
2270 831 2536 878 testentur
2565 833 2620 880 et
2647 825 2900 882 similiter
2929 827 3068 884 facta
3117 831 3455 888 nativitatem
3477 873 3492 900 ,
3527 841 3582 888 et
3608 848 3702 888 ea-

2099 915 2224 971 dem
2259 917 2396 971 facta
2429 924 2696 972 naturam.

2170 1009 2256 1064 19.
2301 1009 2681 1065 Demonstratio
2725 1027 2937 1079 cperam
2966 1017 3286 1071 nativitatem
3322 1019 3533 1090 ingerit,
3577 1035 3681 1074 non

2094 1102 2486 1171 ignorationem.
2519 1101 2726 1158 Nostra:
2746 1105 2868 1174 ﬁdei
2897 1109 3167 1162 instructio
3187 1100 3288 1163 est;
3317 1109 3458 1165 Velle
3482 1113 3703 1182 quid.—

2093 1191 2267 1248 Teuet
2308 1194 2490 1263 itaque
2531 1197 2903 1264 responsionis
2929 1198 3217 1255 dominica:
3256 1201 3388 1255 ordo
3416 1201 3703 1258 ecclesias-

2095 1285 2213 1339 lica:
2243 1285 2363 1340 fidei
2394 1288 2660 1357 integrum
2698 1289 2945 1345 ordinem
2969 1333 2984 1358 ,
3020 1303 3078 1347 ut
3108 1309 3207 1348 nec
3234 1293 3510 1350 discernat
3537 1306 3664 1351 natu
3683 1327 3696 1339 -

2091 1392 2230 1442 ram,
2260 1389 2313 1430 et
2340 1377 2608 1446 signiﬁcet
2637 1381 2998 1437 nativitatem.
3022 1383 3135 1439 lloc
3160 1401 3392 1458 namque
3411 1389 3654 1459 sequitur
3681 1409 3695 1446 :

2090 1467 2252 1522 Pater
2282 1470 2416 1522 enim
2438 1470 2608 1542 diligit
2638 1471 2861 1541 Filium,
2893 1485 2939 1530 et
2965 1479 3142 1533 omnia
3171 1480 3486 1535 demonstrat
3507 1483 3554 1536 ei
3577 1499 3694 1553 qua:

2089 1561 2198 1630 ipse
2224 1562 2380 1630 facit;
2412 1572 2459 1616 et
2485 1567 2683 1636 majora
2727 1567 2911 1621 [torum
2942 1585 3098 1638 opera
3124 1571 3493 1627 demonstrabit
3525 1577 3592 1638 ei,
3641 1586 3695 1629 ttt

2088 1668 2176 1706 vos
2202 1655 2546 1709 admiremini.
2580 1655 2727 1712 Sicut
2764 1660 2898 1713 enim
2940 1660 3095 1716 Pater
3122 1665 3335 1719 suscitat
3377 1675 3606 1723 mortuos
3646 1675 3696 1722 et

2089 1745 2328 1813 vivificat,
2359 1747 2433 1799 sic
2462 1756 2509 1801 et
2538 1746 2710 1802 Filius
2731 1765 2860 1820 quos
2898 1754 3003 1807 vult
3039 1755 3261 1825 viviﬁcat
3293 1755 3518 1827 (Ibidem
3548 1759 3619 1814 20
3646 1769 3693 1813 et

386 1843 638 1899 salutaris
668 1844 720 1898 in
749 1843 909 1898 Patre
939 1852 996 1897 et
1026 1841 1164 1896 Filio
1191 1839 1550 1896 confessionis
1583 1852 1784 1897 nostra;
1815 1843 1980 1908 ordo;
2015 1855 2064 1917 Β
2089 1836 2153 1890 21
2177 1833 2217 1907 ).
2243 1836 2399 1892 Anne
2425 1837 2821 1896 demonstratio
2840 1857 3063 1912 Operum
3092 1847 3238 1902 aliud
3267 1848 3352 1904 hic
3382 1850 3536 1906 nobis
3559 1867 3698 1922 pm.

386 1945 640 1992 naturam
662 1936 958 1991 nativitatis
981 1935 1238 2000 ostendit,
1263 1950 1382 2005 qua:
1403 1943 1722 2004 potestatem
1749 1935 1986 1992 efficien-

381 2029 437 2085 di
469 2044 578 2084 non
602 2045 696 2100 per
727 2031 1059 2086 incrementa
1081 2029 1407 2084 indultarunt
1449 2029 1516 2084 ad
1572 2031 1991 2101 unumquodque

385 2135 524 2192 opus
555 2122 746 2176 virium
777 2129 1048 2188 sumeret,
1081 2119 1173 2176 sed
1197 2120 1263 2176 de
1286 2119 1593 2191 cognitione
1617 2132 1987 2192 praesumeret:

385 2221 746 2283 praasumeret
770 2223 949 2270 autem
991 2227 1098 2268 nott
1136 2213 1203 2268 de
1248 2213 1430 2284 aliquo
1470 2215 1649 2284 operis
1694 2217 1990 2285 corporalis

382 2306 657 2376 exemplo,
683 2305 956 2376 utaliquid
981 2307 1124 2375 prius
1148 2305 1310 2361 Pater
1338 2306 1536 2362 faceret
1557 2307 1622 2363 ad
1652 2307 1728 2380 (ὁ)
1756 2309 1827 2375 id,
1847 2306 1991 2378 quod

385 2409 574 2468 postea
598 2397 770 2453 Filius
816 2399 1052 2454 facturus
1077 2409 1257 2458 esset:
1304 2399 1399 2454 sed
1431 2415 1550 2454 cum
1594 2410 1781 2456 natura
1809 2402 1907 2457 Dei
1933 2385 1991 2456 in

387 2500 634 2546 naturam
670 2491 761 2547 Dei
794 2491 1159 2558 substitisset,
1195 2491 1245 2546 id
1270 2500 1385 2559 est,
1412 2508 1477 2548 ex
1505 2493 1665 2548 Patre
1700 2493 1866 2548 Filius
1895 2509 1990 2550 na-

387 2594 471 2639 tus
496 2594 676 2651 esset;
705 2601 803 2656 per
829 2583 1041 2641 virtutis
1066 2601 1128 2641 ac
1157 2595 1366 2641 natura:
1388 2587 1442 2641 in
1473 2601 1534 2644 se
1584 2597 1824 2658 paterna:
1846 2605 1978 2644 con-

380 2679 668 2736 scientiam
697 2679 828 2734 nihil
852 2679 918 2736 ab
940 2697 1016 2747 se,
1051 2681 1150 2737 nisi
1174 2682 1317 2752 quod
1346 2682 1558 2738 Patrem
1581 2682 1866 2740 facientem
1893 2686 1982 2740 vi-

383 2771 596 2839 disset,
647 2771 841 2828 Filium
893 2772 1072 2830 facere
1123 2790 1280 2844 posse
1327 2783 1552 2830 testatus
1597 2787 1732 2832 est:
1783 2787 1985 2833 etcum

384 2867 698 2937 unigenitus
729 2868 870 2922 Deus
905 2878 1140 2938 paterna)
1168 2868 1381 2923 virtutis
1419 2870 1820 2938 Operationibus
1857 2887 1990 2940 ope-

383 2969 635 3024 raretur,
690 2967 895 3015 tantum
943 2961 1044 3014 sibi
1098 2959 1164 3014 ad
1221 2960 1526 3016 faciendum
1586 2974 1983 3031 pra:sumeret,

383 3061 645 3120 quantum
670 3051 722 3105 in
740 3052 1071 3106 conscientia
1095 3067 1188 3106 stta
1215 3063 1359 3106 esset
1379 3093 1392 3117 ,
1427 3053 1838 3122 inseparabilem
1866 3069 1894 3108 a
1927 3071 1986 3110 se

389 3143 484 3198 Dei
515 3145 685 3214 patris
710 3183 724 3209 ,
755 3159 915 3215 quam
943 3159 1040 3216 per
1076 3143 1365 3215 legitimam
1413 3147 1745 3200 nativitatem
1777 3147 1987 3202 obtine-

2099 1942 2180 1987 ter
2219 1946 2379 2002 quam
2411 1933 2710 1989 nativitatis
2751 1935 2912 1992 fidem
2953 1939 3169 2010 ingerit,
3213 1950 3272 1996 ut
3309 1940 3695 2000 subsistentem

2095 2029 2288 2083 Fillqu
2312 2045 2376 2084 es
2406 2031 2731 2088 subsistente
2757 2034 2866 2090 Deo
2894 2044 3044 2104 patre
3071 2038 3391 2095 credamus?
3417 2039 3529 2096 Nisi
3558 2041 3697 2096 forte

2095 2136 2192 2191 per
2242 2120 2635 2192 ignorationem
2689 2126 2994 2182 credendus
3043 2141 3128 2184 est
3178 2131 3491 2203 unigenitus
3552 2134 3698 2190 Deus

2094 2212 2340 2268 doctrina
2371 2215 2849 2274 demonstrationis
2879 2221 3127 2291 eguisse;
3158 2223 3253 2278 sed
3287 2226 3566 2282 temeritas
3594 2227 3698 2280 im-

2093 2307 2196 2376 pia:
2241 2305 2400 2377 hujus
2438 2309 2854 2366 existimationis
2894 2327 3002 2368 non
3033 2314 3352 2372 admittitur.
3387 2316 3507 2375 Non
3549 2319 3695 2375 enim

2094 2398 2277 2455 doceri
2315 2411 2437 2471 eget
2465 2402 2543 2472 (1)
2573 2401 2643 2475 (f)
2676 2404 2766 2474 qui
2813 2405 3072 2476 quidquid
3110 2395 3388 2466 docendus
3426 2410 3497 2466 sit
3535 2411 3693 2465 sciat.

2092 2493 2224 2548 Nam
2255 2504 2439 2564 postea
2469 2510 2628 2566 quam
2655 2496 2728 2550 ait
2755 2515 2767 2549 :
2794 2496 2956 2553 Pater
2985 2500 3156 2570 diligit
3187 2499 3410 2568 Filium,
3437 2513 3487 2556 et
3516 2504 3691 2556 omnia

2092 2580 2408 2642 demonstrat
2449 2590 2495 2642 ei
2520 2603 2635 2658 qua:
2675 2591 2784 2661 ipse
2825 2593 2948 2662 facit
2979 2609 2999 2646 :
3030 2602 3089 2647 ut
3123 2593 3441 2648 ostenderet
3477 2609 3695 2649 omnem

2092 2678 2232 2735 hanc
2251 2681 2425 2735 Patris
2445 2681 2960 2739 demonstrationem
2985 2683 3106 2740 fidei
3131 2695 3330 2740 nostra:
3350 2700 3474 2741 esse
3491 2686 3698 2742 doctri-

2092 2788 2238 2839 nam,
2262 2781 2321 2826 ut
2345 2773 2553 2829 scilicet
2578 2783 2631 2829 et
2657 2775 2816 2831 Pater
2838 2775 2995 2831 nobis
3023 2778 3074 2832 in
3099 2777 3446 2834 confessione
3473 2791 3620 2836 esset
3640 2787 3696 2836 et

2091 2863 2282 2930 Filius,
2320 2876 2374 2920 et
2408 2882 2474 2920 ne
2499 2882 2603 2936 qua
2649 2866 2735 2922 bic
2763 2870 3032 2938 ignoratio
3065 2868 3117 2923 in
3148 2870 3288 2925 Filio
3317 2879 3500 2941 posset
3525 2871 3691 2929 intel-

2090 2958 2200 3029 ligi,
2248 2965 2334 3014 cui
2375 2959 2536 3016 Pater
2575 2977 2737 3034 opera
2778 2965 2982 3031 omnia,
3012 2981 3132 3035 quae
3172 2967 3288 3036 ipse
3328 2967 3550 3034 faceret,
3591 2968 3691 3023 de;

2089 3061 2451 3118 monstraret;
2479 3057 2736 3110 continuo
2758 3056 2832 3110 ait
2857 3075 2870 3111 :
2896 3057 2963 3110 Et
2983 3061 3186 3124 tnaiora
3206 3061 3389 3114 horum
3415 3075 3573 3129 opera
3597 3061 3691 3115 de:

2088 3147 2393 3199 monstrabit
2437 3147 2503 3212 ei,
2547 3157 2602 3200 ut
2648 3162 2736 3202 vos
2777 3150 3125 3204 admiremini.
3172 3152 3318 3206 Sicut
3355 3153 3492 3207 enim
3533 3149 3694 3207 Pater

384 3235 511 3303 bat,
543 3251 701 3305 posse
746 3245 1013 3290 naturam.
1059 3236 1174 3291 Non
1202 3239 1345 3291 enim
1391 3240 1762 3307 corporalibus
1809 3241 1983 3296 modis
2011 3249 2053 3308 ί]
2087 3240 2298 3294 suscitat
2331 3249 2561 3293 mortuos
2596 3251 2642 3294 et
2670 3242 2910 3312 viviﬁcat.
2945 3246 3020 3298 sic
3054 3255 3102 3298 et
3131 3242 3304 3299 Filius
3329 3261 3455 3316 quos
3485 3245 3591 3300 vult
3619 3246 3694 3299 vi-

383 3327 460 3400 (c)
494 3330 636 3384 Deus
661 3329 830 3396 videt,
861 3332 956 3385 sed
988 3330 1137 3384 visus
1163 3331 1210 3384 ei
1261 3329 1437 3385 omnis
1467 3329 1521 3384 in
1556 3332 1748 3386 virtute
1777 3342 1982 3388 natura:

383 3432 488 3476 ρει.

460 3516 546 3569 18.
581 3515 718 3569 Dum
746 3531 926 3571 sensu
963 3531 1127 3571 onata
1165 3517 1318 3585 facit,
1347 3533 1448 3572 non
1486 3519 1619 3572 alius
1648 3519 1810 3584 ;dum
1840 3534 1980 3575 sust-

387 3627 580 3673 ursa,
628 3612 766 3666 alius
791 3622 885 3666 est.
937 3641 1008 3652 —
1035 3612 1278 3681 Denique
1319 3613 1581 3680 subjecit:
1619 3611 1806 3667 Omnia
1847 3615 1981 3668 enim

387 3705 719 3776 quacumque
747 3706 871 3774 facit
902 3704 1059 3759 Pater
1081 3745 1096 3771 ,
1124 3707 1297 3761 eadem
1324 3715 1372 3760 et
1401 3701 1572 3760 Filius
1599 3707 1722 3776 facit
1749 3708 1982 3762 similiter

383 3795 660 3868 (Ibidem).
684 3797 938 3852 Similiter
966 3797 1096 3852 illud
1127 3799 1193 3852 ad
1215 3798 1664 3867 significationem
1688 3800 1982 3854 nativitatis

382 3889 619 3959 adjecit:
655 3893 829 3944 omnia
856 3906 985 3946 vero
1009 3901 1064 3947 et
1093 3896 1271 3946 eadem
1299 3892 1368 3946 ad
1396 3893 1742 3948 ostendenda:
1775 3903 1980 3948 natura)

380 3983 664 4039 veritatem
697 3984 912 4039 locutus
945 3993 1045 4039 est.
1080 3984 1137 4039 lu
1171 3984 1254 4038 itis
1278 3986 1452 4050 enim,
1486 4001 1609 4056 qua:
1637 3994 1694 4040 et
1718 4001 1982 4056 qutecum-

378 4093 479 4145 que
501 4087 557 4131 et
586 4078 764 4131 eadem
804 4086 966 4144 sunt,
1004 4092 1106 4132 nec
1148 4077 1435 4132 diversitas
1465 4086 1643 4148 potest
1679 4092 1832 4147 esse,
1883 4092 1982 4134 nec

386 4169 470 4240 (d)
495 4169 787 4238 reliquum.
821 4172 996 4240 Atque
1020 4170 1089 4223 ita
1120 4170 1171 4224 in
1203 4180 1391 4225 natura
1415 4169 1602 4225 eadem
1625 4182 1703 4225 est
1725 4213 1739 4236 ,
1770 4173 1857 4227 cui
1886 4188 1979 4227 ea-

383 4261 509 4316 dem
534 4259 717 4316 omnia
747 4277 906 4330 posse
938 4273 1139 4317 natura:
1175 4263 1264 4318 sit.
1301 4261 1398 4318 Ubi
1442 4277 1569 4317 vero
1613 4266 1847 4320 similiter
1888 4284 1982 4337 per

386 4352 583 4409 Filium
616 4353 804 4409 eadem
835 4355 1016 4409 omnia
1049 4355 1217 4421 fiunt,
1259 4355 1559 4410 similitudo
1587 4371 1809 4426 operum
1853 4359 1984 4414 soli-

385 4445 631 4501 tudinem
678 4448 954 4515 operantis
983 4446 1244 4501 exclusit:
1279 4457 1338 4500 ut
1365 4449 1540 4500 omnia
1573 4463 1689 4516 qua:
1719 4449 1874 4504 Pater
1899 4450 1979 4504 l'a-

382 4536 480 4599 cit.
509 4537 702 4592 eadem
733 4538 912 4591 omnia
954 4537 1203 4592 similiter
1234 4537 1394 4594 faciat
1421 4547 1475 4594 et
1522 4537 1710 4595 Filius.
1749 4539 1873 4596 lianc
1901 4549 1984 4597 est

2087 3332 2276 3399 vi/ical.
2311 3333 2708 3387 Demonstratio
2729 3349 2857 3401 ergo
2882 3334 3045 3390 futuri
3069 3337 3250 3406 operis
3272 3352 3382 3392 non
3414 3339 3692 3408 ignoratur

2085 3439 2114 3479 a
2145 3426 2302 3493 Filio,
2331 3421 2417 3482 cui
2448 3426 2552 3481 hoc
2579 3426 3062 3485 detnoustrandum
3095 3439 3199 3496 est,
3229 3438 3286 3483 ut
3309 3428 3558 3498 exemplo
3589 3443 3687 3497 pa-

2088 3529 2257 3574 terna:
2289 3530 2498 3575 natura:
2525 3529 2771 3575 mortuos
2799 3519 3056 3577 vivificet.
3086 3521 3160 3576 Ea
3183 3522 3327 3577 enim
3355 3522 3573 3578 Patrem
3595 3519 3688 3576 de-

2084 3623 2509 3669 monstraturum
2557 3615 2696 3669 Filio
2743 3615 2901 3682 dicit,
2945 3630 3065 3685 qua:
3109 3615 3374 3671 mirentur
3417 3633 3432 3668 :
3468 3624 3522 3669 et
3569 3628 3692 3682 quae

2085 3707 2273 3761 eadem
2323 3715 2507 3762 essent
2553 3707 2663 3772 illa,
2713 3721 2836 3760 mox
2887 3706 3071 3761 docuit
3109 3721 3122 3757 :
3155 3706 3306 3761 Sicut
3353 3707 3490 3760 enim
3530 3705 3690 3759 Pater

2084 3799 2294 3853 suscitat
2323 3807 2550 3851 mortuos
2575 3807 2624 3853 et
2648 3797 2890 3867 vivi/Scal,
2910 3798 2984 3851 sic
3013 3806 3059 3850 et
3082 3795 3251 3850 Filius
3278 3812 3403 3864 quos
3425 3797 3532 3848 vult
3560 3796 3688 3849 viui-

2085 3891 2205 3960 ftcat
2242 3887 2434 3960 (lbid.,
2467 3887 2582 3958 21).
2614 3888 2905 3958 Εκωιιυιιιει
2935 3887 3104 3941 virtus
3133 3895 3220 3942 est
3248 3901 3340 3955 per
3368 3895 3576 3939 naturae
3604 3885 3688 3940 in-

2084 3983 2363 4037 dissimilis
2412 3983 2698 4036 unitatem.
2750 3982 2818 4035 Et
2862 3981 3256 4036 demonstratio
3295 3994 3522 4050 operum
3574 3994 3684 4034 non

2085 4076 2441 4147 ignorationis
2471 4074 2755 4130 instructio
2785 4083 2889 4142 est,
2919 4074 3014 4130 sed
3041 4087 3242 4130 nostra:
3265 4074 3388 4130 fidei
3413 4090 3428 4130 :
3457 4089 3576 4146 qua:
3607 4073 3688 4146 (ῃ)

2087 4184 2192 4223 non
2218 4168 2355 4222 Filio
2376 4167 2654 4223 scientiam
2679 4168 3067 4238 ignoratorum,
3091 4167 3186 4222 sed
3209 4166 3367 4222 nobis
3389 4165 3690 4222 confessio-

2086 4277 2209 4317 nem
2237 4261 2537 4316 nativitatis
2567 4260 2789 4328 invexit,
2814 4259 3144 4314 confirmans
3169 4273 3287 4314 eam
3322 4274 3417 4329 per
3441 4258 3516 4321 id,
3540 4255 3686 4328 quod

2086 4356 2188 4411 sibi
2236 4353 2416 4410 omnia
2455 4364 2639 4409 essent
2677 4352 3046 4408 demonStrata
3090 4367 3211 4423 qua:
3253 4360 3458 4421 posset.
3501 4349 3688 4422 Neque

2085 4450 2228 4504 enim
2258 4463 2364 4504 non
2398 4449 2850 4517 circumspectum
2879 4462 2940 4500 se
2971 4445 3214 4502 cmlestis
3238 4460 3420 4500 sermo
3455 4445 3584 4515 egit,
3617 4459 3692 4500 ne

2085 4544 2226 4600 forte
2256 4543 2487 4598 diversae
2519 4551 2726 4597 naturae
2750 4539 3074 4611 significatio
3101 4535 3202 4592 sub
3233 4536 3521 4591 occasione
3549 4535 3682 4591 dicti

384 4643 532 4683 verte
587 4628 881 4683 nativitatis
920 4628 1268 4699 intelligentia
1293 4673 1306 4695 ,
1359 4639 1414 4686 et
1445 4629 1568 4686 ﬁdei
1602 4646 1835 4700 nostraz,
1865 4651 1984 4704 quae
2009 4647 2061 4707 Ι)
2088 4637 2324 4709 ambigui
2356 4636 2696 4707 subreperet.
2726 4634 3104 4690 Demonstrata
3142 4629 3301 4702 190
3325 4627 3470 4686 enim
3503 4625 3551 4682 ei
3584 4641 3684 4698 po-

385 4735 451 4778 ex
484 4731 693 4777 natnrze
719 4719 916 4778 divina:
961 4723 1166 4780 unitate
1184 4765 1198 4790 ,
1227 4724 1386 4781 unius
1413 4724 1875 4799 indiil‘ereutisque
1897 4727 1980 4784 di-

456 4860 540 4934 (l)
572 4861 674 4928 Qui
700 4863 845 4929 quid.

457 4998 540 5067 (a)
568 4997 814 5053 Christus
837 4998 1149 5072 ostenditse
1173 5015 1243 5055 ex
1274 4999 1591 5055 auctoritate
1618 4997 1981 5072 exemplilia-

384 5070 515 5142 bere
545 5077 604 5142 ut
629 5081 746 5137 agat
778 5071 916 5140 quod
957 5071 1148 5136 Pater,
1179 5072 1302 5124 dum
1335 5075 1440 5135 ait,
1475 5088 1574 5124 non
1617 5076 1777 5142 potest
1813 5068 1979 5142 Filius

383 5141 445 5212 ab
465 5158 522 5194 se
547 5141 713 5212 facere
738 5143 1017 5212 quidquam
1038 5143 1134 5197 nisi
1165 5144 1365 5208 viderit,
1396 5153 1528 5207 etc.,
1557 5142 1688 5196 sicut
1718 5141 1983 5212 significat

385 5207 531 5265 Patri
563 5207 772 5280 sibique
826 5207 985 5267 unam
1023 5224 1076 5268 et
1105 5207 1443 5269 communem
1493 5230 1613 5267 esse
1650 5207 1840 5282 agendi
1875 5211 1981 5264 vir-

387 5292 556 5337 tutem
584 5325 599 5346 ,
647 5298 766 5336 cum
796 5284 1016 5352 adjicit,
1068 5284 1222 5338 Pater
1253 5302 1388 5337 meus
1417 5301 1572 5352 usque
1603 5284 1751 5336 modo
1793 5298 1980 5349 opera-

385 5364 491 5426 tur,
522 5363 569 5407 et
599 5363 916 5426 egooperor.
951 5355 1124 5426 Prima
1162 5355 1411 5426 loquendi
1441 5357 1648 5410 ratioae
1685 5370 1744 5409 se
1773 5362 1979 5419 natum,

384 5424 553 5494 altera
582 5423 640 5477 se
669 5424 910 5494 ejusdetn
944 5441 1063 5481 Cllllt
1091 5423 1247 5481 Patre
1277 5433 1479 5480 natura:
1506 5427 1682 5481 docet.

458 5491 534 5568 (ὁ)
570 5491 824 5550 Voculam
857 5495 912 5549 id
951 5498 1244 5566 adjecimus
1272 5513 1336 5552 ex
1366 5513 1495 5568 mss.
1527 5498 1756 5552 Mentem
1799 5493 1985 5568 Hilarii

387 5565 652 5638 illustrant
689 5565 1146 5638 Augustlnivcrba
1173 5579 1359 5622 contra
1389 5567 1564 5624 Serm.
1598 5570 1780 5622 Arian.
1813 5584 1861 5622 c.
1891 5566 1981 5636 14,

387 5638 476 5690 ubi
509 5639 583 5691 ait
614 5637 810 5692 Filium
842 5653 946 5694 non
979 5641 1154 5695 fat-ere
1188 5641 1288 5694 nisi
1331 5641 1468 5704 quod
1502 5640 1673 5693 videt:
1709 5639 1826 5708 quia
1854 5639 1984 5692 videt

386 5726 439 5763 se
469 5725 532 5782 ea:
555 5713 668 5775 ipso
705 5711 930 5780 faciendi
972 5713 1155 5765 [tubere
1185 5712 1489 5782 potentiam,
1523 5728 1585 5764 ex
1625 5726 1724 5778 quo
1753 5727 1804 5782 se
1834 5711 1987 5782 ridet

389 5781 672 5836 exsistendi
703 5779 887 5836 habere
917 5792 1150 5836 naturam
1168 5779 1193 5837 :’
1227 5781 1359 5836 nillil
1391 5784 1532 5837 enim
1562 5783 1704 5836 aliud
1746 5781 1845 5837 sibi
1874 5779 1990 5834 vult

391 5851 535 5921 quod
566 5851 652 5908 hic
694 5852 1008 5924 subjicitur,
1049 5871 1138 5926 per
1159 5855 1360 5920 virtutis
1401 5869 1461 5910 ac
1492 5863 1684 5916 natura:
1712 5854 1765 5908 in
1814 5869 1867 5908 se
1893 5867 1986 5921 pa-

2090 4731 2197 4785 tius
2222 4744 2390 4800 onera
2420 4727 2594 4784 Patris
2631 4739 2755 4784 esse
2787 4727 2862 4782 ait
2893 4724 2998 4796 (It),
3025 4738 3188 4796 quam
3218 4723 3288 4778 ad
3315 4721 3688 4794 operationem

2084 5010 2244 5073 ternae
2262 4999 2652 5073 conscientiam.
2682 4998 2747 5054 V.
2771 4999 2867 5073 lib.
2902 4999 2970 5054 de
2999 5000 3205 5073 Synod.
3238 5017 3294 5056 n.
3326 5000 3417 5058 75.

2159 5069 2230 5141 (c)
2262 5070 2376 5125 Vox
2415 5070 2582 5137 Deus,
2614 5086 2733 5140 qute
2768 5070 2823 5125 in
2853 5069 3081 5142 vulgatis
3120 5071 3336 5140 deerat,
3387 5069 3688 5128 restituitur

2087 5157 2150 5195 ΘΧ
2177 5157 2308 5196 11188.

2159 5213 2240 5281 (ιι)
2271 5212 2324 5265 1(1
2352 5221 2432 5265 est
2453 5255 2466 5278 ,
2496 5225 2593 5265 nec
2619 5211 2909 5282 quidquam
2939 5213 3081 5281 quod
3123 5229 3230 5270 non
3258 5212 3518 5270 indultum
3541 5251 3560 5282 ,
3586 5212 3686 5270 sed

2087 5282 2261 5336 adhuc
2295 5283 2455 5336 veluti
2477 5290 2740 5338 retentum
2772 5283 2840 5338 sit
2865 5294 2918 5338 et
2958 5296 3313 5340 reservatum.

2164 5352 2234 5422 (ε)
2263 5341 2556 5422 Exetttpiar
2583 5354 2740 5406 Carn.
2771 5371 2886 5420 quas
2913 5353 3106 5420 faciant
3134 5374 3152 5410 :
3181 5356 3340 5412 male.

2162 5419 2391 5498 (0‘13th
2434 5419 2836 5498 qtticqttid__quis.
2881 5419 2973 5481 Er.
3003 5428 3090 5496 qui
3117 5425 3240 5498 quid
3278 5426 3410 5498 quis.
3454 5425 3688 5483 Sustulit

2093 5493 2291 5567 deinde
2320 5495 2465 5567 Lips.
2498 5493 2631 5563 quis.
2666 5493 2856 5551 Verius
2888 5493 3024 5552 mss.
3050 5493 3137 5565 qui
3160 5493 3429 5567 quidquid.

2164 5566 2413 5640 (g)__Puta,
2433 5565 2819 5621 demonstratio
2841 5582 3088 5639 Operum.
3116 5565 3220 5625 Pro
3241 5565 3495 5640 quianon,
3523 5566 3689 5626 liabet

2093 5636 2202 5690 ηιδῖ
2230 5636 2346 5690 Vat.
2380 5638 2493 5690 bas.
2524 5652 2702 5706 neque.

2170 5707 2249 5777 (It)
2281 5707 2335 5762 lu
2365 5708 2682 5780 quibusdam
2713 5723 3152 5780 mss.iperperam
3182 5710 3270 5765 hic
3294 5707 3506 5763 additur
3525 5725 3556 5761 α
3579 5708 3689 5763 Do-

2093 5783 2231 5834 mino
2255 5797 2272 5833 :
2299 5778 2420 5835 cum
2468 5778 2691 5836 verbum
2729 5781 2800 5835 ait
2823 5778 2913 5838 Μ
2937 5778 3218 5838 caelestem
3246 5794 3553 5837 sermonem
3594 5793 3685 5836 re-

2088 5851 2310 5907 feratur.
