4246 6260
569 313 680 371 ﬁlii

1805 309 2055 369 SANCTI
2092 309 2347 370 HILARII
2387 311 2697 371 EPISCOPI

3776 326 3883 383 216

563 449 761 494 eorum
795 442 1044 492 naturam
1072 435 1287 492 virtutis
1315 434 1585 506 adjectam
1616 449 1631 489 :
1676 442 1734 489 ut
1777 431 2179 490 demonstratio
2207 433 2254 495 A
2283 448 2445 505 quam
2477 443 2537 490 ut
2560 443 2616 491 et
2642 433 2720 510 (ο)
2751 443 2909 494 natus
2933 449 3078 505 esse,
3103 452 3203 496 nec
3234 446 3413 497 tamen
3438 437 3700 498 differens
3721 441 3882 500 doce.

567 529 687 602 ipsa
714 528 1008 588 nativitatis
1033 544 1153 586 esse
1179 529 1478 585 substantia
1506 529 1819 596 doceretur,
1851 529 1937 585 cui
1967 543 2063 599 per
2090 528 2176 584 di-

568 623 862 681 lectionem
893 621 1088 684 Patris,
1118 636 1344 689 operum
1372 630 1743 693 paternorum,
1777 637 1899 692 quae
1928 637 2024 692 per
2049 637 2174 678 eum

572 713 715 772 effici
745 713 928 780 vellet,
962 719 1108 767 esset
1135 720 1369 768 connata
1398 715 1655 784 cognitio.
1690 715 1858 771 Porro
1887 725 2069 772 autem
2105 732 2174 772 nc

566 823 669 879 per
695 804 1174 862 demonstrationis
1205 806 1628 875 professionem,
1674 809 1972 878 ignorantis
2014 808 2068 862 in
2108 823 2174 863 eo

567 907 776 956 natura:
817 897 1107 952 diversitas
1134 899 1480 965 crederetur;
1509 915 1571 954 ea
1613 902 1726 970 ipsa
1759 898 1836 972 (a)
1862 915 1981 970 qua:
2011 900 2176 970 proli-

568 1000 709 1047 tetur
733 989 1181 1055 demonstranda,
1217 1005 1325 1046 non
1369 992 1560 1048 nescit.
1589 991 1773 1062 Usque
1800 992 1936 1046 adeo
1968 1007 2074 1045 non
2105 989 2173 1046 de

566 1085 803 1155 exempli
853 1084 1177 1140 auctoritate
1211 1093 1464 1155 gesturus
1509 1092 1614 1150 est,
1654 1094 1710 1138 ut
1757 1082 1994 1139 viviﬁcet
2035 1096 2173 1153 quos

565 1180 715 1235 velit.
750 1178 904 1236 Velle
950 1181 1095 1237 enim
1142 1191 1350 1236 natura:
1391 1180 1610 1237 libertas
1647 1188 1752 1247 est,
1783 1196 1902 1252 qum
1939 1181 2005 1234 ad
2047 1195 2171 1251 per-

562 1275 725 1333 fectae
771 1275 988 1332 virtutis
1035 1275 1424 1333 beatitudinem
1469 1291 1589 1332 cum
1645 1274 1852 1332 arbitrii
1894 1275 2170 1331 voluntate

564 1367 846 1424 subsistat.

636 1461 730 1518 20.
760 1461 1032 1516 Iudicium
1073 1477 1220 1516 omne
1265 1462 1445 1516 datum
1486 1470 1729 1516 naturam
1765 1471 1812 1515 et
1853 1460 2171 1515 nativitatem

566 1555 769 1626 probat.
813 1553 1084 1608 Iudicium
1119 1556 1318 1622 datum,
1354 1564 1406 1607 ut
1441 1555 1651 1609 honoris
1677 1555 1742 1608 sit
1776 1553 2067 1624 aequalitas.
2097 1583 2169 1594 --

561 1649 642 1707 Ac
673 1665 743 1706 ne
769 1649 1050 1718 deinceps,
1083 1648 1226 1719 quod
1248 1662 1385 1718 quos
1415 1647 1529 1703 vult
1560 1647 1817 1714 vivificat,
1848 1661 1952 1702 non
1977 1646 2170 1702 nativi-

566 1741 697 1798 tatis
729 1741 1005 1797 videretur
1036 1741 1090 1796 in
1121 1755 1180 1796 se
1209 1740 1414 1796 habere
1446 1748 1726 1808 naturam,
1754 1739 1848 1795 sed
1888 1755 1995 1796 non
2027 1751 2168 1796 nata:

2279 535 2449 584 retur.

2351 621 2445 676 21.
2479 620 2609 676 Tota
2640 622 2701 678 de
2728 621 2874 678 Filio
2914 624 3042 695 ﬁdes
3071 626 3270 680 eruitur
3307 643 3370 682 ea:
3399 627 3660 699 prcedictis
3691 629 3881 689 Christi

2279 716 2460 771 verbis.
2486 748 2556 758 —-
2582 717 2742 773 Pater
2772 717 2935 789 igitur
2965 734 3135 789 usque
3161 721 3324 777 modo
3346 732 3620 793 operatur,
3645 736 3697 781 et
3725 728 3878 800 191

2280 806 2452 862 Filius
2480 818 2758 879 operatur.
2785 810 2960 866 llabes
2990 820 3195 868 natura:
3221 813 3462 880 nomina,
3491 831 3611 871 cum
3637 826 3692 873 ct
3723 819 3882 876 Pater

2278 909 2536 969 operatur
2573 909 2628 956 et
2669 902 2828 957 lilius.
2870 903 3114 975 Intcllige
3152 915 3206 960 et
3243 917 3490 963 naturam
3525 909 3606 981 (ιι)
3643 910 3758 978 Dei,
3787 927 3881 982 per

2277 1009 2439 1064 quam
2484 995 2626 1050 Deus
2656 1005 2936 1066 operatur,
2971 1008 3308 1068 operantem.
3350 1000 3429 1056 Ac
3468 1017 3537 1058 ne
3577 1002 3716 1058 forte
3747 1004 3882 1060 duas

2279 1089 2628 1158 operationes
2656 1099 2969 1146 naturarum
3002 1091 3347 1150 dissimilium
3374 1096 3654 1152 existimes
3679 1097 3882 1154 intelli-

2276 1179 2513 1249 gendas;
2561 1193 2836 1238 memento
2876 1183 2944 1238 de
2993 1199 3139 1240 caeco
3188 1186 3392 1242 dictum
3436 1187 3600 1246 fuisse
3632 1207 3645 1243 :
3678 1190 3785 1247 Sed
3829 1201 3880 1247 ut

2278 1273 2674 1344 manifestentur
2720 1292 2876 1347 apera
2925 1275 3023 1332 Dei
3065 1279 3117 1332 in
3159 1295 3218 1334 eo
3256 1294 3274 1338 .'
3310 1298 3392 1336 me
3439 1293 3633 1352 oportet
3679 1269 3882 1357 operari

2276 1382 2430 1438 apera
2476 1371 2592 1441 ejus
2635 1370 2722 1439 qui
2762 1385 2844 1425 me
2877 1370 3013 1424 misit
3052 1371 3231 1444 (Joan.
3276 1391 3352 1441 rx,
3393 1375 3473 1446 5).
3512 1375 3572 1432 ln
3616 1394 3683 1432 eo
3725 1394 3875 1449 ergo,

2275 1460 2418 1530 quod
2449 1471 2708 1530 cperatur
2734 1462 2928 1529 Filius,
2957 1479 3096 1535 opus
3125 1465 3302 1522 Patris
3329 1476 3451 1523 est:
3479 1478 3532 1524 et
3565 1485 3699 1540 opus
3729 1471 3874 1541 Filii,

2275 1569 2412 1624 opus
2446 1555 2539 1610 Dei
2568 1564 2672 1610 est.
2715 1555 2782 1611 Et
2812 1557 2881 1613 de
2915 1558 3174 1628 operibus
3214 1575 3450 1631 sequens
3493 1563 3668 1621 adhuc
3697 1580 3877 1622 sermo

2273 1657 2378 1702 est.
2409 1647 2633 1704 Interim
2660 1663 2806 1705 nunc
2831 1649 2968 1706 nihil
2990 1651 3133 1707 aliud
3158 1653 3362 1709 studuit
3389 1657 3692 1725 responsio,
3715 1673 3878 1728 quam

2273 1749 2333 1796 ut
2361 1755 2523 1796 omne
2565 1756 2701 1812 opus
2743 1743 2972 1800 referret
3015 1744 3082 1800 ad
3123 1757 3439 1818 utrumque;
3472 1749 3544 1821 (e)
3597 1751 3877 1822 utriusque

567 1834 751 1905 potius
783 1833 1068 1904 potestatis
1087 1833 1212 1904 jure
1239 1834 1567 1899 subsistere;
1599 1833 1857 1888 continuo
1885 1834 2119 1904 subjecit
2153 1852 2164 1888 :
2200 1836 2247 1896 B
2275 1844 2460 1891 autem
2487 1846 2676 1891 natura
2701 1852 2805 1891 non
2825 1837 3064 1894 differret
3085 1839 3364 1909 operandi,
3396 1857 3518 1898 cum
3547 1844 3600 1898 in
3621 1859 3707 1911 eo,
3733 1845 3876 1916 quod

568 1924 684 1979 Nec
705 1924 840 1978 enim
863 1922 1024 1978 Pater
1039 1924 1248 1997 judicat
1267 1940 1589 1994 quemquam,
1617 1924 1707 1978 sed
1741 1939 1892 1978 omne
1908 1925 2170 1998 judicium

565 2020 708 2075 dedit
738 2017 881 2074 Filio
912 2018 1219 2091 (Ibid.,22).
1251 2018 1320 2074 Et
1350 2019 1404 2073 in
1434 2032 1521 2084 eo,
1550 2017 1693 2088 quod
1723 2033 1882 2074 omne
1902 2017 2170 2088 judicium

562 2114 750 2170 datum
785 2122 891 2180 est,
943 2121 997 2168 et
1046 2120 1238 2168 natura
1287 2121 1343 2166 et
1393 2111 1649 2166 nativitas
1697 2110 2110 2168 demonstratur
2153 2129 2166 2168 :

566 2208 693 2279 quia
720 2215 776 2264 et
801 2206 982 2262 omnia
1013 2205 1214 2262 habere
1255 2204 1369 2261 sola
1400 2214 1594 2260 natura
1627 2205 1800 2276 possit
1829 2205 2167 2274 indill‘erens,

563 2314 744 2370 neque
770 2298 1027 2354 nativitas
1055 2297 1254 2368 aliquid
1287 2297 1459 2367 possit
1481 2295 1701 2363 habere,
1727 2297 1833 2354 nisi
1859 2297 2045 2354 datum
2074 2298 2165 2354 sit.

565 2391 764 2447 Datum
793 2397 972 2446 autem
999 2403 1161 2445 omne
1180 2388 1445 2458 judicium
1471 2398 1590 2455 est;
1614 2387 1737 2462 quia
1768 2387 2004 2445 viviﬁcat
2031 2405 2169 2460 quos

566 2483 706 2540 vult.
737 2481 923 2554 Neque
947 2481 1258 2551 ademptum
1287 2480 1432 2536 Patri
1463 2481 1725 2551 judicium
1757 2488 1933 2550 potest
1958 2479 2167 2548 videri,

565 2591 690 2634 cum
722 2577 840 2646 ipse
878 2589 988 2630 non
1015 2573 1222 2643 judicet
1245 2594 1257 2627 :
1282 2573 1407 2643 quia
1439 2570 1562 2628 Filii
1584 2573 1848 2644 judicium
1873 2588 1935 2627 ex
1962 2572 2170 2642 judicio

565 2671 638 2728 sit
673 2679 934 2741 paterno;
968 2669 1036 2724 ab
1065 2683 1133 2724 eo
1155 2669 1299 2725 enim
1334 2667 1519 2723 datum
1560 2681 1724 2724 omne
1755 2668 2019 2738 judicium
2061 2677 2166 2726 est.

563 2762 674 2822 Sed
706 2762 818 2818 dati
842 2762 1028 2832 jndicii
1065 2777 1225 2818 causa
1248 2777 1354 2817 non
1382 2761 1544 2816 tacita
1572 2769 1674 2817 est.
1701 2761 1960 2834 Sequitur
1985 2764 2128 2818 enim
2153 2782 2166 2817 :

564 2854 674 2912 Sed
704 2853 966 2929 judicium
989 2870 1136 2909 omne
1163 2854 1301 2909 dedit
1327 2852 1500 2918 Filio.
1534 2864 1589 2908 ut
1616 2871 1789 2910 omnes
1833 2855 2170 2925 honoriﬁcent

566 2948 796 3015 Filium,
818 2949 949 3002 sicut
970 2947 1313 3016 honoriﬁcam
1335 2945 1565 3001 Patrem.
1602 2946 1702 3012 Qui
1732 2962 1835 3001 non
1862 2947 2170 3016 honori/icat

563 3039 784 3104 Filium,
801 3057 902 3094 non
921 3038 1438 3108 honoriﬁcatPatrem
1450 3040 1537 3110 qui
1553 3037 2139 3110 ntisitillum(lbitl.,23)
2152 3083 2165 3096 .

566 3133 704 3203 Quid
720 3131 771 3205 (l
783 3135 801 3204 )
815 3132 998 3202 igitur,
1014 3131 1450 3199 oro,dere|ictum
1472 3140 1556 3187 est
1571 3131 1913 3199 suSpicionis,
1930 3140 2021 3186 aut
2041 3131 2170 3202 quid

2278 1943 2448 1999 usque
2474 1929 2650 1984 adhuc
2694 1929 2855 1986 Pater
2879 1941 3156 2001 operatur,
3197 1944 3454 2004 operatur
3479 1945 3534 1991 et
3562 1935 3733 1992 Filius
3763 1955 3776 1991 :
3807 1953 3876 1994 ne

2274 2020 2366 2092 qui
2397 2019 2648 2076 dominus
2689 2023 2897 2079 sabbati
2935 2033 3017 2079 est
3059 2025 3334 2097 (dominus
3376 2029 3621 2085 estcnim
3662 2031 3875 2088 sabbati

2273 2113 2416 2168 filius
2445 2113 2680 2170 hominis
2715 2157 2730 2182 ,
2774 2113 2904 2170 Luc.
2936 2132 3012 2184 vt,
3060 2117 3115 2190 5)
3145 2161 3160 2186 ,
3199 2118 3360 2188 impie
3401 2121 3615 2189 operari
3645 2123 3871 2179 sabbato

2273 2205 2608 2275 crederetur,
2633 2205 2786 2278 cujus
2807 2223 2944 2278 opus
2963 2223 3058 2280 per
3075 2203 3374 2268 nativitatis
3397 2222 3648 2270 naturam
3665 2218 3874 2285 paterni

2273 2299 2327 2355 in
2357 2315 2415 2356 se
2439 2303 2618 2372 operis
2648 2311 2794 2358 esset
2827 2303 3141 2360 auctoritas.
3169 2305 3287 2362 Non
3315 2307 3663 2366 confunditur
3691 2312 3875 2382 itaque

2274 2402 2366 2448 aut
2394 2393 2644 2450 aboletur
2675 2403 2888 2462 natura,
2919 2411 2988 2452 ne
3016 2396 3158 2454 lilitts
3183 2399 3253 2453 sit
3284 2417 3296 2453 :
3323 2415 3426 2456 nec
3451 2411 3631 2458 tamen
3655 2417 3873 2459 rursum

2274 2484 2532 2543 adimitur
2569 2495 2784 2558 natura,
2817 2504 2885 2544 ne
2923 2490 3068 2547 Deus
3105 2491 3194 2546 sit.
3229 2490 3339 2548 Nec
3377 2493 3759 2552 discernuntur
3794 2497 3873 2551 ιιι-

2274 2579 2554 2646 versitate,
2585 2595 2655 2636 ne
2681 2597 2845 2638 unum
2874 2583 2985 2638 sint
3012 2601 3024 2637 :
3054 2600 3228 2656 neque
3255 2585 3398 2658 quod
3431 2604 3593 2644 unum
3624 2599 3750 2646 sunt
3770 2630 3787 2655 ,
3819 2591 3874 2647 id

2277 2680 2461 2742 potest
2487 2681 2747 2742 pratstare
2777 2673 2844 2746 (ι’)
2871 2691 2938 2731 ne
2966 2684 3192 2749 uterque
3222 2677 3311 2737 sit.
3348 2681 3411 2736 Et
3439 2682 3672 2752 primum
3701 2683 3873 2741 ﬁlium

2277 2776 2568 2833 cognosce,
2596 2780 2721 2820 cum
2744 2766 2974 2822 dicitur:
3004 2768 3128 2824 Non
3149 2779 3312 2843 potest
3335 2769 3508 2829 Filius
3533 2774 3597 2829 ab
3623 2792 3675 2830 se
3705 2779 3874 2848 facere

2273 2855 2574 2925 quidquam,
2609 2857 2707 2912 nisi
2730 2860 2868 2929 quod
2906 2860 3089 2916 viderit
3138 2861 3351 2920 Patrem
3386 2868 3658 2937 facientem
3685 2867 3869 2943 (Joau.

2275 2965 2328 3016 v,
2361 2949 2473 3019 l9).
2503 2949 2684 3007 Habes
2705 2953 3042 3010 nativitatem
3073 2955 3191 3024 ﬁlii,
3221 2973 3340 3028 quas
3366 2962 3434 3015 ab
3464 2975 3523 3016 se
3545 2961 3678 3017 nihil
3703 2965 3873 3033 possit

2274 3040 2476 3108 facere,
2509 3043 2611 3099 nisi
2640 3045 2839 3102 videat.
2872 3047 2928 3101 ln
2960 3062 3026 3103 eo
3051 3058 3254 3117 autem,
3286 3051 3432 3121 quod
3460 3053 3528 3108 ab
3550 3070 3609 3111 se
3631 3055 3764 3110 nihil
3786 3071 3873 3126 po.

2273 3141 2400 3201 test,
2432 3135 2868 3194 innascibilitatis
2895 3140 3083 3197 adimit
3113 3157 3392 3211 errorem;
3424 3145 3492 3201 ab
3511 3161 3571 3202 se
3593 3147 3870 3206 enimnon

560 3226 828 3298 reliquum
845 3233 931 3282 est
951 3224 1017 3280 ad
1035 3225 1363 3293 impietatem
1381 3223 1707 3282 occasionis?
1730 3224 1999 3279 Patet-non
2013 3225 2163 3298 judi-
2193 3232 2237 3295 C
2272 3237 2450 3298 potest
2471 3243 2630 3299 posse
2659 3232 2909 3288 nativitas
2933 3250 2947 3286 :
2971 3235 3112 3306 quod
3137 3247 3317 3293 autem
3347 3239 3512 3308 videt,
3538 3243 3613 3314 (g)
3635 3245 3871 3300 conscia:

561 3331 645 3376 cat
659 3337 982 3392 quemquam,
997 3320 1086 3374 sed
1102 3335 1250 3374 omne
1259 3319 1517 3392 judicium
1531 3317 1667 3371 dedit
1684 3316 1842 3372 Filio.
1857 3317 2051 3373 Judicii
2065 3333 2134 3373 au
2146 3347 2164 3359 ι

564 3421 674 3470 tem
719 3414 830 3468 dati
855 3427 919 3469 ea
957 3427 1116 3467 causa
1147 3421 1248 3475 est,
1281 3423 1337 3466 ut
1362 3410 1530 3466 Filius
1556 3413 1818 3481 estequati
1848 3411 2068 3466 honoris
2099 3412 2167 3467 ad

560 3505 777 3561 Patrem
802 3504 894 3572 sit,
923 3513 978 3561 et
1001 3504 1389 3562 inhonorificus
1415 3504 1550 3560 Filio
1577 3503 1966 3562 iuhonorilicus
1986 3517 2038 3564 et
2069 3508 2166 3564 Pa-

560 3597 632 3652 tri
672 3596 767 3651 sit.
807 3597 872 3652 Et
899 3597 1173 3667 quomodo
1211 3606 1335 3675 post
1365 3596 1480 3652 haec
1510 3597 1830 3668 intelligitur
1869 3600 2165 3658 nativitatis

562 3688 784 3747 differre
805 3701 1017 3756 natura,
1047 3704 1208 3761 quam
1239 3704 1344 3744 non
1375 3687 1550 3744 solum
1574 3689 1649 3761 (ὁ)
1672 3691 1937 3761 operatio,
1966 3693 2158 3760 virtus,

559 3783 759 3851 honor,
807 3783 904 3840 sed
952 3785 1116 3839 etiam
1153 3782 1486 3838 contumelia
1535 3784 1716 3853 negati
1762 3783 1986 3839 honoris
2020 3800 2164 3840 exm-

558 3876 732 3948 quat?
759 3875 905 3933 Nihil
931 3875 1099 3948 igitur
1128 3875 1298 3938 aliud,
1328 3891 1489 3947 quam
1520 3886 1922 3932 sacramentum
1953 3877 2165 3934 nativi-

561 3970 711 4035 tatis,
735 3984 916 4026 sermo
935 3984 1078 4026 nunc
1097 3968 1296 4024 divina:
1313 3968 1686 4039 responsionis
1708 3968 1963 4024 ostendit.
1980 3969 2165 4042 Neque

559 4061 721 4120 aliter
771 4063 946 4134 potuit
994 4073 1086 4118 aut
1139 4063 1331 4119 debuit
1373 4061 1547 4118 Filius
1586 4080 1616 4117 a
1663 4063 1823 4119 Patre
1869 4063 2160 4136 distingui,

2272 3321 2328 3376 in
2353 3337 2412 3377 se
2435 3333 2638 3379 natura:
2660 3327 2996 3396 significatur
3017 3333 3245 3402 agnitio.
3269 3333 3340 3390 Et
3361 3336 3413 3390 in
3437 3351 3503 3393 eo
3525 3355 3666 3396 nunc
3686 3355 3868 3398 verant

2270 3413 2368 3470 Dei
2405 3431 2676 3487 cognosce
2719 3428 2965 3477 naturam
3001 3441 3014 3478 :
3048 3423 3392 3495 Quacumque
3430 3432 3562 3484 enim
3599 3433 3689 3487 ille
3722 3436 3868 3506 facit,

2270 3507 2445 3562 eadem
2481 3518 2530 3564 et
2557 3507 2733 3568 Filius
2763 3515 2888 3584 facit
2927 3517 3163 3572 similiter
3193 3516 3461 3594 (Ibidem).
3493 3522 3569 3597 (h)
3603 3524 3734 3582 Post
3773 3542 3870 3584 na—
3901 3562 3925 3574 κ-

2272 3611 2406 3658 turae
2445 3612 2628 3660 autem
2670 3606 2946 3674 virtutem,
2981 3621 3189 3667 naturze
3230 3630 3322 3684 per
3349 3615 3401 3670 id
3429 3617 3761 3676 intlissimilis
3787 3621 3872 3677 in.

2272 3697 2455 3768 tellige
2482 3697 2744 3754 unitatem
2777 3717 2790 3753 :
2825 3699 2894 3756 Ut
2918 3718 3091 3760 omnes
3119 3705 3458 3778 honoriﬁcth
3495 3708 3713 3777 Filium.
3737 3714 3869 3769 sicut

2273 3790 2615 3860 honoriﬁcam
2636 3791 2846 3850 Patrem
2870 3799 2958 3868 qui
2986 3801 3124 3856 misit
3154 3802 3301 3857 illuni
3329 3803 3521 3878 (lbid.,
3553 3807 3672 3880 2'5).
3696 3809 3774 3865 Ac
3800 3823 3870 3865 ne

2271 3889 2325 3938 te
2351 3891 2558 3939 naturm
2582 3887 2762 3942 unitas
2788 3889 2842 3944 in
2874 3891 3100 3948 solitarii
3123 3896 3321 3952 unione
3350 3897 3655 3967 contineat;
3687 3916 3871 3958 sacra-

2272 3985 2513 4032 mentum
2536 3977 2589 4032 in
2610 3992 2676 4034 eo
2699 3979 2821 4036 lidei
2846 3982 2992 4040 disce
3023 4003 3034 4038 :
3063 3985 3167 4054 Qui
3194 4004 3294 4043 non
3317 3990 3621 4062 Itonoriﬁcat
3643 3991 3693 4045 F
3695 3995 3865 4064 ilium,

2273 4084 2376 4124 non
2407 4068 2716 4143 honoriﬁcat
2747 4072 2958 4131 Patrem
2976 4079 3062 4150 qui
3093 4080 3228 4136 misit
3249 4080 3394 4137 illuni
3425 4081 3694 4160 (Ibidem).
3725 4085 3868 4144 Con-

635 4220 716 4294 (l)
750 4221 913 4277 Deest
942 4219 1122 4292 igitur.
1165 4218 1333 4275 Paulo
1360 4228 1504 4290 post,
1533 4224 1622 4274 aut
1644 4218 1768 4289 quid
1794 4220 2052 4286 relictum;
2091 4236 2156 4279 ac
2184 4221 2402 4292 deinde,
2441 4226 2600 4286 Pater
2644 4249 2747 4288 non
2773 4234 2995 4304 iudicat,
3038 4246 3086 4293 et
3123 4255 3272 4295 omne
3283 4242 3543 4312 judicium
3569 4243 3706 4301 dedit
3730 4247 3862 4318 ﬁlio.

555 4363 574 4370 "
630 4357 708 4430 (α)
738 4355 796 4410 ln
826 4370 956 4430 ms_s_.
988 4355 1347 4430 Caru.,Corb.
1371 4365 1433 4430 et
1459 4357 1736 4430 nonnullis
1758 4357 1901 4422 aliis.
1929 4376 2044 4430 qua:
2063 4377 2165 4416 non

555 4426 875 4501 proﬁtetur:
905 4426 1043 4501 Mo_x_
1073 4428 1128 4501 in
1167 4427 1482 4501 vetustiore
1526 4426 1684 4483 Coll).
1741 4426 2005 4501 gessurus,
2056 4447 2163 4488 non

553 4497 810 4571 gesturus.
843 4497 998 4571 Quod
1030 4497 1119 4554 hic
1149 4499 1348 4555 dicitur
1373 4517 1388 4555 :
1421 4498 1590 4571 Usque
1617 4497 1875 4555 adeo'non
1904 4504 1969 4556 de
1992 4519 2163 4557 exem-

552 4569 630 4642 pli
655 4570 960 4625 auctoritate
978 4581 1213 4642 gesturus
1239 4581 1332 4633 est,
1359 4569 1574 4626 videtur
1598 4587 1835 4642 pugnare
1859 4588 1978 4626 cum
2003 4573 2160 4628 dictis

555 4641 706 4695 num.
753 4642 840 4706 l7,
873 4642 961 4696 ubi
1008 4641 1178 4696 Filius
1203 4643 1469 4697 asseritur
1497 4659 1560 4696 ea:
1595 4641 1899 4696 auctoritate
1938 4646 2158 4712 exempli

549 4715 806 4768 virtutem
845 4713 1038 4784 agendi
1081 4728 1395 4781 usurpasse.
1427 4712 1497 4766 At
1540 4722 1769 4782 uterque
1815 4713 1967 4766 locus
2003 4715 2157 4768 facile

551 4783 896 4849 conciliatur,
925 4799 1046 4838 cum
1079 4785 1382 4848 auctoritas,
1408 4800 1560 4837 num.
1593 4783 1680 4846 17,
1717 4794 1921 4836 tantqu
1937 4784 2102 4851 geniti
2127 4802 2154 4838 a

551 4855 798 4923 genitore
842 4855 1104 4923 originem
1155 4864 1332 4916 sonet,
1381 4853 1467 4907 hic
1514 4868 1642 4906 vero
1688 4853 1888 4906 subditi
1936 4856 2154 4910 domino

550 4925 848 4980 exhibitam
897 4923 1237 4978 servitutem.
1293 4923 1591 4994 Utrumque
1633 4923 1764 4977 illud
1812 4923 1987 4978 cidem
2037 4925 2155 4980 loco

549 4996 887 5064 reSpondens
932 4995 1262 5064 Augustinus
1301 5003 1494 5049 eontra
1528 4995 1708 5049 Serm.
1754 4995 1938 5048 Arian.
1981 5010 2031 5050 c.
2059 4998 2152 5064 25,

549 5067 632 5123 sic
648 5061 936 5138 explicat:
981 5061 1093 5138 Nec
1130 5061 1302 5119 Filius
1339 5082 1372 5120 a
1400 5083 1454 5119 se
1489 5075 1654 5137 potest
1693 5065 1994 5138 quidquam,
2036 5061 2156 5132 quia

553 5154 646 5193 nec
670 5135 779 5208 ipie
805 5155 838 5192 a
861 5137 1156 5208 semetipso,
1186 5152 1290 5191 non
1317 5138 1456 5208 quod
1489 5135 1544 5191 in
1571 5135 1806 5191 omnibus
1833 5135 2016 5195 autum
2048 5138 2157 5194 Pa-

552 5210 647 5262 tris
678 5218 947 5278 exspectet.

618 5298 694 5372 (ὁ)
723 5299 1070 5374 Martinianus
1091 5317 1194 5357 ms.
1229 5301 1458 5368 Operatio
1489 5302 1708 5374 virtutis.
1737 5300 2004 5374 _Vat.bas.
2029 5319 2155 5374 ape-

542 5381 674 5424 rata:
699 5371 898 5444 virtutis
920 5372 1085 5428 honor
1114 5389 1132 5427 :
1166 5375 1500 5444 perturbate.
1535 5371 1706 5427 Filius
1731 5371 1879 5427 Patri
1902 5371 2156 5444 exaequa-

542 5449 633 5514 tur
659 5443 996 5514 Operationc,
1031 5443 1379 5499 dunt’eadem
1407 5443 1535 5499 facit
1564 5458 1686 5514 qua:
1714 5444 1905 5510 Pater;
1932 5443 2151 5514 virtute,

545 5511 676 5587 dum
711 5513 809 5587 ita,
839 5522 897 5568 ut
923 5515 1103 5581 Pater,
1138 5531 1274 5587 quos
1299 5517 1414 5569 vult
1443 5511 1718 5583 viviﬁ'cat;
1753 5515 1996 5584 honore,
2027 5511 2156 5572 dum

549 5583 619 5638 ab
646 5585 898 5640 omnibus
927 5597 1008 5642 est
1038 5583 1506 5644 linnorillcandus.

621 5679 888 5756 (c)_Editi,
931 5693 1083 5756 natus
1125 5694 1272 5756 esset.
1314 5685 1383 5737 At
1418 5683 1470 5738 in
1514 5685 1969 5756 plcrisqueﬂmss.
2000 5695 2152 5741 natus

544 5765 668 5826 esse.
707 5753 905 5826 Deinde
932 5753 986 5824 in
1018 5755 1293 5826 omnibus,
1322 5770 1423 5826 νησ
1451 5753 1628 5826 tamen
1656 5753 1968 5826 indi/ferens
1993 5774 2010 5811 :
2038 5756 2152 5826 for-

545 5821 686 5879 sitan
715 5821 978 5882 sit'tcerius
1011 5841 1104 5896 per
1131 5821 1511 5883 liellenismutn
1541 5821 1744 5885 Hilario
1772 5821 1887 5884 non
1919 5825 2149 5888 inusita-

2273 4367 2649 4455 tum..Quippe
2689 4375 2874 4455 l_ib.‘d_e
2901 4378 3106 4455 Synod.
3133 4397 3187 4436 u.
3215 4383 3304 4450 75,
3337 4384 3565 4455 legimus
3597 4406 3686 4454 per
3721 4391 3863 4444 simi-

2270 4437 2668 4528 !itudinem'zéan
2688 4437 3304 4528 ίηαξπενετῖιεε,
3329 4437 3866 4528 ιιέἵῖὶεῗεξιῆειᾶὶὶᾶὶ-

2269 4525 2522 4605 =uerunrtlou
2541 4515 2824 4605 digerenda
2852 4526 3107 4605 essentia.
3141 4525 3256 4605 {illa
3286 4515 3594 4598 hujusinodi
3615 4515 3864 4605 exempla

2267 4585 2320 4634 in
2352 4585 2544 4639 eodem
2575 4587 2713 4641 libro
2743 4598 2797 4643 et
2825 4591 2950 4646 alibi
2981 4597 3220 4664 reperire
3250 4607 3352 4654 est.

2339 4676 2416 4755 (ᾳ)
2457 4677 2799 4755 Desideratur
2825 4681 2922 4738 Dei
2966 4686 3016 4740 in
3059 4703 3159 4744 ms.
3191 4689 3311 4744 Vat.
3351 4691 3468 4750 bas.
3501 4694 3578 4750 Ex
3617 4697 3862 4755 subnexa

2183 4778 2234 4838 Β
2264 4742 2560 4816 Scripturm
2593 4751 2714 4805 loco
2742 4755 2941 4822 pendet
2970 4742 3132 4827 hujus
3166 4742 3857 4837 propositionis-probabo:

2334 4841 2416 4933 (ej.
2434 4841 2789 4933 llartinianus
2819 4852 3221 4933 nis-utriusque
3250 4857 3386 4910 enim
3413 4868 3597 4933 natura
3629 4878 3730 4916 non
3755 4863 3860 4933 dif-

2260 4910 2619 4994 fetzetopera.
2653 4916 2895 4994 Lips_._ct_
2917 4921 3038 4976 Par.
3071 4910 3335 4994 utriusque
3369 4910 3729 4988 εηὶῦἶὶίάιὶὶὲἇ
3755 4910 3858 4990 7.3»

2258 4981 2742 5123 git/ggtquerando.
2775 4989 3012 5050 Verbum
3041 4981 3272 5064 cii/ferret
3300 4981 3858 5074 regitur

2336 5148 2403 5232 (Γ)
2431 5149 2486 5232 ld
2517 5162 2633 5232 est,
2654 5171 2723 5211 ne
2751 5167 2976 5232 uterque
3005 5163 3285 5232 proprium
3313 5167 3612 5224 exsistendi
3639 5170 3858 5230 modum

2265 5215 2461 5277 habeat
2489 5225 2556 5280 ab
2584 5215 2761 5284 altero
2789 5215 3119 5289 distinctum:

2335 5312 2611 5404 (q)!_Ap'ttd
2660 5319 2816 5404 Bad;
2847 5325 3182 5404 conscientia.
3231 5327 3402 5404 Apud,
3439 5331 3584 5404 Lips.
3637 5345 3690 5391 et
3732 5337 3856 5394 Par.

2259 5388 2486 5466 conscia.
2530 5388 2588 5442 ln
2626 5406 2729 5446 ms.
2777 5391 2938 5448 Caru.
2983 5388 3325 5456 conscientia}.
3360 5388 3560 5462 Verit'tsi

2265 5454 2538 5551 plerisque
2569 5475 2699 5551 mss.
2730 5467 2994 5551 causa-(en
3017 5454 3299 5551 Sicanos,
3340 5454 3558 5532 cuius;
3592 5454 3855 5551 Habiti;

2511 5540 2584 5612 est
2594 5549 2632 5620 ἐξ
2647 5543 2712 5620 ει.
2728 5535 2882 5618 initio
2905 5525 3064 5609 hujus
3088 5541 3234 5620 libri,
3258 5525 3478 5620 obiicis;

2261 5597 2478 5653 dctnum
2513 5603 2564 5655 in
2594 5597 3044 5676 PSal.'vam,'u.
3082 5611 3166 5679 -l5,
3199 5597 3811 5678 conscire

2332 5690 2610 5786 ‘(./t)AFtii.l‘l,
2647 5713 2974 5786 pernotum.
3016 5703 3238 5786 Rectius
3283 5725 3419 5786 mss.
3455 5723 3589 5784 post,
3634 5717 3850 5786 supple,

2252 5761 2681 5893 ἕέιιυιοῖἕθηᾶιὰηὶ,
2728 5775 2975 5844 proximo
3011 5777 3130 5838 scil.
3174 5761 3850 5860 6ᾶέἀίηᾷἆὲἻέ

2325 5872 2340 5908 ,
2462 5877 2474 5892 .
