4246 6260
601 362 710 424 Ξ19

1806 358 2050 432 SANC'l‘i
2085 356 2339 434 ntLAnn
2372 364 2684 440 EPISCOPI

3791 391 3899 447 2'20

599 482 776 553 furor,
798 485 908 557 jam
934 486 1011 563 (τι)
1036 481 1263 544 Domino
1287 487 1341 543 in
1368 482 1520 544 cwlis
1535 478 1783 557 sedente,
1800 492 1923 562 quia
1945 484 2194 562 exemplo
2224 492 2278 554 Α
2306 501 2432 560 tate,
2458 508 2565 550 non
2589 506 2651 552 es
2670 495 2809 552 Deus
2831 500 2897 553 ex
2922 498 3177 565 Veritatc;
3207 508 3451 557 creatura
3474 516 3532 559 es
3557 506 3898 573 prmstantior

599 577 911 637 Judieorum
940 581 992 637 in
1018 590 1231 638 crucem
1261 580 1422 652 igere
1444 588 1554 637 non
1588 586 1813 653 pUSSiltil
1832 627 1845 653 ,
1876 584 1987 657 pari
2017 593 2195 642 tamen

601 668 921 730 inﬁdelitate
960 674 1059 729 hoc
1106 686 1227 729 eum
1273 672 1417 746 quod
1449 683 1534 732 est
1570 670 1814 749 (supple,
1848 678 2005 748 esse)
2033 678 2198 735 dene-

598 768 727 838 gaiit
760 784 772 819 ι
812 775 867 821 et
893 776 1013 820 cuin
1056 774 1162 821 non
1217 764 1422 838 possint
1461 776 1658 839 negare
1698 782 1817 838 quas
1857 762 1997 825 dicta
2039 779 2194 837 sunt,

602 847 779 911 tamen
834 850 994 911 dictis
1038 854 1113 929 (ii)
1160 858 1265 911 non
1305 852 1655 925 obedientes,
1686 859 1867 914 odium
1911 860 2198 931 impietatis

598 950 892 1013 exercent,
923 947 1214 1004 verborum
1251 946 1454 1019 lapides
1487 950 1766 1021 injiciunt,
1791 956 1845 1007 et
1873 953 1916 1007 si
1954 954 2194 1023 possent,

596 1036 664 1092 de
691 1037 886 1094 throno
909 1052 1030 1095 eum
1053 1054 1152 1095 suo
1169 1041 1221 1095 in
1237 1056 1451 1095 crucem
1473 1038 1903 1099 retraherentdit
1916 1042 2199 1101 deindzeis

597 1130 811 1201 quidem
858 1132 924 1187 ad
974 1132 1100 1187 dicti
1136 1133 1291 1201 hujus
1323 1131 1397 1207 (e)
1448 1135 1737 1189 novitatem
1787 1136 2076 1189 commotis
2126 1137 2198 1191 ita

598 1224 1035 1299 scribittir(Joan.
1064 1242 1113 1291 ιι,
1135 1226 1225 1294 51,
1259 1235 1308 1282 et
1322 1226 1485 1301 seqq.)
1512 1247 1525 1283 :
1554 1228 1800 1282 Tulernnt
1828 1228 1986 1300 igitur
2002 1228 2198 1299 lapides

596 1319 792 1386 Judwi,
814 1318 1315 1388 utenmiapidarent.
1339 1318 1788 1396 Respondit195
1799 1331 1903 1378 eis:
1926 1322 2088 1377 Multa
2109 1322 2199 1377 bo-

598 1429 667 1467 na
696 1424 852 1481 opera
870 1412 1070 1467 ostendi
1090 1412 1230 1467 vobis
1248 1432 1277 1466 (ι
1296 1412 1477 1480 Patre,
1498 1425 1703 1488 propter
1718 1417 1853 1483 quod
1878 1430 2052 1471 eorum
2069 1428 2200 1482 opus

599 1502 842 1579 lapidatis
865 1506 983 1561 nte?
1014 1506 1404 1577 [inpenderunt
1434 1509 1482 1562 ei
1507 1507 1681 1563 Διιάωί
1715 1525 1732 1563 :
1765 1508 1871 1563 Pro
1897 1510 2028 1564 bona
2049 1520 2200 1581 opere

599 1615 701 1654 non
731 1599 1026 1667 lapidamus
1050 1610 1097 1654 te
1117 1641 1130 1664 ,
1171 1602 1261 1655 sed
1283 1616 1375 1671 pro
1401 1601 1753 1671 blasphemia;
1779 1613 1824 1657 et
1854 1604 1974 1674 quin
2000 1614 2052 1657 tu
2083 1619 2199 1658 cunt

599 1693 672 1747 sis
692 1691 864 1758 homo,
895 1691 1023 1764 facis
1046 1700 1094 1746 te
1124 1691 1453 1749 DeumAttu
1476 1693 2046 1765 vero,h:eretice,quid
2070 1708 2199 1764 agas

601 1799 664 1839 ac
687 1784 990 1854 proﬁtearis
1016 1798 1270 1855 agnosce;
1289 1793 1344 1841 et
1370 1800 1556 1841 eorum
1583 1794 1632 1841 te
1659 1780 1899 1857 intelligo
1919 1791 2043 1842 esse
2067 1802 2200 1841 con-

2301 586 2510 643 ctitictis
2536 605 2551 643 :
2580 582 2675 644 sed
2709 602 2813 644 non
2854 585 2914 646 es
2957 588 3008 645 in
3043 591 3212 646 Deum
3258 602 3435 660 natus,
3464 595 3587 663 quia
3618 594 3682 652 ex
3714 598 3893 653 incor-

2304 679 2479 750 porall
2509 680 2621 737 Deo
2649 678 2984 738 nativitatem
3015 698 3122 738 non
3152 680 3382 741 admitto
3411 684 3481 758 (Γ)
3513 698 3756 756 naturae;
3788 706 3894 747 non

2301 769 2463 826 modo
2490 781 2544 827 tu
2572 780 2626 827 et
2651 771 2814 827 Pater
2842 788 2947 828 non
2981 784 3147 829 unum
3181 776 3311 831 estis
3331 819 3344 841 ,
3375 776 3469 832 sed
3502 794 3602 833 nec
3630 778 3769 834 ﬁlius
3800 797 3892 849 es,

2301 880 2400 919 nec
2445 862 2635 920 similis
2682 880 2773 932 es,
2830 878 2929 922 nec
2959 867 3097 923 Deus
3137 867 3241 937 es).
3304 868 3504 924 Judaeis
3532 871 3748 941 quidem
3795 873 3897 927 Do.

2302 956 2479 1012 minus
2507 958 2803 1028 respdndlt,
2837 958 2932 1014 sed
2958 960 3127 1028 magis
3152 960 3216 1015 ad
3248 961 3579 1031 impietatem
3606 973 3748 1019 tuam
3778 968 3896 1019 oin-

2302 1053 2388 1108 nis
2410 1052 2524 1107 lucc
2550 1060 2672 1123 apta
2703 1054 2985 1122 responsio
3190 1064 3305 1109 est:
3338 1054 3528 1111 Nonne
3546 1058 3797 1128 scriptum
3825 1060 3897 1115 esi

2300 1148 2353 1200 in
2399 1146 2543 1217 lege,
2577 1146 2829 1212 Quoniam
2885 1162 2977 1215 ego
3023 1146 3164 1214 dimi,
3207 1146 3281 1201 dii
3319 1148 3480 1203 estis!
3520 1140 3582 1204 Si
3622 1167 3747 1221 ergo
3782 1149 3897 1205 illos

2303 1238 2433 1292 dixit
2465 1238 2584 1292 deos
2616 1281 2631 1304 ,
2676 1242 2744 1291 ad
2774 1246 2899 1310 quos
2941 1239 3144 1292 verbum
3187 1242 3381 1310 factum
3421 1250 3495 1295 est
3531 1236 3657 1308 Dei,
3702 1252 3752 1297 et
3795 1254 3897 1297 non

2302 1334 2464 1404 potest
2491 1332 2617 1386 solvi
2647 1329 2951 1403 Scriptura;
2980 1348 3125 1404 quem
3151 1326 3306 1387 Pater
3329 1334 3698 1403 sanctiﬁcavit,
3724 1348 3771 1389 et
3798 1334 3895 1389 nti-

2299 1426 2363 1481 sit
2389 1427 2441 1480 in
2473 1420 2607 1480 hunc
2635 1427 2901 1485 mundum.
2930 1442 3017 1480 vos
3040 1424 3208 1481 dicitis
3231 1427 3350 1494 quin
3379 1427 3748 1495 blasphemavi,
3772 1444 3899 1498 quo-

2301 1520 2441 1574 niam
2466 1520 2577 1574 diasi
2601 1562 2615 1584 ,
2650 1518 2819 1573 Filius
2847 1518 2944 1574 Dei
2965 1516 3118 1575 sunt?
3146 1518 3209 1575 Si
3236 1536 3336 1574 non
3356 1523 3493 1593 facio
3521 1534 3676 1589 opera
3700 1512 3897 1589 Patris,

2301 1612 2462 1666 nolite
2484 1612 2686 1666 credere
2718 1611 2843 1665 milii
2875 1627 2892 1666 :
2921 1613 2964 1666 si
2989 1622 3161 1666 autent
3189 1613 3326 1682 facio
3348 1654 3362 1679 ,
3394 1622 3439 1666 et
3464 1612 3589 1668 milii
3610 1628 3713 1667 non
3744 1610 3898 1668 ruitis

2301 1705 2536 1771 credere,
2585 1700 2821 1775 oneribus
2864 1704 3091 1771 credite;
3131 1715 3188 1758 ut
3216 1702 3391 1759 sciatis
3438 1712 3487 1758 et
3538 1704 3896 1773 cognoscatis,

2301 1799 2540 1870 quoniam
2597 1799 2675 1868 (2)
2709 1796 2781 1871 (g)
2810 1795 2969 1852 Pater
2997 1798 3050 1851 in
3074 1812 3174 1864 ine,
3222 1805 3268 1851 et
3297 1813 3387 1869 ego
3427 1794 3481 1851 in
3504 1806 3561 1851 eo
3605 1794 3793 1869 (Ibid,
3827 1792 3896 1854 34

600 1878 831 1961 sortem.
857 1880 1084 1944 quorum
1112 1877 1163 1932 in
1185 1882 1238 1934 te
1266 1877 1437 1934 refers
1484 1876 1721 1948 perﬁdiae
1748 1879 2079 1949 exemplum.
2111 1877 2195 1935 Ad
2224 1884 2273 1947 B
2301 1902 2386 1960 sea
2413 1891 2457 1963 ).
2486 1891 2717 1947 Causam
2765 1888 3135 1961 responsionis
3176 1904 3338 1945 causa
3385 1888 3611 1960 objecta:
3643 1890 3695 1945 ei
3743 1889 3887 1947 tuas.

602 1956 654 2023 id
680 1971 824 2023 enim
851 1969 994 2039 quod
1023 1969 1224 2025 dictum
1254 1978 1356 2036 est,
1386 1970 1501 2045 Ego
1522 1981 1568 2026 et
1595 1970 1749 2026 Pater
1778 1987 1935 2027 unum
1970 1984 2150 2027 sumus
2174 2015 2188 2037 ,

600 2061 773 2118 Judaei
800 2061 1005 2132 lapides
1030 2063 1397 2130 elevaverunt,
1433 2071 1489 2121 et
1512 2074 1697 2120 eorum
1725 2066 1921 2136 impius
1947 2066 2101 2121 dolor
2130 2065 2198 2121 ad

601 2161 999 2210 sacramentum
1018 2154 1141 2211 ﬁdei
1165 2157 1413 2212 salutaris
1428 2157 1734 2228 impatiens,
1762 2170 1929 2229 usque
1950 2159 2016 2213 ad
2032 2159 2200 2230 impe-

606 2258 717 2303 tum
739 2246 1033 2302 inferendae
1056 2248 1246 2303 inertis
1276 2251 1473 2321 erupit.
1507 2250 1646 2319 Quid
1674 2258 1761 2320 tu,
1801 2260 1909 2308 no’n
1951 2251 2200 2310 habendo

602 2354 760 2416 quem
793 2343 1029 2415 lapides,-
1063 2345 1385 2417 denegando
1423 2347 1601 2403 minus
1635 2346 1838 2404 efﬁcis?
1866 2349 1981 2405 Non
2018 2346 2203 2406 diﬁ'ert

608 2439 861 2493 voluntas
892 2457 905 2492 :
939 2438 1032 2495 sed
1055 2441 1387 2496 voluntatem
1409 2442 1554 2496 tuatn
1587 2441 1920 2499 inefﬁcacem
1936 2450 2058 2500 esse
2085 2459 2200 2502 cos-

604 2530 756 2587 lestis
804 2529 1030 2586 thronus
1062 2528 1247 2587 efﬁcit.
1279 2532 1494 2600 Quanto
1523 2545 1577 2589 tu
1606 2535 1955 2607 irreligiosior
1976 2536 2203 2592 διιᾶωοῖ

606 2618 837 2695 Lapides
865 2624 956 2680 ille
984 2624 1036 2680 iii
1063 2628 1262 2696 corpus
1288 2625 1491 2694 elevat,
1520 2634 1574 2682 tu
1607 2628 1658 2683 in
1689 2628 1982 2698 Spiritum;
2012 2630 2100 2684 ille
2149 2631 2200 2686 in

607 2716 879 2773 hominem
896 2727 953 2773 ut
971 2719 1213 2790 putabat,
1234 2727 1289 2774 tu
1317 2721 1368 2775 in
1383 2720 1574 2790 Deum;
1601 2722 1690 2778 ille
1705 2723 1757 2778 in
1771 2723 2134 2781 diversantein
2150 2726 2203 2782 in

607 2812 789 2876 terris,
822 2818 877 2865 tu
899 2811 952 2866 in
984 2812 1183 2868 throno
1223 2814 1436 2869 virtutis
1461 2816 1776 2884 sedentem;
1812 2817 1899 2877 ille
1920 2818 1974 2874 in
1994 2821 2208 2891 ignora.

609 2910 745 2966 tum,
773 2904 899 2958 tuin
922 2905 1248 2971 confessum;
1278 2906 1369 2961 ille
1392 2908 1444 2962 in
1473 2909 1886 2977 morituruni,tu
1909 2912 2203 2980 injudicem

608 2994 950 3051 stabulorum.
971 2995 1066 3051 ille
1095 2995 1226 3051 dicit
1252 3016 1266 3053 :
1295 3000 1421 3052 Cum
1448 3001 1518 3053 sis
1533 3001 1884 3072 homo(ibid.,
1904 3003 2018 3074 33);
2051 3008 2103 3058 tu
2126 3005 2209 3059 di;

609 3086 688 3142 cis
712 3102 726 3141 :
752 3085 886 3141 Cum
907 3088 980 3142 sis
998 3098 1281 3157 creatura;
1311 3100 1537 3161 uterque
1563 3100 1741 3148 autem
1762 3094 1962 3162 dicitis,
2001 3098 2131 3168 facis
2160 3106 2208 3153 te

610 3178 818 3246 Deum;
847 3179 950 3236 boc
972 3196 1263 3238 commune
1285 3185 1335 3239 in
1359 3199 1484 3238 eum
1513 3185 1660 3257 impii
1687 3190 1853 3243 Vestri
1874 3190 1985 3245 oris
2011 3204 2205 3261 oppro-

610 3274 784 3331 brium
834 3286 939 3333 est.
988 3276 1165 3348 Negas
1212 3280 1355 3334 enim
1389 3281 1556 3336 Deum
1599 3286 1664 3338 ex
1690 3286 2040 3355 generatione
2069 3286 2200 3351 Dei.
2232 3265 2277 3327 Ο

611 3382 775 3438 negas
802 3368 970 3424 tilium
1014 3369 1093 3443 (it)
1122 3386 1185 3426 ex
1234 3372 1533 3428 nativitatis
1564 3375 1824 3443 veritate,
1867 3390 2031 3449 negas
2064 3378 2198 3449 hoc,

611 3458 751 3530 quod
782 3476 874 3533 ego
902 3471 947 3517 et
978 3461 1137 3518 Pater
1175 3466 1335 3519 unum
1378 3480 1585 3533 sumus,
1618 3467 2013 3525 confessionem
2045 3470 2205 3528 'unius

612 3554 665 3608 in
718 3564 944 3626 utroque
992 3565 1154 3627 atque
1197 3557 1498 3613 consimilis
1538 3568 1659 3613 ease
1701 3561 1926 3617 naturai.-
1974 3562 2206 3634 Subjicis

614 3648 932 3705 substantiae
960 3667 1111 3706 nova:
1137 3662 1192 3708 et
1216 3659 1454 3708 externae
1478 3663 1533 3708 et
1557 3653 1750 3708 alienae
1789 3654 1956 3710 Deum
1986 3674 1999 3711 :
2029 3665 2085 3710 ut
2113 3664 2206 3713 aut

612 3726 835 3799 alterius
862 3744 1073 3815 generis
1116 3745 1254 3801 Deus
1282 3745 1349 3801 sit
1377 3787 1391 3815 ,
1424 3756 1512 3801 aut
1539 3748 1759 3801 omnino
1790 3764 1889 3803 nec
1924 3749 2070 3805 Deus
2098 3752 2168 3806 sit
2188 3792 2203 3818 ,

617 3835 740 3906 quia
767 3852 872 3891 non
897 3835 979 3910 (l)
1004 3835 1077 3910 (e)
1106 3853 1172 3892 ex
1206 3839 1312 3893 Deo
1344 3839 1622 3895 nativitate
1654 3842 1928 3895 subsistat.

679 3926 771 3982 94.
808 3929 1093 4000 Responsio
1123 3928 1317 3986 Christi
1343 3930 1577 3998 Judwis,
1606 3943 1729 4000 apta
1759 3942 1807 3988 et
1844 3935 2071 3991 Arionis.
2098 3935 2205 3992 Re-

611 4021 902 4093 sponsionis
928 4038 1084 4076 causa
1112 4031 1159 4078 et
1185 4040 1389 4094 scapus.
1423 4048 1493 4065 -ε-
1517 4024 1621 4081 Sed
1648 4026 1769 4095 quia
1804 4028 1868 4081 ad
1901 4036 2209 4083 Sacramen-

615 4122 723 4167 tutn
769 4112 898 4169 dicti
944 4114 1103 4185 hujus
1146 4127 1448 4173 commotus
1479 4130 1580 4174 es:
1616 4117 1729 4191 Ego
1770 4130 1817 4175 et
1856 4117 2015 4177 Pater
2049 4136 2209 4178 unum

612 4216 823 4273 sumus;
852 4212 909 4261 ut
937 4206 1126 4262 Judzeo
1155 4209 1372 4266 dicente
1423 4229 1437 4263 :
1476 4210 1605 4265 Cum
1653 4213 1725 4266 sis
1752 4214 1905 4268 homo
1930 4255 1945 4280 ,
1988 4216 2117 4287 focis
2160 4224 2208 4271 te

613 4300 782 4355 Deum
808 4343 823 4365 ,
862 4308 917 4356 tu
941 4292 1081 4372 ’μιιὶ
1112 4302 1388 4374 impietate
1415 4304 1565 4361 dicas
1597 4323 1612 4359 :
1640 4307 1772 4363 Cum
1816 4309 1891 4363 sis
1917 4319 2162 4365 creatura
2187 4348 2203 4378 ,

612 4390 745 4448 facis
776 4400 829 4448 te
861 4394 1027 4449 Deum
1085 4395 1260 4465 (dicis
1283 4397 1428 4453 enim
1466 4415 1478 4451 :
1506 4396 1626 4455 Non
1656 4415 1716 4456 es
1746 4400 1885 4457 ﬁlius
1926 4416 1995 4458 ex
2022 4403 2206 4461 nativi-

683 4496 702 4577 (
710 4510 763 4579 1)
794 4509 878 4566 Ea:
907 4508 1003 4566 Dei
1025 4512 1303 4569 nativitate.

685 4581 765 4657 (2)
792 4582 979 4639 Codex
1006 4583 1207 4641 Veron.
1242 4585 1403 4641 Pater
1430 4587 1484 4643 in
1511 4605 1590 4645 me
1613 4630 1627 4656 ,
1657 4598 1704 4645 et
1723 4606 1820 4664 ego
1861 4595 1914 4648 in
1940 4609 2095 4663 eum;
2148 4603 2205 4651 et

2302 1980 2531 2055 phemiae
2560 1983 2755 2039 intulit.
2777 1980 2830 2037 id
2850 1981 2993 2037 enim
3017 1982 3082 2036 ad
3111 1983 3316 2038 crimen
3343 1978 3725 2053 deputabatur,
3750 1981 3894 2052 quod

2301 2093 2362 2134 se
2392 2090 2517 2132 eum
2560 2076 2726 2132 homo
2764 2088 2908 2132 esset
2940 2075 3108 2131 Deum
3153 2076 3374 2133 faceret.
3412 2072 3577 2133 Deum
3616 2086 3794 2132 autem
3838 2086 3899 2133 se

2300 2169 2479 2226 facere
2508 2185 2604 2240 per
2627 2169 2676 2224 id
2697 2170 3043 2240 arguebatur,
3067 2169 3211 2241 quod
3243 2168 3468 2226 dixisset
3493 2186 3505 2224 :
3534 2166 3643 2242 Ego
3666 2170 3712 2224 et
3738 2168 3898 2225 Pater

2301 2277 2461 2317 unum
2488 2274 2682 2317 sumus.
2714 2258 3189 2318 Demonstratnrns
3218 2262 3399 2333 itaque
3432 2263 3555 2330 hoc,
3588 2264 3731 2335 quod
3778 2262 3894 2333 ipse

2302 2364 2358 2411 ct
2398 2355 2557 2411 Pater
2581 2370 2743 2410 unum
2775 2366 2980 2422 essent,
3011 2370 3077 2410 ex
3113 2352 3406 2409 nativitatis
3437 2362 3748 2425 iistirpatum
3779 2362 3901 2410 esse

2303 2457 2528 2515 natura;
2584 2448 2637 2503 in
2664 2463 2730 2503 eo
2762 2449 2993 2519 primum
3052 2446 3310 2518 ineptiam
3362 2445 3573 2502 ridiculi
3621 2442 3899 2518 opprobrii

2303 2538 2582 2602 conﬁunt.
2627 2552 2724 2594 cur
2775 2538 2828 2595 in
2879 2549 3086 2595 reatum
3140 2546 3465 2606 vocaretur,
3509 2536 3651 2610 quod
3690 2554 3749 2595 se
3777 2548 3899 2594 eum

2303 2634 2467 2688 homo
2498 2643 2643 2689 esset
2678 2633 2843 2688 Deum
2876 2630 3093 2688 faceret.
3129 2629 3262 2687 Cum
3311 2630 3453 2688 enim
3487 2628 3570 2688 lex
3612 2626 3768 2702 hujus
3801 2646 3898 2687 no-

2308 2726 2468 2782 minis
2495 2725 2908 2796 appellationem
2957 2724 3158 2781 sanctis
3199 2725 3510 2782 hominibus
3549 2728 3898 2796 decerneret,

2306 2827 2361 2875 et
2392 2832 2573 2875 sermo
2602 2819 2691 2873 Dei
2720 2814 3111 2874 indissolubilis
3141 2818 3484 2875 conﬁrmaret
3513 2816 3652 2875 hanc
3702 2821 3903 2889 imper;

2309 2912 2389 2970 titi
2414 2914 2648 2969 nominis
2680 2915 3103 2985 professionem;
3128 2912 3402 2986 quomodo
3425 2913 3530 2976 hic,
3562 2930 3717 2983 quem
3742 2914 3905 2970 Pater

2309 3008 2738 3077 sanetiticassct,
2771 3020 2825 3064 et
2853 3024 3012 3078 quem
3058 3009 3111 3063 in
3155 3008 3297 3064 hunc
3342 3006 3597 3064 mundum
3629 3008 3901 3077 misisset,

2314 3101 2666 3172 blasphemus
2691 3110 2836 3156 esset
2875 3100 2967 3155 Dei
2997 3114 3056 3156 se
3095 3101 3261 3156 tilium
3294 3100 3634 3166 conﬁtendo;
3665 3117 3785 3156 cum
3814 3117 3906 3156 co-

2310 3195 2652 3263 gnominatus
2672 3206 2770 3264 per
2800 3194 2971 3263 legem
3006 3182 3140 3248 deos
3171 3192 3557 3247 indissolubilis
3591 3192 3681 3248 Dei
3713 3208 3896 3247 sermo

2311 3284 2626 3342 statuiSSet?
2651 3283 2768 3340 iam
2794 3300 2923 3354 ergo
2945 3300 3049 3339 non
3075 3294 3157 3339 est
3187 3283 3426 3340 criminis
3448 3327 3461 3348 ,
3486 3282 3626 3355 quod
3653 3298 3711 3339 se
3737 3284 3902 3339 Deum

2312 3390 2433 3438 cum
2468 3378 2631 3435 homo
2674 3380 2748 3433 sit
2791 3377 2980 3444 faciat;
3025 3390 3147 3434 cum
3179 3386 3304 3444 eos,
3350 3376 3441 3449 qui
3482 3376 3730 3433 homines
3761 3377 3903 3446 sint,

2313 3477 2397 3532 lex
2422 3475 2554 3531 deos
2585 3473 2806 3529 dixerit.
2842 3472 2906 3526 Et
2930 3473 3022 3527 sia
3053 3472 3266 3527 cmteris
3300 3470 3610 3527 hominibus
3641 3478 3744 3526 non
3775 3470 3910 3525 irre-

2314 3568 2499 3639 ligiosa
2530 3564 2687 3637 huius
2722 3562 2957 3620 nominis
2988 3563 3269 3634 usurpatio
3300 3572 3415 3630 est»;
3448 3564 3515 3617 ab
3556 3578 3623 3619 eo
3650 3562 3901 3631 homine,

2314 3670 2472 3732 quem
2495 3658 2652 3714 Pater
2690 3655 3046 3712 sanctiﬁcavit
3082 3654 3281 3727 (omnis
3308 3659 3451 3710 enim
3480 3652 3566 3710 hic
3594 3655 3661 3709 de
3684 3652 3908 3711 homine

2316 3752 2599 3822 responsio
2642 3757 2755 3818 est,
2789 3750 2912 3820 quia
2953 3748 3050 3803 Dei
3085 3748 3225 3803 ﬁlius
3269 3747 3432 3802 etiam
3485 3746 3716 3802 hominis
3766 3746 3910 3802 illius

2314 3852 2398 3903 est
2420 3847 2461 3916 ),
2508 3848 2614 3899 non
2648 3842 2991 3914 impudenter
3025 3840 3272 3911 usurpari
3301 3839 3530 3910 videtur,
3561 3839 3703 3913 quod
3736 3840 3910 3897 Dcise

2315 3937 2484 3993 lilium
2514 3936 2747 4002 dixerit;
2776 3944 2898 3990 eum
2925 3933 3201 4003 praecellet
3230 3942 3489 4000 exteros,
3514 3934 3603 4004 qui
3632 3933 3911 4003 eognmni-

2316 4038 2446 4086 nare
2474 4044 2532 4084 se
2556 4027 2636 4099 (it)
2665 4043 2773 4083 non
2805 4026 3101 4097 irreligiose
3123 4026 3254 4081 deos
3276 4028 3530 4096 possunt;
3563 4041 3658 4096 per
3685 4025 3734 4080 id
3765 4026 3908 4096 quod

2314 4123 2680 4179 sanctiiicatus
2723 4122 2774 4174 in
2828 4118 2994 4174 ﬁlium
3052 4127 3180 4173 est:
3210 4118 3373 4174 bean
3422 4118 3588 4174 Paulo
3628 4119 3908 4173 scientiam

2311 4218 2468 4274 iiobis
2524 4214 2965 4273 sanctiﬁcationis
3019 4213 3174 4268 istius
3234 4212 3544 4281 intonante,
3612 4220 3734 4269 cum
3782 4212 3905 4267 ait:

2311 4310 2375 4385 (i)
2407 4310 2559 4379 Quod
2579 4317 2698 4364 ante
2720 4307 2952 4378 promisit
2983 4321 3076 4376 per
3104 4306 3379 4376 prophetas
3397 4320 3518 4360 suos
3541 4305 3595 4359 in
3618 4303 3907 4376 Scripturis

2310 4404 2501 4460 sanctis
2523 4401 2586 4456 de
2608 4401 2718 4471 ﬁlio
2745 4416 2868 4467 suo,
2896 4399 2983 4471 qui
3012 4402 3178 4470 factus
3205 4406 3278 4452 est
3317 4395 3385 4470 (j)
3425 4412 3488 4452 ea:
3519 4398 3709 4452 semine
3741 4396 3909 4451 David

2304 4523 2378 4578 ita
2429 4520 2557 4585 legit
2606 4517 2672 4573 ad
2704 4532 2853 4572 num.
2894 4513 2964 4570 26
3005 4523 3062 4569 et
3111 4513 3182 4567 27
3236 4513 3395 4584 paulo
3449 4521 3605 4585 post,
3634 4504 3914 4583 deputetur

2313 4608 2414 4666 pro
2445 4590 2808 4666 deputabatur.

685 4720 763 4791 (α)
802 4719 967 4789 Editi,
1010 4719 1294 4777 Dominum
1322 4723 1377 4777 in
1424 4722 1563 4779 cretis
1591 4725 1847 4781 sedentem
1879 4741 1894 4780 :
1924 4728 2195 4804 refragan-
2223 4731 2277 4792 D
2303 4744 2494 4804 norum
2519 4727 2585 4783 ad
2611 4725 3107 4793 Alesandrum,lib.
3132 4736 3209 4792 tv,
3240 4740 3295 4780 n.
3330 4706 3711 4790 i5,etl.!t,n.
3736 4718 3794 4790 6,
3826 4736 3917 4777 re-

616 4794 759 4849 tibus
788 4806 918 4846 mss.

687 4861 765 4937 (b)
794 4860 917 4937 Vat.
946 4862 1063 4937 bas.
1089 4861 1258 4937 codex
1282 4878 1402 4918 cum
1434 4863 1649 4920 Martio.
1674 4883 1777 4920 non
1808 4866 1972 4923 solum
1992 4872 2208 4931 inobau.

580 4954 585 4957 ·
616 4933 811 5016 dientes
820 4934 995 5016 odium
1009 4933 1285 5003 impietatis
1302 4938 1674 5016 exercentksed
1691 4947 1741 5016 et
1763 4937 2043 5007 verborum,
2058 4957 2204 5016 Aete.,

618 5005 1021 5086 interpolatoris
1047 5019 1266 5086 operam
1294 5007 1528 5086 sapiunt.
1545 5008 1631 5086 Ἐκ
1664 5009 1745 5086 his
1766 5020 1915 5086 patet
1929 5005 2076 5086 quod
2094 5005 2205 5086 iani

618 5082 962 5136 observatum
992 5086 1109 5149 est.
1146 5077 1401 5132 llilariuin
1442 5078 1737 5149 Scripturis
1769 5077 1844 5135 ita
1886 5077 2209 5146 diserte'ex-s

621 5158 862 5221 ιιι-θεείῳ)
882 5148 1159 5203 censuisse
1188 5148 1824 5219 consubstantialitatem,
1855 5166 1913 5209 ut
1940 5174 2038 5212 nec
2064 5160 2205 5219 bona

622 5218 729 5349 nqe
763 5236 791 5273 a
818 5218 1222 5345 aeripturarum
1252 5222 1446 5292 peritis
1473 5224 1654 5295 negari
1683 5218 2071 5298 eampotuisse
2094 5218 2208 5290 exi?

622 5306 667 5349 si
699 5307 829 5346 mari
861 5333 875 5347 .

622 5302 875 5350 atimartt.

712 5380 742 5416 e
797 5362 853 5417 In
886 5378 988 5419 ms.
1022 5364 1176 5418 Mart.
1206 5365 1487 5421 veritatem.

694 5364 774 5506 διδ
804 5433 861 5488 In
895 5450 993 5489 ms.
1018 5436 1134 5491 has.
1164 5434 1285 5491 Vat.
1316 5447 1371 5491 et
1401 5437 1487 5492 M81

2318 4802 2462 4856 latas.

2389 4869 2469 4946 (g)
2499 4870 2604 4946 lt:t_
2623 4884 2766 4946 mss._
2792 4867 2949 4939 juxta
2977 4883 3234 4937 graecum.
3285 4865 3423 4946 Editi
3451 4860 3916 4946 vero-iuxtaVul-

2314 4933 2493 5014 gat‘at’n
2516 4985 2532 5009 ,
2566 4933 2810 5017 Peterin
2833 4957 2912 5017 n_t_e_
2950 4933 3022 4995 est
3048 4982 3064 5005 ,
3094 4949 3139 4993 et
3166 4955 3259 5017 ego
3286 4938 3339 4992 in
3373 4936 3557 5017 Patre.
3580 4933 3726 4988 Idem
3758 4933 3912 5017 locus

2355 5006 2576 5070 racterea
2619 5021 2700 5068 ter
2730 5013 2832 5068 hoc
2861 5011 2998 5066 libro
3030 5006 3307 5080 repetitur.
3360 5011 3437 5064 Ae
3482 5008 3655 5077 primo
3691 5006 3911 5075 quidem

2338 5102 2436 5142 oco
2464 5100 2677 5139 rursum
2716 5099 2836 5139 cum
2867 5097 3046 5151 graeco
3085 5096 3213 5135 mss.
3249 5081 3591 5135 consentiunt
3616 5116 3647 5151 ,_
3673 5092 3917 5132 rursum-

2315 5173 2421 5229 qne
2447 5157 2576 5211 editi
2605 5171 2727 5212 cum
2756 5149 2983 5222 Vulgata
3023 5172 3036 5229 ς
3069 5154 3516 5229 εθιιιιηιιοίξιιιθιιι
3547 5149 3761 5218 utrique
3787 5163 3911 5203 cum

2316 5218 2518 5300 ﬁrmet),
2545 5242 2610 5284 ac
2638 5218 2910 5300 poStrem'o
2933 5225 3145 5300 utrique
3170 5238 3293 5300 eum
3324 5218 3568 5300 Vulgata.

2388 5298 2472 5371 (ti)
2504 5294 2649 5371 Lips.
2674 5308 2730 5371 et
2760 5298 2888 5371 Par1
2911 5312 3013 5371 non
3042 5294 3275 5371 religiose
3300 5311 3319 5349 :
3348 5298 3620 5371 eorrnipte.
3651 5361 3683 5371 η

2392 5359 2465 5443 (ii
2490 5359 2647 5443 B:_dl.,
2678 5369 2769 5443 E_r.
2798 5379 2851 5424 et
2866 5366 3018 5437 Lips.
3051 5359 3157 5431 Qui
3190 5376 3306 5424 ante
3338 5382 3355 5419 :
3376 5361 3771 5443 dissidentibus
3791 5359 3916 5415 aliis

804 5433 861 5488 In
895 5450 993 5489 ms.
1018 5436 1134 5491 has.
1164 5434 1285 5491 Vat.
1316 5447 1371 5491 et
1401 5437 1553 5494 Mart.
1578 5439 1670 5496 hic
1687 5440 1902 5499 additur
1926 5454 1992 5499 ex
2010 5448 2220 5505 veritate
2319 5433 2491 5499 libris.
2521 5440 2659 5496 Tum
2700 5440 2822 5495 Par.
2865 5433 2990 5496 cuin
3016 5445 3200 5503 vetere
3231 5451 3331 5495 ms.
3370 5433 3525 5493 Coib.
3565 5438 3877 5505 promissum
3896 5472 3914 5498 ,

625 5517 825 5587 natura:
841 5521 860 5560 :
879 5506 1021 5576 quod
1051 5507 1206 5563 abest
1228 5507 1297 5563 ab
1316 5509 1438 5564 aliis
1464 5509 1646 5580 libris,
1679 5523 1735 5568 et
1755 5524 2219 5587 supervacaneum

628 5576 863 5633 videtur.

706 5648 779 5721 (e)
809 5647 951 5721 Editi
978 5664 1099 5704 eum
1126 5650 1331 5721 aliquot
1357 5669 1487 5709 mss.
1517 5671 1581 5710 ea:
1611 5655 1704 5710 Dei
1725 5658 2005 5717 natisitate.
2036 5662 2221 5718 Marti:

634 5719 827 5776 nimius
852 5719 1044 5786 codex,
1070 5737 1132 5774 ea:
1154 5719 1263 5779 Deo
1298 5725 1390 5781 Dei
1410 5729 1691 5782 nativitate.
1720 5728 2064 5791 Praeferinius
2101 5749 2224 5789 cum

641 5793 1059 5867 Carnugdnohus
1075 5792 1255 5867 Coll)"
1283 5799 1495 5865 Germ,
1525 5811 1657 5867 etc.,
1703 5819 1765 5858 ea:
1808 5802 1917 5856 Deo
1948 5807 2227 5862 nativitots.

734 5862 806 5932 (ι’)
838 5865 935 5919 ilic
955 5865 1315 5936 respiciuntur
1341 5862 1613 5940 postrema
1643 5862 1811 5932 verba
1826 5874 2067 5944 epistola:
2086 5878 2235 5937 Aria-

2324 5529 2429 5570 non
2461 5513 2715 5580 promisit.
3396 5579 3402 5580 γ
3480 5558 3509 5580 ³-
3687 5574 3699 5580 ἡ
3840 5552 3849 5557 .

2397 5558 2830 5656 iii-inanimis
2855 5618 2884 5657 ._
2911 5582 3000 5657 qui
3048 5584 3216 5657 [actus
3243 5588 3317 5635 est
3356 5579 3425 5657 ei.
3478 5558 3826 5657 Removimus
3873 5575 3922 5629 ei

2329 5649 2651 5713 authoritate
2690 5649 2821 5728 mss:
2845 5649 3225 5728 Colb.,_(_§erin.
3255 5665 3319 5707 ac
3333 5649 3512 5728 ,ἣρω-ι.
3546 5649 3921 5728 {interrogante

2335 5741 2530 5799 graneo,
2568 5738 2774 5799 necnon
2798 5722 3226 5799 lrennxiljblitt.
3246 5737 3302 5778 -c.
3331 5721 3403 5799 5?
3424 5762 3440 5785 ,
3470 5716 3921 5799 θςιΤετιιιιιὶειιιθ,

2339 5789 2599 5855 adversus
2621 5797 2879 5851 Praxeam
2911 5813 2966 5851 n.
2992 5794 3083 5851 27.
3112 5793 3231 5851 Mox
3256 5809 3323 5857 ex
3356 5793 3460 5851 title
3492 5789 3759 5857 dictorum
3787 5804 3918 5844 mss.

2343 5884 2554 5933 necnon
2574 5866 2797 5928 Carnut.
2828 5867 3144 5942 reponimus
3162 5866 3251 5941 qui
3268 5864 3548 5925 destinatus
3572 5872 3647 5920 est
3662 5901 3682 5935 ,
3708 5858 3922 5920 favente
