4246 6260
620 325 728 384 223

1808 329 2049 388 SANCTI
2093 331 2349 390 lllLARll
2395 330 2702 390 EPISCOPI

3824 341 3932 399 ειιι

692 444 786 501 27.
816 443 985 504 Filius
1009 447 1061 503 in
1079 445 1255 513 Patre,
1281 454 1330 502 et
1367 445 1606 502 vicissim.
1639 447 1906 519 Quidquid
1925 448 1979 502 in
2003 445 2110 502 Deo
2125 457 2221 517 est,
2249 453 2301 513 Α
2399 447 2489 504 28.
2518 447 2620 516 Qui
2641 449 2694 503 in
2719 447 2880 503 Patre
2898 449 2984 504 sit.
3016 448 3274 505 Humana:
3294 451 3573 507 nativitatis
3593 454 3931 527 comparatio.

623 553 785 594 unum
805 549 898 594 est.
927 537 1100 595 Filius
1129 539 1231 593 vita
1276 539 1340 593 de
1366 543 1488 604 vita,
1516 539 1742 610 adeoque
1761 556 1862 594 non
1891 556 1953 594 ea:
1968 540 2230 594 nihilo.—

609 629 856 692 .Faciens
895 630 1054 702 igitur
1097 644 1266 699 opera
1305 631 1502 697 Patris,
1549 639 1605 686 et
1640 632 1921 700 postulans
1951 643 2005 686 ut
2039 633 2084 688 si
2129 632 2229 688 sibi

626 737 739 778 non
767 720 1100 788 crederetur,
1137 721 1222 776 vel
1260 723 1516 791 operibus
1551 724 1710 796 198
1741 724 1868 794 ipsis
1896 725 2226 790 crederetur,

625 813 1001 870 demonstrare
1041 813 1225 868 debuit
1251 815 1378 885 quid
1409 823 1554 871 esset
1583 818 1837 885 operibus
1875 817 2227 884 credendum,

625 923 821 980 nempe
864 908 1009 978 quod
1039 910 1314 981 sequitur:
1353 910 1414 965 Si
1462 920 1635 966 autem
1681 912 1840 984 facio,
1873 921 1920 965 et
1965 911 2089 966 mihi
2128 928 2229 966 non

624 1002 780 1058 vultis
804 1002 1030 1066 credere,
1065 1003 1298 1074 aperibus
1327 1003 1547 1069 credite;
1580 1013 1636 1058 ut
1664 1004 1855 1070 sciatis,
1887 1013 2231 1075 etcognosca-

627 1096 713 1163 tis,
746 1097 988 1167 quoniam
1026 1095 1182 1151 Pater
1221 1099 1274 1151 in
1312 1113 1410 1162 me,
1431 1107 1480 1151 et
1508 1113 1600 1169 ego
1633 1097 1688 1151 in
1732 1114 1788 1151 eo
1817 1095 2000 1169 (Joan.
2029 1113 2083 1163 x,
2109 1094 2222 1166 58).

629 1189 740 1246 Hoc
761 1198 846 1245 est
875 1189 1029 1254 illud,
1051 1189 1298 1262 Deiﬁlius
1325 1206 1477 1255 sum;
1502 1191 1601 1246 hoc
1622 1201 1705 1246 est
1733 1190 1884 1255 illttd,
1914 1189 2024 1260 Ego
2043 1199 2092 1244 et
2118 1186 2228 1242 Pa-

627 1291 704 1338 ter
729 1298 889 1336 unum
914 1299 1113 1338 sumus.
1158 1282 1284 1339 l'ltec
1312 1294 1395 1340 est
1418 1284 1714 1338 nativitatis
1755 1291 1945 1339 natura
1973 1302 1987 1340 :
2021 1284 2121 1337 hoc
2147 1298 2231 1337 sa-

627 1373 819 1431 lutaris
848 1374 972 1430 ﬁdei
1005 1387 1424 1444 sacramentum,
1461 1392 1566 1431 non
1603 1377 1844 1432 dividere
1889 1375 2033 1448 quod
2066 1371 2228 1431 unum

625 1479 774 1536 sunt,
814 1468 886 1541 (ιι)
918 1483 1018 1524 nec
1064 1467 1332 1524 nativitati
1376 1468 1618 1524 adimere
1657 1479 1928 1536 naturam,
1962 1478 2016 1523 et
2057 1485 2122 1524 ex
2152 1469 2234 1523 vi-

628 1571 790 1617 vente
817 1560 929 1616 Deo
963 1561 1192 1616 viventis
1221 1561 1314 1616 Dei
1342 1562 1622 1617 veritatem
1647 1560 1914 1617 conﬁteri.
1944 1560 2061 1617 Non
2085 1562 2230 1617 enim

629 1670 697 1711 ex
743 1655 1062 1725 compositis
1088 1653 1166 1727 (1)
1197 1654 1271 1728 (b)
1317 1665 1478 1726 atque
1520 1655 1773 1710 inanimis
1805 1655 1968 1722 Deus,
2001 1656 2088 1726 qui
2121 1657 2229 1710 vita

629 1754 730 1813 est,
780 1745 1063 1801 subsistit:
1095 1761 1269 1816 neque
1311 1746 1402 1818 qui
1443 1745 1610 1803 virtus
1652 1756 1755 1814 est,
1797 1761 1862 1802 ex
1924 1745 2230 1803 inﬁrmibus

629 1839 940 1895 continetur
982 1858 995 1896 :

630 1941 844 2005 piatur:
872 1948 1047 2004 neque
1073 1933 1165 2005 qui
1196 1933 1418 2003 spiritus
1447 1943 1550 1995 est.
1585 1949 1651 1988 ex
1689 1932 1995 2003 diSparibus
2028 1935 2227 1988 forma-

629 2026 754 2082 bilis
785 2035 888 2082 est.
919 2027 1113 2081 'l‘otum
1161 2027 1215 2081 in
1263 2041 1329 2080 eo
1358 2025 1500 2095 quod
1532 2035 1635 2092 est,
1662 2041 1824 2080 unutn
1856 2036 1976 2082 est:
2007 2033 2064 2080 ut
2089 2026 2232 2096 quod

627 2120 849 2190 Spiritus
889 2127 990 2183 est,
1021 2127 1075 2172 et
1104 2117 1190 2172 lux
1222 2127 1275 2173 et
1315 2117 1482 2173 virtus
1506 2127 1561 2173 et
1582 2119 1687 2173 vita
1731 2119 1832 2187 sit;
1861 2128 1916 2176 et
1952 2118 2094 2189 quod
2126 2120 2231 2174 vita

628 2229 734 2284 est,
766 2226 821 2273 et
867 2218 960 2274 lux
1007 2227 1061 2274 ct
1109 2218 1281 2276 virtus
1329 2229 1385 2276 et
1421 2220 1640 2292 spiritus
1697 2220 1788 2275 sit.
1837 2217 1970 2274 Nam
2012 2219 2105 2290 qui
2134 2219 2229 2286 ait,

630 2316 745 2392 Ego
769 2334 902 2382 sum,
935 2326 982 2373 et
1027 2334 1129 2373 non
1163 2317 1398 2372 demutor
1423 2316 1645 2392 (illatae.
1681 2332 1760 2384 tu,
1786 2316 1841 2386 6)
1873 2335 1885 2370 :
1911 2331 2017 2371 non
2044 2313 2234 2368 demu-

631 2420 775 2467 tatur
819 2426 886 2467 ex
933 2410 1198 2482 partibus,
1232 2425 1332 2467 nec
1371 2410 1429 2466 ﬁt
1466 2409 1712 2466 diversus
1747 2427 1810 2466 ex
1857 2425 2079 2480 genere.
2107 2408 2233 2464 ﬂare

633 2504 800 2571 enim,
828 2520 950 2572 qua:
989 2505 1237 2575 superius
1257 2504 1554 2575 signiﬁcata
1585 2514 1734 2573 sunt,
1758 2520 1864 2562 non
1888 2521 1954 2562 ex
1993 2505 2234 2576 partibus

629 2595 685 2652 in
716 2610 784 2651 eo
804 2605 930 2652 sunt
955 2613 969 2662 ;
993 2596 1089 2652 sed
1120 2607 1288 2653 totum
1319 2596 1421 2653 hoc
1461 2597 1514 2652 in
1541 2613 1608 2654 eo
1636 2614 1803 2653 unum
1831 2607 1885 2654 et
1909 2597 2227 2668 perfectum,

630 2691 814 2747 omnia
847 2692 990 2748 Deus
1017 2693 1204 2748 vivens
1229 2701 1336 2748 est.
1354 2692 1553 2748 Vivens
1575 2693 1736 2764 igitur
1759 2693 1925 2762 Dens,
1952 2703 2006 2748 et
2029 2701 2232 2749 aeterna

630 2792 837 2840 natura:
862 2784 1096 2840 viventis
1121 2793 1361 2854 potestas
1389 2794 1504 2841 est:
1537 2793 1592 2840 et
1612 2785 1754 2855 quod
1779 2800 1900 2840 cum
1923 2799 2232 2840 sacramen-

633 2884 688 2929 to
709 2874 951 2929 scientia:
984 2890 1099 2930 sua:
1125 2891 1189 2930 ex
1217 2891 1283 2930 eo
1323 2877 1582 2941 nascitur,
1612 2890 1716 2930 non
1757 2877 1930 2946 potuit
1975 2876 2118 2930 aliud
2140 2891 2236 2931 na-

633 2975 743 3022 tttm
776 2981 898 3023 esse
925 2983 1085 3038 quam
1117 2968 1326 3023 vivens.
1350 2967 1483 3024 Nam
1529 2984 1652 3023 cum
1678 2971 1774 3034 ait,
1805 2969 1954 3026 Sicut
1983 2971 2122 3024 misit
2156 2987 2236 3026 me

630 3061 800 3115 vivens
827 3059 1004 3127 Pater,
1033 3068 1081 3114 et
1101 3076 1194 3131 ego
1218 3060 1327 3114 vivo
1350 3059 1420 3133 (c)
1447 3078 1536 3130 per
1552 3058 1760 3117 Patrem
1797 3060 1974 3132 (Joan.
2007 3077 2080 3125 vt,
2099 3061 2191 3133 58)
2216 3080 2230 3129 ;

635 3153 822 3208 docuit
849 3152 1010 3208 vitam
1044 3152 1098 3208 in
1120 3167 1179 3207 se
1209 3166 1306 3223 per
1329 3153 1598 3207 viventem
1651 3152 1864 3206 Patrem
1893 3150 2092 3207 inesse.
2136 3153 2236 3209 Dc-

2337 539 2637 596 Nativitatis
2685 542 2952 612 utriusque
2995 542 3291 596 discrimen.
3319 573 3389 583 ——
3429 543 3788 600 Admonuisse
3829 562 3932 602 nos

2335 633 2387 689 in
2416 634 2640 690 exordio
2662 635 2928 691 sermonis
2951 633 3088 708 (Lib.
3113 653 3149 702 ι,
3174 637 3339 702 11.19;
3363 637 3453 691 lib.
3479 621 3556 701 tv,
3585 655 3636 691 tt.
3665 638 3730 705 9.;
3763 647 3810 694 et
3832 639 3927 695 lib.

2334 744 2408 794 vt,
2443 747 2494 783 tt.
2521 729 2576 800 9)
2608 729 2766 802 199
2805 731 2972 784 nostri
3020 730 3387 798 meminimus,
3415 731 3679 788 humanas
3708 747 3932 804 compa-

2335 821 2572 876 rationes
2621 822 2818 876 divinis
2864 838 2968 877 non
3021 824 3334 880 satisfacere
3395 827 3696 894 exemplis;
3745 841 3924 884 tamen

2339 931 2436 985 pro
2454 924 2602 984 parte
2626 917 2998 987 intelligentia:
3027 927 3226 973 nostra:
3257 934 3478 974 sensum
3515 919 3704 976 formis
3735 936 3934 993 corpo-

2335 1010 2534 1066 ralihus
2583 1010 2806 1066 erudiri.
2878 1011 3135 1067 Humana:
3190 1014 3487 1069 nativitatis
3543 1017 3930 1073 conSeieutiam

2335 1103 2584 1168 Consule,
2616 1113 2794 1158 utrum
2847 1121 2955 1159 non
2981 1106 3120 1160 intra
3150 1115 3326 1174 patres
3367 1115 3580 1162 maneat
3614 1109 3767 1178 origo
3811 1124 3934 1164 nas-

2335 1197 2591 1251 centium.
2619 1197 2749 1252 Nam
2785 1199 2999 1253 tametsi
3024 1199 3290 1255 elementa
3323 1201 3413 1255 illa
3444 1202 3680 1257 inanima
3711 1217 3777 1257 ac
3815 1212 3930 1259 tur-

2337 1289 2442 1357 pia,
2474 1289 2668 1357 quibus
2707 1291 2957 1346 nascendi
2991 1306 3166 1347 causa:
3189 1293 3540 1359 inchoantur,
3563 1294 3615 1349 in
3649 1293 3930 1353 hominem

2337 1379 2566 1435 alterum
2591 1381 2835 1447 efﬂuant,
2862 1392 3066 1439 natura:
3091 1392 3269 1441 tamen
3297 1386 3494 1441 virtute
3531 1386 3666 1440 intra
3708 1403 3764 1442 se
3788 1388 3928 1444 invi-

2335 1486 2452 1527 cem
2481 1484 2702 1528 manent
2727 1492 2737 1527 :
2764 1475 2890 1529 dum
2913 1483 2966 1529 et
2998 1491 3093 1545 per
3116 1476 3195 1547 (3)
3215 1477 3314 1547 .(e)
3347 1476 3530 1531 datam
3559 1488 3766 1533 natura:
3786 1480 3934 1546 eius-

2335 1562 2461 1620 dem
2491 1563 2778 1638 originem,
2805 1577 3115 1624 nascentem
3155 1570 3400 1640 sequitur
3421 1570 3510 1625 ille
3541 1571 3632 1642 qui
3658 1573 3854 1643 gignit;
3878 1585 3935 1630 et

2337 1675 2435 1731 per
2455 1672 2731 1733 acceptam
2757 1663 3116 1730 nativitatem,
3141 1663 3294 1733 cujus
3317 1664 3488 1718 virtus
3505 1667 3606 1720 etsi
3630 1665 3931 1736 derivetur,

2337 1770 2444 1810 non
2478 1766 2659 1810 tamen
2693 1755 2772 1828 (4)
2809 1755 2878 1828 (Ῑ)
2908 1757 3167 1822 aufertur,
3201 1758 3251 1810 itt
3275 1757 3529 1828 gignente
3550 1773 3608 1812 se
3637 1769 3819 1815 manet
3845 1761 3934 1816 ille

1049 1855 1226 1910 neque
1278 1841 1366 1910 qui
1423 1841 1510 1896 lux
1560 1849 1644 1896 est
1696 1857 1762 1896 ex
1814 1839 2057 1895 obscuris
2106 1855 2231 1896 coa-
2261 1854 2310 1916 Β
2337 1849 2425 1918 qni
2454 1848 2713 1904 nascitur.
2745 1848 2812 1904 Et
2835 1850 2936 1906 hoc
2965 1850 3180 1921 quidem
3199 1860 3402 1906 tantum
3437 1852 3503 1906 ad
3527 1853 3774 1908 humana:
3796 1854 3938 1908 nati-

2339 1940 2520 1996 vitatis
2546 1941 2953 2012 intelligentiam
2973 1949 3458 1998 commemoratum
3478 1959 3506 1997 a
3533 1945 3687 2000 nobis
3709 1945 3801 2010 sit,
3827 1962 3936 2002 non

2341 2033 2500 2088 etiam
2522 2033 2590 2088 ad
2612 2033 2912 2105 perfectum
2939 2036 2989 2089 in
3016 2037 3290 2108 unigenito
3309 2036 3418 2092 Deo
3437 2038 3731 2092 nativitatis
3754 2054 3940 2094 exeat-

2337 2125 2482 2196 plum
2507 2144 2518 2180 :
2544 2128 2665 2198 quia
2698 2136 2907 2183 natura:
2932 2127 3181 2184 humana:
3221 2128 3506 2184 inﬁrmitas
3535 2145 3602 2187 ex
3630 2130 3935 2202 disparibus

2335 2231 2702 2290 comparatur,
2728 2229 2783 2277 et
2811 2237 2876 2276 ex
2907 2221 3159 2277 inanimis
3190 2223 3496 2278 continetur
3524 2221 3590 2278 ad
3615 2221 3799 2278 vitam.
3825 2223 3934 2280 Nec

2335 2316 2515 2370 statim
2540 2315 2593 2370 in
2625 2330 2686 2372 ea
2721 2315 2864 2386 quod
2888 2316 3125 2387 gignitur
3150 2317 3300 2382 vivit,
3326 2330 3499 2386 neque
3523 2324 3695 2371 totum
3722 2317 3851 2371 vivit
3871 2333 3938 2374 ex

2336 2408 2479 2474 vita;
2511 2424 2632 2464 cum
2671 2409 2723 2464 in
2757 2425 2820 2465 ea
2864 2409 3036 2465 multa
3083 2409 3210 2473 sint,
3240 2424 3361 2478 qua:
3408 2409 3526 2464 sine
3574 2417 3778 2464 natura:
3805 2423 3920 2465 sua:

2335 2516 2517 2568 sensu,
2569 2516 2690 2557 cum
2740 2502 3114 2568 excreverint,
3161 2501 3503 2557 desecentur.
3567 2500 3623 2556 In
3679 2502 3790 2558 Deo
3809 2517 3936 2558 vero

2340 2607 2509 2654 totum
2536 2597 2680 2670 quod
2711 2608 2795 2654 est
2837 2599 2991 2654 vivit.
3030 2599 3172 2654 Deus
3200 2599 3344 2654 enim
3382 2599 3488 2654 vita
3509 2608 3628 2669 est:
3658 2608 3712 2655 et
3733 2615 3798 2655 ex
3830 2600 3938 2655 vita

2337 2707 2444 2748 non
2476 2700 2652 2762 potest
2688 2689 2765 2764 (g)
2808 2690 3099 2761 quidquam
3133 2705 3255 2746 esse
3285 2690 3386 2745 nisi
3416 2691 3622 2746 vivum.
3655 2691 3839 2762 Neque
3869 2707 3939 2748 ex

2336 2785 2691 2848 derivatione,
2719 2783 2814 2839 sed
2837 2800 2902 2839 ex
2927 2784 3126 2840 virtute
3157 2783 3410 2840 nativitas
3446 2794 3548 2839 est.
3585 2786 3660 2840 Ac
3689 2784 3767 2839 sic
3806 2784 3936 2840 dum

2338 2887 2510 2934 telum
2542 2877 2682 2949 quod
2710 2885 2794 2932 est
2816 2877 2967 2944 vivit,
2989 2884 3043 2933 et
3069 2875 3196 2931 dum
3231 2885 3422 2943 totum,
3453 2876 3596 2948 quod
3623 2891 3686 2934 ex
3719 2893 3786 2933 eo
3809 2893 3936 2933 nas-

2338 2972 2503 3037 citur,
2523 2971 2698 3026 virtus
2723 2978 2841 3035 est;
2869 2969 3031 3024 habet
3047 2970 3410 3038 nativitatem,
3440 2985 3547 3026 non
3571 2969 3729 3026 habet
3749 2971 3939 3026 demu-

2340 3066 2594 3121 tationem
2620 3081 2635 3131 ;
2657 3065 2962 3134 etimpertit
2982 3063 3299 3134 profectum,
3324 3077 3422 3118 nec
3443 3061 3936 3120 amittitnaturam:

2338 3155 2465 3212 dum
2497 3165 2549 3212 et
2579 3157 2912 3212 nativitatem
2940 3172 3101 3227 quam
3127 3155 3279 3212 dedit
3320 3173 3415 3228 per
3447 3155 3751 3212 indiscreta:
3785 3165 3940 3212 natu-

633 3243 759 3302 hinc
783 3259 906 3300 eum
938 3243 1090 3310 dicit,
1121 3243 1267 3299 Sicut
1297 3245 1433 3298 enim
1461 3242 1619 3298 Pater
1643 3242 1792 3297 habet
1813 3243 2031 3298 vitamin
2048 3255 2233 3298 semet-
2259 3261 2303 3324 ρ
2337 3266 2410 3305 rm
2440 3250 2869 3306 similitudinem
2915 3251 3182 3321 sequitur,
3222 3260 3277 3306 et
3327 3253 3580 3307 nativitas
3629 3267 3771 3318 eam,
3815 3267 3937 3323 qua:

632 3338 768 3405 ipso,
819 3337 894 3390 sic
940 3345 986 3390 et
1023 3333 1164 3390 Filio
1229 3335 1368 3390 dedit
1415 3337 1569 3389 vitam
1621 3334 1808 3390 habere
1853 3336 1906 3389 in
1960 3337 2234 3406 semetipso

635 3428 815 3503 (Joan.
844 3446 896 3495 v,
923 3427 1047 3502 26);
1072 3431 1250 3485 omnia
1282 3429 1402 3484 viva
1423 3444 1519 3484 sua
1543 3444 1609 3484 ex
1639 3430 1853 3484 vivente
1878 3438 2103 3486 testatus
2129 3439 2233 3504 est.

636 3523 792 3592 Quod
810 3535 992 3579 autem
1010 3538 1077 3579 ex
1101 3524 1223 3580 vivo
1245 3523 1424 3578 vivunt
1457 3531 1642 3578 natum
1662 3531 1766 3589 est,
1798 3521 1958 3580 habet
1983 3507 2234 3579 nativita-

635 3620 705 3676 tis
730 3617 1028 3691 profectum
1085 3617 1204 3674 sine
1267 3616 1504 3673 novitate
1549 3627 1776 3671 naturas.
1810 3616 1926 3672 Non
1969 3618 2114 3673 enim
2147 3633 2238 3671 no-

633 3729 760 3769 vum
788 3722 892 3778 est,
916 3711 1060 3783 quod
1087 3727 1151 3767 ex
1181 3711 1304 3766 vivo
1331 3718 1618 3782 generatur
1643 3709 1696 3764 in
1729 3708 1908 3764 vivum
1934 3727 1948 3776 ;
1977 3711 2102 3781 quia
2133 3727 2233 3768 nec

632 3821 698 3864 ex
719 3805 888 3862 nihilo
907 3803 973 3859 ad
999 3805 1330 3860 nativitatem
1353 3801 1458 3856 vita
1481 3801 1706 3872 qusesita
1729 3809 1810 3856 est
1828 3843 1842 3868 ,
1875 3811 1929 3856 et
1950 3802 2080 3868 vita,
2113 3819 2232 3873 qua:

632 3900 971 3956 nativitatem
986 3897 1150 3952 sumit
1179 3912 1244 3953 ex
1273 3897 1642 3962 vita,necesse
1670 3903 1752 3950 est
1773 3908 1868 3964 per
1884 3904 2088 3950 naturae
2109 3895 2232 3950 uni-

633 4000 819 4058 tatem,
857 4000 910 4048 et
953 3992 1204 4062 perfecta:
1239 4000 1399 4059 atque
1420 3988 1794 4044 inenarrandte
1821 3989 2112 4045 nativitatis
2142 4006 2230 4044 sa-

631 4095 992 4151 cramentum,
1034 4093 1095 4139 ut
1135 4083 1267 4139 etin
1296 4083 1514 4138 vivente
1563 4081 1726 4151 vivat,
1777 4089 1834 4138 et
1878 4081 1930 4138 in
1951 4096 2012 4138 se
2038 4081 2232 4140 habeat

630 4174 711 4250 (ἓ)
745 4178 822 4247 (d)
851 4177 1012 4232 vitam
1041 4177 1329 4231 viventem.

707 4270 786 4343 (i)
818 4269 1281 4343 iVequeinanimis.

729 4340 787 4412 Ξ)
827 4340 940 4412 Yita
971 4341 1235 4395 viventem.

729 4350 787 4412 2)
827 4350 940 4394 Vita
971 4350 1235 4395 viventem.

707 4350 788 4487 (ὅ)
819 4411 1007 4467 Datam
1033 4429 1064 4466 a
1091 4429 1146 4468 se
1169 4421 1385 4468 natura.

631 4515 704 4561 est
731 4507 975 4574 aliunde;
996 4516 1049 4562 et
1077 4522 1224 4562 nttm.
1257 4505 1328 4563 55
1366 4505 1459 4562 lib.
1493 4522 1607 4573 vttt,
1645 4504 1880 4562 Christus
1901 4522 2004 4560 non
2035 4506 2098 4562 de
2127 4523 2229 4560 non

631 4577 977 4633 substantibus
1013 4590 1202 4634 manet.
1237 4579 1302 4633 Et
1341 4577 1434 4634 lib.
1481 4593 1557 4638 Vl.
1605 4593 1754 4634 num.
1792 4578 1879 4642 i9,
1910 4593 2058 4646 quem
2085 4579 2138 4631 in
2183 4589 2231 4632 te

633 4651 884 4704 manentis
907 4667 969 4705 ex
995 4661 1042 4704 te
1085 4652 1361 4705 nativitatis
1391 4634 1577 4704 natura
1605 4634 1879 4716 retineret}
1903 4634 1956 4702 et
1978 4665 2104 4703 num
2133 4649 2224 4708 55.
2255 4634 2310 4694 Ῑ)

635 4719 759 4774 Non
781 4731 836 4775 ut
858 4737 968 4776 esse
1008 4723 1156 4794 ctepit
1183 4721 1453 4794 exui/tito,
1485 4721 1573 4775 sed
1612 4721 1736 4774 exiit
1769 4737 1802 4773 a
1843 4729 2093 4794 manente.
2124 4719 2228 4776 Dc-

635 4807 780 4846 mum
809 4795 860 4847 itt
883 4791 1111 4848 sinceris
1137 4791 1536 4862 exemplaribus
1561 4805 1821 4860 nusquam
1851 4791 2090 4859 reperias
2117 4808 2227 4845 nta-

634 4879 778 4923 nare,
804 4864 944 4931 quod
969 4865 1034 4916 ad
1066 4861 1322 4918 teternam
1352 4861 1471 4917 Filii
1508 4862 1909 4932 generationem
1941 4863 2222 4916 referatur.

704 4933 784 5006 (a)
811 4933 971 5001 Editi,
998 4950 1087 4990 nec
1117 4935 1414 4990 nativitatis.
1440 4932 1662 4988 Rectius
1688 4947 1819 4987 mss.
1841 4948 1932 4987 nec
1953 4934 2226 5002 nativitati,

635 5003 738 5060 hoc
765 5003 870 5069 est,
901 5021 1002 5062 nec
1029 5015 1174 5061 nato.

708 5076 785 5149 (b)
813 5077 971 5132 Mart.
1001 5094 1101 5134 ms.
1138 5090 1192 5132 ut
1240 5075 1376 5149 infra
1416 5077 1577 5133 habet
1605 5076 1801 5138 inania,
1826 5090 1939 5149 pro”
1964 5076 2225 5149 inanima,

632 5145 787 5203 ita'e't
810 5149 897 5204 hic
924 5164 1044 5204 cum
1090 5151 1276 5206 codice
1305 5148 1422 5204 Vat.
1457 5149 1571 5202 bas.
1605 5157 1754 5215 atque
1778 5148 2035 5202 inanibus.
2060 5145 2224 5203 Corb.

634 5233 665 5272 a
696 5220 864 5289 prima
897 5237 1079 5286 manu,
1112 5237 1272 5293 neque
1299 5237 1362 5275 ea:
1379 5220 1634 5293 inanibus.
1660 5219 1870 5293 Deinde
1899 5219 1950 5293 in
1979 5217 2228 5293 omtgbus

633 5299 808 5363 exstat
833 5293 1141 5363 inﬁrmibus,
1173 5289 1259 5350 ubi
1303 5293 1356 5348 itt
1385 5291 1614 5360 vulgatis
1653 5290 2039 5363 infirmioribus.
2087 5289 2224 5363 Tum

635 5362 800 5417 verbo
831 5359 1135 5428 continetur,
1173 5381 1268 5434 pro
1297 5359 1516 5429 constat,
1552 5359 1764 5434 videtur
1795 5375 1925 5416 usus
1953 5359 2183 5415 llilarins
2208 5379 2222 5416 :

634 5450 704 5490 ne
734 5436 804 5491 ita
835 5452 900 5491 ex
932 5437 1086 5492 Patre
1136 5437 1402 5508 prodiis~e
1432 5435 1599 5491 Filius
1643 5433 2001 5508 existimetur,
2032 5443 2228 5508 utnon

633 5523 853 5578 semper
875 5509 1012 5562 intra
1037 5503 1208 5577 ipsum
1231 5509 1646 5564 eontineatnrac
1669 5516 1904 5578 maneat.
1926 5503 2016 5559 Sic
2031 5503 2230 5574 quippe

635 5579 729 5637 lib.
757 5575 833 5646 vt,
886 5597 938 5635 n.
987 5575 1072 5649 19,
1118 5581 1332 5637 Patrem
1379 5581 1660 5650 alloquens
1691 5575 1974 5632 cenﬁtetur
2017 5587 2225 5642 natum,

633 5651 687 5724 in
712 5669 812 5724 quo
842 5662 889 5706 te
917 5655 1254 5722 generationis
1293 5668 1356 5706 ea:
1393 5661 1440 5704 te
1463 5652 1645 5706 veritus
1681 5650 1974 5724 contineret,
2012 5655 2059 5703 et
2082 5664 2230 5716 quem

632 5723 688 5777 in
709 5721 755 5776 te
786 5721 1034 5777 manentis
1055 5741 1117 5779 ea:
1137 5734 1184 5777 te
1209 5724 1489 5778 nativitatis
1519 5731 1705 5777 natura
1730 5721 1982 5774 retineret.

639 5839 641 5844 .
706 5792 953 5862 (σλιςιιιιι
995 5795 1079 5849 hic
1125 5803 1331 5862 prapter
1378 5792 1605 5859 Patrem,
1635 5791 1731 5847 sed
1779 5790 1872 5845 lib.
1905 5806 2017 5852 vttt,
2047 5807 2103 5862 tt.
2138 5791 2225 5862 16,

635 5861 726 5926 per
777 5861 1016 5934 Patrem:
1070 5861 1230 5933 quam
1272 5863 1557 5923 lectionem
1611 5870 1922 5920 constanter
1973 5861 2229 5920 exhibent

2339 3345 2526 3399 vivens
2547 3359 2612 3398 ex
2636 3342 2850 3399 vivente
2874 3353 2980 3408 est,
3011 3351 3258 3398 naturam
3278 3343 3549 3398 nascendo
3579 3357 3686 3398 non
3710 3343 3930 3398 deserit.

2409 3434 2498 3491 29.
2533 3434 2683 3505 Ignis
2726 3435 3045 3504 comparatio
3099 3434 3283 3489 altera.
3315 3465 3381 3475 —
3405 3433 3576 3489 Aﬁ‘ert
3611 3444 3792 3489 autem
3838 3450 3935 3505 pro

2339 3537 2490 3596 parte
2523 3525 2650 3582 ﬁdei
2696 3525 2853 3596 huius
2901 3525 3373 3597 signiﬁcationem,
3401 3526 3538 3596 ignis
3569 3526 3622 3582 in
3667 3541 3728 3582 se
3758 3527 3934 3597 ignem

2339 3617 2566 3686 habens,
2594 3628 2648 3674 et
2679 3621 2729 3674 in
2756 3619 2864 3690 igt‘ti
2886 3619 3025 3690 ignis
3069 3633 3313 3674 manens.
3339 3617 3474 3673 Nam
3514 3633 3636 3672 cum
3672 3618 3740 3672 sit
3782 3619 3834 3673 in
3869 3634 3935 3675 eo

2339 3709 2594 3780 Splendor
2637 3709 2878 3777 luminis,
2918 3719 3124 3765 natura:
3165 3709 3336 3776 calor,
3371 3711 3550 3765 virtus
3577 3711 3790 3777 urendi,
3820 3725 3936 3766 tunc

2343 3807 2520 3862 bilitas
2542 3807 2838 3873 :estuandi;
2867 3816 3039 3862 totum
3068 3815 3245 3863 tamen
3277 3807 3417 3878 ignis
3456 3815 3562 3872 est,
3587 3816 3643 3862 et
3665 3807 3780 3862 haec
3812 3809 3934 3862 uni-

2343 3915 2519 3963 versa,
2554 3915 2658 3956 una
2689 3911 2877 3955 natura
2906 3909 3009 3955 est.
3035 3900 3207 3956 liabet
3242 3900 3460 3970 quidem
3502 3917 3569 3956 ex
3598 3901 3930 3965 inﬁrmitate,

2340 3991 2482 4064 quod
2516 4009 2611 4064 per
2632 3991 2908 4047 materiam
2941 3991 3188 4047 subsistit
3228 4007 3290 4046 ac
3321 3991 3471 4055 vivit,
3515 4000 3570 4046 et
3597 4007 3718 4046 cum
3749 4007 3813 4047 ea
3837 4007 3934 4062 per

2339 4103 2500 4158 quam
2519 4087 2721 4142 vixerat
2749 4085 2946 4140 delicit.
2966 4084 3071 4160 ξςξά
3093 4087 3216 4150 hoc,
3235 4084 3377 4156 quod
3405 4083 3486 4157 (lt)
3508 4084 3932 4155 incomparabile

2345 4183 2508 4256 200
2550 4181 2643 4236 Dei
2666 4190 2767 4245 est,
2805 4180 2885 4251 (5)
2925 4180 3331 4250 comparatione
3359 4194 3426 4235 ex
3465 4186 3618 4251 parte
3650 4179 3933 4251 cognosci-

2437 4273 2494 4346 4)
2523 4273 2822 4346 inferatur.

2437 4276 2494 4346 4)
2523 4276 2822 4343 Auferatur.

2411 4276 2493 4418 i5)
2528 4343 2612 4402 Ex
2634 4343 3078 4416 comparationum
3106 4351 3270 4416 parte.
3299 4341 3441 4412 Mox,
3471 4341 3526 4398 in
3557 4340 3718 4398 Deum
3746 4341 3834 4398 sit.

2338 4517 2469 4560 mss.
2501 4500 2928 4571 conﬁt-ruantque
2985 4499 3229 4571 proxime
3268 4498 3529 4564 subnexa,
3563 4513 3653 4570 per
3688 4496 3935 4555 viventem

2338 4575 2548 4632 Patrem
2561 4591 2579 4630 :
3094 4592 3096 4594 '

2413 4646 2492 4719 (tt)
2514 4646 2582 4719 in
2598 4660 2735 4719 mss.
2761 4642 2916 4698 Colb.
2946 4651 3003 4699 et
3028 4641 3211 4719 Germ.
3247 4643 3348 4697 vita
3378 4642 3640 4719 viventem.

2410 4713 2482 4789 (ἐ)
2511 4717 2673 4772 Editi.
2703 4718 2875 4789 datam
2906 4732 2939 4768 a
2979 4731 3050 4768 se.
3084 4713 3252 4789 Abest
3277 4731 3309 4767 a
3329 4729 3388 4789 se
3414 4730 3443 4766 a
3469 4714 3766 4789 potioribus
3792 4730 3928 4789 mss.

2336 4785 2506 4846 Acute
2538 4789 2624 4844 hic
2675 4787 2974 4856 explicatur
3010 4785 3102 4856 qui
3135 4785 3275 4840 (ilius
3329 4785 3380 4839 in
3419 4798 3591 4854 patre.
3636 4787 3768 4841 etin
3816 4786 3932 4841 ﬁlio

2339 4871 2508 4926 pater.
2551 4859 2607 4915 In
2660 4859 2768 4913 lilio
2817 4867 2966 4928 pater
3012 4868 3114 4919 est,
3159 4859 3282 4925 quia
3331 4864 3640 4928 nascentem
3685 4856 3932 4928 sequitur

2337 4933 2429 4988 ille
2459 4932 2549 4997 qui
2574 4931 2762 5002 gignit,
2795 4931 2925 5002 dum
2950 4927 3109 4996 hujus
3135 4938 3320 4982 natura
3351 4927 3402 4980 in
3435 4928 3670 5002 genitum
3697 4927 3932 4998 quodam

2339 5003 2500 5059 modo
2545 4999 2826 5072 trajicitur.
2875 5000 2966 5055 Illa
3003 5009 3183 5054 autem
3224 5008 3413 5072 natura
3458 5015 3486 5052 a
3534 4999 3644 5055 lilio
3685 5011 3926 5072 accepta,

2338 5075 2466 5131 dum
2497 5090 2600 5130 non
2624 5069 2884 5128 amittitur
2909 5087 2940 5124 a
2973 5080 3148 5141 patre,
3179 5069 3273 5125 sed
3307 5071 3356 5122 in
3389 5083 3456 5125 eo
3493 5081 3693 5136 manet,
3740 5070 3794 5125 id
3821 5071 3931 5126 lilio

2333 5156 2572 5217 praestat.
2601 5147 2856 5217 utetiam
2887 5143 2939 5217 i_n
2963 5141 3353 5217 ipso_gett_itore
3373 5152 3608 5217 maneat.

2404 5219 2474 5291 (Ῑ)
2504 5219 2632 5291 Mss.
2656 5215 2844 5279 Corb.,
2887 5213 3059 5280 Prat.,
3088 5212 3272 5283 Vind,
3294 5222 3428 5280 etc.,
3457 5213 3744 5284 auferatur.
3775 5214 3932 5270 Anti-

2331 5287 2484 5361 quior
2506 5287 2678 5361 Colb.!
2695 5291 2974 5361 auferetur.

2403 5360 2481 5431 (gl
2514 5361 2614 5415 Ms.
2643 5357 2866 5431 Caruut.
2897 5357 3051 5431 aliud
3071 5371 3199 5431 esse.

2409 5427 2489 5504 (7t)
2543 5431 2704 5504 Apud
2737 5430 2866 5504 Bad.
2914 5441 2968 5504 et
3011 5427 3104 5482 Er.
3135 5427 3472 5504 desideratur
3503 5429 3926 5498 incomparabile.

2340 5499 2541 5558 Deinde
2571 5503 2710 5566 apud
2744 5501 3044 5570 Lips.,Par.
3081 5509 3132 5554 et
3160 5499 3213 5554 itt
3241 5500 3515 5570 plerisque
3540 5517 3670 5557 mss.
3700 5518 3764 5555 ex
3791 5517 3932 5554 com-

2337 5575 2662 5645 parationum
2691 5583 2833 5644 parte
2858 5572 3229 5640 cognoscimus.
3257 5571 3444 5645 Minus
3462 5573 3600 5626 male
3629 5573 3680 5628 in
3708 5572 3923 5627 Martin.

2337 5643 2400 5702 ea:
2420 5648 2802 5717 comparatione
2825 5656 3020 5713 partem
3039 5645 3411 5717 cognoscimtts.
3433 5643 3760 5717 Bepnnituus
3782 5659 3925 5697 catu-

2337 5713 2622 5784 paratione,
2652 5727 2784 5782 etc.,
2816 5718 3135 5770 attetoritate
3177 5731 3276 5770 ms.
3297 5713 3414 5770 bas.
3446 5713 3565 5769 Vat.
3597 5729 3650 5769 et
3699 5716 3928 5772 aliorum

2336 5791 2566 5846 duorum
2596 5788 2716 5846 Vat.
2746 5789 2940 5859 quibus
2959 5787 3304 5859 consentiunt
3327 5787 3520 5859 Dad.et
3542 5787 3633 5845 Et.
3651 5787 3774 5846 Mox
3793 5800 3926 5844 mss.

2336 5859 2533 5924 habent
2559 5862 2612 5916 in
2646 5852 2807 5916 Deum
2838 5859 2922 5929 sit,
2957 5873 3062 5914 non
3095 5856 3145 5910 in
3169 5852 3278 5915 Deo
3295 5858 3379 5913 sit.
3474 5909 3485 5930 δ
