4246 6260
618 332 724 415 19⁵1

1817 332 2063 413 SANCTl
2102 332 2358 401 lllLARtl
2401 327 2707 400 EPISCOPl

3814 334 3922 398 998

619 467 828 515 tntum
860 458 1111 515 virtutem
1138 465 1189 512 et
1212 470 1309 527 per
1337 464 1734 541 sacramentum
1764 458 2131 527 generationis
2160 467 2214 513 et
2242 460 2288 521 Α
2319 458 2443 530 facit
2473 473 2628 528 opera
2655 474 2771 512 sua.
2801 455 3007 511 Credite
3026 456 3174 524 mihi,
3198 456 3437 528 quoniam
3462 472 3556 528 ego
3580 457 3633 511 in
3659 456 3842 525 Patre,
3870 470 3920 514 et

615 554 913 611 nativitatis
951 568 1059 609 non
1108 552 1305 606 inesse.
1355 551 1605 605 Naturam
1648 566 1863 622 quoque
1892 549 1975 623 (l)
2018 550 2098 624 (α)
2133 550 2215 606 di-

614 659 824 701 versam
856 645 1069 715 deputet
1096 641 1162 698 ad
1192 651 1511 712 utrumque,
1544 644 1633 714 qui
1664 644 1870 699 nesciat
1912 644 2123 699 Patrem
2160 652 2216 699 et

613 738 974 813 Filiumﬂuod
1009 752 1173 791 unum
1200 737 1310 799 sint
1336 735 1683 807 praedicatus.
1718 735 1941 795 Deleant
1972 735 2213 795 haeretici

612 832 974 900 evangelicant
1005 828 1120 887 Filii
1158 828 1227 884 de
1253 842 1313 884 se
1340 827 1768 902 professionem,
1802 826 1914 901 Ego
1945 829 1998 882 in
2027 826 2211 896 Patre,

619 934 668 977 et
701 919 859 977 Pater
894 921 948 975 in
977 937 1060 975 me
1086 937 1103 975 :
1129 921 1209 995 (ὁ)
1240 931 1297 977 ut
1342 922 1554 991 possint
1605 922 1686 976 vel
1724 920 1864 977 duos
1911 921 2044 976 deos
2074 936 2206 991 pra:-

608 1014 813 1083 dicare,
833 1013 923 1071 vel
949 1016 1150 1071 solum.
1168 1014 1285 1071 Non
1302 1025 1430 1070 sunt
1448 1027 1763 1071 naturarum
1791 1013 2215 1086 signiﬁcationes

610 1106 665 1169 in
706 1115 913 1165 naturai
945 1108 1101 1163 unius
1141 1110 1472 1178 proprietate
1505 1126 1518 1162 :
1553 1122 1655 1162 nec
1681 1107 1817 1163 duos
1855 1108 1989 1167 deus
2023 1106 2115 1163 Dei
2146 1120 2212 1162 ex

609 1201 721 1255 Deo
751 1200 950 1256 veritas
982 1200 1224 1271 perlicit,
1259 1215 1359 1255 nec
1383 1201 1718 1271 singularem
1754 1200 1920 1259 Deum
1952 1199 2045 1261 Dei
2071 1197 2212 1268 pati-

607 1305 695 1349 tur
716 1294 1003 1360 nativitas,
1032 1308 1133 1351 nec
1161 1309 1267 1355 non
1296 1308 1460 1349 unum
1486 1304 1612 1353 sunt
1637 1294 1728 1363 qui
1759 1290 1839 1364 (2)
1873 1289 1948 1363 (c)
1978 1291 2211 1349 invicem

605 1395 750 1441 sunt.
786 1385 1022 1445 Invicem
1052 1395 1231 1443 autem
1276 1394 1433 1450 sunt,
1478 1400 1601 1439 cum
1644 1397 1785 1439 unus
1820 1398 1890 1445 ex
1935 1396 2044 1441 uno
2084 1389 2212 1441 est:

606 1482 733 1553 quia
777 1493 953 1549 neque
996 1493 1136 1537 unus
1176 1478 1268 1532 uni
1299 1475 1444 1537 aliud
1486 1491 1583 1549 per
1610 1475 2015 1546 generationem
2047 1488 2212 1543 quam

605 1572 750 1644 quod
779 1587 934 1635 suum
966 1582 1049 1627 est
1087 1570 1271 1638 dedit,
1324 1584 1499 1641 neque
1526 1583 1664 1624 unus
1700 1568 1768 1624 ab
1800 1583 1906 1631 uno
1944 1567 2089 1629 aliud
2117 1582 2215 1638 per

606 1663 942 1719 nativitatem
968 1662 1177 1719 obtinet
1213 1660 1291 1734 (ά)
1314 1677 1476 1733 quam
1503 1662 1684 1718 unius.
1712 1661 2025 1732 Apostolica
2051 1661 2214 1730 igitur

608 1757 777 1822 ﬁdes,
830 1757 945 1812 sive
996 1756 1213 1813 Patrem
1266 1754 1618 1827 praedicabit,
1666 1754 1986 1826 prmdicaltit
2040 1755 2212 1811 Deum

2321 549 2481 605 Pater
2503 551 2557 605 in
2583 567 2683 606 nte.
2718 550 2815 605 Sin
2840 560 3032 616 autem,
3059 550 3137 605 vel
3162 565 3371 622 propter
3392 565 3548 616 opera
3574 551 3687 619 ipsa
3709 552 3918 607 credite.

2316 642 2435 699 Non
2461 658 2560 699 uos
2592 643 2645 698 itt
2668 643 2897 699 erratica
2920 651 3080 715 atque
3111 643 3162 699 in
3191 642 3329 701 invia
3350 640 3566 701 deducit
3594 641 3687 698 ille
3713 642 3804 710 qui
3832 644 3919 699 via

2316 747 2433 805 est,
2464 752 2641 805 neque
2671 735 2845 795 illudit
2871 751 2971 809 per
3000 734 3134 791 t‘alsa
3164 735 3255 806 qui
3284 736 3483 791 veritas
3514 747 3597 791 est
3618 775 3633 799 ,
3662 750 3837 809 neque
3865 736 3919 793 in

2318 830 2507 885 mortis
2536 829 2791 896 relinquit
2812 842 3000 887 errore
3026 827 3115 901 qui
3138 827 3244 882 vita
3276 834 3381 881 est.
3425 825 3493 885 Et
3522 824 3646 897 quia
3679 824 3796 883 hare
3822 825 3919 882 be-

2318 924 2477 994 nigna
2503 921 2571 977 ad
2599 922 2831 977 salutent
2854 930 3094 979 nostram
3117 920 3536 990 disgtensationis
3565 935 3677 977 suae
3699 922 3921 981 nomina

2318 1014 2434 1091 ipse
2462 1014 2772 1080 constituit,
2805 1024 2859 1069 ut
2891 1028 2991 1068 ltus
3026 1019 3281 1082 tauquam
3309 1013 3391 1071 via
3423 1010 3479 1068 in
3510 1014 3794 1073 veritatem
3824 1011 3920 1071 de-

2322 1111 2569 1177 duceret,
2588 1125 2639 1165 et
2658 1112 2859 1169 veritas
2869 1112 3230 1172 constitueret
3248 1111 3300 1165 in
3324 1110 3463 1178 vita;
3485 1107 3919 1181 cognoscendum

2317 1215 2434 1270 est,
2469 1207 2611 1276 quod
2659 1204 2789 1263 illud
2837 1203 3145 1260 obtinendae
3198 1204 3319 1259 vitie
3346 1210 3746 1263 sacramentum
3799 1215 3920 1261 esse

2315 1296 2672 1355 demonstret.
2744 1295 2915 1353 Nemo
2964 1297 3097 1352 venit
3145 1296 3214 1352 ad
3279 1293 3491 1355 Patrem
3552 1294 3653 1357 nisi
3697 1311 3791 1368 per
3842 1309 3922 1349 me

2318 1388 2500 1461 (toan.
2525 1388 2725 1462 xnv,6).
2742 1388 2850 1446 lter
2869 1388 2935 1449 ad
2960 1388 3174 1445 Patrem
3201 1404 3296 1460 per
3317 1387 3515 1444 Filium
3536 1398 3640 1451 est.
3672 1386 3740 1449 Et
3765 1402 3919 1458 qua:-

2317 1483 2545 1539 rendum
2582 1493 2662 1538 est
2702 1490 2882 1541 utrum
2910 1481 3015 1538 hoc
3044 1496 3139 1553 per
3161 1480 3424 1536 doctrina:
3450 1478 3873 1541 admonitionem
3899 1519 3916 1547 ,

2316 1590 2383 1627 an
2430 1590 2526 1644 per
2559 1583 2763 1627 natura:
2796 1572 2954 1627 ﬁdem
2986 1572 3055 1627 sit
3087 1589 3101 1626 :
3134 1572 3256 1642 quia
3296 1571 3463 1633 videri
3498 1585 3786 1642 possumus
3823 1586 3919 1642 per

2315 1667 2617 1722 doctrinam
2644 1666 2764 1727 Filii
2798 1666 2976 1736 potius
3002 1664 3069 1720 ad
3099 1664 3312 1728 Patrem
3336 1705 3350 1729 ,
3380 1679 3538 1735 quam
3584 1677 3679 1735 per
3704 1661 3921 1723 sutiles-

2315 1758 2523 1814 sionem
2551 1767 2790 1828 paternae
2820 1758 2871 1811 iu
2899 1773 2964 1811 eo
2990 1756 3291 1812 divinitatis
3315 1755 3519 1810 venire.
3545 1752 3918 1825 lntelligeutize

615 1866 813 1916 unum;
845 1851 959 1907 sive
999 1849 1194 1906 Filium
1239 1849 1608 1915 Conﬁtebitur,
1651 1848 2000 1907 conﬁtebitur
2043 1849 2211 1904 Deum
2242 1845 2292 1906 Β
2320 1849 2482 1920 igitur
2524 1864 2741 1907 sensum
2792 1845 2846 1902 in
2890 1846 3349 1917 consequentibus
3391 1844 3751 1915 requiramus.
3799 1842 3915 1898 Non

609 1959 775 1998 unum
811 1961 824 1996 :
854 1946 977 2013 quia
1020 1953 1079 1999 et
1107 1942 1297 1999 eadem
1325 1954 1487 2013 atque
1518 1942 1854 2001 indissimilis
1884 1941 1979 1997 Dei
2018 1949 2208 1996 natura

607 2042 676 2092 sit
707 2039 759 2093 in
792 2046 1041 2107 utroque,
1067 2035 1138 2107 (e)
1171 2047 1225 2092 et
1255 2036 1395 2106 quod
1428 2035 1555 2091 dum
1589 2045 1642 2091 et
1675 2035 1832 2090 Pater
1860 2035 2002 2093 Deus
2033 2043 2087 2088 et
2115 2033 2209 2089 Fi-

607 2134 708 2193 lius
742 2135 880 2189 Deus
911 2143 1026 2200 est,
1060 2143 1116 2189 et
1145 2149 1310 2189 unum
1340 2134 1412 2188 sit
1442 2146 1647 2188 naturae
1679 2148 1876 2189 nomon
1901 2134 2208 2203 utriusque,

610 2242 748 2281 unus
787 2234 1075 2297 utrumque
1101 2226 1387 2296 signiﬁcat.
1421 2224 1554 2280 Nam
1582 2240 1649 2280 ex
1684 2226 1791 2283 lleo
1830 2226 2004 2293 Deus,
2040 2223 2126 2279 vel
2157 2225 2209 2277 in

610 2319 721 2374 Deo
755 2319 929 2384 Deus,
960 2332 1060 2374 nec
1086 2319 1219 2372 deos
1253 2317 1389 2373 titius
1415 2316 1644 2391 perﬁcit,
1680 2331 1803 2372 eum
1839 2332 1978 2371 unus
2000 2330 2074 2373 es
2103 2330 2211 2369 uno

619 2409 690 2484 (Ι)
722 2413 774 2465 in
803 2420 990 2469 natura
1020 2419 1075 2467 et
1100 2411 1318 2464 nomine
1346 2416 1563 2465 maneat
1589 2409 1783 2475 unius;
1816 2423 1917 2464 nec
1945 2409 1996 2462 itt
2023 2408 2212 2463 solita-

606 2505 745 2559 rium
776 2503 943 2563 Deum
966 2504 1168 2570 deticit,
1194 2518 1317 2561 cum
1342 2518 1479 2561 unus
1501 2512 1555 2559 et
1580 2516 1717 2563 unus
1740 2503 1791 2558 iu
1814 2501 2209 2574 signiﬁcatione

611 2612 719 2657 non
751 2597 899 2654 solus
929 2597 1022 2657 sit.

679 2690 766 2746 35.
790 2688 822 2743 Ι
827 2701 900 2747 ter
915 2691 983 2745 ad
1005 2687 1213 2745 Patrem
1227 2704 1317 2761 per
1332 2684 1531 2745 Filium
1553 2703 1572 2742 :
1588 2686 1676 2760 qui
1692 2685 1787 2743 hoc
1798 2685 2211 2757 intelligatur.—

607 2781 725 2838 Non
758 2784 1016 2841 incertam
1048 2792 1142 2836 aut
1171 2781 1388 2837 dubiam
1424 2781 1683 2839 Dominus
1715 2778 1849 2833 tattti
1880 2778 2206 2833 sacramenti

605 2873 907 2929 doctrinam
938 2874 1187 2945 reliquit,
1218 2886 1319 2929 nec
1349 2886 1448 2927 nos
1470 2871 1523 2925 in
1548 2870 1812 2941 ambigua:
1838 2869 2210 2939 intelligentia:

605 2964 845 3027 deseruit
865 2979 1071 3025 errore.
1099 2964 1165 3017 Et
1192 2963 1476 3017 audiamus
1502 2977 1625 3017 eum
1656 2976 1872 3016 omnem
1903 2959 2026 3019 ﬁdei
2051 2961 2208 3030 hujus

603 3055 967 3126 cognitionem
1000 3055 1276 3124 Apostolis
1306 3053 1638 3108 revelantem
1669 3069 1682 3105 :
1727 3052 1801 3106 ait
1845 3051 1989 3106 enim
2025 3049 2205 3122 (Joan.

604 3163 716 3214 xtv,
750 3146 804 3212 6,
839 3155 885 3201 et
922 3146 1084 3217 seqq.)
1113 3164 1126 3200 :
1159 3143 1271 3219 Ego
1290 3160 1403 3199 sum
1425 3145 1504 3197 via
1528 3154 1573 3198 et
1604 3143 1790 3199 veritas
1816 3154 1862 3197 et
1889 3143 1991 3196 vita
2012 3158 2032 3197 :
2061 3157 2209 3196 nemo

2315 1942 2460 1997 enim
2494 1940 2626 1998 tides
2666 1956 2730 1996 ex
2775 1940 3001 1999 arbitrio
3045 1949 3267 2008 nostro,
3313 1939 3407 1994 sed
3439 1954 3505 1994 ex
3536 1936 3804 2001 dicturum
3834 1944 3921 1993 est

2316 2031 2551 2089 ineunda
2583 2032 2892 2087 virtutibus.

2388 2128 2478 2184 54.
2539 2123 2738 2180 Filium
2786 2125 2873 2205 qui
2920 2124 3067 2189 sciat,
3120 2124 3251 2178 scire
3301 2131 3346 2178 et
3399 2121 3632 2177 Patrem.
3677 2151 3748 2162 —
3783 2119 3918 2176 Nam

2316 2216 2420 2273 hoc
2473 2217 2721 2285 sequitur
2775 2234 2790 2283 ;
2851 2215 2911 2273 Si
2974 2216 3115 2270 scitis
3173 2231 3284 2282 me,
3353 2222 3404 2270 et
3484 2212 3699 2270 Patrem
3750 2231 3917 2271 meum

2314 2311 2456 2366 scitis
2510 2308 2702 2380 (Ibid.,
2762 2310 2842 2379 7).
2899 2309 3071 2367 llomo
3123 2307 3283 2366 Iesus
3338 2307 3587 2367 Cltrisms
3632 2308 3915 2364 cernitur:

2314 2413 2370 2459 et
2393 2403 2666 2475 quomodo
2691 2404 2738 2459 si
2783 2403 2900 2472 ipse
2938 2402 3186 2474 cognitus
3208 2404 3308 2469 sit,
3334 2402 3434 2456 crit
3460 2402 3707 2472 cognitus
3725 2399 3915 2466 Pater;

2312 2512 2436 2552 cum
2464 2506 2674 2551 natum
2694 2510 2827 2561 sum,
2855 2494 2907 2549 id
2926 2505 3031 2564 est,
3057 2493 3289 2551 hominis
3314 2493 3366 2549 in
3395 2509 3460 2547 eo
3482 2491 3724 2548 habitum
3771 2494 3916 2565 Apo—

2313 2590 2435 2645 stoli
2479 2597 2892 2661 recognoscant,
2920 2597 2976 2645 et
3006 2588 3148 2644 liber
3175 2604 3202 2641 a
3246 2587 3515 2660 corporali
3548 2586 3690 2642 Deus
3716 2603 3881 2643 carne
3900 2627 3915 2652 ,

2312 2699 2419 2740 non
2453 2682 2506 2738 in
2538 2682 2640 2739 hac
2679 2682 2982 2754 corporalis
3025 2682 3204 2739 carnis
3254 2683 3568 2739 inﬁrmitate
3611 2679 3917 2736 noscendus

2310 2776 2425 2830 sit?
2457 2775 2566 2832 Sed
2598 2776 2651 2830 in
2674 2783 3018 2830 sacramento
3044 2775 3309 2844 assumpti
3339 2774 3587 2843 corporis
3616 2772 3916 2828 divinitatis

2313 2878 2559 2938 paternas
2588 2877 2833 2924 naturam
2878 2868 2931 2927 in
2971 2882 3032 2922 se
3076 2867 3336 2921 Dominus
3374 2865 3740 2930 conﬁrmans,
3772 2864 3918 2919 hunc

2312 2963 2557 3020 ordinem
2588 2963 2761 3019 tenuit
2789 2978 2803 3016 :
2838 2962 2899 3019 Si
2925 2961 3066 3017 scitis
3094 2978 3173 3014 me
3193 3002 3209 3027 ,
3240 2970 3287 3016 et
3314 2972 3509 3033 patrem
3538 2974 3705 3015 meum
3729 2957 3874 3013 scitis
3896 2973 3917 3011 :

2311 3068 2359 3112 et
2385 3075 2418 3112 a
2444 3057 2597 3111 modo
2618 3057 2785 3115 scietis
2809 3072 2945 3123 eum,
2972 3064 3020 3110 et
3040 3055 3241 3110 vidistis
3266 3071 3403 3109 eum.
3433 3052 3670 3125 Tempus
3693 3051 3917 3108 visionis

2312 3150 2584 3220 separavit
2613 3165 2642 3204 a
2681 3158 2926 3219 tempore
2953 3146 3301 3219 cognitionis.
3337 3146 3468 3202 Nam
3497 3162 3659 3221 quem
3688 3159 3919 3216 cognos-

602 3238 735 3292 veuit
763 3237 830 3292 ad
862 3235 1070 3291 Patrem
1091 3278 1106 3304 ,
1136 3236 1237 3290 nisi
1270 3252 1363 3307 per
1387 3252 1485 3289 nte.
1517 3234 1578 3290 Si
1605 3237 1745 3289 scitis
1781 3251 1892 3303 me,
1921 3245 1967 3289 et
1999 3233 2208 3289 Patrem
2235 3232 2282 3297 C
2313 3241 2544 3296 cendum
2575 3240 2683 3305 ait,
2732 3239 2981 3296 eumdem
3018 3239 3132 3311 jam
3164 3238 3298 3294 dixit
3335 3248 3389 3297 et
3419 3239 3592 3296 visum
3634 3236 3712 3311 (4)
3746 3235 3810 3312 (ἱ)
3858 3246 3919 3292 ut

602 3349 772 3387 meum
796 3329 937 3385 scitis
961 3346 979 3384 :
1010 3339 1058 3385 et
1084 3346 1117 3383 a
1144 3328 1298 3382 modo
1327 3327 1405 3399 (g)
1431 3328 1600 3383 scietis
1623 3337 1821 3390 eum,et
1848 3327 2046 3381 vidistis
2067 3342 2204 3381 eum.

602 3423 688 3477 Ait
715 3423 792 3478 illi
822 3420 1103 3494 Philippm
1136 3436 1155 3475 :
1186 3418 1433 3486 Domine,
1464 3420 1670 3474 ostende
1700 3420 1844 3475 nobis
1886 3419 2095 3474 Patrem
2115 3461 2130 3486 ,
2160 3431 2209 3477 et

600 3516 783 3587 suﬁicit
814 3514 978 3570 nobis.
1010 3513 1149 3568 Dicit
1179 3514 1224 3568 ei
1258 3511 1451 3571 Iesus:
1479 3510 1648 3566 Tanto
1686 3522 1909 3582 tempore
1945 3510 2204 3566 vobiscum

600 3625 744 3675 sum,
775 3606 856 3682 (‘5)
908 3619 953 3664 et
985 3624 1086 3667 non
1132 3610 1292 3665 nostis
1337 3607 1459 3661 me?
1507 3604 1785 3677 Philippe,
1815 3606 1901 3678 qui
1928 3607 2051 3661 vidit
2081 3622 2161 3662 me
2182 3646 2199 3673 ,

598 3705 724 3759 vidit
748 3714 799 3761 et
831 3703 1059 3759 Patrem.
1095 3701 1363 3769 Quomodo
1390 3710 1444 3755 tu
1472 3701 1599 3755 dicis
1620 3740 1635 3764 ,
1664 3700 1871 3755 ostende
1908 3700 2051 3755 nobis
2097 3698 2204 3755 Pa—

599 3796 775 3853 trem?
805 3796 925 3852 Non
955 3797 1121 3852 credis
1146 3794 1225 3871 (It)
1255 3793 1414 3860 mihi,
1440 3794 1683 3866 quoniam
1718 3809 1813 3864 ego
1842 3794 1895 3847 in
1926 3790 2086 3847 Patre
2104 3835 2121 3861 ,
2151 3806 2201 3849 et

602 3887 761 3945 Pater
788 3888 948 3969 203
977 3890 1029 3946 in
1055 3904 1136 3943 me
1161 3886 1282 3943 est?
1340 3884 1523 3954 Verba,
1555 3900 1671 3957 qua:
1699 3901 1790 3955 ego
1817 3887 1997 3958 loquor
2025 3885 2198 3955 vobis,

597 3998 703 4037 non
739 4000 771 4037 a
810 3986 892 4036 me
919 3983 1130 4051 loquor;
1172 3979 1262 4035 sed
1299 3977 1478 4045 Pater,
1527 3978 1616 4049 qui
1642 3978 1697 4032 in
1732 3993 1810 4032 me
1853 3988 2043 4046 manet,
2091 3979 2202 4050 ipse

673 4092 751 4165 (1)
783 4092 1167 4162 Diversamque.

674 4092 723 4165 (1
783 4092 1167 4162 Diversamque.

674 4092 754 4238 (2)
782 4166 847 4220 In
872 4167 1086 4220 invicem
1110 4173 1250 4218 sunt.
1280 4162 1347 4217 In
1378 4163 1592 4217 invicem
1621 4173 1811 4218 autem.

666 4282 749 4354 (α)
776 4282 930 4353 Apud
954 4282 1098 4351 Lips.
1122 4290 1176 4335 et
1200 4280 1325 4354 Par.
1355 4280 1615 4354 dispiciam
1633 4279 1988 4354 diversamque
2009 4296 2028 4334 ε
2061 4297 2201 4350 ραι..

600 4350 687 4409 tur
712 4350 872 4409 ﬁdem
910 4350 1167 4408 librarum
1209 4350 1460 4405 aliorum.
1507 4350 1712 4406 Eodem
1753 4351 2046 4420 Scriptura:
2078 4354 2201 4408 luco

600 4428 868 4481 diversam
914 4435 1159 4478 naturam
1198 4423 1415 4477 excludi
1435 4421 1678 4478 defendit
1714 4425 2066 4492 Augustinus,
2100 4424 2192 4478 lib.

605 4513 657 4553 ιι
685 4498 753 4553 de
780 4497 977 4551 'l‘rinit.
1009 4510 1059 4550 e.
1105 4495 1140 4549 5
1171 4512 1184 4548 :
1219 4492 1437 4562 Nescio,
1470 4496 1675 4562 inquit,
1707 4504 1879 4549 atrum
1912 4496 2200 4549 inueniatur

596 4570 984 4635 inScripturis,
1037 4582 1181 4622 unum
1235 4580 1391 4628 sum,
1443 4581 1660 4635 quorum
1679 4578 1752 4618 est
1770 4566 1969 4619 diversa
1987 4575 2193 4635 natura.

597 4638 751 4696 Unde
773 4634 915 4695 Coll.
947 4655 1069 4694 cunt
1095 4639 1385 4694 Maximino
1409 4634 1489 4690 sic
1514 4652 1638 4690 eum
1666 4636 1977 4705 alloquitur,
2013 4653 2066 4690 n.
2084 4634 2153 4691 14
2181 4655 2194 4689 :

2313 3340 2521 3388 naturae
2565 3332 2678 3403 jam
2710 3331 2917 3400 pridem
2966 3332 3019 3386 in
3060 3346 3119 3386 se
3163 3340 3473 3404 conspecta:
3524 3329 3808 3387 scientiam
3849 3345 3918 3386 es

2313 3435 2559 3496 tempore
2592 3439 2735 3479 nunc
2766 3423 2925 3496 hujus
2951 3423 3297 3481 revelationis
3324 3423 3658 3495 acciperent.

2384 3518 2472 3573 55.
2514 3517 2785 3589 Philippus
2811 3516 2909 3572 hoc
2935 3534 3038 3572 non
3067 3518 3227 3588 capit;
3251 3534 3363 3573 cur.
3388 3518 3489 3586 Qui
3517 3518 3660 3573 salva
3679 3516 3783 3591 ﬁde
3812 3508 3919 3572 Pa-

2310 3618 2438 3664 trem
2462 3609 2558 3664 sibi
2582 3608 2781 3665 ostendi
2819 3621 2985 3683 rogat.
3032 3640 3103 3650 —
3130 3606 3239 3666 Sed
3279 3610 3570 3665 commovit
3613 3609 3920 3679 apostolum

2315 3701 2622 3773 Philippum
2638 3703 2846 3758 novitas
2873 3702 3162 3759 dictorum.
3217 3701 3688 3767 Homo—cernitur,
3737 3701 3829 3756 Dei
3859 3716 3922 3757 se

2313 3798 2483 3855 ﬁlium
2526 3800 2815 3854 comitetur
2844 3840 2861 3869 ,
2913 3799 3129 3871 cognito
3157 3812 3217 3854 se
3242 3795 3677 3867 cognoscendum
3701 3796 3918 3851 Patrem

2310 3886 2527 3945 fatetur.
2558 3889 2771 3945 Patrem
2796 3886 2866 3963 (j)
2892 3888 3067 3943 visum
3092 3903 3215 3944 esse
3240 3889 3394 3955 dicit,
3425 3895 3482 3944 et
3511 3903 3605 3958 per
3637 3886 3688 3941 id
3718 3900 3921 3958 cogno-

2312 3981 2573 4039 scendum
2599 3998 2723 4039 esse
2749 3983 2871 4053 quia
2905 3981 3054 4037 visus
3082 3981 3173 4037 sit.
3200 3979 3428 4037 Humani
3458 3979 3603 4036 istud
3641 3978 3804 4034 animi
3836 3977 3922 4033 in-

2390 4095 2475 4240 £3)
2507 4095 2574 4150 Et
2603 4113 2708 4151 non
2736 4096 2869 4152 nosti
2894 4112 2992 4152 me.
3013 4110 3081 4153 ex
3105 4095 3329 4165 Graeco;
3356 4098 3441 4153 ml
3460 4097 3544 4153 οὐκ
3571 4095 3792 4171 ily-om
3816 4109 3921 4167 tu,“

2412 4166 2471 4238 4)
2502 4166 2571 4221 Et
2592 4178 2809 4223 natura.

2412 4166 2471 4238 4)
2502 4166 2571 4221 Et
2592 4178 2809 4223 natura.

2312 4283 2461 4338 ciunt
2491 4285 2751 4353 utrisque,
2799 4283 2925 4340 loco
2964 4284 3263 4355 utriusque;
3292 4297 3415 4341 cum
3456 4283 3562 4337 hoc
3598 4280 3917 4355 vocabulum

2310 4365 2439 4427 ante
2456 4364 2511 4409 et
2530 4352 2654 4427 post
2675 4371 2903 4411 numero
2926 4352 3205 4425 singulari,
3230 4371 3336 4411 non
3366 4356 3558 4425 plurali
3591 4352 3918 4427 exhibeant.

2312 4425 2706 4481 liestaurautur
2733 4441 2803 4481 es
2839 4441 2972 4484 mss.
3020 4427 3171 4485 Hanc
3199 4428 3529 4483 sententiain
3558 4425 3637 4481 sit:
3670 4426 3792 4479 licet
3822 4440 3921 4483 ex-

2309 4497 2587 4567 primere:
2622 4508 2670 4552 et
2706 4499 2828 4567 quia
2856 4499 2978 4555 dum
3005 4508 3053 4553 et
3096 4498 3254 4555 Pater
3298 4493 3444 4555 Deus
3465 4510 3515 4555 et
3563 4497 3732 4559 Filius
3773 4491 3919 4555 Deus

2308 4577 2408 4631 est,
2436 4577 2485 4638 et
2514 4570 2640 4623 dum
2666 4570 2931 4638 utriusque
2955 4582 3027 4624 est
3053 4586 3215 4627 unum
3245 4580 3444 4629 natura:
3472 4585 3679 4633 nomen,
3710 4576 3817 4621 etc.

2385 4636 2455 4711 (1)
2489 4640 2581 4693 Er.
2606 4642 2661 4695 in
2688 4636 2877 4694 natura
2899 4652 2944 4694 et
2968 4643 3190 4695 nomine.
3218 4639 3354 4696 Tum
3378 4640 3528 4710 Lips.
3549 4653 3604 4696 et
3632 4640 3756 4695 Par.
3784 4652 3912 4711 cum

599 4713 818 4777 Quando
834 4712 968 4792 liuihi
1000 4711 1273 4792 protuleris
1297 4708 1437 4792 quod
1480 4723 1639 4792 unum
1659 4700 1940 4792 [sinuque
1964 4700 2093 4792 sunt
2117 4708 2201 4760 di-
2228 4700 2279 4761 D
2308 4700 2607 4792 εῃξῗᾘξιιει.
2639 4713 2691 4764 in
2728 4721 2931 4792 statura!
2968 4715 3173 4792 nomine
3211 4713 3371 4792 unius
3391 4700 3590 4792 maneat
3614 4729 3634 4766 :
3666 4709 3917 4792 confuse:

595 4798 752 4838 uersa:
767 4777 1079 4843 substantias,
1107 4795 1224 4833 tunc
1245 4777 1475 4849 cogitabo
1492 4778 1619 4849 quid
1638 4777 1849 4829 debeant
1870 4780 2199 4842 respondere.

667 4854 742 4925 (b)
780 4852 1127 4907 Retuovimus
1157 4846 1459 4925 hinc,‘Ege
1501 4858 1548 4925 et
1574 4846 1742 4925 Pater
1778 4863 1938 4901 unum
1978 4865 2154 4925 sumus
2181 4865 2201 4904 :

595 4918 738 4997 quod
764 4925 851 4979 ltic
881 4936 1162 4997 perperam
1196 4921 1492 4997 imtui~erat
1520 4918 1775 4997 _Liosius,_
1810 4933 1932 4997 cum
1955 4920 2201 4991 subjecta

595 4990 937 5067 nequaquam
963 4990 1113 5067 hunc
1134 4992 1308 5048 locum
1334 4992 1653 5060 respiciant,
1683 4990 1778 5045 sed
1802 4996 2011 5046 tantum
2036 4990 2197 5063 supe-

594 5063 820 5129 riorem}
851 5065 964 5137 Ego
990 5066 1044 5137 in
1074 5063 1259 5137 Patre,
1283 5072 1389 5119 etc.

668 5142 742 5212 (ε)
776 5130 959 5212 _B.d:,_
985 5136 1079 5193 Er.
1109 5144 1164 5190 et
1204 5134 1351 5212 Lips.
1376 5148 1507 5212 cum
1551 5148 1656 5212 ius.
1680 5130 1864 5212 ‘Corb.
1904 5133 2197 5212 iniurium

590 5205 732 5265 sunt:
763 5209 830 5265 In
856 5210 1071 5265 invicem
1098 5219 1291 5263 autem.
1328 5207 1493 5276 Abest
1542 5206 1600 5259 in
1623 5223 1650 5258 a
1680 5205 1802 5261 Par.
1832 5214 1890 5262 et
1917 5205 2198 5276 plerisque

596 5298 728 5337 mss.
761 5282 852 5337 Sic
880 5297 1027 5335 num.
1062 5280 1155 5345 3i,
1192 5276 1375 5332 Insunt
1415 5275 1511 5331 sibi
1544 5277 1780 5331 invicem.
1830 5276 1969 5333 Sunt
2010 5275 2196 5333 autem

592 5353 848 5411 invicem.
885 5356 1033 5423 quia,
1068 5361 1125 5407 ut
1154 5351 1401 5420 proxime
1426 5349 1727 5412 dicebatur,
1757 5358 1887 5404 sunt
1910 5349 1968 5403 in
1998 5356 2199 5423 natura:

592 5429 749 5481 unius
773 5420 1105 5498 propiietatc,
1137 5424 1240 5498 hoc
1269 5431 1386 5488 est,
1418 5430 1646 5490 uterque
1679 5435 1838 5479 uuam
1870 5429 1927 5476 et
1947 5420 2196 5475 canitiem

593 5494 840 5553 naturam
873 5497 1032 5551 habet
1056 5494 1352 5565 propriam.

666 5570 747 5638 (ά)
776 5566 905 5623 Bad.
934 5579 987 5623 et
1018 5561 1111 5621 Er.
1135 5561 1465 5638 qaamunus.
1498 5563 1716 5618 Rectius
1744 5562 1833 5617 alii
1863 5561 2006 5638 libri,
2040 5577 2196 5633 quem

592 5633 744 5697 unius
779 5656 799 5705 ;
841 5638 1129 5695 subaudito
1148 5633 1305 5706 iquod
1321 5676 1337 5703 ,
1371 5645 1498 5707 puta
1521 5675 1536 5697 ,
1566 5651 1723 5703 quem
1750 5633 1889 5707 quod
1919 5634 2073 5707 unius
2100 5643 2195 5688 est.

595 5710 688 5767 Sic
716 5709 851 5766 infra
880 5726 1018 5765 unus
1048 5724 1118 5765 ex
1148 5724 1257 5765 uno
1279 5709 1334 5762 in
1362 5706 1553 5763 natura
1577 5718 1623 5763 et
1655 5706 1860 5763 nomine
1890 5706 2047 5764 utrius
2079 5721 2198 5763 uta-

595 5797 726 5852 nere
754 5781 1100 5852 praedicatur.

668 5846 913 5925 (e)'Editi
934 5892 948 5918 ,
975 5850 1176 5908 omissa
1212 5848 1301 5905 hic
1328 5847 1713 5918 conjunctione
1741 5858 1791 5904 et
1813 5887 1831 5916 ,
1876 5861 2003 5905 mox
2032 5846 2202 5917 subji—

2309 4780 2386 4835 lhi
2432 4781 2631 4852 quippe
2675 4782 2833 4836 unius
2885 4783 3111 4851 perinde
3155 4799 3278 4839 eam
3325 4784 3559 4847 videtur,
3603 4798 3667 4838 ac
3690 4780 3916 4852 ejusqui

2309 4868 2445 4905 unus
2471 4861 2567 4907 est.

2383 4922 2462 4995 (g)
2492 4923 2840 4994 Autiquiores
2860 4939 2990 4982 mss.
3017 4925 3102 4981 hic
3121 4934 3179 4981 et
3200 4924 3358 4990 intra,
3388 4941 3443 4981 n.
3472 4924 3565 4989 55-,
3589 4924 3753 4990 scitis,
3781 4938 3915 4979 cou-

2309 4994 2579 5067 seniieute
2626 5012 2803 5067 graeco
2847 5005 3027 5061 textu,
3061 4997 3157 5053 sed
3200 4998 3345 5054 aliud
3378 5009 3557 5055 tamen
3604 4994 3915 5067 postulante

2311 5065 2497 5121 Hilarii
2538 5066 2908 5124 enarratione.

2378 5137 2460 5206 (It)
2486 5136 2554 5195 Ut
2597 5154 2625 5193 a
2678 5152 2861 5210 graeco
2903 5145 3049 5194 textu
3080 5138 3236 5195 abest
3262 5139 3390 5196 mihi
3410 5181 3425 5205 ,
3459 5142 3531 5197 ita
3567 5142 3731 5201 etiam
3762 5138 3853 5194 hic
3878 5152 3911 5194 a

2305 5207 2518 5264 duobus
2561 5207 2702 5264 mss.
2724 5207 2909 5272 Coll».
2935 5212 2989 5267 iu
3016 5212 3212 5277 quibus
3248 5222 3429 5266 tamen
3454 5221 3633 5269 exstat
3661 5212 3907 5271 interius.

2377 5278 2442 5351 (ί)
2472 5281 2594 5335 Par.
2643 5296 2766 5337 eum
2795 5292 3008 5341 vetusto
3039 5283 3228 5339 codice
3256 5282 3410 5341 (Lolli.
3441 5293 3498 5338 et
3525 5282 3712 5345 Germ,
3742 5295 3791 5341 et
3816 5297 3914 5351 κρυ

2303 5346 2475 5424 ιω·ρε
2506 5351 2652 5420 quod
2693 5355 2858 5409 etiam
2904 5352 3094 5409 habuit
3138 5353 3301 5408 Oorb.
3337 5368 3366 5407 a
3415 5356 3585 5424 prima
3625 5369 3811 5413 manu.
3843 5346 3914 5409 Et

2301 5421 2523 5495 quidem
2565 5423 2900 5495 advertimus
2948 5425 3058 5493 jam
3100 5440 3206 5480 non
3246 5421 3456 5489 semel,
3502 5425 3819 5495 particulam
3859 5432 3907 5479 et

2303 5491 2550 5564 eamdem
2582 5495 2690 5564 vjm
2745 5491 2961 5551 habere
2989 5507 3152 5564 atque
3181 5504 3259 5550 ut.
3300 5491 3538 5552 Divinam
3585 5509 3766 5553 autem
3811 5508 3907 5555 nl-

2303 5572 2483 5689 :Iurqm
2507 5563 2560 5689 i:l
2587 5561 2809 5621 Christo
2843 5580 2939 5635 per
2965 5561 3226 5623 ttiiraeula
3245 5581 3597 5638 cotispeotam
3621 5582 3743 5625 esse
3768 5565 3907 5623 intra

2345 5650 2405 5689 ec
2429 5649 2521 5687 8N!
2551 5651 2634 5689 tll'.

2345 5644 2634 5690 eclaratur.

2379 5704 2446 5785 (1)
2475 5704 2535 5786 ξι·
2566 5706 2832 5786 vulgatis.
2878 5709 3143 5786 riguisse
3180 5709 3483 5786 riso‘dicit:
3534 5711 3754 5786 inepte,
3782 5722 3906 5767 cum

2306 5778 2625 5847 respiciatur
2647 5777 2776 5834 illud
2792 5819 2810 5845 ,
2832 5790 2879 5837 et
2899 5780 3101 5837 uidistis
3120 5796 3255 5837 eum.
3286 5782 3539 5843 Proxime
3563 5777 3696 5843 suis
3716 5780 3773 5839 in
3794 5795 3905 5843 ms.

2306 5846 2472 5905 Carn.
2504 5853 2795 5921 cognitum,
2824 5867 2932 5909 non
2952 5852 3383 5923 cognoscendum.
