  <div class='ocr_page' id='page_1' title='image "/cluster/home/n/w/nwhite01/storage/ocr_20150623/10/hvd.32044096580386/121.png"; bbox 0 0 4246 6260; ppageno 0'>
   <div class='ocr_carea' id='block_1_1' title="bbox 637 327 741 385">
    <p class='ocr_par' dir='ltr' id='par_1_1' title="bbox 637 327 741 385">
     <span class='ocr_line' id='line_1_1' title="bbox 637 327 741 385; baseline 0.019 -2"><span class='ocrx_word' id='word_1_1' title='bbox 637 327 741 385; x_wconf 69' lang='grc'><strong>231</strong></span> 
     </span>
    </p>
   </div>
   <div class='ocr_carea' id='block_1_2' title="bbox 1839 313 2723 376">
    <p class='ocr_par' dir='ltr' id='par_1_2' title="bbox 1839 313 2723 376">
     <span class='ocr_line' id='line_1_2' title="bbox 1839 313 2723 376; baseline -0.005 0"><span class='ocrx_word' id='word_1_2' title='bbox 1839 315 2085 376; x_wconf 84' lang='lat' dir='ltr'><strong>SANCTI</strong></span> <span class='ocrx_word' id='word_1_3' title='bbox 2123 313 2376 376; x_wconf 80' lang='lat' dir='ltr'><strong>liILARIl</strong></span> <span class='ocrx_word' id='word_1_4' title='bbox 2417 313 2723 376; x_wconf 82' lang='lat' dir='ltr'><strong>EPISCOPI</strong></span> 
     </span>
    </p>
   </div>
   <div class='ocr_carea' id='block_1_3' title="bbox 3836 310 3950 369">
    <p class='ocr_par' dir='ltr' id='par_1_3' title="bbox 3836 310 3950 369">
     <span class='ocr_line' id='line_1_3' title="bbox 3836 310 3950 369; baseline 0 -1"><span class='ocrx_word' id='word_1_5' title='bbox 3836 310 3950 369; x_wconf 71' lang='lat'><strong>252</strong></span> 
     </span>
    </p>
   </div>
   <div class='ocr_carea' id='block_1_4' title="bbox 637 423 3950 518">
    <p class='ocr_par' dir='ltr' id='par_1_4' title="bbox 637 423 3950 518">
     <span class='ocr_line' id='line_1_4' title="bbox 637 423 3950 518; baseline -0.008 -11"><span class='ocrx_word' id='word_1_6' title='bbox 637 459 766 507; x_wconf 81' lang='lat' dir='ltr'><strong>tuta:</strong></span> <span class='ocrx_word' id='word_1_7' title='bbox 793 466 808 506; x_wconf 91' lang='lat'><strong>:</strong></span> <span class='ocrx_word' id='word_1_8' title='bbox 837 447 934 506; x_wconf 90' lang='lat' dir='ltr'><strong>sed</strong></span> <span class='ocrx_word' id='word_1_9' title='bbox 965 443 1225 518; x_wconf 86' lang='lat' dir='ltr'><strong>numquid</strong></span> <span class='ocrx_word' id='word_1_10' title='bbox 1255 448 1311 500; x_wconf 89' lang='lat' dir='ltr'><strong>ut</strong></span> <span class='ocrx_word' id='word_1_11' title='bbox 1337 441 1598 515; x_wconf 77' lang='lat' dir='ltr'><strong>imagines</strong></span> <span class='ocrx_word' id='word_1_12' title='bbox 1625 453 1768 499; x_wconf 71' lang='lat' dir='ltr'><strong>verte</strong></span> <span class='ocrx_word' id='word_1_13' title='bbox 1791 442 1897 498; x_wconf 89' lang='lat' dir='ltr'><strong>sint</strong></span> <span class='ocrx_word' id='word_1_14' title='bbox 1918 482 1934 511; x_wconf 94' lang='lat'><strong>,</strong></span> <span class='ocrx_word' id='word_1_15' title='bbox 1965 440 2236 512; x_wconf 82' lang='lat' dir='ltr'><strong>exaequari</strong></span> <span class='ocrx_word' id='word_1_16' title='bbox 2262 442 2318 504; x_wconf 82' lang='grc' dir='ltr'>Α</span> <span class='ocrx_word' id='word_1_17' title='bbox 2342 439 2472 507; x_wconf 73' lang='lat' dir='ltr'><strong>Qum</strong></span> <span class='ocrx_word' id='word_1_18' title='bbox 2503 438 2646 494; x_wconf 89' lang='lat' dir='ltr'><strong>enim</strong></span> <span class='ocrx_word' id='word_1_19' title='bbox 2672 429 2953 506; x_wconf 78' lang='lat' dir='ltr'><strong>ignorandi</strong></span> <span class='ocrx_word' id='word_1_20' title='bbox 2981 429 3199 486; x_wconf 92' lang='lat' dir='ltr'><strong>Patrem</strong></span> <span class='ocrx_word' id='word_1_21' title='bbox 3229 434 3326 485; x_wconf 88' lang='lat' dir='ltr'><strong>aut</strong></span> <span class='ocrx_word' id='word_1_22' title='bbox 3345 423 3666 484; x_wconf 83' lang='lat' dir='ltr'><strong>ostendendi</strong></span> <span class='ocrx_word' id='word_1_23' title='bbox 3691 423 3950 497; x_wconf 87' lang='lat' dir='ltr'><strong>ignoran-</strong></span> 
     </span>
    </p>
   </div>
   <div class='ocr_carea' id='block_1_5' title="bbox 637 535 2234 615">
    <p class='ocr_par' dir='ltr' id='par_1_5' title="bbox 637 535 2234 615">
     <span class='ocr_line' id='line_1_5' title="bbox 637 535 2234 615; baseline -0.007 -16"><span class='ocrx_word' id='word_1_24' title='bbox 637 553 861 615; x_wconf 85' lang='lat' dir='ltr'><strong>possunt</strong></span> <span class='ocrx_word' id='word_1_25' title='bbox 889 543 1123 598; x_wconf 91' lang='lat' dir='ltr'><strong>inanima</strong></span> <span class='ocrx_word' id='word_1_26' title='bbox 1156 539 1497 602; x_wconf 80' lang='lat' dir='ltr'><strong>viventibus,</strong></span> <span class='ocrx_word' id='word_1_27' title='bbox 1529 545 1584 592; x_wconf 90' lang='lat' dir='ltr'><strong>et</strong></span> <span class='ocrx_word' id='word_1_28' title='bbox 1613 535 1701 591; x_wconf 87' lang='lat' dir='ltr'><strong>vel</strong></span> <span class='ocrx_word' id='word_1_29' title='bbox 1735 535 1876 607; x_wconf 86' lang='lat' dir='ltr'><strong>picta</strong></span> <span class='ocrx_word' id='word_1_30' title='bbox 1911 535 1998 590; x_wconf 90' lang='lat' dir='ltr'><strong>vel</strong></span> <span class='ocrx_word' id='word_1_31' title='bbox 2027 535 2234 604; x_wconf 90' lang='lat' dir='ltr'><strong>sculpta</strong></span> 
     </span>
    </p>
   </div>
   <div class='ocr_carea' id='block_1_6' title="bbox 641 627 2234 694">
    <p class='ocr_par' dir='ltr' id='par_1_6' title="bbox 641 627 2234 694">
     <span class='ocr_line' id='line_1_6' title="bbox 641 627 2234 694; baseline -0.008 -3"><span class='ocrx_word' id='word_1_32' title='bbox 641 639 726 694; x_wconf 89' lang='lat' dir='ltr'><strong>vel</strong></span> <span class='ocrx_word' id='word_1_33' title='bbox 768 637 884 691; x_wconf 79' lang='lat' dir='ltr'><strong>fusa</strong></span> <span class='ocrx_word' id='word_1_34' title='bbox 930 631 1164 689; x_wconf 86' lang='lat' dir='ltr'><strong>nativis?</strong></span> <span class='ocrx_word' id='word_1_35' title='bbox 1203 631 1368 686; x_wconf 84' lang='lat' dir='ltr'><strong>Filius</strong></span> <span class='ocrx_word' id='word_1_36' title='bbox 1396 642 1573 685; x_wconf 75' lang='lat' dir='ltr'><strong>autem</strong></span> <span class='ocrx_word' id='word_1_37' title='bbox 1603 628 1746 684; x_wconf 89' lang='lat' dir='ltr'><strong>Patri</strong></span> <span class='ocrx_word' id='word_1_38' title='bbox 1791 644 1895 683; x_wconf 91' lang='lat' dir='ltr'><strong>non</strong></span> <span class='ocrx_word' id='word_1_39' title='bbox 1939 627 2234 682; x_wconf 85' lang='lat' dir='ltr'><strong>secundum</strong></span> 
     </span>
    </p>
   </div>
   <div class='ocr_carea' id='block_1_7' title="bbox 638 717 2237 800">
    <p class='ocr_par' dir='ltr' id='par_1_7' title="bbox 638 717 2237 800">
     <span class='ocr_line' id='line_1_7' title="bbox 638 717 2237 800; baseline -0.008 -16"><span class='ocrx_word' id='word_1_40' title='bbox 638 728 757 785; x_wconf 68' lang='lat' dir='ltr'><strong>haec</strong></span> <span class='ocrx_word' id='word_1_41' title='bbox 787 729 1000 800; x_wconf 88' lang='lat' dir='ltr'><strong>(borum</strong></span> <span class='ocrx_word' id='word_1_42' title='bbox 1027 724 1094 780; x_wconf 90' lang='lat' dir='ltr'><strong>ad</strong></span> <span class='ocrx_word' id='word_1_43' title='bbox 1138 726 1329 792; x_wconf 88' lang='lat' dir='ltr'><strong>instar)</strong></span> <span class='ocrx_word' id='word_1_44' title='bbox 1361 723 1539 794; x_wconf 80' lang='lat' dir='ltr'><strong>imago</strong></span> <span class='ocrx_word' id='word_1_45' title='bbox 1581 731 1704 778; x_wconf 88' lang='lat' dir='ltr'><strong>est:</strong></span> <span class='ocrx_word' id='word_1_46' title='bbox 1745 721 1869 793; x_wconf 84' lang='lat' dir='ltr'><strong>quia</strong></span> <span class='ocrx_word' id='word_1_47' title='bbox 1896 719 2128 782; x_wconf 80' lang='lat' dir='ltr'><strong>viventis</strong></span> <span class='ocrx_word' id='word_1_48' title='bbox 2157 717 2237 772; x_wconf 87' lang='lat' dir='ltr'><strong>vi-</strong></span> 
     </span>
    </p>
   </div>
   <div class='ocr_carea' id='block_1_8' title="bbox 635 813 2236 889">
    <p class='ocr_par' dir='ltr' id='par_1_8' title="bbox 635 813 2236 889">
     <span class='ocr_line' id='line_1_8' title="bbox 635 813 2236 889; baseline -0.008 -12"><span class='ocrx_word' id='word_1_49' title='bbox 635 834 768 877; x_wconf 91' lang='lat' dir='ltr'><strong>vens</strong></span> <span class='ocrx_word' id='word_1_50' title='bbox 801 819 979 889; x_wconf 81' lang='lat' dir='ltr'><strong>imago</strong></span> <span class='ocrx_word' id='word_1_51' title='bbox 1008 826 1124 886; x_wconf 87' lang='lat' dir='ltr'><strong>est,</strong></span> <span class='ocrx_word' id='word_1_52' title='bbox 1156 826 1213 873; x_wconf 86' lang='lat' dir='ltr'><strong>et</strong></span> <span class='ocrx_word' id='word_1_53' title='bbox 1252 832 1320 872; x_wconf 83' lang='lat' dir='ltr'><strong>ex</strong></span> <span class='ocrx_word' id='word_1_54' title='bbox 1349 830 1415 872; x_wconf 91' lang='lat' dir='ltr'><strong>eo</strong></span> <span class='ocrx_word' id='word_1_55' title='bbox 1461 822 1619 871; x_wconf 88' lang='lat' dir='ltr'><strong>natus</strong></span> <span class='ocrx_word' id='word_1_56' title='bbox 1669 829 1776 870; x_wconf 88' lang='lat' dir='ltr'><strong>non</strong></span> <span class='ocrx_word' id='word_1_57' title='bbox 1823 813 1987 869; x_wconf 82' lang='lat' dir='ltr'><strong>habet</strong></span> <span class='ocrx_word' id='word_1_58' title='bbox 2027 822 2236 868; x_wconf 80' lang='lat' dir='ltr'><strong>natura:</strong></span> 
     </span>
    </p>
   </div>
   <div class='ocr_carea' id='block_1_9' title="bbox 635 907 2237 979">
    <p class='ocr_par' dir='ltr' id='par_1_9' title="bbox 635 907 2237 979">
     <span class='ocr_line' id='line_1_9' title="bbox 635 907 2237 979; baseline -0.005 -10"><span class='ocrx_word' id='word_1_59' title='bbox 635 913 1005 969; x_wconf 75' lang='lat' dir='ltr'><strong>diversitatem</strong></span> <span class='ocrx_word' id='word_1_60' title='bbox 1026 953 1041 979; x_wconf 96' lang='lat'><strong>,</strong></span> <span class='ocrx_word' id='word_1_61' title='bbox 1066 919 1123 967; x_wconf 89' lang='lat' dir='ltr'><strong>et</strong></span> <span class='ocrx_word' id='word_1_62' title='bbox 1151 911 1206 966; x_wconf 92' lang='lat' dir='ltr'><strong>in</strong></span> <span class='ocrx_word' id='word_1_63' title='bbox 1237 909 1384 966; x_wconf 92' lang='lat' dir='ltr'><strong>nullo</strong></span> <span class='ocrx_word' id='word_1_64' title='bbox 1413 908 1660 966; x_wconf 88' lang='lat' dir='ltr'><strong>diversus</strong></span> <span class='ocrx_word' id='word_1_65' title='bbox 1700 916 1848 964; x_wconf 89' lang='lat' dir='ltr'><strong>tenet</strong></span> <span class='ocrx_word' id='word_1_66' title='bbox 1885 916 2091 963; x_wconf 76' lang='lat' dir='ltr'><strong>natura:</strong></span> <span class='ocrx_word' id='word_1_67' title='bbox 2121 907 2237 976; x_wconf 83' lang='lat' dir='ltr'><strong>ejus</strong></span> 
     </span>
    </p>
   </div>
   <div class='ocr_carea' id='block_1_10' title="bbox 639 998 2237 1079">
    <p class='ocr_par' dir='ltr' id='par_1_10' title="bbox 639 998 2237 1079">
     <span class='ocr_line' id='line_1_10' title="bbox 639 998 2237 1079; baseline -0.004 -17"><span class='ocrx_word' id='word_1_68' title='bbox 639 1006 716 1079; x_wconf 90' lang='lat' dir='ltr'><strong>(a)</strong></span> <span class='ocrx_word' id='word_1_69' title='bbox 747 1021 811 1061; x_wconf 80' lang='lat' dir='ltr'><strong>ex</strong></span> <span class='ocrx_word' id='word_1_70' title='bbox 846 1021 950 1077; x_wconf 88' lang='lat' dir='ltr'><strong>qua</strong></span> <span class='ocrx_word' id='word_1_71' title='bbox 989 1019 1097 1061; x_wconf 92' lang='lat' dir='ltr'><strong>non</strong></span> <span class='ocrx_word' id='word_1_72' title='bbox 1137 1003 1387 1060; x_wconf 89' lang='lat' dir='ltr'><strong>diversus</strong></span> <span class='ocrx_word' id='word_1_73' title='bbox 1421 1012 1506 1059; x_wconf 91' lang='lat' dir='ltr'><strong>est</strong></span> <span class='ocrx_word' id='word_1_74' title='bbox 1543 1009 1886 1074; x_wconf 89' lang='lat' dir='ltr'><strong>potestatem.</strong></span> <span class='ocrx_word' id='word_1_75' title='bbox 1917 998 2071 1068; x_wconf 86' lang='lat' dir='ltr'><strong>Quod</strong></span> <span class='ocrx_word' id='word_1_76' title='bbox 2108 1014 2237 1071; x_wconf 85' lang='lat' dir='ltr'><strong>ergo</strong></span> 
     </span>
    </p>
   </div>
   <div class='ocr_carea' id='block_1_11' title="bbox 637 1093 2238 1170">
    <p class='ocr_par' dir='ltr' id='par_1_11' title="bbox 637 1093 2238 1170">
     <span class='ocr_line' id='line_1_11' title="bbox 637 1093 2238 1170; baseline -0.004 -16"><span class='ocrx_word' id='word_1_77' title='bbox 637 1097 817 1170; x_wconf 83' lang='lat' dir='ltr'><strong>imago</strong></span> <span class='ocrx_word' id='word_1_78' title='bbox 861 1107 974 1165; x_wconf 91' lang='lat' dir='ltr'><strong>est,</strong></span> <span class='ocrx_word' id='word_1_79' title='bbox 1017 1112 1080 1154; x_wconf 92' lang='lat' dir='ltr'><strong>eo</strong></span> <span class='ocrx_word' id='word_1_80' title='bbox 1129 1095 1370 1168; x_wconf 90' lang='lat' dir='ltr'><strong>proﬁcit,</strong></span> <span class='ocrx_word' id='word_1_81' title='bbox 1404 1104 1462 1151; x_wconf 92' lang='lat' dir='ltr'><strong>ut</strong></span> <span class='ocrx_word' id='word_1_82' title='bbox 1507 1095 1723 1152; x_wconf 86' lang='lat' dir='ltr'><strong>Patrem</strong></span> <span class='ocrx_word' id='word_1_83' title='bbox 1767 1095 1936 1150; x_wconf 88' lang='lat' dir='ltr'><strong>Deum</strong></span> <span class='ocrx_word' id='word_1_84' title='bbox 1979 1093 2238 1166; x_wconf 90' lang='lat' dir='ltr'><strong>unigeniti</strong></span> 
     </span>
    </p>
   </div>
   <div class='ocr_carea' id='block_1_12' title="bbox 641 1187 2237 1261">
    <p class='ocr_par' dir='ltr' id='par_1_12' title="bbox 641 1187 2237 1261">
     <span class='ocr_line' id='line_1_12' title="bbox 641 1187 2237 1261; baseline -0.004 -14"><span class='ocrx_word' id='word_1_85' title='bbox 641 1189 738 1247; x_wconf 90' lang='lat' dir='ltr'><strong>Dei</strong></span> <span class='ocrx_word' id='word_1_86' title='bbox 776 1189 1044 1261; x_wconf 89' lang='lat' dir='ltr'><strong>signiﬁcet</strong></span> <span class='ocrx_word' id='word_1_87' title='bbox 1076 1187 1357 1255; x_wconf 87' lang='lat' dir='ltr'><strong>nativitas;</strong></span> <span class='ocrx_word' id='word_1_88' title='bbox 1399 1187 1669 1260; x_wconf 89' lang='lat' dir='ltr'><strong>signiﬁcet</strong></span> <span class='ocrx_word' id='word_1_89' title='bbox 1707 1198 1886 1242; x_wconf 89' lang='lat' dir='ltr'><strong>autem</strong></span> <span class='ocrx_word' id='word_1_90' title='bbox 1909 1227 1924 1253; x_wconf 94' lang='lat'><strong>,</strong></span> <span class='ocrx_word' id='word_1_91' title='bbox 1967 1195 2028 1242; x_wconf 92' lang='grc' dir='ltr'><strong>ιιι</strong></span> <span class='ocrx_word' id='word_1_92' title='bbox 2068 1187 2237 1241; x_wconf 76' lang='lat' dir='ltr'><strong>forma</strong></span> 
     </span>
    </p>
   </div>
   <div class='ocr_carea' id='block_1_13' title="bbox 637 1277 2238 1356">
    <p class='ocr_par' dir='ltr' id='par_1_13' title="bbox 637 1277 2238 1356">
     <span class='ocr_line' id='line_1_13' title="bbox 637 1277 2238 1356; baseline -0.002 -18"><span class='ocrx_word' id='word_1_93' title='bbox 637 1282 712 1356; x_wconf 88' lang='lat' dir='ltr'><strong>(b)</strong></span> <span class='ocrx_word' id='word_1_94' title='bbox 743 1283 858 1354; x_wconf 88' lang='lat' dir='ltr'><strong>ipse</strong></span> <span class='ocrx_word' id='word_1_95' title='bbox 880 1292 934 1339; x_wconf 88' lang='lat' dir='ltr'><strong>et</strong></span> <span class='ocrx_word' id='word_1_96' title='bbox 975 1283 1151 1354; x_wconf 86' lang='lat' dir='ltr'><strong>imago</strong></span> <span class='ocrx_word' id='word_1_97' title='bbox 1182 1282 1472 1338; x_wconf 83' lang='lat' dir='ltr'><strong>invisibilis</strong></span> <span class='ocrx_word' id='word_1_98' title='bbox 1493 1280 1588 1338; x_wconf 88' lang='lat' dir='ltr'><strong>Dei</strong></span> <span class='ocrx_word' id='word_1_99' title='bbox 1616 1300 1630 1338; x_wconf 90' lang='lat'><strong>:</strong></span> <span class='ocrx_word' id='word_1_100' title='bbox 1662 1290 1716 1336; x_wconf 87' lang='lat' dir='ltr'><strong>et</strong></span> <span class='ocrx_word' id='word_1_101' title='bbox 1756 1296 1852 1352; x_wconf 90' lang='lat' dir='ltr'><strong>per</strong></span> <span class='ocrx_word' id='word_1_102' title='bbox 1883 1281 1984 1336; x_wconf 92' lang='lat' dir='ltr'><strong>hoc</strong></span> <span class='ocrx_word' id='word_1_103' title='bbox 2013 1277 2096 1354; x_wconf 87' lang='lat' dir='ltr'><strong>(l)</strong></span> <span class='ocrx_word' id='word_1_104' title='bbox 2129 1294 2238 1335; x_wconf 92' lang='lat' dir='ltr'><strong>non</strong></span> 
     </span>
    </p>
   </div>
   <div class='ocr_carea' id='block_1_14' title="bbox 637 1374 2238 1450">
    <p class='ocr_par' dir='ltr' id='par_1_14' title="bbox 637 1374 2238 1450">
     <span class='ocr_line' id='line_1_14' title="bbox 637 1374 2238 1450; baseline -0.002 -17"><span class='ocrx_word' id='word_1_105' title='bbox 637 1378 838 1434; x_wconf 87' lang='lat' dir='ltr'><strong>amittit</strong></span> <span class='ocrx_word' id='word_1_106' title='bbox 866 1387 1069 1434; x_wconf 76' lang='lat' dir='ltr'><strong>natura:</strong></span> <span class='ocrx_word' id='word_1_107' title='bbox 1090 1377 1254 1450; x_wconf 75' lang='lat'><strong>206</strong></span> <span class='ocrx_word' id='word_1_108' title='bbox 1279 1377 1481 1432; x_wconf 87' lang='lat' dir='ltr'><strong>unitam</strong></span> <span class='ocrx_word' id='word_1_109' title='bbox 1514 1374 1917 1432; x_wconf 89' lang='lat' dir='ltr'><strong>similitudinem</strong></span> <span class='ocrx_word' id='word_1_110' title='bbox 1940 1416 1954 1443; x_wconf 95' lang='lat'><strong>,</strong></span> <span class='ocrx_word' id='word_1_111' title='bbox 1987 1374 2113 1445; x_wconf 89' lang='lat' dir='ltr'><strong>quia</strong></span> <span class='ocrx_word' id='word_1_112' title='bbox 2137 1387 2238 1430; x_wconf 90' lang='lat' dir='ltr'><strong>nec</strong></span> 
     </span>
    </p>
   </div>
   <div class='ocr_carea' id='block_1_15' title="bbox 636 1475 1307 1531">
    <p class='ocr_par' dir='ltr' id='par_1_15' title="bbox 636 1475 1307 1531">
     <span class='ocr_line' id='line_1_15' title="bbox 636 1475 1307 1531; baseline -0.007 0"><span class='ocrx_word' id='word_1_113' title='bbox 636 1482 820 1531; x_wconf 79' lang='lat' dir='ltr'><strong>careat</strong></span> <span class='ocrx_word' id='word_1_114' title='bbox 854 1475 1051 1530; x_wconf 90' lang='lat' dir='ltr'><strong>virtute</strong></span> <span class='ocrx_word' id='word_1_115' title='bbox 1082 1480 1307 1528; x_wconf 80' lang='lat' dir='ltr'><strong>naturtc.</strong></span> 
     </span>
    </p>
   </div>
   <div class='ocr_carea' id='block_1_16' title="bbox 716 1561 2241 1637">
    <p class='ocr_par' dir='ltr' id='par_1_16' title="bbox 716 1561 2241 1637">
     <span class='ocr_line' id='line_1_16' title="bbox 716 1561 2241 1637; baseline -0.005 -12"><span class='ocrx_word' id='word_1_116' title='bbox 716 1569 805 1626; x_wconf 76' lang='grc'><strong>58.</strong></span> <span class='ocrx_word' id='word_1_117' title='bbox 851 1567 946 1623; x_wconf 87' lang='lat' dir='ltr'><strong>Dei</strong></span> <span class='ocrx_word' id='word_1_118' title='bbox 973 1567 1136 1622; x_wconf 84' lang='lat' dir='ltr'><strong>verbis</strong></span> <span class='ocrx_word' id='word_1_119' title='bbox 1179 1583 1271 1622; x_wconf 88' lang='lat' dir='ltr'><strong>nec</strong></span> <span class='ocrx_word' id='word_1_120' title='bbox 1314 1563 1456 1622; x_wconf 89' lang='lat' dir='ltr'><strong>Deus</strong></span> <span class='ocrx_word' id='word_1_121' title='bbox 1479 1565 1781 1637; x_wconf 74' lang='lat' dir='ltr'><strong>singularis,</strong></span> <span class='ocrx_word' id='word_1_122' title='bbox 1811 1580 1901 1620; x_wconf 85' lang='lat' dir='ltr'><strong>nec</strong></span> <span class='ocrx_word' id='word_1_123' title='bbox 1939 1563 2117 1636; x_wconf 91' lang='lat' dir='ltr'><strong>dispar</strong></span> <span class='ocrx_word' id='word_1_124' title='bbox 2146 1561 2241 1618; x_wconf 88' lang='lat' dir='ltr'><strong>Fi-</strong></span> 
     </span>
    </p>
   </div>
   <div class='ocr_carea' id='block_1_17' title="bbox 639 1655 2238 1727">
    <p class='ocr_par' dir='ltr' id='par_1_17' title="bbox 639 1655 2238 1727">
     <span class='ocr_line' id='line_1_17' title="bbox 639 1655 2238 1727; baseline -0.004 -11"><span class='ocrx_word' id='word_1_125' title='bbox 639 1661 761 1717; x_wconf 86' lang='lat' dir='ltr'><strong>lius.</strong></span> <span class='ocrx_word' id='word_1_126' title='bbox 787 1690 859 1703; x_wconf 88' lang='lat'><strong>—-</strong></span> <span class='ocrx_word' id='word_1_127' title='bbox 884 1661 950 1716; x_wconf 82' lang='lat' dir='ltr'><strong>Et</strong></span> <span class='ocrx_word' id='word_1_128' title='bbox 992 1659 1118 1715; x_wconf 85' lang='lat' dir='ltr'><strong>hinc</strong></span> <span class='ocrx_word' id='word_1_129' title='bbox 1164 1657 1294 1714; x_wconf 86' lang='lat' dir='ltr'><strong>illud</strong></span> <span class='ocrx_word' id='word_1_130' title='bbox 1337 1667 1457 1723; x_wconf 91' lang='lat' dir='ltr'><strong>est,</strong></span> <span class='ocrx_word' id='word_1_131' title='bbox 1504 1655 1671 1713; x_wconf 88' lang='lat' dir='ltr'><strong>Tanto</strong></span> <span class='ocrx_word' id='word_1_132' title='bbox 1717 1667 1941 1727; x_wconf 89' lang='lat' dir='ltr'><strong>tempore</strong></span> <span class='ocrx_word' id='word_1_133' title='bbox 1983 1655 2238 1711; x_wconf 85' lang='lat' dir='ltr'><strong>vobiscum</strong></span> 
     </span>
    </p>
   </div>
   <div class='ocr_carea' id='block_1_18' title="bbox 640 1748 2241 1822">
    <p class='ocr_par' dir='ltr' id='par_1_18' title="bbox 640 1748 2241 1822">
     <span class='ocr_line' id='line_1_18' title="bbox 640 1748 2241 1822; baseline -0.006 -12"><span class='ocrx_word' id='word_1_134' title='bbox 640 1769 788 1818; x_wconf 86' lang='lat' dir='ltr'><strong>sum,</strong></span> <span class='ocrx_word' id='word_1_135' title='bbox 821 1763 868 1808; x_wconf 88' lang='lat' dir='ltr'><strong>et</strong></span> <span class='ocrx_word' id='word_1_136' title='bbox 910 1769 1009 1808; x_wconf 89' lang='lat' dir='ltr'><strong>non</strong></span> <span class='ocrx_word' id='word_1_137' title='bbox 1040 1752 1200 1807; x_wconf 89' lang='lat' dir='ltr'><strong>nostis</strong></span> <span class='ocrx_word' id='word_1_138' title='bbox 1230 1767 1342 1816; x_wconf 89' lang='lat' dir='ltr'><strong>me,</strong></span> <span class='ocrx_word' id='word_1_139' title='bbox 1382 1748 1666 1822; x_wconf 83' lang='lat' dir='ltr'><strong>Philippe?</strong></span> <span class='ocrx_word' id='word_1_140' title='bbox 1691 1751 1779 1820; x_wconf 88' lang='lat' dir='ltr'><strong>qui</strong></span> <span class='ocrx_word' id='word_1_141' title='bbox 1807 1749 1932 1803; x_wconf 77' lang='lat' dir='ltr'><strong>vidit</strong></span> <span class='ocrx_word' id='word_1_142' title='bbox 1969 1763 2047 1802; x_wconf 89' lang='lat' dir='ltr'><strong>me</strong></span> <span class='ocrx_word' id='word_1_143' title='bbox 2068 1790 2083 1814; x_wconf 96' lang='lat'><strong>,</strong></span> <span class='ocrx_word' id='word_1_144' title='bbox 2115 1748 2241 1802; x_wconf 80' lang='lat' dir='ltr'><strong>vidit</strong></span> 
     </span>
    </p>
   </div>
   <div class='ocr_carea' id='block_1_19' title="bbox 2339 517 3952 598">
    <p class='ocr_par' dir='ltr' id='par_1_19' title="bbox 2339 517 3952 598">
     <span class='ocr_line' id='line_1_19' title="bbox 2339 517 3952 598; baseline -0.01 -8"><span class='ocrx_word' id='word_1_145' title='bbox 2339 536 2481 590; x_wconf 90' lang='lat' dir='ltr'><strong>tibus</strong></span> <span class='ocrx_word' id='word_1_146' title='bbox 2531 531 2826 588; x_wconf 84' lang='lat' dir='ltr'><strong>necessitas</strong></span> <span class='ocrx_word' id='word_1_147' title='bbox 2877 525 3318 598; x_wconf 89' lang='lat' dir='ltr'><strong>relinquebatur,</strong></span> <span class='ocrx_word' id='word_1_148' title='bbox 3367 536 3489 579; x_wconf 89' lang='lat' dir='ltr'><strong>cum</strong></span> <span class='ocrx_word' id='word_1_149' title='bbox 3521 520 3681 576; x_wconf 87' lang='lat' dir='ltr'><strong>Pater</strong></span> <span class='ocrx_word' id='word_1_150' title='bbox 3723 519 3776 574; x_wconf 88' lang='lat' dir='ltr'><strong>itt</strong></span> <span class='ocrx_word' id='word_1_151' title='bbox 3806 517 3952 574; x_wconf 86' lang='lat' dir='ltr'><strong>Filio</strong></span> 
     </span>
    </p>
   </div>
   <div class='ocr_carea' id='block_1_20' title="bbox 2339 624 3065 694">
    <p class='ocr_par' dir='ltr' id='par_1_20' title="bbox 2339 624 3065 694">
     <span class='ocr_line' id='line_1_20' title="bbox 2339 624 3065 694; baseline -0.008 -13"><span class='ocrx_word' id='word_1_152' title='bbox 2339 629 2488 682; x_wconf 88' lang='lat' dir='ltr'><strong>visus</strong></span> <span class='ocrx_word' id='word_1_153' title='bbox 2515 624 2698 682; x_wconf 81' lang='lat' dir='ltr'><strong>esset?</strong></span> <span class='ocrx_word' id='word_1_154' title='bbox 3063 691 3065 694; x_wconf 6' lang='lat' dir='ltr'><strong>g</strong></span> 
     </span>
    </p>
   </div>
   <div class='ocr_carea' id='block_1_21' title="bbox 2410 702 3954 782">
    <p class='ocr_par' dir='ltr' id='par_1_21' title="bbox 2410 702 3954 782">
     <span class='ocr_line' id='line_1_21' title="bbox 2410 702 3954 782; baseline -0.012 -7"><span class='ocrx_word' id='word_1_155' title='bbox 2410 718 2500 775; x_wconf 81' lang='lat'><strong>59.</strong></span> <span class='ocrx_word' id='word_1_156' title='bbox 2546 717 2704 774; x_wconf 87' lang='lat' dir='ltr'><strong>Pater</strong></span> <span class='ocrx_word' id='word_1_157' title='bbox 2726 717 2779 770; x_wconf 88' lang='lat' dir='ltr'><strong>in</strong></span> <span class='ocrx_word' id='word_1_158' title='bbox 2803 710 2946 770; x_wconf 85' lang='lat' dir='ltr'><strong>Filio</strong></span> <span class='ocrx_word' id='word_1_159' title='bbox 2969 713 3109 768; x_wconf 78' lang='lat' dir='ltr'><strong>visus</strong></span> <span class='ocrx_word' id='word_1_160' title='bbox 3136 726 3201 766; x_wconf 80' lang='lat' dir='ltr'><strong>ea:</strong></span> <span class='ocrx_word' id='word_1_161' title='bbox 3223 707 3536 782; x_wconf 81' lang='lat' dir='ltr'><strong>proprietate</strong></span> <span class='ocrx_word' id='word_1_162' title='bbox 3563 714 3782 761; x_wconf 70' lang='lat' dir='ltr'><strong>naturae.</strong></span> <span class='ocrx_word' id='word_1_163' title='bbox 3811 702 3954 759; x_wconf 82' lang='lat' dir='ltr'><strong>Con-</strong></span> 
     </span>
    </p>
   </div>
   <div class='ocr_carea' id='block_1_22' title="bbox 2341 794 3953 869">
    <p class='ocr_par' dir='ltr' id='par_1_22' title="bbox 2341 794 3953 869">
     <span class='ocr_line' id='line_1_22' title="bbox 2341 794 3953 869; baseline -0.011 0"><span class='ocrx_word' id='word_1_164' title='bbox 2341 823 2420 869; x_wconf 90' lang='lat' dir='ltr'><strong>tra</strong></span> <span class='ocrx_word' id='word_1_165' title='bbox 2448 812 2755 869; x_wconf 84' lang='lat' dir='ltr'><strong>Sabellium.</strong></span> <span class='ocrx_word' id='word_1_166' title='bbox 2784 807 2981 864; x_wconf 84' lang='lat' dir='ltr'><strong>Contra</strong></span> <span class='ocrx_word' id='word_1_167' title='bbox 3005 805 3204 860; x_wconf 79' lang='lat' dir='ltr'><strong>Arium.</strong></span> <span class='ocrx_word' id='word_1_168' title='bbox 3238 802 3338 868; x_wconf 88' lang='lat' dir='ltr'><strong>Qui</strong></span> <span class='ocrx_word' id='word_1_169' title='bbox 3359 801 3410 856; x_wconf 86' lang='lat' dir='ltr'><strong>in</strong></span> <span class='ocrx_word' id='word_1_170' title='bbox 3454 817 3507 855; x_wconf 86' lang='lat' dir='ltr'><strong>se</strong></span> <span class='ocrx_word' id='word_1_171' title='bbox 3533 799 3748 854; x_wconf 84' lang='lat' dir='ltr'><strong>invicem</strong></span> <span class='ocrx_word' id='word_1_172' title='bbox 3791 794 3953 852; x_wconf 82' lang='lat' dir='ltr'><strong>Pater</strong></span> 
     </span>
    </p>
   </div>
   <div class='ocr_carea' id='block_1_23' title="bbox 2339 892 3949 964">
    <p class='ocr_par' dir='ltr' id='par_1_23' title="bbox 2339 892 3949 964">
     <span class='ocr_line' id='line_1_23' title="bbox 2339 892 3949 964; baseline -0.012 -2"><span class='ocrx_word' id='word_1_173' title='bbox 2339 917 2386 962; x_wconf 90' lang='lat' dir='ltr'><strong>et</strong></span> <span class='ocrx_word' id='word_1_174' title='bbox 2419 905 2606 961; x_wconf 80' lang='lat' dir='ltr'><strong>Filius.</strong></span> <span class='ocrx_word' id='word_1_175' title='bbox 2630 933 2703 945; x_wconf 89' lang='lat'><strong>—-</strong></span> <span class='ocrx_word' id='word_1_176' title='bbox 2731 901 2894 958; x_wconf 81' lang='lat' dir='ltr'><strong>Visus</strong></span> <span class='ocrx_word' id='word_1_177' title='bbox 2914 895 3093 955; x_wconf 88' lang='lat' dir='ltr'><strong>autem</strong></span> <span class='ocrx_word' id='word_1_178' title='bbox 3116 896 3253 953; x_wconf 87' lang='lat' dir='ltr'><strong>adeo</strong></span> <span class='ocrx_word' id='word_1_179' title='bbox 3275 903 3360 951; x_wconf 90' lang='lat' dir='ltr'><strong>est</strong></span> <span class='ocrx_word' id='word_1_180' title='bbox 3385 909 3454 951; x_wconf 81' lang='lat' dir='ltr'><strong>ex</strong></span> <span class='ocrx_word' id='word_1_181' title='bbox 3484 892 3818 964; x_wconf 86' lang='lat' dir='ltr'><strong>prOprietate</strong></span> <span class='ocrx_word' id='word_1_182' title='bbox 3848 905 3949 944; x_wconf 86' lang='lat' dir='ltr'><strong>na-</strong></span> 
     </span>
    </p>
   </div>
   <div class='ocr_carea' id='block_1_24' title="bbox 2340 984 3950 1066">
    <p class='ocr_par' dir='ltr' id='par_1_24' title="bbox 2340 984 3950 1066">
     <span class='ocr_line' id='line_1_24' title="bbox 2340 984 3950 1066; baseline -0.011 -10"><span class='ocrx_word' id='word_1_183' title='bbox 2340 1009 2478 1056; x_wconf 83' lang='lat' dir='ltr'><strong>turae</strong></span> <span class='ocrx_word' id='word_1_184' title='bbox 2497 1040 2512 1066; x_wconf 92' lang='lat'><strong>,</strong></span> <span class='ocrx_word' id='word_1_185' title='bbox 2542 997 2669 1054; x_wconf 91' lang='lat' dir='ltr'><strong>dum</strong></span> <span class='ocrx_word' id='word_1_186' title='bbox 2700 1012 2769 1052; x_wconf 79' lang='lat' dir='ltr'><strong>ex</strong></span> <span class='ocrx_word' id='word_1_187' title='bbox 2798 992 3156 1050; x_wconf 78' lang='lat' dir='ltr'><strong>indifferentia</strong></span> <span class='ocrx_word' id='word_1_188' title='bbox 3186 998 3347 1062; x_wconf 88' lang='lat' dir='ltr'><strong>atque</strong></span> <span class='ocrx_word' id='word_1_189' title='bbox 3377 991 3428 1044; x_wconf 94' lang='lat' dir='ltr'><strong>in</strong></span> <span class='ocrx_word' id='word_1_190' title='bbox 3471 1002 3673 1060; x_wconf 82' lang='lat' dir='ltr'><strong>genere</strong></span> <span class='ocrx_word' id='word_1_191' title='bbox 3703 984 3950 1041; x_wconf 84' lang='lat' dir='ltr'><strong>veritatis</strong></span> 
     </span>
    </p>
   </div>
   <div class='ocr_carea' id='block_1_25' title="bbox 2341 1079 3950 1158">
    <p class='ocr_par' dir='ltr' id='par_1_25' title="bbox 2341 1079 3950 1158">
     <span class='ocr_line' id='line_1_25' title="bbox 2341 1079 3950 1158; baseline -0.011 -7"><span class='ocrx_word' id='word_1_192' title='bbox 2341 1111 2508 1151; x_wconf 92' lang='lat' dir='ltr'><strong>unum</strong></span> <span class='ocrx_word' id='word_1_193' title='bbox 2541 1099 2668 1148; x_wconf 91' lang='lat' dir='ltr'><strong>sunt</strong></span> <span class='ocrx_word' id='word_1_194' title='bbox 2703 1100 2860 1146; x_wconf 92' lang='lat' dir='ltr'><strong>natus</strong></span> <span class='ocrx_word' id='word_1_195' title='bbox 2887 1099 2941 1144; x_wconf 89' lang='lat' dir='ltr'><strong>et</strong></span> <span class='ocrx_word' id='word_1_196' title='bbox 2975 1101 3271 1158; x_wconf 85' lang='lat' dir='ltr'><strong>generans,</strong></span> <span class='ocrx_word' id='word_1_197' title='bbox 3304 1094 3367 1139; x_wconf 90' lang='lat' dir='ltr'><strong>ut</strong></span> <span class='ocrx_word' id='word_1_198' title='bbox 3397 1083 3485 1140; x_wconf 86' lang='lat' dir='ltr'><strong>hic</strong></span> <span class='ocrx_word' id='word_1_199' title='bbox 3522 1079 3738 1137; x_wconf 89' lang='lat' dir='ltr'><strong>Domini</strong></span> <span class='ocrx_word' id='word_1_200' title='bbox 3765 1091 3950 1135; x_wconf 89' lang='lat' dir='ltr'><strong>sermo</strong></span> 
     </span>
    </p>
   </div>
   <div class='ocr_carea' id='block_1_26' title="bbox 2341 1170 3948 1259">
    <p class='ocr_par' dir='ltr' id='par_1_26' title="bbox 2341 1170 3948 1259">
     <span class='ocr_line' id='line_1_26' title="bbox 2341 1170 3948 1259; baseline -0.013 -14"><span class='ocrx_word' id='word_1_201' title='bbox 2341 1195 2702 1259; x_wconf 87' lang='lat' dir='ltr'><strong>sequeretur:</strong></span> <span class='ocrx_word' id='word_1_202' title='bbox 2740 1182 2861 1238; x_wconf 85' lang='lat' dir='ltr'><strong>Non</strong></span> <span class='ocrx_word' id='word_1_203' title='bbox 2901 1181 3142 1246; x_wconf 82' lang='lat' dir='ltr'><strong>creditis,</strong></span> <span class='ocrx_word' id='word_1_204' title='bbox 3174 1178 3415 1246; x_wconf 87' lang='lat' dir='ltr'><strong>quoniam</strong></span> <span class='ocrx_word' id='word_1_205' title='bbox 3458 1192 3549 1246; x_wconf 80' lang='lat' dir='ltr'><strong>ego</strong></span> <span class='ocrx_word' id='word_1_206' title='bbox 3593 1173 3645 1228; x_wconf 88' lang='lat' dir='ltr'><strong>in</strong></span> <span class='ocrx_word' id='word_1_207' title='bbox 3679 1170 3869 1239; x_wconf 80' lang='lat' dir='ltr'><strong>Patre,</strong></span> <span class='ocrx_word' id='word_1_208' title='bbox 3899 1178 3948 1224; x_wconf 87' lang='lat' dir='ltr'><strong>et</strong></span> 
     </span>
    </p>
   </div>
   <div class='ocr_carea' id='block_1_27' title="bbox 2333 1268 3952 1349">
    <p class='ocr_par' dir='ltr' id='par_1_27' title="bbox 2333 1268 3952 1349">
     <span class='ocr_line' id='line_1_27' title="bbox 2333 1268 3952 1349; baseline -0.011 -14"><span class='ocrx_word' id='word_1_209' title='bbox 2333 1269 2503 1335; x_wconf 82' lang='lat' dir='ltr'><strong>Pater</strong></span> <span class='ocrx_word' id='word_1_210' title='bbox 2529 1279 2584 1334; x_wconf 88' lang='lat' dir='ltr'><strong>in</strong></span> <span class='ocrx_word' id='word_1_211' title='bbox 2613 1295 2691 1332; x_wconf 88' lang='lat' dir='ltr'><strong>me</strong></span> <span class='ocrx_word' id='word_1_212' title='bbox 2715 1275 2905 1349; x_wconf 87' lang='lat' dir='ltr'><strong>(Ibid.,</strong></span> <span class='ocrx_word' id='word_1_213' title='bbox 2942 1272 3031 1346; x_wconf 83' lang='grc'><strong>10)</strong></span> <span class='ocrx_word' id='word_1_214' title='bbox 3050 1274 3072 1328; x_wconf 89' lang='lat'><strong>?</strong></span> <span class='ocrx_word' id='word_1_215' title='bbox 3093 1268 3486 1341; x_wconf 87' lang='lat' dir='ltr'><strong>inseparabiles</strong></span> <span class='ocrx_word' id='word_1_216' title='bbox 3515 1280 3638 1322; x_wconf 91' lang='lat' dir='ltr'><strong>csse</strong></span> <span class='ocrx_word' id='word_1_217' title='bbox 3670 1280 3765 1335; x_wconf 88' lang='lat' dir='ltr'><strong>per</strong></span> <span class='ocrx_word' id='word_1_218' title='bbox 3793 1272 3952 1319; x_wconf 89' lang='lat' dir='ltr'><strong>natu-</strong></span> 
     </span>
    </p>
   </div>
   <div class='ocr_carea' id='block_1_28' title="bbox 2341 1361 3949 1429">
    <p class='ocr_par' dir='ltr' id='par_1_28' title="bbox 2341 1361 3949 1429">
     <span class='ocr_line' id='line_1_28' title="bbox 2341 1361 3949 1429; baseline -0.012 0"><span class='ocrx_word' id='word_1_219' title='bbox 2341 1373 2510 1429; x_wconf 90' lang='lat' dir='ltr'><strong>ralem</strong></span> <span class='ocrx_word' id='word_1_220' title='bbox 2549 1369 2960 1428; x_wconf 88' lang='lat' dir='ltr'><strong>similitudinem</strong></span> <span class='ocrx_word' id='word_1_221' title='bbox 2994 1366 3209 1423; x_wconf 88' lang='lat' dir='ltr'><strong>Patrem</strong></span> <span class='ocrx_word' id='word_1_222' title='bbox 3252 1373 3308 1421; x_wconf 92' lang='lat' dir='ltr'><strong>et</strong></span> <span class='ocrx_word' id='word_1_223' title='bbox 3352 1361 3585 1426; x_wconf 86' lang='lat' dir='ltr'><strong>Filium,</strong></span> <span class='ocrx_word' id='word_1_224' title='bbox 3621 1373 3728 1415; x_wconf 90' lang='lat' dir='ltr'><strong>non</strong></span> <span class='ocrx_word' id='word_1_225' title='bbox 3755 1371 3949 1428; x_wconf 83' lang='lat' dir='ltr'><strong>possu-</strong></span> 
     </span>
    </p>
   </div>
   <div class='ocr_carea' id='block_1_29' title="bbox 2341 1450 3955 1526">
    <p class='ocr_par' dir='ltr' id='par_1_29' title="bbox 2341 1450 3955 1526">
     <span class='ocr_line' id='line_1_29' title="bbox 2341 1450 3955 1526; baseline -0.012 -2"><span class='ocrx_word' id='word_1_226' title='bbox 2341 1483 2464 1524; x_wconf 90' lang='lat' dir='ltr'><strong>mus</strong></span> <span class='ocrx_word' id='word_1_227' title='bbox 2498 1466 2674 1522; x_wconf 89' lang='lat' dir='ltr'><strong>verbis</strong></span> <span class='ocrx_word' id='word_1_228' title='bbox 2704 1465 2826 1520; x_wconf 88' lang='lat' dir='ltr'><strong>aliis</strong></span> <span class='ocrx_word' id='word_1_229' title='bbox 2853 1462 3050 1518; x_wconf 89' lang='lat' dir='ltr'><strong>docere</strong></span> <span class='ocrx_word' id='word_1_230' title='bbox 3071 1501 3084 1526; x_wconf 90' lang='lat'><strong>,</strong></span> <span class='ocrx_word' id='word_1_231' title='bbox 3121 1456 3222 1514; x_wconf 91' lang='lat' dir='ltr'><strong>nisi</strong></span> <span class='ocrx_word' id='word_1_232' title='bbox 3251 1456 3392 1513; x_wconf 86' lang='lat' dir='ltr'><strong>Filii.</strong></span> <span class='ocrx_word' id='word_1_233' title='bbox 3419 1455 3536 1511; x_wconf 84' lang='lat' dir='ltr'><strong>Non</strong></span> <span class='ocrx_word' id='word_1_234' title='bbox 3564 1450 3710 1509; x_wconf 89' lang='lat' dir='ltr'><strong>enim</strong></span> <span class='ocrx_word' id='word_1_235' title='bbox 3739 1450 3824 1506; x_wconf 91' lang='lat' dir='ltr'><strong>bic</strong></span> <span class='ocrx_word' id='word_1_236' title='bbox 3852 1464 3955 1520; x_wconf 86' lang='lat' dir='ltr'><strong>per</strong></span> 
     </span>
    </p>
   </div>
   <div class='ocr_carea' id='block_1_30' title="bbox 2345 1542 3950 1625">
    <p class='ocr_par' dir='ltr' id='par_1_30' title="bbox 2345 1542 3950 1625">
     <span class='ocr_line' id='line_1_30' title="bbox 2345 1542 3950 1625; baseline -0.014 -6"><span class='ocrx_word' id='word_1_237' title='bbox 2345 1561 2772 1619; x_wconf 89' lang='lat' dir='ltr'><strong>demutationem</strong></span> <span class='ocrx_word' id='word_1_238' title='bbox 2802 1558 3082 1614; x_wconf 91' lang='lat' dir='ltr'><strong>nominum</strong></span> <span class='ocrx_word' id='word_1_239' title='bbox 3106 1563 3268 1625; x_wconf 88' lang='lat' dir='ltr'><strong>atque</strong></span> <span class='ocrx_word' id='word_1_240' title='bbox 3289 1551 3595 1623; x_wconf 86' lang='lat' dir='ltr'><strong>specierum</strong></span> <span class='ocrx_word' id='word_1_241' title='bbox 3628 1545 3826 1612; x_wconf 85' lang='lat' dir='ltr'><strong>Filius,</strong></span> <span class='ocrx_word' id='word_1_242' title='bbox 3857 1542 3950 1613; x_wconf 89' lang='lat' dir='ltr'><strong>qui</strong></span> 
     </span>
    </p>
   </div>
   <div class='ocr_carea' id='block_1_31' title="bbox 2341 1639 3953 1716">
    <p class='ocr_par' dir='ltr' id='par_1_31' title="bbox 2341 1639 3953 1716">
     <span class='ocr_line' id='line_1_31' title="bbox 2341 1639 3953 1716; baseline -0.013 -4"><span class='ocrx_word' id='word_1_243' title='bbox 2341 1657 2427 1712; x_wconf 85' lang='lat' dir='ltr'><strong>via</strong></span> <span class='ocrx_word' id='word_1_244' title='bbox 2454 1664 2539 1712; x_wconf 91' lang='lat' dir='ltr'><strong>cst</strong></span> <span class='ocrx_word' id='word_1_245' title='bbox 2557 1665 2612 1711; x_wconf 93' lang='lat' dir='ltr'><strong>et</strong></span> <span class='ocrx_word' id='word_1_246' title='bbox 2631 1654 2829 1710; x_wconf 85' lang='lat' dir='ltr'><strong>veritas</strong></span> <span class='ocrx_word' id='word_1_247' title='bbox 2858 1661 2912 1708; x_wconf 90' lang='lat' dir='ltr'><strong>et</strong></span> <span class='ocrx_word' id='word_1_248' title='bbox 2938 1650 3076 1716; x_wconf 87' lang='lat' dir='ltr'><strong>vita,</strong></span> <span class='ocrx_word' id='word_1_249' title='bbox 3104 1649 3287 1705; x_wconf 91' lang='lat' dir='ltr'><strong>mimis</strong></span> <span class='ocrx_word' id='word_1_250' title='bbox 3315 1641 3669 1701; x_wconf 86' lang='lat' dir='ltr'><strong>theatralibus</strong></span> <span class='ocrx_word' id='word_1_251' title='bbox 3691 1639 3864 1696; x_wconf 89' lang='lat' dir='ltr'><strong>ludit:</strong></span> <span class='ocrx_word' id='word_1_252' title='bbox 3891 1644 3953 1692; x_wconf 90' lang='lat' dir='ltr'><strong>ut</strong></span> 
     </span>
    </p>
   </div>
   <div class='ocr_carea' id='block_1_32' title="bbox 2344 1728 3952 1816">
    <p class='ocr_par' dir='ltr' id='par_1_32' title="bbox 2344 1728 3952 1816">
     <span class='ocr_line' id='line_1_32' title="bbox 2344 1728 3952 1816; baseline -0.012 -12"><span class='ocrx_word' id='word_1_253' title='bbox 2344 1749 2398 1804; x_wconf 92' lang='lat' dir='ltr'><strong>in</strong></span> <span class='ocrx_word' id='word_1_254' title='bbox 2421 1754 2697 1816; x_wconf 91' lang='lat' dir='ltr'><strong>assumpto</strong></span> <span class='ocrx_word' id='word_1_255' title='bbox 2731 1744 2948 1799; x_wconf 90' lang='lat' dir='ltr'><strong>homine</strong></span> <span class='ocrx_word' id='word_1_256' title='bbox 2969 1739 3126 1814; x_wconf 74' lang='lat'><strong>207</strong></span> <span class='ocrx_word' id='word_1_257' title='bbox 3158 1755 3217 1794; x_wconf 82' lang='lat' dir='ltr'><strong>se</strong></span> <span class='ocrx_word' id='word_1_258' title='bbox 3247 1738 3413 1793; x_wconf 91' lang='lat' dir='ltr'><strong>ﬁlium</strong></span> <span class='ocrx_word' id='word_1_259' title='bbox 3436 1735 3534 1792; x_wconf 91' lang='lat' dir='ltr'><strong>Dei</strong></span> <span class='ocrx_word' id='word_1_260' title='bbox 3559 1740 3836 1800; x_wconf 76' lang='lat' dir='ltr'><strong>nuncupat</strong></span> <span class='ocrx_word' id='word_1_261' title='bbox 3856 1772 3871 1796; x_wconf 94' lang='lat'><strong>,</strong></span> <span class='ocrx_word' id='word_1_262' title='bbox 3893 1728 3952 1784; x_wconf 90' lang='lat' dir='ltr'><strong>in</strong></span> 
     </span>
    </p>
   </div>
   <div class='ocr_carea' id='block_1_33' title="bbox 641 1827 3952 1912">
    <p class='ocr_par' dir='ltr' id='par_1_33' title="bbox 641 1827 3952 1912">
     <span class='ocr_line' id='line_1_33' title="bbox 641 1827 3952 1912; baseline -0.007 -12"><span class='ocrx_word' id='word_1_263' title='bbox 641 1854 691 1900; x_wconf 86' lang='lat' dir='ltr'><strong>et</strong></span> <span class='ocrx_word' id='word_1_264' title='bbox 721 1843 951 1900; x_wconf 86' lang='lat' dir='ltr'><strong>Patrem.</strong></span> <span class='ocrx_word' id='word_1_265' title='bbox 987 1843 1257 1912; x_wconf 82' lang='lat' dir='ltr'><strong>Quomodo</strong></span> <span class='ocrx_word' id='word_1_266' title='bbox 1286 1853 1339 1897; x_wconf 90' lang='lat' dir='ltr'><strong>tu</strong></span> <span class='ocrx_word' id='word_1_267' title='bbox 1366 1841 1516 1910; x_wconf 85' lang='lat' dir='ltr'><strong>dicis,</strong></span> <span class='ocrx_word' id='word_1_268' title='bbox 1549 1840 1772 1896; x_wconf 79' lang='lat' dir='ltr'><strong>Ostende</strong></span> <span class='ocrx_word' id='word_1_269' title='bbox 1815 1839 1959 1895; x_wconf 85' lang='lat' dir='ltr'><strong>nobis</strong></span> <span class='ocrx_word' id='word_1_270' title='bbox 1995 1839 2246 1894; x_wconf 82' lang='lat' dir='ltr'><strong>Patrem?</strong></span> <span class='ocrx_word' id='word_1_271' title='bbox 2275 1843 2322 1904; x_wconf 92' lang='lat' dir='ltr'><strong>B</strong></span> <span class='ocrx_word' id='word_1_272' title='bbox 2352 1851 2542 1897; x_wconf 90' lang='lat' dir='ltr'><strong>natura</strong></span> <span class='ocrx_word' id='word_1_273' title='bbox 2577 1854 2704 1894; x_wconf 90' lang='lat' dir='ltr'><strong>vero</strong></span> <span class='ocrx_word' id='word_1_274' title='bbox 2732 1837 2897 1893; x_wconf 89' lang='lat' dir='ltr'><strong>Deum</strong></span> <span class='ocrx_word' id='word_1_275' title='bbox 2931 1847 3176 1907; x_wconf 88' lang='lat' dir='ltr'><strong>patrem,</strong></span> <span class='ocrx_word' id='word_1_276' title='bbox 3223 1840 3279 1889; x_wconf 90' lang='lat' dir='ltr'><strong>et</strong></span> <span class='ocrx_word' id='word_1_277' title='bbox 3315 1845 3458 1886; x_wconf 87' lang='lat' dir='ltr'><strong>unus</strong></span> <span class='ocrx_word' id='word_1_278' title='bbox 3484 1844 3548 1884; x_wconf 92' lang='lat' dir='ltr'><strong>ac</strong></span> <span class='ocrx_word' id='word_1_279' title='bbox 3583 1827 3734 1883; x_wconf 90' lang='lat' dir='ltr'><strong>solus</strong></span> <span class='ocrx_word' id='word_1_280' title='bbox 3761 1837 3952 1895; x_wconf 83' lang='lat' dir='ltr'><strong>perso-</strong></span> 
     </span>
    </p>
   </div>
   <div class='ocr_carea' id='block_1_34' title="bbox 646 1931 2249 2013">
    <p class='ocr_par' dir='ltr' id='par_1_34' title="bbox 646 1931 2249 2013">
     <span class='ocr_line' id='line_1_34' title="bbox 646 1931 2249 2013; baseline -0.006 -17"><span class='ocrx_word' id='word_1_281' title='bbox 646 1939 769 1996; x_wconf 86' lang='lat' dir='ltr'><strong>Non</strong></span> <span class='ocrx_word' id='word_1_282' title='bbox 802 1938 878 2013; x_wconf 77' lang='grc' dir='ltr'><strong>(ο)</strong></span> <span class='ocrx_word' id='word_1_283' title='bbox 909 1938 1117 1994; x_wconf 85' lang='lat' dir='ltr'><strong>creditis</strong></span> <span class='ocrx_word' id='word_1_284' title='bbox 1140 1937 1266 1990; x_wconf 79' lang='lat' dir='ltr'><strong>mitti</strong></span> <span class='ocrx_word' id='word_1_285' title='bbox 1292 1936 1534 2007; x_wconf 85' lang='lat' dir='ltr'><strong>quoniam</strong></span> <span class='ocrx_word' id='word_1_286' title='bbox 1563 1950 1653 2005; x_wconf 91' lang='lat' dir='ltr'><strong>ego</strong></span> <span class='ocrx_word' id='word_1_287' title='bbox 1699 1931 1753 1988; x_wconf 80' lang='lat' dir='ltr'><strong>in</strong></span> <span class='ocrx_word' id='word_1_288' title='bbox 1785 1931 1978 1998; x_wconf 84' lang='lat' dir='ltr'><strong>Patre,</strong></span> <span class='ocrx_word' id='word_1_289' title='bbox 2011 1941 2060 1988; x_wconf 90' lang='lat' dir='ltr'><strong>et</strong></span> <span class='ocrx_word' id='word_1_290' title='bbox 2090 1931 2249 1987; x_wconf 86' lang='lat' dir='ltr'><strong>Pater</strong></span> 
     </span>
    </p>
   </div>
   <div class='ocr_carea' id='block_1_35' title="bbox 641 2023 2248 2104">
    <p class='ocr_par' dir='ltr' id='par_1_35' title="bbox 641 2023 2248 2104">
     <span class='ocr_line' id='line_1_35' title="bbox 641 2023 2248 2104; baseline -0.004 -17"><span class='ocrx_word' id='word_1_291' title='bbox 641 2035 696 2087; x_wconf 86' lang='lat' dir='ltr'><strong>in</strong></span> <span class='ocrx_word' id='word_1_292' title='bbox 721 2048 802 2087; x_wconf 90' lang='lat' dir='ltr'><strong>me</strong></span> <span class='ocrx_word' id='word_1_293' title='bbox 830 2041 902 2086; x_wconf 89' lang='lat' dir='ltr'><strong>est</strong></span> <span class='ocrx_word' id='word_1_294' title='bbox 943 2029 1126 2104; x_wconf 80' lang='lat' dir='ltr'><strong>(Joan.</strong></span> <span class='ocrx_word' id='word_1_295' title='bbox 1160 2044 1257 2084; x_wconf 72' lang='lat' dir='ltr'><strong>xxv</strong></span> <span class='ocrx_word' id='word_1_296' title='bbox 1279 2069 1294 2094; x_wconf 93' lang='lat'><strong>,</strong></span> <span class='ocrx_word' id='word_1_297' title='bbox 1325 2027 1380 2094; x_wconf 88' lang='lat'><strong>9,</strong></span> <span class='ocrx_word' id='word_1_298' title='bbox 1433 2025 1562 2097; x_wconf 80' lang='lat'><strong>‘10)?</strong></span> <span class='ocrx_word' id='word_1_299' title='bbox 1619 2025 1734 2080; x_wconf 84' lang='lat' dir='ltr'><strong>Non</strong></span> <span class='ocrx_word' id='word_1_300' title='bbox 1774 2024 1996 2080; x_wconf 84' lang='lat' dir='ltr'><strong>relictus</strong></span> <span class='ocrx_word' id='word_1_301' title='bbox 2032 2033 2117 2080; x_wconf 90' lang='lat' dir='ltr'><strong>est</strong></span> <span class='ocrx_word' id='word_1_302' title='bbox 2152 2023 2248 2080; x_wconf 85' lang='lat' dir='ltr'><strong>ho-</strong></span> 
     </span>
    </p>
   </div>
   <div class='ocr_carea' id='block_1_36' title="bbox 644 2116 2247 2197">
    <p class='ocr_par' dir='ltr' id='par_1_36' title="bbox 644 2116 2247 2197">
     <span class='ocr_line' id='line_1_36' title="bbox 644 2116 2247 2197; baseline -0.007 -13"><span class='ocrx_word' id='word_1_303' title='bbox 644 2127 850 2184; x_wconf 92' lang='lat' dir='ltr'><strong>minum</strong></span> <span class='ocrx_word' id='word_1_304' title='bbox 881 2126 1112 2197; x_wconf 88' lang='lat' dir='ltr'><strong>eloquiis</strong></span> <span class='ocrx_word' id='word_1_305' title='bbox 1135 2123 1200 2180; x_wconf 90' lang='lat' dir='ltr'><strong>de</strong></span> <span class='ocrx_word' id='word_1_306' title='bbox 1226 2123 1323 2179; x_wconf 91' lang='lat' dir='ltr'><strong>Dei</strong></span> <span class='ocrx_word' id='word_1_307' title='bbox 1361 2121 1524 2178; x_wconf 87' lang='lat' dir='ltr'><strong>rebus</strong></span> <span class='ocrx_word' id='word_1_308' title='bbox 1563 2121 1702 2177; x_wconf 91' lang='lat' dir='ltr'><strong>alius</strong></span> <span class='ocrx_word' id='word_1_309' title='bbox 1727 2130 1924 2191; x_wconf 68' lang='lat' dir='ltr'><strong>prmter</strong></span> <span class='ocrx_word' id='word_1_310' title='bbox 1951 2134 2109 2188; x_wconf 86' lang='lat' dir='ltr'><strong>quam</strong></span> <span class='ocrx_word' id='word_1_311' title='bbox 2149 2116 2247 2174; x_wconf 92' lang='lat' dir='ltr'><strong>Dei</strong></span> 
     </span>
    </p>
   </div>
   <div class='ocr_carea' id='block_1_37' title="bbox 649 2208 2248 2286">
    <p class='ocr_par' dir='ltr' id='par_1_37' title="bbox 649 2208 2248 2286">
     <span class='ocr_line' id='line_1_37' title="bbox 649 2208 2248 2286; baseline -0.006 -12"><span class='ocrx_word' id='word_1_312' title='bbox 649 2234 830 2274; x_wconf 88' lang='lat' dir='ltr'><strong>sermo</strong></span> <span class='ocrx_word' id='word_1_313' title='bbox 855 2234 869 2272; x_wconf 92' lang='lat'><strong>:</strong></span> <span class='ocrx_word' id='word_1_314' title='bbox 898 2217 1077 2272; x_wconf 83' lang='lat' dir='ltr'><strong>omnia</strong></span> <span class='ocrx_word' id='word_1_315' title='bbox 1099 2213 1305 2286; x_wconf 90' lang='lat' dir='ltr'><strong>reliqua</strong></span> <span class='ocrx_word' id='word_1_316' title='bbox 1329 2223 1379 2270; x_wconf 88' lang='lat' dir='ltr'><strong>et</strong></span> <span class='ocrx_word' id='word_1_317' title='bbox 1413 2221 1526 2268; x_wconf 87' lang='lat' dir='ltr'><strong>arta</strong></span> <span class='ocrx_word' id='word_1_318' title='bbox 1555 2222 1607 2268; x_wconf 92' lang='lat' dir='ltr'><strong>et</strong></span> <span class='ocrx_word' id='word_1_319' title='bbox 1633 2213 1883 2269; x_wconf 91' lang='lat' dir='ltr'><strong>conclusa</strong></span> <span class='ocrx_word' id='word_1_320' title='bbox 1911 2221 1966 2266; x_wconf 92' lang='lat' dir='ltr'><strong>et</strong></span> <span class='ocrx_word' id='word_1_321' title='bbox 1991 2208 2248 2282; x_wconf 88' lang='lat' dir='ltr'><strong>impedita</strong></span> 
     </span>
    </p>
   </div>
   <div class='ocr_carea' id='block_1_38' title="bbox 647 2299 2245 2376">
    <p class='ocr_par' dir='ltr' id='par_1_38' title="bbox 647 2299 2245 2376">
     <span class='ocr_line' id='line_1_38' title="bbox 647 2299 2245 2376; baseline -0.006 -11"><span class='ocrx_word' id='word_1_322' title='bbox 647 2317 774 2366; x_wconf 91' lang='lat' dir='ltr'><strong>sunt</strong></span> <span class='ocrx_word' id='word_1_323' title='bbox 796 2319 850 2364; x_wconf 91' lang='lat' dir='ltr'><strong>et</strong></span> <span class='ocrx_word' id='word_1_324' title='bbox 872 2307 1123 2364; x_wconf 90' lang='lat' dir='ltr'><strong>obscura.</strong></span> <span class='ocrx_word' id='word_1_325' title='bbox 1150 2305 1207 2363; x_wconf 90' lang='lat' dir='ltr'><strong>Si</strong></span> <span class='ocrx_word' id='word_1_326' title='bbox 1230 2306 1348 2376; x_wconf 88' lang='lat' dir='ltr'><strong>quis</strong></span> <span class='ocrx_word' id='word_1_327' title='bbox 1374 2304 1496 2361; x_wconf 89' lang='lat' dir='ltr'><strong>aliis</strong></span> <span class='ocrx_word' id='word_1_328' title='bbox 1515 2305 1696 2360; x_wconf 83' lang='lat' dir='ltr'><strong>verbis</strong></span> <span class='ocrx_word' id='word_1_329' title='bbox 1719 2304 2092 2358; x_wconf 89' lang='lat' dir='ltr'><strong>demonstrare</strong></span> <span class='ocrx_word' id='word_1_330' title='bbox 2119 2299 2245 2369; x_wconf 86' lang='lat' dir='ltr'><strong>hoc,</strong></span> 
     </span>
    </p>
   </div>
   <div class='ocr_carea' id='block_1_39' title="bbox 644 2397 2246 2474">
    <p class='ocr_par' dir='ltr' id='par_1_39' title="bbox 644 2397 2246 2474">
     <span class='ocr_line' id='line_1_39' title="bbox 644 2397 2246 2474; baseline -0.004 -17"><span class='ocrx_word' id='word_1_331' title='bbox 644 2417 806 2474; x_wconf 91' lang='lat' dir='ltr'><strong>quam</strong></span> <span class='ocrx_word' id='word_1_332' title='bbox 839 2401 1031 2473; x_wconf 87' lang='lat' dir='ltr'><strong>quibus</strong></span> <span class='ocrx_word' id='word_1_333' title='bbox 1057 2415 1085 2454; x_wconf 90' lang='lat' dir='ltr'><strong>a</strong></span> <span class='ocrx_word' id='word_1_334' title='bbox 1120 2399 1229 2455; x_wconf 91' lang='lat' dir='ltr'><strong>Deo</strong></span> <span class='ocrx_word' id='word_1_335' title='bbox 1260 2398 1460 2454; x_wconf 90' lang='lat' dir='ltr'><strong>dictum</strong></span> <span class='ocrx_word' id='word_1_336' title='bbox 1503 2407 1620 2466; x_wconf 88' lang='lat' dir='ltr'><strong>cst,</strong></span> <span class='ocrx_word' id='word_1_337' title='bbox 1650 2399 1824 2464; x_wconf 88' lang='lat' dir='ltr'><strong>volet;</strong></span> <span class='ocrx_word' id='word_1_338' title='bbox 1852 2407 1943 2452; x_wconf 93' lang='lat' dir='ltr'><strong>aut</strong></span> <span class='ocrx_word' id='word_1_339' title='bbox 1982 2397 2099 2468; x_wconf 90' lang='lat' dir='ltr'><strong>ipse</strong></span> <span class='ocrx_word' id='word_1_340' title='bbox 2139 2410 2246 2451; x_wconf 88' lang='lat' dir='ltr'><strong>non</strong></span> 
     </span>
    </p>
   </div>
   <div class='ocr_carea' id='block_1_40' title="bbox 643 2489 2244 2566">
    <p class='ocr_par' dir='ltr' id='par_1_40' title="bbox 643 2489 2244 2566">
     <span class='ocr_line' id='line_1_40' title="bbox 643 2489 2244 2566; baseline -0.005 -16"><span class='ocrx_word' id='word_1_341' title='bbox 643 2494 927 2566; x_wconf 82' lang='lat' dir='ltr'><strong>intelligit,</strong></span> <span class='ocrx_word' id='word_1_342' title='bbox 953 2501 1046 2549; x_wconf 89' lang='lat' dir='ltr'><strong>aut</strong></span> <span class='ocrx_word' id='word_1_343' title='bbox 1072 2491 1374 2563; x_wconf 84' lang='lat' dir='ltr'><strong>legentibus</strong></span> <span class='ocrx_word' id='word_1_344' title='bbox 1396 2507 1501 2548; x_wconf 93' lang='lat' dir='ltr'><strong>non</strong></span> <span class='ocrx_word' id='word_1_345' title='bbox 1529 2489 1932 2561; x_wconf 85' lang='lat' dir='ltr'><strong>intelligendum</strong></span> <span class='ocrx_word' id='word_1_346' title='bbox 1969 2489 2244 2558; x_wconf 80' lang='lat' dir='ltr'><strong>relinquit.</strong></span> 
     </span>
    </p>
   </div>
   <div class='ocr_carea' id='block_1_41' title="bbox 645 2583 2245 2657">
    <p class='ocr_par' dir='ltr' id='par_1_41' title="bbox 645 2583 2245 2657">
     <span class='ocr_line' id='line_1_41' title="bbox 645 2583 2245 2657; baseline -0.005 -12"><span class='ocrx_word' id='word_1_347' title='bbox 645 2589 904 2645; x_wconf 86' lang='lat' dir='ltr'><strong>Dominus</strong></span> <span class='ocrx_word' id='word_1_348' title='bbox 927 2587 1098 2654; x_wconf 85' lang='lat' dir='ltr'><strong>dixit,</strong></span> <span class='ocrx_word' id='word_1_349' title='bbox 1119 2603 1242 2643; x_wconf 91' lang='lat' dir='ltr'><strong>cum</strong></span> <span class='ocrx_word' id='word_1_350' title='bbox 1270 2594 1554 2657; x_wconf 88' lang='lat' dir='ltr'><strong>rogaretur</strong></span> <span class='ocrx_word' id='word_1_351' title='bbox 1576 2593 1635 2640; x_wconf 93' lang='lat' dir='ltr'><strong>ut</strong></span> <span class='ocrx_word' id='word_1_352' title='bbox 1655 2584 1970 2641; x_wconf 85' lang='lat' dir='ltr'><strong>ostenderet</strong></span> <span class='ocrx_word' id='word_1_353' title='bbox 1998 2583 2210 2638; x_wconf 90' lang='lat' dir='ltr'><strong>Patrem</strong></span> <span class='ocrx_word' id='word_1_354' title='bbox 2228 2623 2245 2651; x_wconf 95' lang='lat'><strong>,</strong></span> 
     </span>
    </p>
   </div>
   <div class='ocr_carea' id='block_1_42' title="bbox 645 2675 2246 2749">
    <p class='ocr_par' dir='ltr' id='par_1_42' title="bbox 645 2675 2246 2749">
     <span class='ocr_line' id='line_1_42' title="bbox 645 2675 2246 2749; baseline -0.002 -14"><span class='ocrx_word' id='word_1_355' title='bbox 645 2678 747 2747; x_wconf 86' lang='lat' dir='ltr'><strong>Qui</strong></span> <span class='ocrx_word' id='word_1_356' title='bbox 769 2697 846 2736; x_wconf 88' lang='lat' dir='ltr'><strong>me</strong></span> <span class='ocrx_word' id='word_1_357' title='bbox 860 2681 1018 2749; x_wconf 87' lang='lat' dir='ltr'><strong>vidit,</strong></span> <span class='ocrx_word' id='word_1_358' title='bbox 1041 2680 1167 2734; x_wconf 86' lang='lat' dir='ltr'><strong>vidit</strong></span> <span class='ocrx_word' id='word_1_359' title='bbox 1185 2689 1231 2734; x_wconf 90' lang='lat' dir='ltr'><strong>et</strong></span> <span class='ocrx_word' id='word_1_360' title='bbox 1255 2678 1488 2734; x_wconf 86' lang='lat' dir='ltr'><strong>Patrem.</strong></span> <span class='ocrx_word' id='word_1_361' title='bbox 1505 2678 1628 2734; x_wconf 74' lang='lat' dir='ltr'><strong>Hoc</strong></span> <span class='ocrx_word' id='word_1_362' title='bbox 1646 2679 1924 2734; x_wconf 87' lang='lat' dir='ltr'><strong>demutare</strong></span> <span class='ocrx_word' id='word_1_363' title='bbox 1945 2675 2246 2733; x_wconf 86' lang='lat' dir='ltr'><strong>antichristi</strong></span> 
     </span>
    </p>
   </div>
   <div class='ocr_carea' id='block_1_43' title="bbox 643 2770 2245 2846">
    <p class='ocr_par' dir='ltr' id='par_1_43' title="bbox 643 2770 2245 2846">
     <span class='ocr_line' id='line_1_43' title="bbox 643 2770 2245 2846; baseline -0.002 -16"><span class='ocrx_word' id='word_1_364' title='bbox 643 2783 761 2843; x_wconf 89' lang='lat' dir='ltr'><strong>est,</strong></span> <span class='ocrx_word' id='word_1_365' title='bbox 790 2773 893 2830; x_wconf 85' lang='lat' dir='ltr'><strong>hoc</strong></span> <span class='ocrx_word' id='word_1_366' title='bbox 921 2789 1119 2846; x_wconf 85' lang='lat' dir='ltr'><strong>negare</strong></span> <span class='ocrx_word' id='word_1_367' title='bbox 1145 2773 1316 2829; x_wconf 67' lang='lat' dir='ltr'><strong>Judaei</strong></span> <span class='ocrx_word' id='word_1_368' title='bbox 1345 2781 1465 2838; x_wconf 87' lang='lat' dir='ltr'><strong>est,</strong></span> <span class='ocrx_word' id='word_1_369' title='bbox 1498 2772 1602 2829; x_wconf 85' lang='lat' dir='ltr'><strong>hoc</strong></span> <span class='ocrx_word' id='word_1_370' title='bbox 1643 2773 1858 2830; x_wconf 90' lang='lat' dir='ltr'><strong>nescire</strong></span> <span class='ocrx_word' id='word_1_371' title='bbox 1900 2770 2116 2844; x_wconf 88' lang='lat' dir='ltr'><strong>gentilis</strong></span> <span class='ocrx_word' id='word_1_372' title='bbox 2143 2778 2245 2827; x_wconf 90' lang='lat' dir='ltr'><strong>est.</strong></span> 
     </span>
    </p>
   </div>
   <div class='ocr_carea' id='block_1_44' title="bbox 641 2863 2246 2938">
    <p class='ocr_par' dir='ltr' id='par_1_44' title="bbox 641 2863 2246 2938">
     <span class='ocr_line' id='line_1_44' title="bbox 641 2863 2246 2938; baseline -0.003 -15"><span class='ocrx_word' id='word_1_373' title='bbox 641 2866 749 2923; x_wconf 87' lang='lat' dir='ltr'><strong>Sed</strong></span> <span class='ocrx_word' id='word_1_374' title='bbox 778 2868 915 2923; x_wconf 80' lang='lat' dir='ltr'><strong>torte</strong></span> <span class='ocrx_word' id='word_1_375' title='bbox 955 2867 1325 2938; x_wconf 67' lang='lat' dir='ltr'><strong>intelligentiae</strong></span> <span class='ocrx_word' id='word_1_376' title='bbox 1347 2881 1540 2923; x_wconf 88' lang='lat' dir='ltr'><strong>sensus</strong></span> <span class='ocrx_word' id='word_1_377' title='bbox 1576 2866 1628 2921; x_wconf 93' lang='lat' dir='ltr'><strong>in</strong></span> <span class='ocrx_word' id='word_1_378' title='bbox 1656 2866 1886 2921; x_wconf 90' lang='lat' dir='ltr'><strong>crimine</strong></span> <span class='ocrx_word' id='word_1_379' title='bbox 1927 2866 2016 2921; x_wconf 92' lang='lat' dir='ltr'><strong>sit.</strong></span> <span class='ocrx_word' id='word_1_380' title='bbox 2050 2865 2130 2937; x_wconf 79' lang='grc' dir='ltr'><strong>(ά)</strong></span> <span class='ocrx_word' id='word_1_381' title='bbox 2163 2863 2246 2919; x_wconf 86' lang='lat' dir='ltr'><strong>Sit</strong></span> 
     </span>
    </p>
   </div>
   <div class='ocr_carea' id='block_1_45' title="bbox 645 2957 2250 3025">
    <p class='ocr_par' dir='ltr' id='par_1_45' title="bbox 645 2957 2250 3025">
     <span class='ocr_line' id='line_1_45' title="bbox 645 2957 2250 3025; baseline -0.002 -10"><span class='ocrx_word' id='word_1_382' title='bbox 645 2961 700 3015; x_wconf 88' lang='lat' dir='ltr'><strong>in</strong></span> <span class='ocrx_word' id='word_1_383' title='bbox 732 2960 836 3014; x_wconf 86' lang='lat' dir='ltr'><strong>ﬁde</strong></span> <span class='ocrx_word' id='word_1_384' title='bbox 864 2968 1046 3015; x_wconf 89' lang='lat' dir='ltr'><strong>nostra</strong></span> <span class='ocrx_word' id='word_1_385' title='bbox 1068 2960 1255 3014; x_wconf 85' lang='lat' dir='ltr'><strong>vitium</strong></span> <span class='ocrx_word' id='word_1_386' title='bbox 1274 3000 1289 3025; x_wconf 91' lang='lat'><strong>,</strong></span> <span class='ocrx_word' id='word_1_387' title='bbox 1317 2961 1361 3014; x_wconf 91' lang='lat' dir='ltr'><strong>si</strong></span> <span class='ocrx_word' id='word_1_388' title='bbox 1391 2960 1444 3014; x_wconf 86' lang='lat' dir='ltr'><strong>in</strong></span> <span class='ocrx_word' id='word_1_389' title='bbox 1469 2959 1629 3014; x_wconf 90' lang='lat' dir='ltr'><strong>dictis</strong></span> <span class='ocrx_word' id='word_1_390' title='bbox 1659 2959 1753 3014; x_wconf 86' lang='lat' dir='ltr'><strong>Dei</strong></span> <span class='ocrx_word' id='word_1_391' title='bbox 1780 2957 1979 3014; x_wconf 88' lang='lat' dir='ltr'><strong>resedit</strong></span> <span class='ocrx_word' id='word_1_392' title='bbox 2005 2957 2250 3014; x_wconf 83' lang='lat' dir='ltr'><strong>obscuri-</strong></span> 
     </span>
    </p>
   </div>
   <div class='ocr_carea' id='block_1_46' title="bbox 646 3049 2248 3122">
    <p class='ocr_par' dir='ltr' id='par_1_46' title="bbox 646 3049 2248 3122">
     <span class='ocr_line' id='line_1_46' title="bbox 646 3049 2248 3122; baseline -0.002 -14"><span class='ocrx_word' id='word_1_393' title='bbox 646 3061 747 3109; x_wconf 91' lang='lat' dir='ltr'><strong>tas.</strong></span> <span class='ocrx_word' id='word_1_394' title='bbox 782 3052 916 3108; x_wconf 87' lang='lat' dir='ltr'><strong>Nam</strong></span> <span class='ocrx_word' id='word_1_395' title='bbox 947 3068 1046 3108; x_wconf 90' lang='lat' dir='ltr'><strong>nec</strong></span> <span class='ocrx_word' id='word_1_396' title='bbox 1073 3051 1373 3107; x_wconf 89' lang='lat' dir='ltr'><strong>solitarium</strong></span> <span class='ocrx_word' id='word_1_397' title='bbox 1406 3066 1587 3108; x_wconf 89' lang='lat' dir='ltr'><strong>sermo</strong></span> <span class='ocrx_word' id='word_1_398' title='bbox 1615 3052 1915 3122; x_wconf 87' lang='lat' dir='ltr'><strong>signiﬁcat,</strong></span> <span class='ocrx_word' id='word_1_399' title='bbox 1949 3059 2005 3106; x_wconf 86' lang='lat' dir='ltr'><strong>et</strong></span> <span class='ocrx_word' id='word_1_400' title='bbox 2036 3049 2248 3105; x_wconf 81' lang='lat' dir='ltr'><strong>indiﬁ‘e—</strong></span> 
     </span>
    </p>
   </div>
   <div class='ocr_carea' id='block_1_47' title="bbox 645 3141 2244 3214">
    <p class='ocr_par' dir='ltr' id='par_1_47' title="bbox 645 3141 2244 3214">
     <span class='ocr_line' id='line_1_47' title="bbox 645 3141 2244 3214; baseline -0.004 -12"><span class='ocrx_word' id='word_1_401' title='bbox 645 3156 857 3202; x_wconf 89' lang='lat' dir='ltr'><strong>rentcm</strong></span> <span class='ocrx_word' id='word_1_402' title='bbox 882 3155 1060 3200; x_wconf 90' lang='lat' dir='ltr'><strong>tamen</strong></span> <span class='ocrx_word' id='word_1_403' title='bbox 1089 3153 1332 3199; x_wconf 90' lang='lat' dir='ltr'><strong>naturam</strong></span> <span class='ocrx_word' id='word_1_404' title='bbox 1374 3143 1642 3214; x_wconf 81' lang='lat' dir='ltr'><strong>professio</strong></span> <span class='ocrx_word' id='word_1_405' title='bbox 1670 3142 1850 3200; x_wconf 89' lang='lat' dir='ltr'><strong>docet.</strong></span> <span class='ocrx_word' id='word_1_406' title='bbox 1885 3141 2069 3197; x_wconf 86' lang='lat' dir='ltr'><strong>Visum</strong></span> <span class='ocrx_word' id='word_1_407' title='bbox 2099 3143 2244 3197; x_wconf 90' lang='lat' dir='ltr'><strong>enim</strong></span> 
     </span>
    </p>
   </div>
   <div class='ocr_carea' id='block_1_48' title="bbox 2352 1917 3954 1990">
    <p class='ocr_par' dir='ltr' id='par_1_48' title="bbox 2352 1917 3954 1990">
     <span class='ocr_line' id='line_1_48' title="bbox 2352 1917 3954 1990; baseline -0.011 -1"><span class='ocrx_word' id='word_1_408' title='bbox 2352 1934 2462 1990; x_wconf 90' lang='lat' dir='ltr'><strong>nali</strong></span> <span class='ocrx_word' id='word_1_409' title='bbox 2491 1931 2859 1988; x_wconf 88' lang='lat' dir='ltr'><strong>demutatione</strong></span> <span class='ocrx_word' id='word_1_410' title='bbox 2885 1945 2945 1985; x_wconf 89' lang='lat' dir='ltr'><strong>se</strong></span> <span class='ocrx_word' id='word_1_411' title='bbox 2971 1945 3112 1984; x_wconf 91' lang='lat' dir='ltr'><strong>nunc</strong></span> <span class='ocrx_word' id='word_1_412' title='bbox 3144 1928 3198 1984; x_wconf 92' lang='lat' dir='ltr'><strong>in</strong></span> <span class='ocrx_word' id='word_1_413' title='bbox 3235 1927 3341 1983; x_wconf 86' lang='lat' dir='ltr'><strong>alio</strong></span> <span class='ocrx_word' id='word_1_414' title='bbox 3364 1923 3678 1980; x_wconf 90' lang='lat' dir='ltr'><strong>mentiatur.</strong></span> <span class='ocrx_word' id='word_1_415' title='bbox 3706 1920 3820 1975; x_wconf 87' lang='lat' dir='ltr'><strong>Non</strong></span> <span class='ocrx_word' id='word_1_416' title='bbox 3848 1917 3954 1973; x_wconf 82' lang='lat' dir='ltr'><strong>ita-</strong></span> 
     </span>
    </p>
   </div>
   <div class='ocr_carea' id='block_1_49' title="bbox 2351 2011 3958 2100">
    <p class='ocr_par' dir='ltr' id='par_1_49' title="bbox 2351 2011 3958 2100">
     <span class='ocr_line' id='line_1_49' title="bbox 2351 2011 3958 2100; baseline -0.01 -17"><span class='ocrx_word' id='word_1_417' title='bbox 2351 2042 2456 2100; x_wconf 91' lang='lat' dir='ltr'><strong>que</strong></span> <span class='ocrx_word' id='word_1_418' title='bbox 2487 2026 2602 2097; x_wconf 88' lang='lat' dir='ltr'><strong>ipse</strong></span> <span class='ocrx_word' id='word_1_419' title='bbox 2631 2023 2901 2081; x_wconf 85' lang='lat' dir='ltr'><strong>solitarius</strong></span> <span class='ocrx_word' id='word_1_420' title='bbox 2923 2067 2936 2092; x_wconf 94' lang='lat'><strong>,</strong></span> <span class='ocrx_word' id='word_1_421' title='bbox 2974 2036 3118 2079; x_wconf 91' lang='lat' dir='ltr'><strong>nunc</strong></span> <span class='ocrx_word' id='word_1_422' title='bbox 3147 2019 3248 2076; x_wconf 83' lang='lat' dir='ltr'><strong>sibi</strong></span> <span class='ocrx_word' id='word_1_423' title='bbox 3277 2021 3416 2076; x_wconf 86' lang='lat' dir='ltr'><strong>ﬁlius</strong></span> <span class='ocrx_word' id='word_1_424' title='bbox 3443 2025 3556 2083; x_wconf 85' lang='lat' dir='ltr'><strong>est,</strong></span> <span class='ocrx_word' id='word_1_425' title='bbox 3591 2030 3734 2072; x_wconf 89' lang='lat' dir='ltr'><strong>nunc</strong></span> <span class='ocrx_word' id='word_1_426' title='bbox 3761 2028 3820 2070; x_wconf 89' lang='lat' dir='ltr'><strong>se</strong></span> <span class='ocrx_word' id='word_1_427' title='bbox 3847 2011 3958 2068; x_wconf 91' lang='lat' dir='ltr'><strong>sibi</strong></span> 
     </span>
    </p>
   </div>
   <div class='ocr_carea' id='block_1_50' title="bbox 2351 2109 3958 2194">
    <p class='ocr_par' dir='ltr' id='par_1_50' title="bbox 2351 2109 3958 2194">
     <span class='ocr_line' id='line_1_50' title="bbox 2351 2109 3958 2194; baseline -0.009 -16"><span class='ocrx_word' id='word_1_428' title='bbox 2351 2121 2638 2194; x_wconf 87' lang='lat' dir='ltr'><strong>proﬁtetur</strong></span> <span class='ocrx_word' id='word_1_429' title='bbox 2669 2120 2722 2175; x_wconf 90' lang='lat' dir='ltr'><strong>in</strong></span> <span class='ocrx_word' id='word_1_430' title='bbox 2758 2127 2999 2192; x_wconf 85' lang='lat' dir='ltr'><strong>patrem,</strong></span> <span class='ocrx_word' id='word_1_431' title='bbox 3029 2126 3084 2173; x_wconf 91' lang='lat' dir='ltr'><strong>et</strong></span> <span class='ocrx_word' id='word_1_432' title='bbox 3129 2125 3335 2172; x_wconf 79' lang='lat' dir='ltr'><strong>natura:</strong></span> <span class='ocrx_word' id='word_1_433' title='bbox 3373 2113 3592 2169; x_wconf 88' lang='lat' dir='ltr'><strong>nomina</strong></span> <span class='ocrx_word' id='word_1_434' title='bbox 3630 2109 3794 2166; x_wconf 79' lang='lat' dir='ltr'><strong>infert</strong></span> <span class='ocrx_word' id='word_1_435' title='bbox 3828 2123 3958 2165; x_wconf 88' lang='lat' dir='ltr'><strong>ces-</strong></span> 
     </span>
    </p>
   </div>
   <div class='ocr_carea' id='block_1_51' title="bbox 2351 2203 3954 2278">
    <p class='ocr_par' dir='ltr' id='par_1_51' title="bbox 2351 2203 3954 2278">
     <span class='ocr_line' id='line_1_51' title="bbox 2351 2203 3954 2278; baseline -0.011 -4"><span class='ocrx_word' id='word_1_436' title='bbox 2351 2227 2505 2274; x_wconf 86' lang='lat' dir='ltr'><strong>sante</strong></span> <span class='ocrx_word' id='word_1_437' title='bbox 2553 2225 2764 2271; x_wconf 90' lang='lat' dir='ltr'><strong>natura.</strong></span> <span class='ocrx_word' id='word_1_438' title='bbox 2814 2213 2934 2268; x_wconf 89' lang='lat' dir='ltr'><strong>Alia</strong></span> <span class='ocrx_word' id='word_1_439' title='bbox 2985 2211 3074 2267; x_wconf 86' lang='lat' dir='ltr'><strong>hic</strong></span> <span class='ocrx_word' id='word_1_440' title='bbox 3121 2210 3410 2268; x_wconf 90' lang='lat' dir='ltr'><strong>verborum</strong></span> <span class='ocrx_word' id='word_1_441' title='bbox 3457 2203 3778 2278; x_wconf 89' lang='lat' dir='ltr'><strong>simplicitas</strong></span> <span class='ocrx_word' id='word_1_442' title='bbox 3823 2212 3954 2259; x_wconf 82' lang='lat' dir='ltr'><strong>est:</strong></span> 
     </span>
    </p>
   </div>
   <div class='ocr_carea' id='block_1_52' title="bbox 2352 2296 3954 2378">
    <p class='ocr_par' dir='ltr' id='par_1_52' title="bbox 2352 2296 3954 2378">
     <span class='ocr_line' id='line_1_52' title="bbox 2352 2296 3954 2378; baseline -0.009 -11"><span class='ocrx_word' id='word_1_443' title='bbox 2352 2327 2475 2368; x_wconf 90' lang='lat' dir='ltr'><strong>nam</strong></span> <span class='ocrx_word' id='word_1_444' title='bbox 2502 2321 2556 2366; x_wconf 91' lang='lat' dir='ltr'><strong>et</strong></span> <span class='ocrx_word' id='word_1_445' title='bbox 2597 2309 2761 2366; x_wconf 90' lang='lat' dir='ltr'><strong>Pater</strong></span> <span class='ocrx_word' id='word_1_446' title='bbox 2793 2316 2944 2378; x_wconf 89' lang='lat' dir='ltr'><strong>pater</strong></span> <span class='ocrx_word' id='word_1_447' title='bbox 2972 2315 3089 2373; x_wconf 87' lang='lat' dir='ltr'><strong>est,</strong></span> <span class='ocrx_word' id='word_1_448' title='bbox 3133 2316 3188 2362; x_wconf 89' lang='lat' dir='ltr'><strong>et</strong></span> <span class='ocrx_word' id='word_1_449' title='bbox 3226 2305 3398 2361; x_wconf 89' lang='lat' dir='ltr'><strong>Filius</strong></span> <span class='ocrx_word' id='word_1_450' title='bbox 3428 2302 3570 2358; x_wconf 90' lang='lat' dir='ltr'><strong>ﬁlius</strong></span> <span class='ocrx_word' id='word_1_451' title='bbox 3609 2310 3716 2356; x_wconf 90' lang='lat' dir='ltr'><strong>est.</strong></span> <span class='ocrx_word' id='word_1_452' title='bbox 3761 2297 3869 2354; x_wconf 85' lang='lat' dir='ltr'><strong>Sed</strong></span> <span class='ocrx_word' id='word_1_453' title='bbox 3897 2296 3954 2352; x_wconf 91' lang='lat' dir='ltr'><strong>in</strong></span> 
     </span>
    </p>
   </div>
   <div class='ocr_carea' id='block_1_53' title="bbox 2352 2388 3956 2469">
    <p class='ocr_par' dir='ltr' id='par_1_53' title="bbox 2352 2388 3956 2469">
     <span class='ocr_line' id='line_1_53' title="bbox 2352 2388 3956 2469; baseline -0.009 -11"><span class='ocrx_word' id='word_1_454' title='bbox 2352 2401 2437 2458; x_wconf 89' lang='lat' dir='ltr'><strong>his</strong></span> <span class='ocrx_word' id='word_1_455' title='bbox 2480 2401 2788 2457; x_wconf 88' lang='lat' dir='ltr'><strong>nominibus</strong></span> <span class='ocrx_word' id='word_1_456' title='bbox 2813 2415 2876 2455; x_wconf 90' lang='lat' dir='ltr'><strong>ac</strong></span> <span class='ocrx_word' id='word_1_457' title='bbox 2903 2400 3062 2455; x_wconf 87' lang='lat' dir='ltr'><strong>rebus</strong></span> <span class='ocrx_word' id='word_1_458' title='bbox 3106 2397 3238 2453; x_wconf 90' lang='lat' dir='ltr'><strong>nihil</strong></span> <span class='ocrx_word' id='word_1_459' title='bbox 3272 2394 3342 2469; x_wconf 78' lang='lat' dir='ltr'><strong>(f)</strong></span> <span class='ocrx_word' id='word_1_460' title='bbox 3366 2396 3421 2452; x_wconf 92' lang='lat' dir='ltr'><strong>in</strong></span> <span class='ocrx_word' id='word_1_461' title='bbox 3454 2410 3515 2450; x_wconf 91' lang='lat' dir='ltr'><strong>se</strong></span> <span class='ocrx_word' id='word_1_462' title='bbox 3551 2408 3785 2460; x_wconf 91' lang='lat' dir='ltr'><strong>novum,</strong></span> <span class='ocrx_word' id='word_1_463' title='bbox 3816 2388 3956 2445; x_wconf 83' lang='lat' dir='ltr'><strong>nihil</strong></span> 
     </span>
    </p>
   </div>
   <div class='ocr_carea' id='block_1_54' title="bbox 2357 2481 3956 2563">
    <p class='ocr_par' dir='ltr' id='par_1_54' title="bbox 2357 2481 3956 2563">
     <span class='ocr_line' id='line_1_54' title="bbox 2357 2481 3956 2563; baseline -0.009 -12"><span class='ocrx_word' id='word_1_464' title='bbox 2357 2494 2628 2551; x_wconf 89' lang='lat' dir='ltr'><strong>diversum</strong></span> <span class='ocrx_word' id='word_1_465' title='bbox 2651 2533 2668 2561; x_wconf 93' lang='lat'><strong>,</strong></span> <span class='ocrx_word' id='word_1_466' title='bbox 2704 2492 2946 2563; x_wconf 86' lang='lat' dir='ltr'><strong>nihilque</strong></span> <span class='ocrx_word' id='word_1_467' title='bbox 2985 2491 3324 2562; x_wconf 86' lang='lat' dir='ltr'><strong>peregrinum</strong></span> <span class='ocrx_word' id='word_1_468' title='bbox 3355 2496 3457 2544; x_wconf 89' lang='lat' dir='ltr'><strong>est.</strong></span> <span class='ocrx_word' id='word_1_469' title='bbox 3488 2485 3661 2542; x_wconf 88' lang='lat' dir='ltr'><strong>Tenet</strong></span> <span class='ocrx_word' id='word_1_470' title='bbox 3686 2481 3830 2540; x_wconf 88' lang='lat' dir='ltr'><strong>enim</strong></span> <span class='ocrx_word' id='word_1_471' title='bbox 3859 2497 3956 2538; x_wconf 89' lang='lat' dir='ltr'><strong>na-</strong></span> 
     </span>
    </p>
   </div>
   <div class='ocr_carea' id='block_1_55' title="bbox 2352 2574 3955 2656">
    <p class='ocr_par' dir='ltr' id='par_1_55' title="bbox 2352 2574 3955 2656">
     <span class='ocr_line' id='line_1_55' title="bbox 2352 2574 3955 2656; baseline -0.008 -14"><span class='ocrx_word' id='word_1_472' title='bbox 2352 2595 2484 2642; x_wconf 72' lang='lat' dir='ltr'><strong>turae</strong></span> <span class='ocrx_word' id='word_1_473' title='bbox 2515 2587 2712 2642; x_wconf 90' lang='lat' dir='ltr'><strong>veritas</strong></span> <span class='ocrx_word' id='word_1_474' title='bbox 2741 2585 3158 2656; x_wconf 88' lang='lat' dir='ltr'><strong>proprietatem;</strong></span> <span class='ocrx_word' id='word_1_475' title='bbox 3189 2589 3245 2636; x_wconf 89' lang='lat' dir='ltr'><strong>ut</strong></span> <span class='ocrx_word' id='word_1_476' title='bbox 3273 2578 3416 2652; x_wconf 89' lang='lat' dir='ltr'><strong>quod</strong></span> <span class='ocrx_word' id='word_1_477' title='bbox 3440 2594 3504 2634; x_wconf 83' lang='lat' dir='ltr'><strong>ex</strong></span> <span class='ocrx_word' id='word_1_478' title='bbox 3531 2579 3638 2632; x_wconf 87' lang='lat' dir='ltr'><strong>Deo</strong></span> <span class='ocrx_word' id='word_1_479' title='bbox 3663 2583 3749 2632; x_wconf 88' lang='lat' dir='ltr'><strong>est</strong></span> <span class='ocrx_word' id='word_1_480' title='bbox 3767 2617 3782 2640; x_wconf 90' lang='lat'><strong>,</strong></span> <span class='ocrx_word' id='word_1_481' title='bbox 3811 2574 3955 2629; x_wconf 89' lang='lat' dir='ltr'><strong>Deus</strong></span> 
     </span>
    </p>
   </div>
   <div class='ocr_carea' id='block_1_56' title="bbox 2351 2666 3951 2752">
    <p class='ocr_par' dir='ltr' id='par_1_56' title="bbox 2351 2666 3951 2752">
     <span class='ocr_line' id='line_1_56' title="bbox 2351 2666 3951 2752; baseline -0.009 -13"><span class='ocrx_word' id='word_1_482' title='bbox 2351 2683 2443 2750; x_wconf 88' lang='lat' dir='ltr'><strong>sit,</strong></span> <span class='ocrx_word' id='word_1_483' title='bbox 2470 2691 2524 2738; x_wconf 91' lang='lat' dir='ltr'><strong>et</strong></span> <span class='ocrx_word' id='word_1_484' title='bbox 2550 2697 2649 2738; x_wconf 91' lang='lat' dir='ltr'><strong>nec</strong></span> <span class='ocrx_word' id='word_1_485' title='bbox 2681 2678 2758 2752; x_wconf 86' lang='lat' dir='ltr'><strong>(g)</strong></span> <span class='ocrx_word' id='word_1_486' title='bbox 2789 2678 3083 2736; x_wconf 90' lang='lat' dir='ltr'><strong>deminutio</strong></span> <span class='ocrx_word' id='word_1_487' title='bbox 3114 2676 3184 2732; x_wconf 90' lang='lat' dir='ltr'><strong>sit</strong></span> <span class='ocrx_word' id='word_1_488' title='bbox 3209 2675 3480 2742; x_wconf 89' lang='lat' dir='ltr'><strong>nativitas,</strong></span> <span class='ocrx_word' id='word_1_489' title='bbox 3501 2686 3602 2727; x_wconf 89' lang='lat' dir='ltr'><strong>nec</strong></span> <span class='ocrx_word' id='word_1_490' title='bbox 3626 2666 3910 2726; x_wconf 69' lang='lat' dir='ltr'><strong>diversitas</strong></span> <span class='ocrx_word' id='word_1_491' title='bbox 3935 2685 3951 2724; x_wconf 85' lang='lat'><strong>:</strong></span> 
     </span>
    </p>
   </div>
   <div class='ocr_carea' id='block_1_57' title="bbox 2351 2761 3954 2833">
    <p class='ocr_par' dir='ltr' id='par_1_57' title="bbox 2351 2761 3954 2833">
     <span class='ocr_line' id='line_1_57' title="bbox 2351 2761 3954 2833; baseline -0.011 0"><span class='ocrx_word' id='word_1_492' title='bbox 2351 2777 2478 2833; x_wconf 91' lang='lat' dir='ltr'><strong>dum</strong></span> <span class='ocrx_word' id='word_1_493' title='bbox 2501 2775 2738 2831; x_wconf 85' lang='lat' dir='ltr'><strong>etFilius</strong></span> <span class='ocrx_word' id='word_1_494' title='bbox 2761 2789 2864 2828; x_wconf 92' lang='lat' dir='ltr'><strong>non</strong></span> <span class='ocrx_word' id='word_1_495' title='bbox 2891 2774 2942 2829; x_wconf 84' lang='lat' dir='ltr'><strong>in</strong></span> <span class='ocrx_word' id='word_1_496' title='bbox 2970 2781 3210 2826; x_wconf 88' lang='lat' dir='ltr'><strong>naturam</strong></span> <span class='ocrx_word' id='word_1_497' title='bbox 3239 2778 3518 2826; x_wconf 79' lang='lat' dir='ltr'><strong>externam</strong></span> <span class='ocrx_word' id='word_1_498' title='bbox 3545 2781 3607 2821; x_wconf 91' lang='lat' dir='ltr'><strong>ac</strong></span> <span class='ocrx_word' id='word_1_499' title='bbox 3632 2761 3954 2820; x_wconf 87' lang='lat' dir='ltr'><strong>dissimiletn</strong></span> 
     </span>
    </p>
   </div>
   <div class='ocr_carea' id='block_1_58' title="bbox 2358 2855 3956 2940">
    <p class='ocr_par' dir='ltr' id='par_1_58' title="bbox 2358 2855 3956 2940">
     <span class='ocr_line' id='line_1_58' title="bbox 2358 2855 3956 2940; baseline -0.011 -15"><span class='ocrx_word' id='word_1_500' title='bbox 2358 2870 2497 2940; x_wconf 90' lang='lat' dir='ltr'><strong>patri</strong></span> <span class='ocrx_word' id='word_1_501' title='bbox 2530 2869 2641 2924; x_wconf 91' lang='lat' dir='ltr'><strong>Deo</strong></span> <span class='ocrx_word' id='word_1_502' title='bbox 2681 2866 2956 2932; x_wconf 87' lang='lat' dir='ltr'><strong>subsistit,</strong></span> <span class='ocrx_word' id='word_1_503' title='bbox 2984 2880 3086 2920; x_wconf 90' lang='lat' dir='ltr'><strong>nec</strong></span> <span class='ocrx_word' id='word_1_504' title='bbox 3129 2863 3289 2918; x_wconf 88' lang='lat' dir='ltr'><strong>Pater</strong></span> <span class='ocrx_word' id='word_1_505' title='bbox 3314 2862 3548 2917; x_wconf 92' lang='lat' dir='ltr'><strong>alienum</strong></span> <span class='ocrx_word' id='word_1_506' title='bbox 3575 2855 3702 2927; x_wconf 92' lang='lat' dir='ltr'><strong>quid</strong></span> <span class='ocrx_word' id='word_1_507' title='bbox 3730 2856 3800 2911; x_wconf 89' lang='lat' dir='ltr'><strong>sit</strong></span> <span class='ocrx_word' id='word_1_508' title='bbox 3837 2870 3867 2909; x_wconf 92' lang='lat' dir='ltr'><strong>a</strong></span> <span class='ocrx_word' id='word_1_509' title='bbox 3894 2867 3956 2909; x_wconf 89' lang='lat' dir='ltr'><strong>se</strong></span> 
     </span>
    </p>
   </div>
   <div class='ocr_carea' id='block_1_59' title="bbox 2355 2950 3955 3034">
    <p class='ocr_par' dir='ltr' id='par_1_59' title="bbox 2355 2950 3955 3034">
     <span class='ocr_line' id='line_1_59' title="bbox 2355 2950 3955 3034; baseline -0.008 -20"><span class='ocrx_word' id='word_1_510' title='bbox 2355 2960 2436 3034; x_wconf 70' lang='lat' dir='ltr'><strong>(In)</strong></span> <span class='ocrx_word' id='word_1_511' title='bbox 2486 2959 2750 3016; x_wconf 88' lang='lat' dir='ltr'><strong>nativitati</strong></span> <span class='ocrx_word' id='word_1_512' title='bbox 2787 2957 3059 3029; x_wconf 88' lang='lat' dir='ltr'><strong>Unigeniti</strong></span> <span class='ocrx_word' id='word_1_513' title='bbox 3088 2955 3396 3028; x_wconf 90' lang='lat' dir='ltr'><strong>acquirens,</strong></span> <span class='ocrx_word' id='word_1_514' title='bbox 3424 2953 3519 3009; x_wconf 88' lang='lat' dir='ltr'><strong>sed</strong></span> <span class='ocrx_word' id='word_1_515' title='bbox 3563 2950 3813 3006; x_wconf 86' lang='lat' dir='ltr'><strong>universa</strong></span> <span class='ocrx_word' id='word_1_516' title='bbox 3856 2962 3955 3018; x_wconf 85' lang='lat' dir='ltr'><strong>po-</strong></span> 
     </span>
    </p>
   </div>
   <div class='ocr_carea' id='block_1_60' title="bbox 2353 3042 3952 3124">
    <p class='ocr_par' dir='ltr' id='par_1_60' title="bbox 2353 3042 3952 3124">
     <span class='ocr_line' id='line_1_60' title="bbox 2353 3042 3952 3124; baseline -0.008 -16"><span class='ocrx_word' id='word_1_517' title='bbox 2353 3053 2458 3109; x_wconf 92' lang='lat' dir='ltr'><strong>tius</strong></span> <span class='ocrx_word' id='word_1_518' title='bbox 2482 3069 2601 3124; x_wconf 74' lang='lat' dir='ltr'><strong>qua:</strong></span> <span class='ocrx_word' id='word_1_519' title='bbox 2639 3068 2734 3108; x_wconf 90' lang='lat' dir='ltr'><strong>sua</strong></span> <span class='ocrx_word' id='word_1_520' title='bbox 2774 3060 2901 3108; x_wconf 89' lang='lat' dir='ltr'><strong>sunt</strong></span> <span class='ocrx_word' id='word_1_521' title='bbox 2927 3052 3044 3106; x_wconf 90' lang='lat' dir='ltr'><strong>sine</strong></span> <span class='ocrx_word' id='word_1_522' title='bbox 3073 3050 3270 3105; x_wconf 91' lang='lat' dir='ltr'><strong>damno</strong></span> <span class='ocrx_word' id='word_1_523' title='bbox 3305 3046 3666 3119; x_wconf 89' lang='lat' dir='ltr'><strong>impertientis</strong></span> <span class='ocrx_word' id='word_1_524' title='bbox 3707 3042 3952 3099; x_wconf 90' lang='lat' dir='ltr'><strong>indulsit.</strong></span> 
     </span>
    </p>
   </div>
   <div class='ocr_carea' id='block_1_61' title="bbox 2351 3137 3954 3219">
    <p class='ocr_par' dir='ltr' id='par_1_61' title="bbox 2351 3137 3954 3219">
     <span class='ocr_line' id='line_1_61' title="bbox 2351 3137 3954 3219; baseline -0.006 -14"><span class='ocrx_word' id='word_1_525' title='bbox 2351 3150 2529 3219; x_wconf 85' lang='lat' dir='ltr'><strong>Atque</strong></span> <span class='ocrx_word' id='word_1_526' title='bbox 2571 3149 2641 3203; x_wconf 91' lang='lat' dir='ltr'><strong>ita</strong></span> <span class='ocrx_word' id='word_1_527' title='bbox 2683 3161 2783 3202; x_wconf 90' lang='lat' dir='ltr'><strong>nec</strong></span> <span class='ocrx_word' id='word_1_528' title='bbox 2824 3154 3010 3202; x_wconf 91' lang='lat' dir='ltr'><strong>natura</strong></span> <span class='ocrx_word' id='word_1_529' title='bbox 3059 3146 3152 3200; x_wconf 90' lang='lat' dir='ltr'><strong>Dei</strong></span> <span class='ocrx_word' id='word_1_530' title='bbox 3192 3151 3381 3210; x_wconf 84' lang='lat' dir='ltr'><strong>caret,</strong></span> <span class='ocrx_word' id='word_1_531' title='bbox 3415 3143 3542 3199; x_wconf 91' lang='lat' dir='ltr'><strong>dum</strong></span> <span class='ocrx_word' id='word_1_532' title='bbox 3585 3157 3694 3196; x_wconf 90' lang='lat' dir='ltr'><strong>non</strong></span> <span class='ocrx_word' id='word_1_533' title='bbox 3733 3137 3954 3195; x_wconf 87' lang='lat' dir='ltr'><strong>aliunde</strong></span> 
     </span>
    </p>
   </div>
   <div class='ocr_carea' id='block_1_62' title="bbox 651 3231 3954 3314">
    <p class='ocr_par' dir='ltr' id='par_1_62' title="bbox 651 3231 3954 3314">
     <span class='ocr_line' id='line_1_62' title="bbox 651 3231 3954 3314; baseline -0.002 -21"><span class='ocrx_word' id='word_1_534' title='bbox 651 3238 737 3310; x_wconf 76' lang='lat'><strong>(2).</strong></span> <span class='ocrx_word' id='word_1_535' title='bbox 756 3238 807 3293; x_wconf 93' lang='lat' dir='ltr'><strong>in</strong></span> <span class='ocrx_word' id='word_1_536' title='bbox 841 3237 979 3293; x_wconf 85' lang='lat' dir='ltr'><strong>Filio</strong></span> <span class='ocrx_word' id='word_1_537' title='bbox 1001 3237 1076 3310; x_wconf 93' lang='lat' dir='ltr'><strong>(e)</strong></span> <span class='ocrx_word' id='word_1_538' title='bbox 1099 3247 1153 3293; x_wconf 92' lang='lat' dir='ltr'><strong>et</strong></span> <span class='ocrx_word' id='word_1_539' title='bbox 1173 3235 1418 3304; x_wconf 88' lang='lat' dir='ltr'><strong>Patrem,</strong></span> <span class='ocrx_word' id='word_1_540' title='bbox 1450 3250 1553 3292; x_wconf 88' lang='lat' dir='ltr'><strong>nec</strong></span> <span class='ocrx_word' id='word_1_541' title='bbox 1578 3237 1865 3308; x_wconf 88' lang='lat' dir='ltr'><strong>singularis</strong></span> <span class='ocrx_word' id='word_1_542' title='bbox 1888 3243 2068 3306; x_wconf 88' lang='lat' dir='ltr'><strong>potest</strong></span> <span class='ocrx_word' id='word_1_543' title='bbox 2089 3249 2241 3301; x_wconf 90' lang='lat' dir='ltr'><strong>esse,</strong></span> <span class='ocrx_word' id='word_1_544' title='bbox 2271 3249 2317 3314; x_wconf 62' lang='grc' dir='ltr'><strong>(ς</strong></span> <span class='ocrx_word' id='word_1_545' title='bbox 2351 3255 2512 3311; x_wconf 84' lang='lat' dir='ltr'><strong>quam</strong></span> <span class='ocrx_word' id='word_1_546' title='bbox 2537 3254 2605 3296; x_wconf 74' lang='lat' dir='ltr'><strong>ex</strong></span> <span class='ocrx_word' id='word_1_547' title='bbox 2633 3239 2742 3294; x_wconf 85' lang='lat' dir='ltr'><strong>Deo</strong></span> <span class='ocrx_word' id='word_1_548' title='bbox 2772 3238 2912 3294; x_wconf 81' lang='lat' dir='ltr'><strong>Dens</strong></span> <span class='ocrx_word' id='word_1_549' title='bbox 2939 3245 3052 3304; x_wconf 85' lang='lat' dir='ltr'><strong>est;</strong></span> <span class='ocrx_word' id='word_1_550' title='bbox 3083 3252 3186 3293; x_wconf 87' lang='lat' dir='ltr'><strong>nec</strong></span> <span class='ocrx_word' id='word_1_551' title='bbox 3227 3252 3257 3290; x_wconf 90' lang='lat' dir='ltr'><strong>a</strong></span> <span class='ocrx_word' id='word_1_552' title='bbox 3303 3237 3411 3291; x_wconf 91' lang='lat' dir='ltr'><strong>Dco</strong></span> <span class='ocrx_word' id='word_1_553' title='bbox 3441 3233 3652 3301; x_wconf 80' lang='lat' dir='ltr'><strong>diﬁ‘ert,</strong></span> <span class='ocrx_word' id='word_1_554' title='bbox 3685 3231 3810 3288; x_wconf 89' lang='lat' dir='ltr'><strong>dum</strong></span> <span class='ocrx_word' id='word_1_555' title='bbox 3845 3244 3954 3285; x_wconf 89' lang='lat' dir='ltr'><strong>non</strong></span> 
     </span>
    </p>
   </div>
   <div class='ocr_carea' id='block_1_63' title="bbox 646 3328 2245 3402">
    <p class='ocr_par' dir='ltr' id='par_1_63' title="bbox 646 3328 2245 3402">
     <span class='ocr_line' id='line_1_63' title="bbox 646 3328 2245 3402; baseline -0.003 -16"><span class='ocrx_word' id='word_1_556' title='bbox 646 3345 750 3387; x_wconf 92' lang='lat' dir='ltr'><strong>nec</strong></span> <span class='ocrx_word' id='word_1_557' title='bbox 790 3329 1058 3402; x_wconf 90' lang='lat' dir='ltr'><strong>disparis:</strong></span> <span class='ocrx_word' id='word_1_558' title='bbox 1091 3330 1214 3400; x_wconf 91' lang='lat' dir='ltr'><strong>quia</strong></span> <span class='ocrx_word' id='word_1_559' title='bbox 1248 3344 1343 3400; x_wconf 90' lang='lat' dir='ltr'><strong>per</strong></span> <span class='ocrx_word' id='word_1_560' title='bbox 1390 3328 1534 3384; x_wconf 88' lang='lat' dir='ltr'><strong>hunc</strong></span> <span class='ocrx_word' id='word_1_561' title='bbox 1576 3329 1668 3385; x_wconf 89' lang='lat' dir='ltr'><strong>ille</strong></span> <span class='ocrx_word' id='word_1_562' title='bbox 1709 3329 1891 3395; x_wconf 90' lang='lat' dir='ltr'><strong>visus,</strong></span> <span class='ocrx_word' id='word_1_563' title='bbox 1924 3343 2100 3400; x_wconf 90' lang='lat' dir='ltr'><strong>neque</strong></span> <span class='ocrx_word' id='word_1_564' title='bbox 2139 3343 2245 3383; x_wconf 89' lang='lat' dir='ltr'><strong>non</strong></span> 
     </span>
    </p>
   </div>
   <div class='ocr_carea' id='block_1_64' title="bbox 647 3421 2242 3495">
    <p class='ocr_par' dir='ltr' id='par_1_64' title="bbox 647 3421 2242 3495">
     <span class='ocr_line' id='line_1_64' title="bbox 647 3421 2242 3495; baseline -0.002 -15"><span class='ocrx_word' id='word_1_565' title='bbox 647 3439 811 3481; x_wconf 93' lang='lat' dir='ltr'><strong>unum</strong></span> <span class='ocrx_word' id='word_1_566' title='bbox 842 3433 968 3480; x_wconf 84' lang='lat' dir='ltr'><strong>sunt</strong></span> <span class='ocrx_word' id='word_1_567' title='bbox 1001 3424 1056 3479; x_wconf 94' lang='lat' dir='ltr'><strong>in</strong></span> <span class='ocrx_word' id='word_1_568' title='bbox 1096 3424 1416 3480; x_wconf 88' lang='lat' dir='ltr'><strong>sacramenti</strong></span> <span class='ocrx_word' id='word_1_569' title='bbox 1458 3421 1800 3494; x_wconf 81' lang='lat' dir='ltr'><strong>professione</strong></span> <span class='ocrx_word' id='word_1_570' title='bbox 1821 3465 1836 3490; x_wconf 93' lang='lat'><strong>,</strong></span> <span class='ocrx_word' id='word_1_571' title='bbox 1867 3438 2041 3495; x_wconf 87' lang='lat' dir='ltr'><strong>neque</strong></span> <span class='ocrx_word' id='word_1_572' title='bbox 2085 3436 2242 3478; x_wconf 91' lang='lat' dir='ltr'><strong>unus.</strong></span> 
     </span>
    </p>
   </div>
   <div class='ocr_carea' id='block_1_65' title="bbox 649 3515 2247 3592">
    <p class='ocr_par' dir='ltr' id='par_1_65' title="bbox 649 3515 2247 3592">
     <span class='ocr_line' id='line_1_65' title="bbox 649 3515 2247 3592; baseline -0.004 -16"><span class='ocrx_word' id='word_1_573' title='bbox 649 3520 716 3576; x_wconf 85' lang='lat' dir='ltr'><strong>Et</strong></span> <span class='ocrx_word' id='word_1_574' title='bbox 743 3534 930 3592; x_wconf 83' lang='lat' dir='ltr'><strong>quer</strong></span> <span class='ocrx_word' id='word_1_575' title='bbox 952 3519 1079 3590; x_wconf 90' lang='lat' dir='ltr'><strong>quid</strong></span> <span class='ocrx_word' id='word_1_576' title='bbox 1108 3517 1444 3588; x_wconf 82' lang='lat' dir='ltr'><strong>signiﬁcasse</strong></span> <span class='ocrx_word' id='word_1_577' title='bbox 1469 3517 1523 3573; x_wconf 92' lang='lat' dir='ltr'><strong>in</strong></span> <span class='ocrx_word' id='word_1_578' title='bbox 1551 3532 1618 3574; x_wconf 88' lang='lat' dir='ltr'><strong>eo</strong></span> <span class='ocrx_word' id='word_1_579' title='bbox 1663 3517 1924 3573; x_wconf 90' lang='lat' dir='ltr'><strong>Dominus</strong></span> <span class='ocrx_word' id='word_1_580' title='bbox 1961 3515 2247 3582; x_wconf 77' lang='lat' dir='ltr'><strong>credatur&quot;,</strong></span> 
     </span>
    </p>
   </div>
   <div class='ocr_carea' id='block_1_66' title="bbox 647 3606 2247 3678">
    <p class='ocr_par' dir='ltr' id='par_1_66' title="bbox 647 3606 2247 3678">
     <span class='ocr_line' id='line_1_66' title="bbox 647 3606 2247 3678; baseline -0.004 -10"><span class='ocrx_word' id='word_1_581' title='bbox 647 3627 770 3669; x_wconf 90' lang='lat' dir='ltr'><strong>cum</strong></span> <span class='ocrx_word' id='word_1_582' title='bbox 803 3611 962 3668; x_wconf 83' lang='lat' dir='ltr'><strong>dicit:</strong></span> <span class='ocrx_word' id='word_1_583' title='bbox 998 3611 1100 3678; x_wconf 87' lang='lat' dir='ltr'><strong>Qui</strong></span> <span class='ocrx_word' id='word_1_584' title='bbox 1129 3626 1209 3666; x_wconf 87' lang='lat' dir='ltr'><strong>me</strong></span> <span class='ocrx_word' id='word_1_585' title='bbox 1236 3609 1399 3677; x_wconf 87' lang='lat' dir='ltr'><strong>vidit,</strong></span> <span class='ocrx_word' id='word_1_586' title='bbox 1431 3609 1556 3664; x_wconf 85' lang='lat' dir='ltr'><strong>vidit</strong></span> <span class='ocrx_word' id='word_1_587' title='bbox 1586 3616 1632 3664; x_wconf 86' lang='lat' dir='ltr'><strong>et</strong></span> <span class='ocrx_word' id='word_1_588' title='bbox 1660 3606 1914 3663; x_wconf 82' lang='lat' dir='ltr'><strong>Patrem?</strong></span> <span class='ocrx_word' id='word_1_589' title='bbox 1947 3607 2061 3663; x_wconf 83' lang='lat' dir='ltr'><strong>Non</strong></span> <span class='ocrx_word' id='word_1_590' title='bbox 2095 3617 2247 3664; x_wconf 90' lang='lat' dir='ltr'><strong>tenes</strong></span> 
     </span>
    </p>
   </div>
   <div class='ocr_carea' id='block_1_67' title="bbox 646 3701 2250 3776">
    <p class='ocr_par' dir='ltr' id='par_1_67' title="bbox 646 3701 2250 3776">
     <span class='ocr_line' id='line_1_67' title="bbox 646 3701 2250 3776; baseline -0.002 -14"><span class='ocrx_word' id='word_1_591' title='bbox 646 3706 930 3775; x_wconf 88' lang='lat' dir='ltr'><strong>unionem,</strong></span> <span class='ocrx_word' id='word_1_592' title='bbox 965 3704 1057 3761; x_wconf 89' lang='lat' dir='ltr'><strong>ubi</strong></span> <span class='ocrx_word' id='word_1_593' title='bbox 1097 3719 1193 3776; x_wconf 89' lang='lat' dir='ltr'><strong>per</strong></span> <span class='ocrx_word' id='word_1_594' title='bbox 1231 3703 1666 3773; x_wconf 87' lang='lat' dir='ltr'><strong>conjunctionem</strong></span> <span class='ocrx_word' id='word_1_595' title='bbox 1697 3701 1869 3773; x_wconf 88' lang='lat' dir='ltr'><strong>ipsam</strong></span> <span class='ocrx_word' id='word_1_596' title='bbox 1910 3702 2120 3774; x_wconf 88' lang='lat' dir='ltr'><strong>paterni</strong></span> <span class='ocrx_word' id='word_1_597' title='bbox 2151 3716 2250 3758; x_wconf 88' lang='lat' dir='ltr'><strong>no-</strong></span> 
     </span>
    </p>
   </div>
   <div class='ocr_carea' id='block_1_68' title="bbox 652 3794 2249 3870">
    <p class='ocr_par' dir='ltr' id='par_1_68' title="bbox 652 3794 2249 3870">
     <span class='ocr_line' id='line_1_68' title="bbox 652 3794 2249 3870; baseline -0.005 -14"><span class='ocrx_word' id='word_1_598' title='bbox 652 3799 814 3856; x_wconf 92' lang='lat' dir='ltr'><strong>minis</strong></span> <span class='ocrx_word' id='word_1_599' title='bbox 870 3798 1203 3870; x_wconf 89' lang='lat' dir='ltr'><strong>signiﬁcatur</strong></span> <span class='ocrx_word' id='word_1_600' title='bbox 1246 3796 1502 3866; x_wconf 90' lang='lat' dir='ltr'><strong>adjectio.</strong></span> <span class='ocrx_word' id='word_1_601' title='bbox 1547 3794 1684 3850; x_wconf 85' lang='lat' dir='ltr'><strong>Cum</strong></span> <span class='ocrx_word' id='word_1_602' title='bbox 1747 3795 1891 3852; x_wconf 90' lang='lat' dir='ltr'><strong>enim</strong></span> <span class='ocrx_word' id='word_1_603' title='bbox 1937 3794 2166 3861; x_wconf 88' lang='lat' dir='ltr'><strong>dicitur,</strong></span> <span class='ocrx_word' id='word_1_604' title='bbox 2200 3803 2249 3848; x_wconf 83' lang='lat' dir='ltr'><strong>et</strong></span> 
     </span>
    </p>
   </div>
   <div class='ocr_carea' id='block_1_69' title="bbox 646 3887 2246 3962">
    <p class='ocr_par' dir='ltr' id='par_1_69' title="bbox 646 3887 2246 3962">
     <span class='ocr_line' id='line_1_69' title="bbox 646 3887 2246 3962; baseline -0.003 -14"><span class='ocrx_word' id='word_1_605' title='bbox 646 3891 890 3960; x_wconf 88' lang='lat' dir='ltr'><strong>Patrem,</strong></span> <span class='ocrx_word' id='word_1_606' title='bbox 914 3890 1131 3947; x_wconf 84' lang='lat' dir='ltr'><strong>exclusa</strong></span> <span class='ocrx_word' id='word_1_607' title='bbox 1161 3899 1244 3946; x_wconf 88' lang='lat' dir='ltr'><strong>est</strong></span> <span class='ocrx_word' id='word_1_608' title='bbox 1264 3887 1556 3962; x_wconf 83' lang='lat' dir='ltr'><strong>singularis</strong></span> <span class='ocrx_word' id='word_1_609' title='bbox 1583 3899 1745 3959; x_wconf 88' lang='lat' dir='ltr'><strong>atque</strong></span> <span class='ocrx_word' id='word_1_610' title='bbox 1770 3889 1914 3943; x_wconf 90' lang='lat' dir='ltr'><strong>unici</strong></span> <span class='ocrx_word' id='word_1_611' title='bbox 1943 3887 2246 3960; x_wconf 87' lang='lat' dir='ltr'><strong>intelligen-</strong></span> 
     </span>
    </p>
   </div>
   <div class='ocr_carea' id='block_1_70' title="bbox 648 3981 2244 4054">
    <p class='ocr_par' dir='ltr' id='par_1_70' title="bbox 648 3981 2244 4054">
     <span class='ocr_line' id='line_1_70' title="bbox 648 3981 2244 4054; baseline -0.003 -14"><span class='ocrx_word' id='word_1_612' title='bbox 648 3985 742 4040; x_wconf 87' lang='lat' dir='ltr'><strong>tia.</strong></span> <span class='ocrx_word' id='word_1_613' title='bbox 776 3985 843 4040; x_wconf 87' lang='lat' dir='ltr'><strong>Et</strong></span> <span class='ocrx_word' id='word_1_614' title='bbox 869 3981 999 4054; x_wconf 88' lang='lat' dir='ltr'><strong>quid</strong></span> <span class='ocrx_word' id='word_1_615' title='bbox 1026 3982 1290 4054; x_wconf 87' lang='lat' dir='ltr'><strong>reliquum</strong></span> <span class='ocrx_word' id='word_1_616' title='bbox 1321 3989 1435 4048; x_wconf 91' lang='lat' dir='ltr'><strong>est,</strong></span> <span class='ocrx_word' id='word_1_617' title='bbox 1467 3981 1569 4036; x_wconf 92' lang='lat' dir='ltr'><strong>nisi</strong></span> <span class='ocrx_word' id='word_1_618' title='bbox 1603 3990 1660 4036; x_wconf 92' lang='lat' dir='ltr'><strong>ut</strong></span> <span class='ocrx_word' id='word_1_619' title='bbox 1685 3996 1783 4051; x_wconf 90' lang='lat' dir='ltr'><strong>per</strong></span> <span class='ocrx_word' id='word_1_620' title='bbox 1811 3992 2019 4036; x_wconf 76' lang='lat' dir='ltr'><strong>natura:</strong></span> <span class='ocrx_word' id='word_1_621' title='bbox 2041 3981 2244 4037; x_wconf 92' lang='lat' dir='ltr'><strong>unitam</strong></span> 
     </span>
    </p>
   </div>
   <div class='ocr_carea' id='block_1_71' title="bbox 649 4073 2247 4147">
    <p class='ocr_par' dir='ltr' id='par_1_71' title="bbox 649 4073 2247 4147">
     <span class='ocr_line' id='line_1_71' title="bbox 649 4073 2247 4147; baseline -0.003 -13"><span class='ocrx_word' id='word_1_622' title='bbox 649 4075 1054 4134; x_wconf 89' lang='lat' dir='ltr'><strong>similitudinem</strong></span> <span class='ocrx_word' id='word_1_623' title='bbox 1086 4075 1247 4131; x_wconf 86' lang='lat' dir='ltr'><strong>Pater</strong></span> <span class='ocrx_word' id='word_1_624' title='bbox 1273 4090 1368 4147; x_wconf 89' lang='lat' dir='ltr'><strong>per</strong></span> <span class='ocrx_word' id='word_1_625' title='bbox 1395 4074 1593 4130; x_wconf 89' lang='lat' dir='ltr'><strong>Filium</strong></span> <span class='ocrx_word' id='word_1_626' title='bbox 1625 4074 1773 4130; x_wconf 89' lang='lat' dir='ltr'><strong>visus</strong></span> <span class='ocrx_word' id='word_1_627' title='bbox 1801 4073 1908 4129; x_wconf 86' lang='lat' dir='ltr'><strong>sit?</strong></span> <span class='ocrx_word' id='word_1_628' title='bbox 1941 4074 2006 4130; x_wconf 86' lang='lat' dir='ltr'><strong>Et</strong></span> <span class='ocrx_word' id='word_1_629' title='bbox 2040 4089 2108 4130; x_wconf 91' lang='lat' dir='ltr'><strong>ne</strong></span> <span class='ocrx_word' id='word_1_630' title='bbox 2145 4076 2247 4130; x_wconf 93' lang='lat' dir='ltr'><strong>boc</strong></span> 
     </span>
    </p>
   </div>
   <div class='ocr_carea' id='block_1_72' title="bbox 648 4166 2249 4238">
    <p class='ocr_par' dir='ltr' id='par_1_72' title="bbox 648 4166 2249 4238">
     <span class='ocr_line' id='line_1_72' title="bbox 648 4166 2249 4238; baseline -0.002 -12"><span class='ocrx_word' id='word_1_631' title='bbox 648 4170 912 4228; x_wconf 87' lang='lat' dir='ltr'><strong>incertum</strong></span> <span class='ocrx_word' id='word_1_632' title='bbox 965 4169 1121 4226; x_wconf 87' lang='lat' dir='ltr'><strong>nobis</strong></span> <span class='ocrx_word' id='word_1_633' title='bbox 1171 4168 1238 4224; x_wconf 90' lang='lat' dir='ltr'><strong>ad</strong></span> <span class='ocrx_word' id='word_1_634' title='bbox 1292 4168 1450 4224; x_wconf 83' lang='lat' dir='ltr'><strong>ﬁdem</strong></span> <span class='ocrx_word' id='word_1_635' title='bbox 1502 4167 1938 4238; x_wconf 88' lang='lat' dir='ltr'><strong>relinqueretur;</strong></span> <span class='ocrx_word' id='word_1_636' title='bbox 1991 4166 2249 4223; x_wconf 91' lang='lat' dir='ltr'><strong>Dominus</strong></span> 
     </span>
    </p>
   </div>
   <div class='ocr_carea' id='block_1_73' title="bbox 650 4258 2248 4336">
    <p class='ocr_par' dir='ltr' id='par_1_73' title="bbox 650 4258 2248 4336">
     <span class='ocr_line' id='line_1_73' title="bbox 650 4258 2248 4336; baseline -0.002 -16"><span class='ocrx_word' id='word_1_637' title='bbox 650 4263 919 4336; x_wconf 84' lang='lat' dir='ltr'><strong>subjecit:</strong></span> <span class='ocrx_word' id='word_1_638' title='bbox 954 4261 1220 4328; x_wconf 84' lang='lat' dir='ltr'><strong>Quomodo</strong></span> <span class='ocrx_word' id='word_1_639' title='bbox 1266 4271 1322 4315; x_wconf 85' lang='lat' dir='ltr'><strong>tu</strong></span> <span class='ocrx_word' id='word_1_640' title='bbox 1358 4260 1507 4330; x_wconf 85' lang='lat' dir='ltr'><strong>dicis,</strong></span> <span class='ocrx_word' id='word_1_641' title='bbox 1555 4259 1776 4316; x_wconf 78' lang='lat' dir='ltr'><strong>Ostende</strong></span> <span class='ocrx_word' id='word_1_642' title='bbox 1819 4258 1965 4316; x_wconf 86' lang='lat' dir='ltr'><strong>nobis</strong></span> <span class='ocrx_word' id='word_1_643' title='bbox 1994 4258 2248 4317; x_wconf 83' lang='lat' dir='ltr'><strong>Patrem?</strong></span> 
     </span>
    </p>
   </div>
   <div class='ocr_carea' id='block_1_74' title="bbox 725 4417 2250 4507">
    <p class='ocr_par' dir='ltr' id='par_1_74' title="bbox 725 4417 2250 4507">
     <span class='ocr_line' id='line_1_74' title="bbox 725 4417 2250 4507; baseline -0.004 -25"><span class='ocrx_word' id='word_1_644' title='bbox 725 4425 810 4499; x_wconf 80' lang='lat' dir='ltr'><strong>(i)</strong></span> <span class='ocrx_word' id='word_1_645' title='bbox 853 4423 975 4480; x_wconf 85' lang='lat' dir='ltr'><strong>Non</strong></span> <span class='ocrx_word' id='word_1_646' title='bbox 1018 4420 1234 4478; x_wconf 88' lang='lat' dir='ltr'><strong>omittat.</strong></span> <span class='ocrx_word' id='word_1_647' title='bbox 1267 4417 1439 4507; x_wconf 85' lang='lat' dir='ltr'><strong>Paulo</strong></span> <span class='ocrx_word' id='word_1_648' title='bbox 1477 4427 1600 4492; x_wconf 88' lang='lat' dir='ltr'><strong>post</strong></span> <span class='ocrx_word' id='word_1_649' title='bbox 1623 4461 1639 4488; x_wconf 97' lang='lat'><strong>,</strong></span> <span class='ocrx_word' id='word_1_650' title='bbox 1673 4436 1765 4476; x_wconf 85' lang='lat' dir='ltr'><strong>nec</strong></span> <span class='ocrx_word' id='word_1_651' title='bbox 1804 4427 1977 4476; x_wconf 87' lang='lat' dir='ltr'><strong>careat</strong></span> <span class='ocrx_word' id='word_1_652' title='bbox 2015 4420 2250 4477; x_wconf 84' lang='lat' dir='ltr'><strong>virtutem</strong></span> 
     </span>
    </p>
   </div>
   <div class='ocr_carea' id='block_1_75' title="bbox 655 4511 872 4555">
    <p class='ocr_par' dir='ltr' id='par_1_75' title="bbox 655 4511 872 4555">
     <span class='ocr_line' id='line_1_75' title="bbox 655 4511 872 4555; baseline -0.005 -3"><span class='ocrx_word' id='word_1_653' title='bbox 655 4511 740 4555; x_wconf 87' lang='lat' dir='ltr'><strong>nat</strong></span> <span class='ocrx_word' id='word_1_654' title='bbox 746 4515 872 4554; x_wconf 78' lang='lat' dir='ltr'><strong>unc.</strong></span> 
     </span>
    </p>
   </div>
   <div class='ocr_carea' id='block_1_76' title="bbox 2354 3324 3954 3403">
    <p class='ocr_par' dir='ltr' id='par_1_76' title="bbox 2354 3324 3954 3403">
     <span class='ocr_line' id='line_1_76' title="bbox 2354 3324 3954 3403; baseline -0.006 -15"><span class='ocrx_word' id='word_1_655' title='bbox 2354 3333 2498 3388; x_wconf 89' lang='lat' dir='ltr'><strong>aliud</strong></span> <span class='ocrx_word' id='word_1_656' title='bbox 2532 3333 2647 3403; x_wconf 90' lang='lat' dir='ltr'><strong>ipse</strong></span> <span class='ocrx_word' id='word_1_657' title='bbox 2674 3347 2832 3403; x_wconf 89' lang='lat' dir='ltr'><strong>quam</strong></span> <span class='ocrx_word' id='word_1_658' title='bbox 2867 3331 3008 3386; x_wconf 89' lang='lat' dir='ltr'><strong>Deus</strong></span> <span class='ocrx_word' id='word_1_659' title='bbox 3034 3339 3118 3388; x_wconf 90' lang='lat' dir='ltr'><strong>est</strong></span> <span class='ocrx_word' id='word_1_660' title='bbox 3147 3348 3161 3385; x_wconf 93' lang='lat'><strong>:</strong></span> <span class='ocrx_word' id='word_1_661' title='bbox 3190 3328 3312 3402; x_wconf 89' lang='lat' dir='ltr'><strong>quia</strong></span> <span class='ocrx_word' id='word_1_662' title='bbox 3345 3337 3401 3385; x_wconf 90' lang='lat' dir='ltr'><strong>et</strong></span> <span class='ocrx_word' id='word_1_663' title='bbox 3426 3327 3678 3382; x_wconf 87' lang='lat' dir='ltr'><strong>nativitas</strong></span> <span class='ocrx_word' id='word_1_664' title='bbox 3707 3324 3801 3381; x_wconf 91' lang='lat' dir='ltr'><strong>Dei</strong></span> <span class='ocrx_word' id='word_1_665' title='bbox 3823 3338 3954 3379; x_wconf 85' lang='lat' dir='ltr'><strong>con-</strong></span> 
     </span>
    </p>
   </div>
   <div class='ocr_carea' id='block_1_77' title="bbox 2352 3419 3953 3497">
    <p class='ocr_par' dir='ltr' id='par_1_77' title="bbox 2352 3419 3953 3497">
     <span class='ocr_line' id='line_1_77' title="bbox 2352 3419 3953 3497; baseline -0.005 -15"><span class='ocrx_word' id='word_1_666' title='bbox 2352 3427 2494 3483; x_wconf 91' lang='lat' dir='ltr'><strong>sistit</strong></span> <span class='ocrx_word' id='word_1_667' title='bbox 2513 3427 2566 3482; x_wconf 91' lang='lat' dir='ltr'><strong>in</strong></span> <span class='ocrx_word' id='word_1_668' title='bbox 2591 3426 2727 3482; x_wconf 87' lang='lat' dir='ltr'><strong>Filio</strong></span> <span class='ocrx_word' id='word_1_669' title='bbox 2747 3468 2761 3492; x_wconf 88' lang='lat'><strong>,</strong></span> <span class='ocrx_word' id='word_1_670' title='bbox 2792 3441 2889 3483; x_wconf 91' lang='lat' dir='ltr'><strong>nec</strong></span> <span class='ocrx_word' id='word_1_671' title='bbox 2912 3441 3009 3497; x_wconf 88' lang='lat' dir='ltr'><strong>per</strong></span> <span class='ocrx_word' id='word_1_672' title='bbox 3034 3425 3364 3482; x_wconf 85' lang='lat' dir='ltr'><strong>nativitatem</strong></span> <span class='ocrx_word' id='word_1_673' title='bbox 3388 3422 3482 3478; x_wconf 90' lang='lat' dir='ltr'><strong>Dei</strong></span> <span class='ocrx_word' id='word_1_674' title='bbox 3517 3420 3700 3477; x_wconf 88' lang='lat' dir='ltr'><strong>amisit</strong></span> <span class='ocrx_word' id='word_1_675' title='bbox 3725 3419 3788 3492; x_wconf 89' lang='lat' dir='ltr'><strong>(i)</strong></span> <span class='ocrx_word' id='word_1_676' title='bbox 3810 3434 3875 3476; x_wconf 80' lang='lat' dir='ltr'><strong>ex</strong></span> <span class='ocrx_word' id='word_1_677' title='bbox 3893 3433 3953 3474; x_wconf 90' lang='lat' dir='ltr'><strong>se</strong></span> 
     </span>
    </p>
   </div>
   <div class='ocr_carea' id='block_1_78' title="bbox 2352 3512 3951 3592">
    <p class='ocr_par' dir='ltr' id='par_1_78' title="bbox 2352 3512 3951 3592">
     <span class='ocr_line' id='line_1_78' title="bbox 2352 3512 3951 3592; baseline -0.005 -18"><span class='ocrx_word' id='word_1_678' title='bbox 2352 3519 2450 3576; x_wconf 90' lang='lat' dir='ltr'><strong>Dei</strong></span> <span class='ocrx_word' id='word_1_679' title='bbox 2494 3529 2683 3575; x_wconf 88' lang='lat' dir='ltr'><strong>natura</strong></span> <span class='ocrx_word' id='word_1_680' title='bbox 2706 3518 2850 3592; x_wconf 91' lang='lat' dir='ltr'><strong>quod</strong></span> <span class='ocrx_word' id='word_1_681' title='bbox 2893 3519 3038 3575; x_wconf 90' lang='lat' dir='ltr'><strong>Deus</strong></span> <span class='ocrx_word' id='word_1_682' title='bbox 3067 3527 3169 3575; x_wconf 90' lang='lat' dir='ltr'><strong>est.</strong></span> <span class='ocrx_word' id='word_1_683' title='bbox 3210 3516 3368 3573; x_wconf 85' lang='lat' dir='ltr'><strong>Pater</strong></span> <span class='ocrx_word' id='word_1_684' title='bbox 3396 3515 3558 3588; x_wconf 90' lang='lat' dir='ltr'><strong>igitur</strong></span> <span class='ocrx_word' id='word_1_685' title='bbox 3587 3515 3640 3570; x_wconf 92' lang='lat' dir='ltr'><strong>in</strong></span> <span class='ocrx_word' id='word_1_686' title='bbox 3672 3512 3808 3568; x_wconf 86' lang='lat' dir='ltr'><strong>Filio</strong></span> <span class='ocrx_word' id='word_1_687' title='bbox 3835 3521 3916 3568; x_wconf 90' lang='lat' dir='ltr'><strong>cst</strong></span> <span class='ocrx_word' id='word_1_688' title='bbox 3935 3553 3951 3580; x_wconf 91' lang='lat'><strong>,</strong></span> 
     </span>
    </p>
   </div>
   <div class='ocr_carea' id='block_1_79' title="bbox 2352 3604 3955 3679">
    <p class='ocr_par' dir='ltr' id='par_1_79' title="bbox 2352 3604 3955 3679">
     <span class='ocr_line' id='line_1_79' title="bbox 2352 3604 3955 3679; baseline -0.005 -11"><span class='ocrx_word' id='word_1_689' title='bbox 2352 3621 2407 3668; x_wconf 91' lang='lat' dir='ltr'><strong>ct</strong></span> <span class='ocrx_word' id='word_1_690' title='bbox 2434 3612 2602 3668; x_wconf 92' lang='lat' dir='ltr'><strong>Filius</strong></span> <span class='ocrx_word' id='word_1_691' title='bbox 2643 3612 2917 3678; x_wconf 88' lang='lat' dir='ltr'><strong>inPatre,</strong></span> <span class='ocrx_word' id='word_1_692' title='bbox 2957 3611 3098 3668; x_wconf 88' lang='lat' dir='ltr'><strong>Deus</strong></span> <span class='ocrx_word' id='word_1_693' title='bbox 3125 3611 3178 3667; x_wconf 92' lang='lat' dir='ltr'><strong>in</strong></span> <span class='ocrx_word' id='word_1_694' title='bbox 3209 3610 3361 3666; x_wconf 85' lang='lat' dir='ltr'><strong>Deo:</strong></span> <span class='ocrx_word' id='word_1_695' title='bbox 3396 3624 3504 3664; x_wconf 91' lang='lat' dir='ltr'><strong>non</strong></span> <span class='ocrx_word' id='word_1_696' title='bbox 3545 3622 3643 3679; x_wconf 91' lang='lat' dir='ltr'><strong>per</strong></span> <span class='ocrx_word' id='word_1_697' title='bbox 3683 3604 3955 3676; x_wconf 87' lang='lat' dir='ltr'><strong>duplicem</strong></span> 
     </span>
    </p>
   </div>
   <div class='ocr_carea' id='block_1_80' title="bbox 2353 3703 3956 3778">
    <p class='ocr_par' dir='ltr' id='par_1_80' title="bbox 2353 3703 3956 3778">
     <span class='ocr_line' id='line_1_80' title="bbox 2353 3703 3956 3778; baseline -0.006 -15"><span class='ocrx_word' id='word_1_698' title='bbox 2353 3707 2784 3763; x_wconf 80' lang='lat' dir='ltr'><strong>Convenientiutn</strong></span> <span class='ocrx_word' id='word_1_699' title='bbox 2824 3723 3080 3778; x_wconf 86' lang='lat' dir='ltr'><strong>generum</strong></span> <span class='ocrx_word' id='word_1_700' title='bbox 3124 3703 3596 3776; x_wconf 88' lang='lat' dir='ltr'><strong>conjunctionem,</strong></span> <span class='ocrx_word' id='word_1_701' title='bbox 3642 3716 3820 3772; x_wconf 85' lang='lat' dir='ltr'><strong>neque</strong></span> <span class='ocrx_word' id='word_1_702' title='bbox 3859 3715 3956 3771; x_wconf 88' lang='lat' dir='ltr'><strong>per</strong></span> 
     </span>
    </p>
   </div>
   <div class='ocr_carea' id='block_1_81' title="bbox 2355 3794 3956 3870">
    <p class='ocr_par' dir='ltr' id='par_1_81' title="bbox 2355 3794 3956 3870">
     <span class='ocr_line' id='line_1_81' title="bbox 2355 3794 3956 3870; baseline -0.004 -16"><span class='ocrx_word' id='word_1_703' title='bbox 2355 3797 2625 3854; x_wconf 87' lang='lat' dir='ltr'><strong>insitivam</strong></span> <span class='ocrx_word' id='word_1_704' title='bbox 2665 3800 2960 3870; x_wconf 89' lang='lat' dir='ltr'><strong>capacioris</strong></span> <span class='ocrx_word' id='word_1_705' title='bbox 3007 3799 3319 3854; x_wconf 72' lang='lat' dir='ltr'><strong>substantia:</strong></span> <span class='ocrx_word' id='word_1_706' title='bbox 3364 3806 3641 3861; x_wconf 89' lang='lat' dir='ltr'><strong>naturam;</strong></span> <span class='ocrx_word' id='word_1_707' title='bbox 3689 3794 3813 3866; x_wconf 92' lang='lat' dir='ltr'><strong>quia</strong></span> <span class='ocrx_word' id='word_1_708' title='bbox 3855 3807 3956 3865; x_wconf 89' lang='lat' dir='ltr'><strong>per</strong></span> 
     </span>
    </p>
   </div>
   <div class='ocr_carea' id='block_1_82' title="bbox 2355 3885 3956 3963">
    <p class='ocr_par' dir='ltr' id='par_1_82' title="bbox 2355 3885 3956 3963">
     <span class='ocr_line' id='line_1_82' title="bbox 2355 3885 3956 3963; baseline -0.004 -17"><span class='ocrx_word' id='word_1_709' title='bbox 2355 3891 2693 3963; x_wconf 84' lang='lat' dir='ltr'><strong>corporalem</strong></span> <span class='ocrx_word' id='word_1_710' title='bbox 2720 3892 3134 3959; x_wconf 90' lang='lat' dir='ltr'><strong>necessitatem,</strong></span> <span class='ocrx_word' id='word_1_711' title='bbox 3176 3891 3449 3947; x_wconf 83' lang='lat' dir='ltr'><strong>exteriora</strong></span> <span class='ocrx_word' id='word_1_712' title='bbox 3479 3889 3595 3945; x_wconf 83' lang='lat' dir='ltr'><strong>ﬁeri</strong></span> <span class='ocrx_word' id='word_1_713' title='bbox 3639 3887 3722 3942; x_wconf 90' lang='lat' dir='ltr'><strong>bis</strong></span> <span class='ocrx_word' id='word_1_714' title='bbox 3760 3885 3956 3958; x_wconf 89' lang='lat' dir='ltr'><strong>quibus</strong></span> 
     </span>
    </p>
   </div>
   <div class='ocr_carea' id='block_1_83' title="bbox 2356 3976 3957 4053">
    <p class='ocr_par' dir='ltr' id='par_1_83' title="bbox 2356 3976 3957 4053">
     <span class='ocr_line' id='line_1_83' title="bbox 2356 3976 3957 4053; baseline -0.006 -13"><span class='ocrx_word' id='word_1_715' title='bbox 2356 3985 2702 4040; x_wconf 89' lang='lat' dir='ltr'><strong>continentur</strong></span> <span class='ocrx_word' id='word_1_716' title='bbox 2729 3983 2985 4038; x_wconf 88' lang='lat' dir='ltr'><strong>interiora</strong></span> <span class='ocrx_word' id='word_1_717' title='bbox 3026 3998 3130 4037; x_wconf 94' lang='lat' dir='ltr'><strong>non</strong></span> <span class='ocrx_word' id='word_1_718' title='bbox 3160 3993 3385 4053; x_wconf 89' lang='lat' dir='ltr'><strong>possunt</strong></span> <span class='ocrx_word' id='word_1_719' title='bbox 3411 3997 3424 4035; x_wconf 93' lang='lat'><strong>:</strong></span> <span class='ocrx_word' id='word_1_720' title='bbox 3447 3980 3542 4038; x_wconf 88' lang='lat' dir='ltr'><strong>sed</strong></span> <span class='ocrx_word' id='word_1_721' title='bbox 3570 3994 3667 4052; x_wconf 87' lang='lat' dir='ltr'><strong>per</strong></span> <span class='ocrx_word' id='word_1_722' title='bbox 3704 3976 3957 4034; x_wconf 85' lang='lat' dir='ltr'><strong>nativita-</strong></span> 
     </span>
    </p>
   </div>
   <div class='ocr_carea' id='block_1_84' title="bbox 2358 4069 3953 4139">
    <p class='ocr_par' dir='ltr' id='par_1_84' title="bbox 2358 4069 3953 4139">
     <span class='ocr_line' id='line_1_84' title="bbox 2358 4069 3953 4139; baseline -0.006 -7"><span class='ocrx_word' id='word_1_723' title='bbox 2358 4086 2464 4134; x_wconf 90' lang='lat' dir='ltr'><strong>tem</strong></span> <span class='ocrx_word' id='word_1_724' title='bbox 2488 4077 2720 4133; x_wconf 86' lang='lat' dir='ltr'><strong>viventis</strong></span> <span class='ocrx_word' id='word_1_725' title='bbox 2738 4093 2804 4132; x_wconf 82' lang='lat' dir='ltr'><strong>ex</strong></span> <span class='ocrx_word' id='word_1_726' title='bbox 2827 4077 3047 4132; x_wconf 89' lang='lat' dir='ltr'><strong>vivente</strong></span> <span class='ocrx_word' id='word_1_727' title='bbox 3073 4086 3307 4139; x_wconf 63' lang='lat' dir='ltr'><strong>naturai;</strong></span> <span class='ocrx_word' id='word_1_728' title='bbox 3331 4075 3457 4130; x_wconf 91' lang='lat' dir='ltr'><strong>dum</strong></span> <span class='ocrx_word' id='word_1_729' title='bbox 3487 4089 3577 4130; x_wconf 86' lang='lat' dir='ltr'><strong>res</strong></span> <span class='ocrx_word' id='word_1_730' title='bbox 3603 4087 3709 4128; x_wconf 92' lang='lat' dir='ltr'><strong>non</strong></span> <span class='ocrx_word' id='word_1_731' title='bbox 3734 4069 3915 4126; x_wconf 87' lang='lat' dir='ltr'><strong>diﬁ‘ert</strong></span> <span class='ocrx_word' id='word_1_732' title='bbox 3935 4109 3953 4139; x_wconf 85' lang='lat'><strong>,</strong></span> 
     </span>
    </p>
   </div>
   <div class='ocr_carea' id='block_1_85' title="bbox 2356 4163 3957 4238">
    <p class='ocr_par' dir='ltr' id='par_1_85' title="bbox 2356 4163 3957 4238">
     <span class='ocr_line' id='line_1_85' title="bbox 2356 4163 3957 4238; baseline -0.006 -11"><span class='ocrx_word' id='word_1_733' title='bbox 2356 4170 2482 4227; x_wconf 92' lang='lat' dir='ltr'><strong>dum</strong></span> <span class='ocrx_word' id='word_1_734' title='bbox 2517 4180 2760 4225; x_wconf 89' lang='lat' dir='ltr'><strong>naturam</strong></span> <span class='ocrx_word' id='word_1_735' title='bbox 2791 4169 2885 4225; x_wconf 84' lang='lat' dir='ltr'><strong>Dei</strong></span> <span class='ocrx_word' id='word_1_736' title='bbox 2916 4186 3025 4225; x_wconf 91' lang='lat' dir='ltr'><strong>non</strong></span> <span class='ocrx_word' id='word_1_737' title='bbox 3056 4168 3348 4238; x_wconf 81' lang='lat' dir='ltr'><strong>degenerat</strong></span> <span class='ocrx_word' id='word_1_738' title='bbox 3371 4166 3655 4231; x_wconf 88' lang='lat' dir='ltr'><strong>nativitas,</strong></span> <span class='ocrx_word' id='word_1_739' title='bbox 3687 4163 3812 4220; x_wconf 93' lang='lat' dir='ltr'><strong>dum</strong></span> <span class='ocrx_word' id='word_1_740' title='bbox 3844 4177 3957 4218; x_wconf 87' lang='lat' dir='ltr'><strong>non</strong></span> 
     </span>
    </p>
   </div>
   <div class='ocr_carea' id='block_1_86' title="bbox 2355 4257 3953 4337">
    <p class='ocr_par' dir='ltr' id='par_1_86' title="bbox 2355 4257 3953 4337">
     <span class='ocr_line' id='line_1_86' title="bbox 2355 4257 3953 4337; baseline -0.006 -16"><span class='ocrx_word' id='word_1_741' title='bbox 2355 4265 2502 4323; x_wconf 91' lang='lat' dir='ltr'><strong>aliud</strong></span> <span class='ocrx_word' id='word_1_742' title='bbox 2528 4264 2729 4337; x_wconf 89' lang='lat' dir='ltr'><strong>aliquid</strong></span> <span class='ocrx_word' id='word_1_743' title='bbox 2770 4280 2928 4337; x_wconf 92' lang='lat' dir='ltr'><strong>quam</strong></span> <span class='ocrx_word' id='word_1_744' title='bbox 2967 4264 3022 4320; x_wconf 94' lang='lat' dir='ltr'><strong>in</strong></span> <span class='ocrx_word' id='word_1_745' title='bbox 3061 4263 3232 4321; x_wconf 88' lang='lat' dir='ltr'><strong>Deum</strong></span> <span class='ocrx_word' id='word_1_746' title='bbox 3257 4276 3324 4318; x_wconf 80' lang='lat' dir='ltr'><strong>ex</strong></span> <span class='ocrx_word' id='word_1_747' title='bbox 3369 4261 3481 4318; x_wconf 91' lang='lat' dir='ltr'><strong>Deo</strong></span> <span class='ocrx_word' id='word_1_748' title='bbox 3510 4260 3654 4316; x_wconf 90' lang='lat' dir='ltr'><strong>Deus</strong></span> <span class='ocrx_word' id='word_1_749' title='bbox 3683 4257 3953 4327; x_wconf 90' lang='lat' dir='ltr'><strong>nascitur,</strong></span> 
     </span>
    </p>
   </div>
   <div class='ocr_carea' id='block_1_87' title="bbox 2429 4422 3041 4497">
    <p class='ocr_par' dir='ltr' id='par_1_87' title="bbox 2429 4422 3041 4497">
     <span class='ocr_line' id='line_1_87' title="bbox 2429 4422 3041 4497; baseline 0.005 -18"><span class='ocrx_word' id='word_1_750' title='bbox 2429 4424 2506 4497; x_wconf 75' lang='grc'><strong>(2)</strong></span> <span class='ocrx_word' id='word_1_751' title='bbox 2549 4424 2618 4481; x_wconf 84' lang='lat' dir='ltr'><strong>In</strong></span> <span class='ocrx_word' id='word_1_752' title='bbox 2640 4422 2783 4483; x_wconf 85' lang='lat' dir='ltr'><strong>Filio</strong></span> <span class='ocrx_word' id='word_1_753' title='bbox 2812 4425 3041 4483; x_wconf 85' lang='lat' dir='ltr'><strong>Patrem.</strong></span> 
     </span>
    </p>
   </div>
   <div class='ocr_carea' id='block_1_88' title="bbox 729 4607 3958 4694">
    <p class='ocr_par' dir='ltr' id='par_1_88' title="bbox 729 4607 3958 4694">
     <span class='ocr_line' id='line_1_88' title="bbox 729 4607 3958 4694; baseline -0.002 -23"><span class='ocrx_word' id='word_1_754' title='bbox 729 4614 804 4690; x_wconf 93' lang='lat' dir='ltr'><strong>(a)</strong></span> <span class='ocrx_word' id='word_1_755' title='bbox 843 4611 1047 4694; x_wconf 84' lang='lat' dir='ltr'><strong>_Pa_r._in</strong></span> <span class='ocrx_word' id='word_1_756' title='bbox 1070 4609 1408 4694; x_wconf 42' lang='lat' dir='ltr'><strong>qua.._Melius</strong></span> <span class='ocrx_word' id='word_1_757' title='bbox 1436 4609 1526 4666; x_wconf 85' lang='lat' dir='ltr'><strong>alii</strong></span> <span class='ocrx_word' id='word_1_758' title='bbox 1557 4608 1711 4675; x_wconf 90' lang='lat' dir='ltr'><strong>libri,</strong></span> <span class='ocrx_word' id='word_1_759' title='bbox 1743 4624 1806 4663; x_wconf 80' lang='lat' dir='ltr'><strong>ea:</strong></span> <span class='ocrx_word' id='word_1_760' title='bbox 1830 4623 1963 4679; x_wconf 85' lang='lat' dir='ltr'><strong>qua,</strong></span> <span class='ocrx_word' id='word_1_761' title='bbox 1993 4607 2111 4694; x_wconf 88' lang='lat' dir='ltr'><strong>scil.</strong></span> <span class='ocrx_word' id='word_1_762' title='bbox 2140 4615 2214 4663; x_wconf 88' lang='lat' dir='ltr'><strong>est</strong></span> <span class='ocrx_word' id='word_1_763' title='bbox 2233 4649 2248 4676; x_wconf 94' lang='lat'><strong>,</strong></span> <span class='ocrx_word' id='word_1_764' title='bbox 2277 4609 2332 4672; x_wconf 90' lang='lat' dir='ltr'><strong>D</strong></span> <span class='ocrx_word' id='word_1_765' title='bbox 2357 4610 2822 4694; x_wconf 73' lang='lat' dir='ltr'><strong>mtts_auctoritate</strong></span> <span class='ocrx_word' id='word_1_766' title='bbox 2851 4625 2980 4694; x_wconf 79' lang='lat' dir='ltr'><strong>mss.</strong></span> <span class='ocrx_word' id='word_1_767' title='bbox 3014 4610 3267 4694; x_wconf 63' lang='lat' dir='ltr'><strong>Proxime</strong></span> <span class='ocrx_word' id='word_1_768' title='bbox 3295 4617 3422 4668; x_wconf 89' lang='lat' dir='ltr'><strong>ante</strong></span> <span class='ocrx_word' id='word_1_769' title='bbox 3449 4609 3612 4668; x_wconf 90' lang='lat' dir='ltr'><strong>Corb.</strong></span> <span class='ocrx_word' id='word_1_770' title='bbox 3638 4608 3803 4667; x_wconf 80' lang='lat' dir='ltr'><strong>codex</strong></span> <span class='ocrx_word' id='word_1_771' title='bbox 3821 4650 3836 4676; x_wconf 91' lang='lat'><strong>,</strong></span> <span class='ocrx_word' id='word_1_772' title='bbox 3863 4608 3958 4665; x_wconf 84' lang='lat' dir='ltr'><strong>sed</strong></span> 
     </span>
    </p>
   </div>
   <div class='ocr_carea' id='block_1_89' title="bbox 551 4684 1417 4746">
    <p class='ocr_par' dir='ltr' id='par_1_89' title="bbox 551 4684 1417 4746">
     <span class='ocr_line' id='line_1_89' title="bbox 551 4684 1417 4746; baseline -0.015 2"><span class='ocrx_word' id='word_1_773' title='bbox 551 4728 556 4730; x_wconf 93' lang='lat'><strong>-</strong></span> <span class='ocrx_word' id='word_1_774' title='bbox 654 4684 749 4746; x_wconf 80' lang='lat' dir='ltr'><strong>seu</strong></span> <span class='ocrx_word' id='word_1_775' title='bbox 775 4684 1021 4741; x_wconf 76' lang='lat' dir='ltr'><strong>subsistit</strong></span> <span class='ocrx_word' id='word_1_776' title='bbox 1046 4701 1150 4738; x_wconf 86' lang='lat' dir='ltr'><strong>non</strong></span> <span class='ocrx_word' id='word_1_777' title='bbox 1171 4684 1417 4737; x_wconf 87' lang='lat' dir='ltr'><strong>diversus.</strong></span> 
     </span>
    </p>
   </div>
   <div class='ocr_carea' id='block_1_90' title="bbox 729 4749 2245 4832">
    <p class='ocr_par' dir='ltr' id='par_1_90' title="bbox 729 4749 2245 4832">
     <span class='ocr_line' id='line_1_90' title="bbox 729 4749 2245 4832; baseline -0.003 -21"><span class='ocrx_word' id='word_1_778' title='bbox 729 4758 805 4832; x_wconf 71' lang='grc' dir='ltr'><strong>(ὸ)</strong></span> <span class='ocrx_word' id='word_1_779' title='bbox 842 4758 998 4832; x_wconf 69' lang='grc' dir='ltr'><strong>Αριιρ</strong></span> <span class='ocrx_word' id='word_1_780' title='bbox 1036 4757 1204 4832; x_wconf 50' lang='lat' dir='ltr'><strong>Lips;</strong></span> <span class='ocrx_word' id='word_1_781' title='bbox 1219 4766 1272 4810; x_wconf 91' lang='lat' dir='ltr'><strong>et</strong></span> <span class='ocrx_word' id='word_1_782' title='bbox 1307 4754 1431 4832; x_wconf 76' lang='lat' dir='ltr'><strong>Par.</strong></span> <span class='ocrx_word' id='word_1_783' title='bbox 1465 4751 1808 4832; x_wconf 78' lang='lat' dir='ltr'><strong>desideratur</strong></span> <span class='ocrx_word' id='word_1_784' title='bbox 1840 4763 1944 4804; x_wconf 81' lang='lat' dir='ltr'><strong>vox</strong></span> <span class='ocrx_word' id='word_1_785' title='bbox 1974 4749 2085 4820; x_wconf 87' lang='lat' dir='ltr'><strong>ipse</strong></span> <span class='ocrx_word' id='word_1_786' title='bbox 2104 4792 2129 4832; x_wconf 87' lang='lat'><strong>,_</strong></span> <span class='ocrx_word' id='word_1_787' title='bbox 2150 4766 2245 4821; x_wconf 89' lang='lat' dir='ltr'><strong>pro</strong></span> 
     </span>
    </p>
   </div>
   <div class='ocr_carea' id='block_1_91' title="bbox 653 4823 2244 4903">
    <p class='ocr_par' dir='ltr' id='par_1_91' title="bbox 653 4823 2244 4903">
     <span class='ocr_line' id='line_1_91' title="bbox 653 4823 2244 4903; baseline -0.007 -16"><span class='ocrx_word' id='word_1_788' title='bbox 653 4823 758 4903; x_wconf 81' lang='lat' dir='ltr'><strong>qua</strong></span> <span class='ocrx_word' id='word_1_789' title='bbox 786 4823 1122 4903; x_wconf 64' lang='lat' dir='ltr'><strong>apudliad.,</strong></span> <span class='ocrx_word' id='word_1_790' title='bbox 1159 4825 1258 4903; x_wconf 85' lang='lat' dir='ltr'><strong>_Er.</strong></span> <span class='ocrx_word' id='word_1_791' title='bbox 1287 4835 1343 4879; x_wconf 89' lang='lat' dir='ltr'><strong>et</strong></span> <span class='ocrx_word' id='word_1_792' title='bbox 1386 4824 1438 4878; x_wconf 92' lang='lat' dir='ltr'><strong>in</strong></span> <span class='ocrx_word' id='word_1_793' title='bbox 1461 4824 1674 4903; x_wconf 71' lang='lat' dir='ltr'><strong>duobus</strong></span> <span class='ocrx_word' id='word_1_794' title='bbox 1717 4835 1850 4874; x_wconf 90' lang='lat' dir='ltr'><strong>mss.</strong></span> <span class='ocrx_word' id='word_1_795' title='bbox 1890 4832 2080 4903; x_wconf 38' lang='lat' dir='ltr'><strong>tas-stat</strong></span> <span class='ocrx_word' id='word_1_796' title='bbox 2111 4823 2244 4903; x_wconf 76' lang='lat' dir='ltr'><strong>ipsa.</strong></span> 
     </span>
    </p>
   </div>
   <div class='ocr_carea' id='block_1_92' title="bbox 653 4892 2250 4960">
    <p class='ocr_par' dir='ltr' id='par_1_92' title="bbox 653 4892 2250 4960">
     <span class='ocr_line' id='line_1_92' title="bbox 653 4892 2250 4960; baseline -0.006 -1"><span class='ocrx_word' id='word_1_797' title='bbox 653 4892 778 4960; x_wconf 61' lang='lat' dir='ltr'><strong>Hox</strong></span> <span class='ocrx_word' id='word_1_798' title='bbox 806 4892 858 4955; x_wconf 68' lang='lat' dir='ltr'><strong>in</strong></span> <span class='ocrx_word' id='word_1_799' title='bbox 883 4899 1041 4955; x_wconf 88' lang='lat' dir='ltr'><strong>editis</strong></span> <span class='ocrx_word' id='word_1_800' title='bbox 1067 4897 1266 4950; x_wconf 87' lang='lat' dir='ltr'><strong>amittat</strong></span> <span class='ocrx_word' id='word_1_801' title='bbox 1291 4936 1306 4960; x_wconf 92' lang='lat'><strong>,</strong></span> <span class='ocrx_word' id='word_1_802' title='bbox 1338 4911 1444 4948; x_wconf 89' lang='lat' dir='ltr'><strong>non</strong></span> <span class='ocrx_word' id='word_1_803' title='bbox 1478 4902 1536 4948; x_wconf 88' lang='lat' dir='ltr'><strong>nt</strong></span> <span class='ocrx_word' id='word_1_804' title='bbox 1566 4896 1619 4948; x_wconf 92' lang='lat' dir='ltr'><strong>in</strong></span> <span class='ocrx_word' id='word_1_805' title='bbox 1646 4907 1777 4947; x_wconf 86' lang='lat' dir='ltr'><strong>mss.</strong></span> <span class='ocrx_word' id='word_1_806' title='bbox 1802 4892 2008 4946; x_wconf 86' lang='lat' dir='ltr'><strong>amittit.</strong></span> <span class='ocrx_word' id='word_1_807' title='bbox 2043 4892 2250 4949; x_wconf 89' lang='lat' dir='ltr'><strong>Deinde</strong></span> 
     </span>
    </p>
   </div>
   <div class='ocr_carea' id='block_1_93' title="bbox 655 4963 2250 5046">
    <p class='ocr_par' dir='ltr' id='par_1_93' title="bbox 655 4963 2250 5046">
     <span class='ocr_line' id='line_1_93' title="bbox 655 4963 2250 5046; baseline -0.007 -17"><span class='ocrx_word' id='word_1_808' title='bbox 655 4990 755 5046; x_wconf 90' lang='lat' dir='ltr'><strong>pro</strong></span> <span class='ocrx_word' id='word_1_809' title='bbox 794 4982 992 5046; x_wconf 70' lang='lat' dir='ltr'><strong>natura:</strong></span> <span class='ocrx_word' id='word_1_810' title='bbox 1017 4969 1212 5046; x_wconf 77' lang='lat' dir='ltr'><strong>unitam</strong></span> <span class='ocrx_word' id='word_1_811' title='bbox 1255 4965 1640 5046; x_wconf 69' lang='lat' dir='ltr'><strong>similitudinem</strong></span> <span class='ocrx_word' id='word_1_812' title='bbox 1668 4963 1971 5046; x_wconf 38' lang='lat' dir='ltr'><strong>,.Er‘asm_us</strong></span> <span class='ocrx_word' id='word_1_813' title='bbox 1997 4963 2064 5017; x_wconf 92' lang='lat' dir='ltr'><strong>ad</strong></span> <span class='ocrx_word' id='word_1_814' title='bbox 2106 4981 2250 5046; x_wconf 79' lang='lat' dir='ltr'><strong>mar-</strong></span> 
     </span>
    </p>
   </div>
   <div class='ocr_carea' id='block_1_94' title="bbox 693 5035 2248 5108">
    <p class='ocr_par' dir='ltr' id='par_1_94' title="bbox 693 5035 2248 5108">
     <span class='ocr_line' id='line_1_94' title="bbox 693 5035 2248 5108; baseline -0.011 -9"><span class='ocrx_word' id='word_1_815' title='bbox 693 5049 832 5101; x_wconf 90' lang='lat' dir='ltr'><strong>inem</strong></span> <span class='ocrx_word' id='word_1_816' title='bbox 861 5039 1150 5108; x_wconf 87' lang='lat' dir='ltr'><strong>adscripsit</strong></span> <span class='ocrx_word' id='word_1_817' title='bbox 1169 5048 1368 5092; x_wconf 63' lang='lat' dir='ltr'><strong>natura</strong></span> <span class='ocrx_word' id='word_1_818' title='bbox 1395 5035 2062 5108; x_wconf 83' lang='lat' dir='ltr'><strong>nativitassimilitudinem,</strong></span> <span class='ocrx_word' id='word_1_819' title='bbox 2086 5037 2248 5091; x_wconf 79' lang='lat' dir='ltr'><strong>male,</strong></span> 
     </span>
    </p>
   </div>
   <div class='ocr_carea' id='block_1_95' title="bbox 653 5063 2246 5176">
    <p class='ocr_par' dir='ltr' id='par_1_95' title="bbox 653 5063 2246 5176">
     <span class='ocr_line' id='line_1_95' title="bbox 694 5063 2246 5108; baseline -0.007 -11"><span class='ocrx_word' id='word_1_820' title='bbox 694 5063 832 5101; x_wconf 88' lang='lat' dir='ltr'><strong>mem</strong></span> <span class='ocrx_word' id='word_1_821' title='bbox 861 5063 1150 5108; x_wconf 80' lang='lat' dir='ltr'><strong>auscrtpsu</strong></span> <span class='ocrx_word' id='word_1_822' title='bbox 1169 5063 1367 5092; x_wconf 76' lang='lat' dir='ltr'><strong>natura:</strong></span> <span class='ocrx_word' id='word_1_823' title='bbox 1395 5063 1631 5092; x_wconf 82' lang='lat' dir='ltr'><strong>muqu</strong></span> <span class='ocrx_word' id='word_1_824' title='bbox 1657 5063 2062 5100; x_wconf 71' lang='lat' dir='ltr'><strong>atuuuuunurm,</strong></span> <span class='ocrx_word' id='word_1_825' title='bbox 2087 5063 2246 5091; x_wconf 75' lang='lat' dir='ltr'><strong>Illum.</strong></span> 
     </span>
     <span class='ocr_line' id='line_1_96' title="bbox 653 5063 2246 5176; baseline -0.008 -2"><span class='ocrx_word' id='word_1_826' title='bbox 653 5063 868 5174; x_wconf 48' lang='lat' dir='ltr'><strong>ginitam</strong></span> <span class='ocrx_word' id='word_1_827' title='bbox 911 5110 1297 5168; x_wconf 81' lang='lat' dir='ltr'><strong>similitudinem</strong></span> <span class='ocrx_word' id='word_1_828' title='bbox 1327 5124 1445 5164; x_wconf 90' lang='lat' dir='ltr'><strong>eam</strong></span> <span class='ocrx_word' id='word_1_829' title='bbox 1489 5107 1720 5163; x_wconf 82' lang='lat' dir='ltr'><strong>Hilarius</strong></span> <span class='ocrx_word' id='word_1_830' title='bbox 1763 5115 1950 5168; x_wconf 89' lang='lat' dir='ltr'><strong>vocat,</strong></span> <span class='ocrx_word' id='word_1_831' title='bbox 1982 5121 2102 5176; x_wconf 73' lang='lat' dir='ltr'><strong>qua:</strong></span> <span class='ocrx_word' id='word_1_832' title='bbox 2127 5122 2246 5163; x_wconf 88' lang='lat' dir='ltr'><strong>cum</strong></span> 
     </span>
    </p>
   </div>
   <div class='ocr_carea' id='block_1_96' title="bbox 657 5179 2247 5251">
    <p class='ocr_par' dir='ltr' id='par_1_96' title="bbox 657 5179 2247 5251">
     <span class='ocr_line' id='line_1_97' title="bbox 657 5179 2247 5251; baseline -0.006 -8"><span class='ocrx_word' id='word_1_833' title='bbox 657 5199 864 5243; x_wconf 83' lang='lat' dir='ltr'><strong>naturae</strong></span> <span class='ocrx_word' id='word_1_834' title='bbox 893 5189 1100 5240; x_wconf 89' lang='lat' dir='ltr'><strong>unitate</strong></span> <span class='ocrx_word' id='word_1_835' title='bbox 1129 5180 1412 5251; x_wconf 88' lang='lat' dir='ltr'><strong>conjuncta</strong></span> <span class='ocrx_word' id='word_1_836' title='bbox 1455 5181 1544 5236; x_wconf 90' lang='lat' dir='ltr'><strong>sit.</strong></span> <span class='ocrx_word' id='word_1_837' title='bbox 1580 5179 1714 5235; x_wconf 80' lang='lat' dir='ltr'><strong>Vide</strong></span> <span class='ocrx_word' id='word_1_838' title='bbox 1759 5191 2021 5247; x_wconf 90' lang='lat' dir='ltr'><strong>responsa</strong></span> <span class='ocrx_word' id='word_1_839' title='bbox 2055 5179 2247 5250; x_wconf 88' lang='lat' dir='ltr'><strong>apolo-</strong></span> 
     </span>
    </p>
   </div>
   <div class='ocr_carea' id='block_1_97' title="bbox 653 5251 1463 5331">
    <p class='ocr_par' dir='ltr' id='par_1_97' title="bbox 653 5251 1463 5331">
     <span class='ocr_line' id='line_1_98' title="bbox 653 5251 1463 5331; baseline -0.014 -13"><span class='ocrx_word' id='word_1_840' title='bbox 653 5263 832 5331; x_wconf 79' lang='lat' dir='ltr'><strong>getica</strong></span> <span class='ocrx_word' id='word_1_841' title='bbox 849 5257 925 5331; x_wconf 91' lang='lat' dir='ltr'><strong>_a_d</strong></span> <span class='ocrx_word' id='word_1_842' title='bbox 953 5256 1145 5311; x_wconf 90' lang='lat' dir='ltr'><strong>librum</strong></span> <span class='ocrx_word' id='word_1_843' title='bbox 1168 5251 1463 5331; x_wconf 85' lang='lat' dir='ltr'><strong>de__Synod.</strong></span> 
     </span>
    </p>
   </div>
   <div class='ocr_carea' id='block_1_98' title="bbox 729 5322 2248 5403">
    <p class='ocr_par' dir='ltr' id='par_1_98' title="bbox 729 5322 2248 5403">
     <span class='ocr_line' id='line_1_99' title="bbox 729 5322 2248 5403; baseline -0.006 -16"><span class='ocrx_word' id='word_1_844' title='bbox 729 5331 802 5403; x_wconf 80' lang='grc' dir='ltr'><strong>(ε)</strong></span> <span class='ocrx_word' id='word_1_845' title='bbox 841 5329 932 5386; x_wconf 91' lang='lat' dir='ltr'><strong>Sic</strong></span> <span class='ocrx_word' id='word_1_846' title='bbox 957 5343 1087 5403; x_wconf 75' lang='lat' dir='ltr'><strong>mss.</strong></span> <span class='ocrx_word' id='word_1_847' title='bbox 1111 5333 1166 5380; x_wconf 89' lang='lat' dir='ltr'><strong>et</strong></span> <span class='ocrx_word' id='word_1_848' title='bbox 1189 5322 1344 5392; x_wconf 79' lang='lat' dir='ltr'><strong>edit.,</strong></span> <span class='ocrx_word' id='word_1_849' title='bbox 1375 5339 1526 5380; x_wconf 91' lang='lat' dir='ltr'><strong>num.</strong></span> <span class='ocrx_word' id='word_1_850' title='bbox 1557 5322 1663 5392; x_wconf 64' lang='lat'><strong>40,</strong></span> <span class='ocrx_word' id='word_1_851' title='bbox 1691 5324 1783 5396; x_wconf 85' lang='lat' dir='ltr'><strong>qui</strong></span> <span class='ocrx_word' id='word_1_852' title='bbox 1813 5323 1900 5378; x_wconf 89' lang='lat' dir='ltr'><strong>hic</strong></span> <span class='ocrx_word' id='word_1_853' title='bbox 1924 5330 1980 5379; x_wconf 90' lang='lat' dir='ltr'><strong>et</strong></span> <span class='ocrx_word' id='word_1_854' title='bbox 2001 5338 2149 5379; x_wconf 91' lang='lat' dir='ltr'><strong>num.</strong></span> <span class='ocrx_word' id='word_1_855' title='bbox 2179 5323 2248 5379; x_wconf 83' lang='grc'><strong>59</strong></span> 
     </span>
    </p>
   </div>
   <div class='ocr_carea' id='block_1_99' title="bbox 657 5401 1108 5466">
    <p class='ocr_par' dir='ltr' id='par_1_99' title="bbox 657 5401 1108 5466">
     <span class='ocr_line' id='line_1_100' title="bbox 657 5401 1108 5466; baseline -0.009 -8"><span class='ocrx_word' id='word_1_856' title='bbox 657 5401 858 5458; x_wconf 82' lang='lat' dir='ltr'><strong>habent</strong></span> <span class='ocrx_word' id='word_1_857' title='bbox 879 5442 893 5466; x_wconf 96' lang='lat'><strong>,</strong></span> <span class='ocrx_word' id='word_1_858' title='bbox 921 5401 1108 5455; x_wconf 84' lang='lat' dir='ltr'><strong>credis.</strong></span> 
     </span>
    </p>
   </div>
   <div class='ocr_carea' id='block_1_100' title="bbox 727 5465 2243 5548">
    <p class='ocr_par' dir='ltr' id='par_1_100' title="bbox 727 5465 2243 5548">
     <span class='ocr_line' id='line_1_101' title="bbox 727 5465 2243 5548; baseline -0.006 -19"><span class='ocrx_word' id='word_1_859' title='bbox 727 5473 810 5548; x_wconf 80' lang='grc' dir='ltr'>(ιι)</span> <span class='ocrx_word' id='word_1_860' title='bbox 849 5465 1011 5537; x_wconf 85' lang='lat' dir='ltr'><strong>Editi,</strong></span> <span class='ocrx_word' id='word_1_861' title='bbox 1040 5472 1093 5526; x_wconf 88' lang='lat' dir='ltr'><strong>in</strong></span> <span class='ocrx_word' id='word_1_862' title='bbox 1115 5467 1324 5525; x_wconf 79' lang='lat' dir='ltr'><strong>crimine</strong></span> <span class='ocrx_word' id='word_1_863' title='bbox 1350 5469 1436 5537; x_wconf 90' lang='lat' dir='ltr'><strong>sit,</strong></span> <span class='ocrx_word' id='word_1_864' title='bbox 1469 5469 1514 5524; x_wconf 91' lang='lat' dir='ltr'><strong>si</strong></span> <span class='ocrx_word' id='word_1_865' title='bbox 1542 5468 1597 5524; x_wconf 89' lang='lat' dir='ltr'><strong>in</strong></span> <span class='ocrx_word' id='word_1_866' title='bbox 1625 5468 1727 5539; x_wconf 78' lang='lat' dir='ltr'><strong>[ide</strong></span> <span class='ocrx_word' id='word_1_867' title='bbox 1750 5485 1769 5522; x_wconf 91' lang='lat'><strong>:</strong></span> <span class='ocrx_word' id='word_1_868' title='bbox 1791 5465 2150 5524; x_wconf 88' lang='lat' dir='ltr'><strong>emendantur</strong></span> <span class='ocrx_word' id='word_1_869' title='bbox 2178 5479 2243 5522; x_wconf 81' lang='lat' dir='ltr'><strong>ex</strong></span> 
     </span>
    </p>
   </div>
   <div class='ocr_carea' id='block_1_101' title="bbox 657 5560 789 5604">
    <p class='ocr_par' dir='ltr' id='par_1_101' title="bbox 657 5560 789 5604">
     <span class='ocr_line' id='line_1_102' title="bbox 657 5560 789 5604; baseline -0.023 0"><span class='ocrx_word' id='word_1_870' title='bbox 657 5560 789 5604; x_wconf 87' lang='lat' dir='ltr'><strong>mss.</strong></span> 
     </span>
    </p>
   </div>
   <div class='ocr_carea' id='block_1_102' title="bbox 731 5609 2249 5691">
    <p class='ocr_par' dir='ltr' id='par_1_102' title="bbox 731 5609 2249 5691">
     <span class='ocr_line' id='line_1_103' title="bbox 731 5609 2249 5691; baseline -0.006 -17"><span class='ocrx_word' id='word_1_871' title='bbox 731 5619 804 5691; x_wconf 81' lang='lat' dir='ltr'><strong>(e)</strong></span> <span class='ocrx_word' id='word_1_872' title='bbox 841 5615 1279 5691; x_wconf 74' lang='lat' dir='ltr'><strong>Cpnjunctio_et,</strong></span> <span class='ocrx_word' id='word_1_873' title='bbox 1311 5628 1376 5691; x_wconf 65' lang='lat' dir='ltr'><strong>es</strong></span> <span class='ocrx_word' id='word_1_874' title='bbox 1401 5627 1504 5686; x_wconf 89' lang='lat' dir='ltr'><strong>qua</strong></span> <span class='ocrx_word' id='word_1_875' title='bbox 1535 5612 1772 5691; x_wconf 73' lang='lat' dir='ltr'><strong>maxime</strong></span> <span class='ocrx_word' id='word_1_876' title='bbox 1810 5609 2008 5691; x_wconf 79' lang='lat' dir='ltr'><strong>pendet</strong></span> <span class='ocrx_word' id='word_1_877' title='bbox 2023 5609 2122 5691; x_wconf 85' lang='lat' dir='ltr'><strong>_vis</strong></span> <span class='ocrx_word' id='word_1_878' title='bbox 2159 5623 2249 5665; x_wconf 83' lang='lat' dir='ltr'><strong>ar-</strong></span> 
     </span>
    </p>
   </div>
   <div class='ocr_carea' id='block_1_103' title="bbox 657 5683 2249 5762">
    <p class='ocr_par' dir='ltr' id='par_1_103' title="bbox 657 5683 2249 5762">
     <span class='ocr_line' id='line_1_104' title="bbox 657 5683 2249 5762; baseline -0.006 -16"><span class='ocrx_word' id='word_1_879' title='bbox 657 5683 899 5762; x_wconf 79' lang='lat' dir='ltr'><strong>gumenti</strong></span> <span class='ocrx_word' id='word_1_880' title='bbox 948 5683 1134 5744; x_wconf 78' lang='lat' dir='ltr'><strong>contra</strong></span> <span class='ocrx_word' id='word_1_881' title='bbox 1171 5683 1538 5753; x_wconf 79' lang='lat' dir='ltr'><strong>Sabellianos,</strong></span> <span class='ocrx_word' id='word_1_882' title='bbox 1585 5687 1637 5740; x_wconf 92' lang='lat' dir='ltr'><strong>in</strong></span> <span class='ocrx_word' id='word_1_883' title='bbox 1669 5685 1898 5756; x_wconf 85' lang='lat' dir='ltr'><strong>vulgatis</strong></span> <span class='ocrx_word' id='word_1_884' title='bbox 1929 5683 2130 5738; x_wconf 87' lang='lat' dir='ltr'><strong>omissa</strong></span> <span class='ocrx_word' id='word_1_885' title='bbox 2158 5697 2249 5738; x_wconf 85' lang='lat' dir='ltr'><strong>re-</strong></span> 
     </span>
    </p>
   </div>
   <div class='ocr_carea' id='block_1_104' title="bbox 655 5763 1145 5819">
    <p class='ocr_par' dir='ltr' id='par_1_104' title="bbox 655 5763 1145 5819">
     <span class='ocr_line' id='line_1_105' title="bbox 655 5763 1145 5819; baseline -0.008 0"><span class='ocrx_word' id='word_1_886' title='bbox 655 5763 894 5819; x_wconf 84' lang='lat' dir='ltr'><strong>stituitur</strong></span> <span class='ocrx_word' id='word_1_887' title='bbox 915 5774 984 5816; x_wconf 80' lang='lat' dir='ltr'><strong>ex</strong></span> <span class='ocrx_word' id='word_1_888' title='bbox 1013 5773 1145 5815; x_wconf 88' lang='lat' dir='ltr'><strong>mss.</strong></span> 
     </span>
    </p>
   </div>
   <div class='ocr_carea' id='block_1_105' title="bbox 728 5824 2251 5902">
    <p class='ocr_par' dir='ltr' id='par_1_105' title="bbox 728 5824 2251 5902">
     <span class='ocr_line' id='line_1_106' title="bbox 728 5824 2251 5902; baseline -0.005 -14"><span class='ocrx_word' id='word_1_889' title='bbox 728 5831 798 5902; x_wconf 68' lang='grc' dir='ltr'><strong>(ι’)</strong></span> <span class='ocrx_word' id='word_1_890' title='bbox 837 5830 973 5888; x_wconf 90' lang='lat' dir='ltr'><strong>lllud</strong></span> <span class='ocrx_word' id='word_1_891' title='bbox 1001 5830 1056 5885; x_wconf 85' lang='lat' dir='ltr'><strong>in</strong></span> <span class='ocrx_word' id='word_1_892' title='bbox 1083 5845 1171 5898; x_wconf 88' lang='lat' dir='ltr'><strong>se,</strong></span> <span class='ocrx_word' id='word_1_893' title='bbox 1201 5828 1346 5902; x_wconf 91' lang='lat' dir='ltr'><strong>quod</strong></span> <span class='ocrx_word' id='word_1_894' title='bbox 1367 5826 1437 5884; x_wconf 90' lang='lat' dir='ltr'><strong>ad</strong></span> <span class='ocrx_word' id='word_1_895' title='bbox 1466 5836 1711 5886; x_wconf 86' lang='lat' dir='ltr'><strong>naturam</strong></span> <span class='ocrx_word' id='word_1_896' title='bbox 1749 5825 1981 5885; x_wconf 83' lang='lat' dir='ltr'><strong>refertur</strong></span> <span class='ocrx_word' id='word_1_897' title='bbox 2001 5869 2018 5897; x_wconf 87' lang='lat'><strong>,</strong></span> <span class='ocrx_word' id='word_1_898' title='bbox 2047 5824 2251 5899; x_wconf 84' lang='lat' dir='ltr'><strong>adjeci-</strong></span> 
     </span>
    </p>
   </div>
   <div class='ocr_carea' id='block_1_106' title="bbox 2355 4681 3193 4738">
    <p class='ocr_par' dir='ltr' id='par_1_106' title="bbox 2355 4681 3193 4738">
     <span class='ocr_line' id='line_1_107' title="bbox 2355 4681 3193 4738; baseline 0.002 -3"><span class='ocrx_word' id='word_1_899' title='bbox 2355 4683 2408 4735; x_wconf 85' lang='lat' dir='ltr'><strong>in</strong></span> <span class='ocrx_word' id='word_1_900' title='bbox 2448 4681 2526 4734; x_wconf 84' lang='lat' dir='ltr'><strong>his</strong></span> <span class='ocrx_word' id='word_1_901' title='bbox 2553 4682 2785 4734; x_wconf 85' lang='lat' dir='ltr'><strong>omnibus</strong></span> <span class='ocrx_word' id='word_1_902' title='bbox 2811 4682 3002 4738; x_wconf 85' lang='lat' dir='ltr'><strong>rebus:</strong></span> <span class='ocrx_word' id='word_1_903' title='bbox 3034 4684 3193 4738; x_wconf 87' lang='lat' dir='ltr'><strong>male.</strong></span> 
     </span>
    </p>
   </div>
   <div class='ocr_carea' id='block_1_107' title="bbox 2396 4752 3956 4835">
    <p class='ocr_par' dir='ltr' id='par_1_107' title="bbox 2396 4752 3956 4835">
     <span class='ocr_line' id='line_1_108' title="bbox 2396 4752 3956 4835; baseline 0.001 -29"><span class='ocrx_word' id='word_1_904' title='bbox 2396 4752 2503 4835; x_wconf 44' lang='lat' dir='ltr'><strong>.(g)</strong></span> <span class='ocrx_word' id='word_1_905' title='bbox 2525 4752 2673 4835; x_wconf 42' lang='lat' dir='ltr'><strong>.Batl.</strong></span> <span class='ocrx_word' id='word_1_906' title='bbox 2705 4759 2777 4835; x_wconf 40' lang='lat' dir='ltr'><strong>et.</strong></span> <span class='ocrx_word' id='word_1_907' title='bbox 2802 4752 2896 4808; x_wconf 88' lang='lat' dir='ltr'><strong>Er.</strong></span> <span class='ocrx_word' id='word_1_908' title='bbox 2929 4771 3026 4835; x_wconf 63' lang='lat' dir='ltr'><strong>nec</strong></span> <span class='ocrx_word' id='word_1_909' title='bbox 3055 4756 3410 4835; x_wconf 76' lang='lat' dir='ltr'><strong>diminutionis</strong></span> <span class='ocrx_word' id='word_1_910' title='bbox 3444 4755 3518 4835; x_wconf 73' lang='lat' dir='ltr'><strong>sit</strong></span> <span class='ocrx_word' id='word_1_911' title='bbox 3551 4755 3832 4835; x_wconf 74' lang='lat' dir='ltr'><strong>nativitas,_</strong></span> <span class='ocrx_word' id='word_1_912' title='bbox 3859 4770 3956 4808; x_wconf 85' lang='lat' dir='ltr'><strong>nec</strong></span> 
     </span>
    </p>
   </div>
   <div class='ocr_carea' id='block_1_108' title="bbox 2353 4823 3950 4906">
    <p class='ocr_par' dir='ltr' id='par_1_108' title="bbox 2353 4823 3950 4906">
     <span class='ocr_line' id='line_1_109' title="bbox 2353 4823 3950 4906; baseline 0.001 -29"><span class='ocrx_word' id='word_1_913' title='bbox 2353 4823 2679 4906; x_wconf 68' lang='lat' dir='ltr'><strong>diversitatis.</strong></span> <span class='ocrx_word' id='word_1_914' title='bbox 2721 4823 2866 4895; x_wconf 88' lang='lat' dir='ltr'><strong>Lips.</strong></span> <span class='ocrx_word' id='word_1_915' title='bbox 2905 4838 2958 4906; x_wconf 84' lang='lat' dir='ltr'><strong>e_t</strong></span> <span class='ocrx_word' id='word_1_916' title='bbox 2991 4826 3112 4881; x_wconf 86' lang='lat' dir='ltr'><strong>Par.</strong></span> <span class='ocrx_word' id='word_1_917' title='bbox 3143 4844 3232 4881; x_wconf 86' lang='lat' dir='ltr'><strong>nec</strong></span> <span class='ocrx_word' id='word_1_918' title='bbox 3269 4827 3550 4906; x_wconf 61' lang='lat' dir='ltr'><strong>demutatio</strong></span> <span class='ocrx_word' id='word_1_919' title='bbox 3576 4828 3640 4906; x_wconf 75' lang='lat' dir='ltr'><strong>sit</strong></span> <span class='ocrx_word' id='word_1_920' title='bbox 3679 4828 3950 4906; x_wconf 61' lang='lat' dir='ltr'><strong>nativitgs,</strong></span> 
     </span>
    </p>
   </div>
   <div class='ocr_carea' id='block_1_109' title="bbox 2354 4895 3954 4966">
    <p class='ocr_par' dir='ltr' id='par_1_109' title="bbox 2354 4895 3954 4966">
     <span class='ocr_line' id='line_1_110' title="bbox 2354 4895 3954 4966; baseline 0.002 -19"><span class='ocrx_word' id='word_1_921' title='bbox 2354 4911 2444 4948; x_wconf 87' lang='lat' dir='ltr'><strong>nec</strong></span> <span class='ocrx_word' id='word_1_922' title='bbox 2473 4895 2742 4950; x_wconf 75' lang='lat' dir='ltr'><strong>diversitas</strong></span> <span class='ocrx_word' id='word_1_923' title='bbox 2766 4913 2784 4950; x_wconf 87' lang='lat'><strong>:</strong></span> <span class='ocrx_word' id='word_1_924' title='bbox 2811 4899 3074 4966; x_wconf 88' lang='lat' dir='ltr'><strong>castigant</strong></span> <span class='ocrx_word' id='word_1_925' title='bbox 3105 4914 3215 4952; x_wconf 89' lang='lat' dir='ltr'><strong>mss</strong></span> <span class='ocrx_word' id='word_1_926' title='bbox 3269 4898 3362 4952; x_wconf 77' lang='lat' dir='ltr'><strong>llis</strong></span> <span class='ocrx_word' id='word_1_927' title='bbox 3395 4900 3577 4954; x_wconf 88' lang='lat' dir='ltr'><strong>verbis</strong></span> <span class='ocrx_word' id='word_1_928' title='bbox 3598 4897 3761 4952; x_wconf 89' lang='lat' dir='ltr'><strong>Arius</strong></span> <span class='ocrx_word' id='word_1_929' title='bbox 3784 4895 3954 4952; x_wconf 77' lang='lat' dir='ltr'><strong>refel-</strong></span> 
     </span>
    </p>
   </div>
   <div class='ocr_carea' id='block_1_110' title="bbox 2354 4966 3954 5048">
    <p class='ocr_par' dir='ltr' id='par_1_110' title="bbox 2354 4966 3954 5048">
     <span class='ocr_line' id='line_1_111' title="bbox 2354 4966 3954 5048; baseline 0.003 -29"><span class='ocrx_word' id='word_1_930' title='bbox 2354 4966 2480 5048; x_wconf 71' lang='lat' dir='ltr'><strong>litur</strong></span> <span class='ocrx_word' id='word_1_931' title='bbox 2495 5008 2520 5048; x_wconf 76' lang='lat'><strong>,_</strong></span> <span class='ocrx_word' id='word_1_932' title='bbox 2535 4968 2625 5048; x_wconf 78' lang='lat' dir='ltr'><strong>qui</strong></span> <span class='ocrx_word' id='word_1_933' title='bbox 2651 4967 2928 5048; x_wconf 58' lang='lat' dir='ltr'><strong>(ibristum</strong></span> <span class='ocrx_word' id='word_1_934' title='bbox 2948 4980 3039 5022; x_wconf 87' lang='lat' dir='ltr'><strong>aut</strong></span> <span class='ocrx_word' id='word_1_935' title='bbox 3064 4970 3294 5048; x_wconf 69' lang='lat' dir='ltr'><strong>diversae</strong></span> <span class='ocrx_word' id='word_1_936' title='bbox 3314 4970 3630 5048; x_wconf 69' lang='lat' dir='ltr'><strong>substantia:</strong></span> <span class='ocrx_word' id='word_1_937' title='bbox 3649 5011 3662 5031; x_wconf 87' lang='lat'><strong>,</strong></span> <span class='ocrx_word' id='word_1_938' title='bbox 3687 4978 3780 5022; x_wconf 87' lang='lat' dir='ltr'><strong>aut</strong></span> <span class='ocrx_word' id='word_1_939' title='bbox 3801 4977 3954 5048; x_wconf 66' lang='lat' dir='ltr'><strong>certe</strong></span> 
     </span>
    </p>
   </div>
   <div class='ocr_carea' id='block_1_111' title="bbox 2355 5036 3954 5112">
    <p class='ocr_par' dir='ltr' id='par_1_111' title="bbox 2355 5036 3954 5112">
     <span class='ocr_line' id='line_1_112' title="bbox 2355 5036 3954 5112; baseline 0.003 -21"><span class='ocrx_word' id='word_1_940' title='bbox 2355 5036 2652 5093; x_wconf 85' lang='lat' dir='ltr'><strong>divinitatis</strong></span> <span class='ocrx_word' id='word_1_941' title='bbox 2692 5039 2960 5112; x_wconf 61' lang='lat' dir='ltr'><strong>interioris</strong></span> <span class='ocrx_word' id='word_1_942' title='bbox 2999 5049 3052 5096; x_wconf 89' lang='lat' dir='ltr'><strong>et</strong></span> <span class='ocrx_word' id='word_1_943' title='bbox 3085 5041 3384 5096; x_wconf 75' lang='lat' dir='ltr'><strong>imminuta:</strong></span> <span class='ocrx_word' id='word_1_944' title='bbox 3424 5040 3771 5112; x_wconf 70' lang='lat' dir='ltr'><strong>prmdiCabat.</strong></span> <span class='ocrx_word' id='word_1_945' title='bbox 3819 5038 3954 5095; x_wconf 78' lang='lat' dir='ltr'><strong>Vide</strong></span> 
     </span>
    </p>
   </div>
   <div class='ocr_carea' id='block_1_112' title="bbox 2355 5109 2797 5178">
    <p class='ocr_par' dir='ltr' id='par_1_112' title="bbox 2355 5109 2797 5178">
     <span class='ocr_line' id='line_1_113' title="bbox 2355 5109 2797 5178; baseline -0.007 -14"><span class='ocrx_word' id='word_1_946' title='bbox 2355 5123 2538 5178; x_wconf 90' lang='lat' dir='ltr'><strong>supra,</strong></span> <span class='ocrx_word' id='word_1_947' title='bbox 2563 5125 2711 5165; x_wconf 87' lang='lat' dir='ltr'><strong>num.</strong></span> <span class='ocrx_word' id='word_1_948' title='bbox 2743 5109 2797 5165; x_wconf 88' lang='lat'><strong>6.</strong></span> 
     </span>
    </p>
   </div>
   <div class='ocr_carea' id='block_1_113' title="bbox 2428 5180 3955 5257">
    <p class='ocr_par' dir='ltr' id='par_1_113' title="bbox 2428 5180 3955 5257">
     <span class='ocr_line' id='line_1_114' title="bbox 2428 5180 3955 5257; baseline 0.004 -23"><span class='ocrx_word' id='word_1_949' title='bbox 2428 5180 2510 5257; x_wconf 64' lang='lat' dir='ltr'><strong>(lt)</strong></span> <span class='ocrx_word' id='word_1_950' title='bbox 2551 5182 2698 5237; x_wconf 83' lang='lat' dir='ltr'><strong>Unus</strong></span> <span class='ocrx_word' id='word_1_951' title='bbox 2721 5181 2902 5257; x_wconf 80' lang='lat' dir='ltr'><strong>codex</strong></span> <span class='ocrx_word' id='word_1_952' title='bbox 2929 5182 3272 5240; x_wconf 81' lang='lat' dir='ltr'><strong>Colbertinus</strong></span> <span class='ocrx_word' id='word_1_953' title='bbox 3314 5202 3404 5257; x_wconf 87' lang='lat' dir='ltr'><strong>per</strong></span> <span class='ocrx_word' id='word_1_954' title='bbox 3434 5184 3766 5240; x_wconf 90' lang='lat' dir='ltr'><strong>nativitatem.</strong></span> <span class='ocrx_word' id='word_1_955' title='bbox 3799 5182 3955 5240; x_wconf 87' lang='lat' dir='ltr'><strong>Alter</strong></span> 
     </span>
    </p>
   </div>
   <div class='ocr_carea' id='block_1_114' title="bbox 2351 5252 2904 5308">
    <p class='ocr_par' dir='ltr' id='par_1_114' title="bbox 2351 5252 2904 5308">
     <span class='ocr_line' id='line_1_115' title="bbox 2351 5252 2904 5308; baseline 0.004 -2"><span class='ocrx_word' id='word_1_956' title='bbox 2351 5252 2584 5308; x_wconf 81' lang='lat' dir='ltr'><strong>Sorbnn.</strong></span> <span class='ocrx_word' id='word_1_957' title='bbox 2623 5254 2904 5308; x_wconf 64' lang='lat' dir='ltr'><strong>ntttt&#39;vt&#39;late.</strong></span> 
     </span>
    </p>
   </div>
   <div class='ocr_carea' id='block_1_115' title="bbox 2425 5323 3944 5398">
    <p class='ocr_par' dir='ltr' id='par_1_115' title="bbox 2425 5323 3944 5398">
     <span class='ocr_line' id='line_1_116' title="bbox 2425 5323 3944 5398; baseline 0.001 -18"><span class='ocrx_word' id='word_1_958' title='bbox 2425 5325 2486 5398; x_wconf 83' lang='lat' dir='ltr'><strong>(_i)</strong></span> <span class='ocrx_word' id='word_1_959' title='bbox 2529 5323 2672 5380; x_wconf 89' lang='lat' dir='ltr'><strong>Edit.</strong></span> <span class='ocrx_word' id='word_1_960' title='bbox 2720 5325 2849 5381; x_wconf 90' lang='lat' dir='ltr'><strong>Bad.</strong></span> <span class='ocrx_word' id='word_1_961' title='bbox 2877 5335 2932 5382; x_wconf 90' lang='lat' dir='ltr'><strong>et</strong></span> <span class='ocrx_word' id='word_1_962' title='bbox 2963 5327 3054 5382; x_wconf 89' lang='lat' dir='ltr'><strong>Er.</strong></span> <span class='ocrx_word' id='word_1_963' title='bbox 3086 5343 3195 5382; x_wconf 89' lang='lat' dir='ltr'><strong>esse</strong></span> <span class='ocrx_word' id='word_1_964' title='bbox 3220 5326 3318 5383; x_wconf 84' lang='lat' dir='ltr'><strong>Dei</strong></span> <span class='ocrx_word' id='word_1_965' title='bbox 3346 5338 3554 5385; x_wconf 85' lang='lat' dir='ltr'><strong>natura.</strong></span> <span class='ocrx_word' id='word_1_966' title='bbox 3580 5327 3774 5383; x_wconf 79' lang='lat' dir='ltr'><strong>Verius</strong></span> <span class='ocrx_word' id='word_1_967' title='bbox 3796 5326 3944 5398; x_wconf 76' lang='lat' dir='ltr'><strong>Lips.</strong></span> 
     </span>
    </p>
   </div>
   <div class='ocr_carea' id='block_1_116' title="bbox 2353 5395 3948 5478">
    <p class='ocr_par' dir='ltr' id='par_1_116' title="bbox 2353 5395 3948 5478">
     <span class='ocr_line' id='line_1_117' title="bbox 2353 5395 3948 5478; baseline 0.001 -28"><span class='ocrx_word' id='word_1_968' title='bbox 2353 5405 2408 5478; x_wconf 81' lang='lat' dir='ltr'><strong>et</strong></span> <span class='ocrx_word' id='word_1_969' title='bbox 2438 5395 2566 5478; x_wconf 81' lang='lat' dir='ltr'><strong>Par._</strong></span> <span class='ocrx_word' id='word_1_970' title='bbox 2593 5410 2714 5450; x_wconf 91' lang='lat' dir='ltr'><strong>cum</strong></span> <span class='ocrx_word' id='word_1_971' title='bbox 2755 5411 2884 5478; x_wconf 88' lang='lat' dir='ltr'><strong>mss.</strong></span> <span class='ocrx_word' id='word_1_972' title='bbox 2918 5415 2980 5453; x_wconf 82' lang='lat' dir='ltr'><strong>ea:</strong></span> <span class='ocrx_word' id='word_1_973' title='bbox 3006 5415 3060 5454; x_wconf 88' lang='lat' dir='ltr'><strong>se</strong></span> <span class='ocrx_word' id='word_1_974' title='bbox 3079 5415 3098 5453; x_wconf 92' lang='lat'><strong>:</strong></span> <span class='ocrx_word' id='word_1_975' title='bbox 3129 5399 3381 5478; x_wconf 77' lang='lat' dir='ltr'><strong>ho_c_est,</strong></span> <span class='ocrx_word' id='word_1_976' title='bbox 3410 5402 3572 5478; x_wconf 74' lang='lat' dir='ltr'><strong>Pater</strong></span> <span class='ocrx_word' id='word_1_977' title='bbox 3615 5415 3766 5457; x_wconf 86' lang='lat' dir='ltr'><strong>suam</strong></span> <span class='ocrx_word' id='word_1_978' title='bbox 3792 5395 3948 5478; x_wconf 62' lang='lat' dir='ltr'><strong>filio</strong></span> 
     </span>
    </p>
   </div>
   <div class='ocr_carea' id='block_1_117' title="bbox 2355 5467 3953 5550">
    <p class='ocr_par' dir='ltr' id='par_1_117' title="bbox 2355 5467 3953 5550">
     <span class='ocr_line' id='line_1_118' title="bbox 2355 5467 3953 5550; baseline -0.001 -25"><span class='ocrx_word' id='word_1_979' title='bbox 2355 5467 2670 5550; x_wconf 69' lang='lat' dir='ltr'><strong>impertietts</strong></span> <span class='ocrx_word' id='word_1_980' title='bbox 2697 5477 2940 5550; x_wconf 80' lang='lat' dir='ltr'><strong>naturam</strong></span> <span class='ocrx_word' id='word_1_981' title='bbox 2970 5485 3074 5550; x_wconf 61' lang='grc' dir='ltr'>ιιοιι</span> <span class='ocrx_word' id='word_1_982' title='bbox 3103 5471 3280 5550; x_wconf 81' lang='lat' dir='ltr'><strong>amisit</strong></span> <span class='ocrx_word' id='word_1_983' title='bbox 3309 5467 3451 5543; x_wconf 85' lang='lat' dir='ltr'><strong>quod</strong></span> <span class='ocrx_word' id='word_1_984' title='bbox 3479 5488 3545 5530; x_wconf 83' lang='lat' dir='ltr'><strong>ex</strong></span> <span class='ocrx_word' id='word_1_985' title='bbox 3572 5486 3632 5527; x_wconf 86' lang='lat' dir='ltr'><strong>so</strong></span> <span class='ocrx_word' id='word_1_986' title='bbox 3659 5481 3764 5526; x_wconf 69' lang='lat' dir='ltr'><strong>est.</strong></span> <span class='ocrx_word' id='word_1_987' title='bbox 3792 5470 3953 5550; x_wconf 61' lang='lat' dir='ltr'><strong>Pater</strong></span> 
     </span>
    </p>
   </div>
   <div class='ocr_carea' id='block_1_118' title="bbox 2357 5539 3953 5611">
    <p class='ocr_par' dir='ltr' id='par_1_118' title="bbox 2357 5539 3953 5611">
     <span class='ocr_line' id='line_1_119' title="bbox 2357 5539 3953 5611; baseline 0.001 -18"><span class='ocrx_word' id='word_1_988' title='bbox 2357 5548 2416 5594; x_wconf 87' lang='grc' dir='ltr'><strong>ιιι</strong></span> <span class='ocrx_word' id='word_1_989' title='bbox 2443 5539 2715 5611; x_wconf 82' lang='lat' dir='ltr'><strong>ingenitus</strong></span> <span class='ocrx_word' id='word_1_990' title='bbox 2741 5549 2798 5594; x_wconf 88' lang='lat' dir='ltr'><strong>et</strong></span> <span class='ocrx_word' id='word_1_991' title='bbox 2838 5542 3000 5595; x_wconf 78' lang='lat' dir='ltr'><strong>tutius</strong></span> <span class='ocrx_word' id='word_1_992' title='bbox 3035 5541 3154 5597; x_wconf 79' lang='lat' dir='ltr'><strong>fons</strong></span> <span class='ocrx_word' id='word_1_993' title='bbox 3190 5539 3485 5599; x_wconf 81' lang='lat' dir='ltr'><strong>divinitatis</strong></span> <span class='ocrx_word' id='word_1_994' title='bbox 3510 5553 3597 5599; x_wconf 85' lang='lat' dir='ltr'><strong>est</strong></span> <span class='ocrx_word' id='word_1_995' title='bbox 3621 5552 3808 5598; x_wconf 82' lang='lat' dir='ltr'><strong>natura</strong></span> <span class='ocrx_word' id='word_1_996' title='bbox 3852 5539 3953 5595; x_wconf 85' lang='lat' dir='ltr'><strong>Dei</strong></span> 
     </span>
    </p>
   </div>
   <div class='ocr_carea' id='block_1_119' title="bbox 2357 5611 3955 5686">
    <p class='ocr_par' dir='ltr' id='par_1_119' title="bbox 2357 5611 3955 5686">
     <span class='ocr_line' id='line_1_120' title="bbox 2357 5611 3955 5686; baseline 0.001 -22"><span class='ocrx_word' id='word_1_997' title='bbox 2357 5626 2421 5665; x_wconf 80' lang='lat' dir='ltr'><strong>ex</strong></span> <span class='ocrx_word' id='word_1_998' title='bbox 2440 5625 2716 5686; x_wconf 48' lang='lat' dir='ltr'><strong>salquam</strong></span> <span class='ocrx_word' id='word_1_999' title='bbox 2744 5627 2774 5686; x_wconf 69' lang='grc' dir='ltr'>ξι</span> <span class='ocrx_word' id='word_1_1000' title='bbox 2806 5611 2962 5686; x_wconf 80' lang='lat' dir='ltr'><strong>Patre</strong></span> <span class='ocrx_word' id='word_1_1001' title='bbox 3001 5614 3256 5686; x_wconf 86' lang='lat' dir='ltr'><strong>obtinens</strong></span> <span class='ocrx_word' id='word_1_1002' title='bbox 3291 5614 3462 5670; x_wconf 86' lang='lat' dir='ltr'><strong>Filius</strong></span> <span class='ocrx_word' id='word_1_1003' title='bbox 3505 5616 3610 5670; x_wconf 86' lang='lat' dir='ltr'><strong>dici</strong></span> <span class='ocrx_word' id='word_1_1004' title='bbox 3646 5624 3818 5686; x_wconf 87' lang='lat' dir='ltr'><strong>potest</strong></span> <span class='ocrx_word' id='word_1_1005' title='bbox 3857 5629 3955 5666; x_wconf 87' lang='lat' dir='ltr'><strong>na-</strong></span> 
     </span>
    </p>
   </div>
   <div class='ocr_carea' id='block_1_120' title="bbox 2359 5680 3954 5754">
    <p class='ocr_par' dir='ltr' id='par_1_120' title="bbox 2359 5680 3954 5754">
     <span class='ocr_line' id='line_1_121' title="bbox 2359 5680 3954 5754; baseline 0.002 -18"><span class='ocrx_word' id='word_1_1006' title='bbox 2359 5692 2475 5736; x_wconf 89' lang='lat' dir='ltr'><strong>tura</strong></span> <span class='ocrx_word' id='word_1_1007' title='bbox 2495 5680 2592 5754; x_wconf 85' lang='lat' dir='ltr'><strong>Dei</strong></span> <span class='ocrx_word' id='word_1_1008' title='bbox 2619 5699 2682 5737; x_wconf 78' lang='lat' dir='ltr'><strong>ea:</strong></span> <span class='ocrx_word' id='word_1_1009' title='bbox 2704 5683 2827 5754; x_wconf 81' lang='lat' dir='ltr'><strong>alio.</strong></span> <span class='ocrx_word' id='word_1_1010' title='bbox 2856 5684 2968 5752; x_wconf 86' lang='lat' dir='ltr'><strong>Qua</strong></span> <span class='ocrx_word' id='word_1_1011' title='bbox 3000 5685 3250 5748; x_wconf 81' lang='lat' dir='ltr'><strong>loquendi</strong></span> <span class='ocrx_word' id='word_1_1012' title='bbox 3278 5687 3488 5743; x_wconf 88' lang='lat' dir='ltr'><strong>ratione</strong></span> <span class='ocrx_word' id='word_1_1013' title='bbox 3512 5680 3770 5743; x_wconf 76' lang='lat' dir='ltr'><strong>habemus</strong></span> <span class='ocrx_word' id='word_1_1014' title='bbox 3790 5699 3954 5754; x_wconf 87' lang='lat' dir='ltr'><strong>supra</strong></span> 
     </span>
    </p>
   </div>
   <div class='ocr_carea' id='block_1_121' title="bbox 2358 5753 3954 5837">
    <p class='ocr_par' dir='ltr' id='par_1_121' title="bbox 2358 5753 3954 5837">
     <span class='ocr_line' id='line_1_122' title="bbox 2358 5753 3954 5837; baseline 0.001 -30"><span class='ocrx_word' id='word_1_1015' title='bbox 2358 5769 2511 5837; x_wconf 66' lang='lat' dir='ltr'><strong>num.</strong></span> <span class='ocrx_word' id='word_1_1016' title='bbox 2541 5753 2606 5808; x_wconf 77' lang='grc'><strong>17</strong></span> <span class='ocrx_word' id='word_1_1017' title='bbox 2631 5770 2645 5807; x_wconf 92' lang='lat'><strong>:</strong></span> <span class='ocrx_word' id='word_1_1018' title='bbox 2673 5753 2804 5837; x_wconf 64' lang='lat' dir='ltr'><strong>gum</strong></span> <span class='ocrx_word' id='word_1_1019' title='bbox 2828 5766 3013 5837; x_wconf 58' lang='lat' dir='ltr'><strong>ruitura</strong></span> <span class='ocrx_word' id='word_1_1020' title='bbox 3037 5754 3136 5810; x_wconf 90' lang='lat' dir='ltr'><strong>Dei</strong></span> <span class='ocrx_word' id='word_1_1021' title='bbox 3153 5758 3209 5810; x_wconf 85' lang='lat' dir='ltr'><strong>in</strong></span> <span class='ocrx_word' id='word_1_1022' title='bbox 3234 5770 3472 5814; x_wconf 84' lang='lat' dir='ltr'><strong>naturam</strong></span> <span class='ocrx_word' id='word_1_1023' title='bbox 3498 5755 3598 5815; x_wconf 85' lang='lat' dir='ltr'><strong>Dei</strong></span> <span class='ocrx_word' id='word_1_1024' title='bbox 3623 5753 3954 5825; x_wconf 81' lang='lat' dir='ltr'><strong>substitisset,</strong></span> 
     </span>
    </p>
   </div>
   <div class='ocr_carea' id='block_1_122' title="bbox 2355 5823 3364 5893">
    <p class='ocr_par' dir='ltr' id='par_1_122' title="bbox 2355 5823 3364 5893">
     <span class='ocr_line' id='line_1_123' title="bbox 2355 5823 3364 5893; baseline 0.005 -12"><span class='ocrx_word' id='word_1_1025' title='bbox 2355 5825 2411 5882; x_wconf 89' lang='lat' dir='ltr'><strong>id</strong></span> <span class='ocrx_word' id='word_1_1026' title='bbox 2436 5833 2539 5893; x_wconf 87' lang='lat' dir='ltr'><strong>est,</strong></span> <span class='ocrx_word' id='word_1_1027' title='bbox 2571 5841 2635 5882; x_wconf 78' lang='lat' dir='ltr'><strong>ea:</strong></span> <span class='ocrx_word' id='word_1_1028' title='bbox 2665 5823 2822 5884; x_wconf 88' lang='lat' dir='ltr'><strong>Patre</strong></span> <span class='ocrx_word' id='word_1_1029' title='bbox 2841 5825 3013 5885; x_wconf 84' lang='lat' dir='ltr'><strong>Filius</strong></span> <span class='ocrx_word' id='word_1_1030' title='bbox 3039 5838 3192 5885; x_wconf 88' lang='lat' dir='ltr'><strong>natus</strong></span> <span class='ocrx_word' id='word_1_1031' title='bbox 3217 5841 3364 5888; x_wconf 85' lang='lat' dir='ltr'><strong>esset.</strong></span> 
     </span>
    </p>
   </div>
  </div>
