4246 6260
323 336 440 394 9.ῖό

1544 341 1629 398 DE
1668 339 2036 401 TRINITATE
2073 345 2279 403 LIBER
2323 346 2456 406 Vlll.

3537 359 3642 418 2'54

322 452 456 507 dum
500 451 632 510 nihil
678 451 730 509 in
777 451 864 507 his
907 459 1103 508 novum
1141 461 1264 518 est,
1295 454 1428 535 nihil
1477 456 1710 512 alienmn
1734 499 1748 524 ,
1800 457 1931 513 nihil
1960 466 2008 523 Α
2037 479 2116 516 me
2157 464 2346 532 (Ibid,
2384 465 2493 534 ll).
2528 463 2666 533 Quid
2714 472 2796 522 est
2827 465 2989 533 istud,
3045 482 3207 540 rogo:
3239 469 3442 527 Credite
3477 476 3640 532 mihi?

323 547 664 614 separabile,
698 545 826 599 dum
856 545 906 598 in
938 545 1094 601 Patre
1121 557 1174 602 et
1213 546 1350 601 Filio
1381 550 1602 604 credere
1634 550 1766 604 deos
1796 551 1932 605 duos

323 641 553 710 impium
585 649 700 704 est,
725 639 853 694 dum
878 639 1092 695 Patrem
1113 649 1165 695 et
1191 641 1385 696 Filium
1411 643 1731 712 singularem
1767 645 1930 698 Deum

322 733 631 805 praedicare
677 733 998 804 sacrilegum
1030 742 1145 800 est,
1175 734 1300 790 dum
1335 735 1499 791 Deum
1533 752 1598 790 ex
1642 737 1749 791 Deo
1788 735 1930 806 quod

324 827 382 882 in
405 825 761 883 similitudine
781 826 998 898 generis
1018 829 1311 907 unum_sint
1332 845 1529 900 negare
1552 829 1930 900 blaSphemum

322 929 432 978 est.

401 1013 494 1071 40.
538 1012 650 1069 Nec
677 1014 824 1070 aliud
859 1024 1006 1081 sunt,
1038 1031 1130 1071 nec
1156 1031 1288 1071 unus
1310 1031 1330 1071 :
1359 1017 1480 1073 dum
1520 1025 1566 1072 et
1592 1017 1815 1089 loquitur
1838 1016 1932 1070 Fi-

325 1109 468 1176 lius,
501 1109 588 1164 sed
613 1125 716 1164 non
755 1127 787 1163 a
827 1126 882 1164 se
904 1125 923 1163 :
953 1111 1078 1164 dum
1114 1109 1268 1166 Pater
1305 1111 1445 1183 agit,
1479 1111 1569 1165 sed
1604 1127 1693 1180 per
1737 1110 1933 1165 Filium

324 1203 386 1258 in
410 1219 512 1274 quo
540 1214 586 1258 et
617 1214 838 1260 maneat.
863 1234 937 1245 —
965 1206 1044 1262 Ac
1076 1220 1144 1261 ne
1171 1205 1393 1260 dubium
1427 1206 1530 1261 hoc
1567 1214 1729 1276 atque
1757 1205 1930 1260 ambi-

320 1311 497 1368 guum
519 1307 910 1354 sacramentum
941 1299 1073 1354 ﬁdes
1095 1300 1406 1369 evangelica
1432 1301 1767 1370 susciperet,
1791 1302 1933 1357 hunc

321 1390 592 1446 doctrina:
620 1407 729 1446 sum
755 1392 1015 1447 Dominus
1045 1392 1289 1448 ordinem
1333 1394 1505 1448 tenuit
1528 1411 1540 1446 :
1577 1392 1699 1447 Non
1727 1393 1933 1447 creditis

321 1482 486 1545 nti/ti,
537 1483 781 1550 quoniam
826 1499 920 1554 ego
968 1484 1021 1536 in
1075 1482 1266 1550 Patre,
1301 1483 1384 1554 (l)
1430 1494 1481 1538 et
1510 1483 1668 1538 Pater
1715 1485 1769 1538 in
1817 1485 1935 1538 me?

333 1572 503 1629 Verba
545 1591 661 1646 qua:
701 1592 792 1646 ego
834 1577 1014 1646 loquor
1042 1578 1213 1643 vobis,
1267 1594 1370 1631 non
1407 1595 1438 1631 a
1475 1594 1553 1631 me
1589 1578 1805 1648 loquor;
1844 1578 1934 1632 sed

326 1666 511 1735 Pater,
535 1669 620 1738 qui
646 1670 702 1722 in
723 1684 804 1722 me
825 1680 1015 1735 manet,
1042 1670 1148 1740 ipse
1171 1670 1292 1739 facit
1314 1686 1469 1739 opera
1493 1686 1587 1724 sua
1611 1669 1788 1737 (Joan.
1816 1685 1932 1737 xw,

329 1763 448 1834 10).
476 1763 702 1831 Quibus,
731 1778 884 1834 rogo,
928 1762 1048 1818 aliis
1075 1765 1126 1818 in
1157 1764 1316 1819 Patre
1336 1775 1390 1818 et
1420 1764 1560 1820 Filio
1587 1775 1790 1820 natura:
1810 1779 1937 1834 pro-

2037 553 2192 610 Certe
2220 556 2286 609 ad
2333 557 2380 609 id
2416 556 2649 612 refertur
2675 559 2816 628 quod
2847 559 3048 614 dictum
3081 571 3192 618 est:
3232 562 3455 618 Ostende
3496 569 3638 622 nobis

2037 645 2263 702 Patrem.
2319 648 2478 704 Fides
2520 651 2872 706 conﬁrmatur
2916 668 2981 707 ex
3022 655 3278 710 credendi
3329 672 3635 728 pra-cepto,

2035 753 2089 796 et
2133 758 2194 797 ea
2234 743 2368 798 ﬁdes
2399 744 2473 816 (ὁ)
2502 761 2621 815 qua:
2655 747 2865 802 Patrem
2898 749 2997 802 sibi
3026 751 3237 805 ostendi
3289 764 3632 822 poposcerat.

2035 833 2150 890 Non
2182 837 2324 891 enim
2371 837 2660 894 sull'ecerat
2696 841 2933 895 dixisse:
2971 842 3071 909 Qui
3111 859 3188 897 me
3233 845 3388 909 vidit,
3423 847 3546 900 vidit
3589 855 3637 901 et

2037 925 2282 994 Patrem,
2311 928 2413 983 nisi
2463 929 2870 1000 intelligentiam
2913 943 3152 989 nostram
3188 950 3253 989 eo
3295 952 3462 1008 usque
3503 952 3627 1008 pro-

2037 1019 2314 1084 tenderet,
2341 1030 2400 1075 ut
2441 1036 2562 1076 cum
2592 1022 2804 1079 Patrem
2840 1040 3188 1083 nosceremns
3233 1029 3284 1083 in
3338 1030 3512 1097 Filio,
3544 1031 3631 1086 Fi-

2035 1111 2165 1166 lium
2200 1121 2377 1169 tamen
2420 1130 2542 1170 esse
2571 1116 3006 1173 meminissemus
3049 1120 3099 1174 in
3130 1120 3323 1178 Patre:
3355 1139 3422 1177 ne
3453 1130 3634 1179 trans-

2035 1203 2176 1260 fusio
2204 1210 2379 1277 potius
2401 1208 2623 1263 alterius
2655 1210 2708 1263 in
2740 1209 2969 1266 alterum
2992 1213 3402 1269 existimaretur
3423 1257 3438 1282 ,
3472 1233 3632 1286 quam

2037 1312 2134 1367 per
2160 1301 2564 1369 generationem
2612 1303 3051 1375 nativitatemque
3094 1307 3271 1362 unitas
3303 1309 3544 1377 ejusdem
3580 1312 3630 1365 in

2036 1399 2263 1462 utroque
2293 1404 2518 1447 naturae.
2547 1393 2706 1448 Credi
2748 1395 2928 1465 itaque
2957 1397 3055 1451 sibi
3088 1385 3358 1454 Dominus
3377 1403 3521 1466 vult,
3566 1420 3634 1458 ne

2036 1482 2176 1538 forte
2199 1499 2292 1554 per
2312 1486 2475 1557 209
2493 1490 2750 1556 assumpti
2769 1487 3003 1544 hominis
3030 1489 3480 1561 dispensationem
3511 1496 3631 1552 fidei

2037 1577 2363 1632 conscientia
2410 1578 2764 1648 periclitetur.
2795 1581 2954 1639 Certe
2989 1581 3036 1636 si
3065 1584 3194 1652 quid
3224 1585 3414 1640 aﬂ‘erat
3457 1589 3632 1644 ambi-

2036 1670 2255 1739 guitatis
2280 1684 2439 1736 caro,
2470 1679 2524 1724 et
2546 1685 2777 1741 corpus,
2801 1682 2854 1726 et
2887 1675 3097 1742 passio:
3131 1675 3210 1729 vel
3235 1677 3488 1746 operibus
3514 1694 3638 1735 ere-

2037 1759 2228 1826 datur,
2275 1761 2442 1817 Deum
2487 1763 2538 1816 in
2571 1763 2681 1818 Deo
2712 1779 2866 1828 esse,
2899 1775 2953 1820 et
3003 1782 3071 1821 ex
3117 1769 3230 1823 Deo
3282 1769 3450 1826 Deum
3495 1787 3635 1838 esse,

324 1853 531 1924 prietas
585 1855 980 1921 demonstrari,
1017 1871 1176 1927 quam
1210 1856 1293 1911 his
1345 1857 1475 1926 ipsis
1529 1856 1727 1923 verbis,
1762 1856 1934 1926 potuit
1963 1865 2010 1925 Β
2037 1869 2202 1908 unum
2244 1869 2338 1908 eos
2377 1869 2536 1910 esse:
2571 1855 2697 1910 dum
2745 1869 2950 1912 natura:
2990 1859 3187 1916 virtute
3226 1873 3451 1936 uterque
3491 1869 3543 1922 in
3575 1879 3637 1924 se

321 1957 380 2005 et
417 1957 619 2019 potest,
652 1949 944 2004 nativitatis
977 1950 1230 2004 tamenin
1260 1949 1512 2004 omnibus
1543 1947 1934 2019 signiﬁcatione

322 2042 586 2112 prmlata?
615 2041 747 2097 Cum
780 2043 924 2098 enim
953 2043 1118 2114 208
1139 2043 1251 2096 ait:
1283 2041 1450 2098 Verba
1477 2058 1590 2112 qua:
1628 2059 1719 2115 ego
1759 2045 1937 2114 loquor

323 2135 497 2201 vobis,
521 2151 625 2189 non
647 2151 678 2188 a
704 2151 785 2189 me
803 2135 982 2206 loquor
998 2153 1016 2202 ;
1047 2151 1154 2190 non
1184 2137 1387 2191 exemit
1419 2150 1700 2206 personam
1723 2177 1736 2202 ,
1763 2152 1938 2206 neque

325 2245 390 2287 se
419 2230 590 2285 lilium
617 2230 945 2301 denegavit,
979 2245 1077 2285 nec
1103 2238 1350 2285 naturam
1384 2231 1436 2285 in
1468 2245 1527 2285 se
1560 2240 1799 2300 paterna:
1826 2230 1936 2284 vir-

326 2326 458 2381 tutis
478 2325 784 2380 abscondit.
808 2323 943 2379 Nam
971 2324 1096 2378 dum
1120 2324 1354 2394 loquitur
1378 2324 1493 2394 ipse
1517 2325 1782 2396 (signatus
1815 2337 1941 2394 pro-

330 2418 554 2473 nomine
582 2421 734 2488 ego),
768 2417 820 2471 in
867 2416 1165 2472 substantia
1213 2430 1439 2471 manens
1488 2417 1768 2486 loquitur:
1810 2415 1937 2471 dum

331 2522 515 2568 autem
548 2526 654 2566 non
688 2512 756 2566 ab
781 2526 841 2567 se
877 2511 1144 2582 loquitur,
1178 2509 1519 2566 nativitatem
1562 2514 1615 2566 in
1653 2526 1712 2566 se
1741 2511 1834 2566 Dei
1871 2526 1940 2566 ex

334 2606 452 2662 Deo
493 2619 647 2676 patre
678 2613 922 2660 testatur.
957 2606 1077 2674 Ipse
1121 2605 1172 2659 in
1220 2604 1541 2676 separabilis
1577 2606 1645 2661 ab
1672 2621 1740 2662 eo
1780 2615 1941 2676 atque

335 2698 680 2755 indissintilis
709 2697 917 2753 unitate
947 2709 1152 2753 natura:
1179 2717 1194 2754 :
1223 2697 1347 2768 quia
1379 2697 1624 2768 quamvis
1653 2699 1722 2755 ab
1763 2715 1831 2755 eo
1862 2700 1943 2755 lo-

336 2804 569 2866 quatur,
609 2794 724 2864 ipse
769 2801 947 2848 tamen
986 2793 1244 2862 loquitur.
1272 2791 1407 2847 Nam
1443 2792 1537 2863 qui
1566 2809 1672 2848 non
1715 2808 1745 2847 a
1776 2809 1836 2849 se
1865 2793 1945 2849 loc

336 2890 524 2960 quitur
544 2930 559 2953 ,
589 2898 646 2944 et
673 2897 852 2943 tamen
884 2888 1152 2958 loquitur,
1193 2901 1298 2942 non
1325 2895 1507 2956 potest
1539 2901 1645 2942 non
1669 2901 1790 2943 esse
1815 2887 1942 2942 dum

338 2980 620 3052 loquitur:
650 2991 698 3035 et
729 2980 856 3034 dum
905 2995 1014 3034 non
1062 2995 1093 3034 a
1134 2995 1194 3035 se
1247 2981 1517 3051 loquitur,
1560 2980 1799 3035 ostendit
1836 2995 1944 3035 non

338 3089 501 3130 suum
527 3082 734 3129 tantum
761 3087 884 3128 esse
913 3073 1056 3142 quod
1087 3071 1340 3143 loquitur.
1366 3072 1605 3143 Suhjecit
1633 3074 1774 3128 enim
1800 3091 1814 3127 :
1839 3073 1946 3130 Sed

346 3167 540 3234 Pater,
572 3169 660 3240 qui
688 3169 744 3222 in
775 3185 856 3222 me
877 3177 1046 3223 manet
1068 3209 1082 3230 .
1111 3169 1222 3240 ipse
1246 3169 1367 3239 facit
1398 3185 1556 3238 opera
1580 3186 1696 3225 sua.
1726 3168 1946 3226 Manere

2035 1957 2112 2004 est
2137 1990 2152 2012 ,
2182 1959 2236 2004 et
2267 1958 2457 2004 neuter
2486 1951 2604 2006 sine
2642 1951 2816 2008 altero
2845 1962 2960 2007 est:
2993 1954 3116 2008 dum
3146 1964 3200 2011 et
3225 1957 3385 2014 Pater
3411 1961 3542 2016 nihil
3572 1978 3639 2019 ex

2035 2045 2147 2099 suis
2175 2042 2378 2098 amittit
2399 2043 2450 2098 in
2476 2043 2615 2099 Filio
2636 2087 2650 2111 ,
2684 2055 2739 2100 et
2769 2043 2938 2100 Filius
2971 2056 3139 2102 totum
3180 2055 3348 2106 sumit
3383 2069 3447 2108 ex
3477 2053 3639 2112 Patre

2036 2136 2179 2208 quod
2219 2137 2360 2192 lilius
2391 2146 2492 2193 est.
2522 2137 2640 2192 Non
2671 2149 2753 2194 est
2783 2140 3146 2210 corporalium
3189 2152 3500 2202 naturarum
3540 2149 3639 2206 ista

2038 2229 2276 2285 conditio
2302 2270 2316 2295 ,
2346 2237 2405 2284 ut
2444 2229 2608 2284 insint
2639 2231 2738 2286 sibi
2771 2231 3001 2288 invicem
3021 2275 3036 2301 ,
3071 2245 3130 2289 ut
3175 2236 3516 2295 subsistentis
3547 2256 3644 2296 tta—

2041 2331 2176 2379 tura:
2208 2324 2443 2379 habeant
2472 2325 2771 2396 perfectam
2802 2329 3095 2396 unitatem,
3124 2341 3181 2386 ut
3208 2348 3431 2388 manens
3455 2335 3642 2406 unige-

2038 2415 2137 2472 niti
2185 2417 2437 2472 nativitas
2480 2433 2510 2471 a
2553 2427 2791 2490 paterna:
2835 2420 3132 2477 divinitatis
3167 2424 3238 2477 sit
3270 2427 3644 2496 inseparabilis

2040 2510 2291 2566 veritate.
2325 2508 2614 2580 Unigenito
2657 2521 2860 2565 tantum
2892 2512 3033 2568 iStud
3077 2514 3188 2570 Deo
3222 2519 3496 2586 pr0prium
3522 2528 3642 2585 est,

2042 2604 2176 2661 etin
2203 2613 2542 2660 sacramento
2574 2620 2720 2658 vera:
2762 2606 3051 2660 nativitatis
3097 2606 3229 2661 lides
3283 2610 3384 2662 ista
3426 2619 3544 2675 est,
3591 2620 3648 2666 et

2043 2698 2117 2769 (c)
2146 2698 2404 2768 spiritalis
2436 2697 2648 2752 virtutis
2673 2697 2777 2753 hoc
2807 2714 2944 2768 opus
2970 2709 3073 2766 est,
3104 2701 3235 2755 nihil
3262 2701 3480 2758 dill'erre
3521 2718 3644 2761 esse

2043 2798 2099 2844 et
2147 2790 2325 2846 inesse
2360 2806 2373 2842 :
2405 2791 2568 2862 210
2604 2791 2782 2846 inesse
2811 2800 2991 2847 autem
3024 2781 3301 2849 non‘aliud
3331 2795 3385 2849 in
3413 2796 3555 2861 alio,
3589 2807 3647 2852 ut

2046 2897 2241 2951 corpus
2269 2882 2322 2936 in
2355 2897 2618 2952 corpore;
2643 2882 2739 2937 sed
2771 2884 2841 2937 ita
2877 2899 2999 2940 esse
3036 2900 3100 2941 ac
3143 2885 3441 2944 subsistere
3461 2929 3475 2954 ,
3507 2897 3566 2944 ut
3591 2890 3646 2945 in

2047 2974 2379 3031 subsistente
2404 2973 2560 3039 insit;
2599 2975 2667 3029 ita
2697 2989 2827 3030 vero
2859 2976 3037 3031 inesse
3059 3017 3073 3041 ,
3107 2987 3166 3031 ut
3201 2985 3258 3032 et
3288 2977 3402 3048 ipse
3441 2980 3649 3036 subsis—

2049 3077 2145 3124 tat.
2187 3069 2318 3122 Nam
2367 3075 2592 3137 uterque
2623 3068 2952 3135 subsistens,
2990 3085 3087 3140 per
3132 3071 3181 3125 id
3224 3088 3333 3128 non
3375 3074 3494 3130 sine
3539 3076 3649 3132 alio

2050 3169 2165 3230 est,
2197 3162 2280 3233 (ά)
2307 3160 2433 3216 dum
2468 3160 2764 3216 secundum
2794 3165 3197 3234 generationem
3229 3175 3284 3221 et
3313 3169 3650 3226 nativitatem

343 3261 398 3318 in
423 3260 564 3316 Filio
596 3261 808 3318 Patrem
826 3301 843 3328 ,
869 3276 976 3317 non
1002 3271 1086 3317 est
1114 3262 1400 3332 singularis
1421 3273 1582 3332 atque
1604 3261 1742 3316 unici
1769 3282 1782 3317 :
1817 3277 1949 3330 ope-
1973 3251 2020 3314 C
2053 3255 2396 3311 subsistentis
2421 3266 2610 3310 natura
2649 3272 2752 3312 non
2778 3257 2879 3312 alia
2907 3267 3007 3314 est.
3041 3259 3176 3315 Hine
3203 3263 3344 3316 enim
3370 3262 3502 3318 illud
3531 3274 3648 3320 est:

342 3353 459 3410 rari
484 3369 616 3410 vero
648 3371 743 3424 per
771 3354 962 3410 Filium
993 3355 1208 3410 Patrem
1228 3396 1242 3417 ,
1277 3370 1383 3409 non
1415 3365 1498 3410 est
1526 3354 1828 3410 dill‘erentis
1857 3365 1952 3410 aut

342 3447 539 3503 exteri.
572 3446 744 3502 Sicuti
788 3464 893 3503 non
937 3455 1095 3504 unius
1120 3454 1237 3514 est,
1281 3463 1387 3501 non
1431 3446 1500 3500 alt
1547 3462 1606 3502 se
1656 3447 1802 3517 loqui
1831 3462 1952 3517 quae

344 3538 628 3610 loquatur;
664 3554 842 3611 neque
869 3554 1084 3596 rursum
1115 3538 1276 3594 alieni
1302 3553 1366 3594 ac
1399 3539 1716 3609 separabilis
1741 3540 1845 3605 sit,
1875 3538 1954 3594 lo-

346 3631 440 3702 qui
463 3646 557 3702 per
577 3633 888 3703 loquentem
915 3649 929 3689 :
953 3633 1047 3687 sed
1077 3635 1178 3688 hoc
1197 3647 1386 3688 eorum
1415 3641 1809 3688 sacramentum
1833 3643 1952 3698 est,

346 3727 439 3798 qui
487 3743 650 3783 unum
703 3735 848 3783 sunt.
891 3725 972 3798 (2)
1012 3726 1091 3799 (a)
1122 3727 1188 3782 Et
1219 3739 1444 3798 uterque
1479 3744 1585 3783 non
1611 3729 1754 3782 aliud
1791 3735 1949 3794 sunt,

347 3819 442 3891 qui
482 3837 575 3890 per
604 3830 810 3877 natura;
843 3822 1224 3891 proprietatem
1263 3820 1318 3876 in
1356 3836 1478 3876 sese
1521 3829 1684 3876 sttnt:
1725 3836 1954 3891 quorum

347 3914 470 3970 hac
496 3913 674 3970 unitas
710 3923 830 3980 est,
861 3923 920 3969 ut
943 3914 1168 3984 loquens
1207 3928 1314 3968 non
1343 3913 1412 3968 ab
1447 3928 1505 3967 se
1545 3912 1827 3983 loquatur;
1861 3929 1956 3968 ne-

346 4017 456 4079 que
475 4005 569 4078 qui
592 4021 695 4063 non
717 4006 786 4060 ab
806 4021 866 4062 se
895 4004 1161 4078 loquitur,
1193 4022 1302 4062 non
1333 4007 1598 4078 loquatur.
1630 4006 1697 4061 Et
1734 4005 1858 4076 quia
1901 4005 1955 4060 in

350 4113 412 4154 se
454 4097 669 4154 Patrem
709 4105 766 4154 et
810 4097 955 4168 loqui
1000 4106 1057 4153 et
1097 4097 1311 4169 operari
1359 4097 1654 4162 docuerat;
1700 4096 1958 4166 perfectre

351 4191 516 4262 bujns
543 4193 766 4246 unitatis
792 4191 952 4247 ﬁdem
989 4193 1201 4256 statuit,
1236 4190 1458 4247 dicens:
1499 4190 1604 4246 Sed
1646 4187 1803 4244 Pater
1824 4230 1838 4255 ,
1869 4188 1958 4260 qui

350 4287 408 4341 in
425 4301 508 4340 me
535 4294 735 4351 manet,
758 4285 869 4356 ipse
902 4285 1028 4355 facit
1056 4301 1212 4357 Opera
1239 4301 1354 4340 sua.
1397 4285 1601 4340 Credite
1627 4284 1756 4337 mihi
1779 4325 1791 4346 ,
1823 4300 1956 4356 quo-

353 4379 498 4432 niam
525 4393 618 4449 ego
655 4379 710 4432 in
760 4375 951 4439 Patre.
982 4386 1028 4431 et
1073 4377 1232 4432 Pater
1257 4378 1312 4432 in
1348 4393 1446 4432 me.
1491 4377 1588 4433 Sin
1636 4386 1838 4440 autem,
1882 4377 1960 4432 vel

353 4479 562 4541 prapter
598 4486 756 4538 opera
793 4470 906 4541 ipsa
936 4470 1124 4524 credite
1155 4468 1343 4541 (lbid.,
1368 4467 1480 4541 il).
1507 4469 1669 4526 Pater
1705 4476 1960 4541 Operatur

355 4566 410 4622 in
436 4566 607 4632 Filio;
637 4566 733 4622 sed
754 4575 809 4621 et
836 4566 1002 4622 Filius
1028 4581 1166 4635 Opus
1193 4567 1367 4621 Patris
1392 4577 1669 4635 operatur.

2053 3350 2165 3423 Ego
2194 3361 2243 3404 et
2277 3349 2434 3406 Pater
2461 3366 2621 3404 unum
2645 3367 2855 3418 sumus,
2888 3363 2981 3408 et:
3013 3353 3113 3418 Qui
3139 3371 3222 3409 me
3256 3356 3408 3423 uidit,
3441 3359 3566 3412 vidit
3605 3369 3654 3414 et

2055 3443 2294 3507 Patrem,
2322 3453 2376 3499 et
2402 3460 2416 3496 :
2446 3442 2558 3514 Ego
2603 3445 2658 3498 in
2689 3442 2845 3499 Patre
2865 3487 2880 3514 ,
2908 3457 2956 3501 et
3000 3444 3159 3502 Pater
3185 3450 3235 3503 in
3272 3466 3351 3503 me
3375 3450 3556 3522 (Joan.
3584 3469 3618 3507 χ
3637 3495 3652 3518 ,

2051 3537 2162 3604 29;
2195 3537 2305 3603 1b.,
2340 3552 2457 3603 xlv,
2491 3538 2552 3605 9;
2587 3536 2748 3604 Ibid,
2776 3539 2906 3606 H):
2943 3541 3067 3610 quia
3097 3557 3201 3598 non
3227 3544 3409 3600 dill'ert
3435 3563 3535 3603 nec
3561 3548 3655 3604 de-

2054 3640 2276 3703 generat
2301 3630 2585 3699 nativitas,
2619 3633 2744 3700 quia
2775 3632 2933 3686 unius
2959 3634 3010 3688 in
3040 3634 3198 3691 Patre
3221 3647 3274 3692 et
3298 3637 3435 3693 Filio
3461 3639 3657 3696 divini-

2058 3724 2182 3778 tatis
2204 3733 2598 3778 saeramentum
2619 3723 2911 3778 nativitatis
2933 3733 3119 3779 natura
3137 3740 3505 3796 consummat,
3528 3731 3656 3786 dum

2058 3820 2155 3876 Dei
2191 3820 2331 3876 illius
2372 3836 2477 3875 non
2515 3819 2660 3874 aliud
2693 3835 2850 3888 quam
2884 3820 3027 3876 Deus
3053 3831 3154 3876 est.
3192 3823 3259 3878 Et
3299 3825 3504 3882 idcirco
3545 3843 3654 3882 non

2057 3916 2112 3970 in
2141 3916 2274 3971 deos
2315 3915 2452 3971 duos
2485 3913 2747 3984 nnigeniti
2773 3915 3050 3984 generatio
3089 3915 3374 3986 deputatur
3403 3936 3417 3974 :
3449 3921 3571 3991 quia
3603 3921 3656 3978 in

2059 4007 2230 4063 Deum
2272 4007 2412 4062 ﬁlius
2443 4007 2537 4062 Dei
2585 4020 2846 4072 nascens,
2883 4017 3130 4064 naturam
3162 4008 3214 4064 in
3255 4026 3316 4066 se
3352 4011 3447 4068 Dei
3477 4028 3538 4068 se
3581 4014 3658 4086 εἰς

2059 4102 2272 4173 gnentis
2302 4101 2565 4158 exhibuit.

2377 4238 2734 4312 211-212
2787 4236 2992 4294 LIBER
3040 4219 3378 4300 OCTAVUS.

2064 4375 2370 4432 Naturalem
2413 4372 2542 4429 Filii
2584 4382 2630 4428 et
2667 4373 2836 4428 Patris
2867 4375 3112 4429 unitatem
3145 4389 3455 4449 propugnat.
3487 4379 3668 4438 Prom.

2135 4471 2295 4524 miunt
2343 4469 2397 4523 in
2448 4483 2505 4522 eo
2558 4477 2826 4535 versatur,
2871 4477 2928 4521 ut
2973 4470 3214 4539 episcOpo
3273 4489 3366 4527 nec
3424 4475 3668 4531 innocen-

2138 4564 2262 4618 tiant
2297 4562 2408 4616 sine
2466 4560 2678 4614 scientia
2707 4601 2720 4624 ,
2788 4576 2881 4614 nec
2926 4560 3036 4614 sine
3076 4562 3364 4618 innocentia
3404 4567 3668 4623 scientiam

427 4661 520 4716 Η.
566 4659 864 4715 Natioitatis
901 4671 949 4714 et
994 4671 1195 4716 naturae
1233 4677 1342 4716 sua:
1387 4661 1574 4716 divina:
1601 4662 1758 4731 ﬁdem
1791 4661 1946 4733 poscit

2133 4657 2361 4727 sufficere
2397 4653 2648 4708 ostendat.
2683 4651 2812 4706 Tum
2843 4654 2960 4723 pius
2987 4669 3130 4724 teque
3158 4672 3220 4709 ac
3253 4655 3432 4712 doctus
3463 4657 3669 4715 Prtesul

356 4754 614 4810 Christus.
647 4753 922 4827 Unigenito
965 4755 1233 4826 proprium
1269 4764 1342 4810 est
1386 4757 1550 4810 inesse
1575 4755 1730 4811 simul
1755 4763 1802 4810 et
1837 4755 1958 4809 sub-

355 4849 553 4904 sistere.
580 4877 652 4890 —-
675 4849 754 4904 Ne
793 4865 921 4920 ergo
966 4865 1061 4920 per
1091 4849 1302 4904 virtutis
1346 4849 1688 4906 efﬁcientiam
1710 4893 1723 4913 ,
1753 4860 1808 4906 et
1852 4864 1958 4906 non

360 4955 458 5011 per
479 4950 686 4995 natura:
717 4956 837 5009 quat
864 4941 1158 4996 secundum
1191 4941 1522 4996 nativitatem
1550 4950 1634 4997 est
1658 4943 1960 5012 pr0prieta-

359 5042 470 5090 tem
492 5075 507 5101 ,
537 5033 699 5090 Pater
729 5035 780 5090 in
811 5033 948 5090 Filio
978 5043 1033 5090 et
1073 5038 1284 5106 operari
1326 5035 1638 5092 crederetur
1691 5045 1744 5092 et
1778 5035 1961 5107 loqui;

359 5126 465 5182 ait:
494 5125 698 5181 Credite
725 5127 850 5181 ntilti
869 5169 884 5194 ,
917 5128 1158 5199 quoniam
1197 5145 1287 5200 ego
1316 5129 1370 5183 in
1400 5127 1589 5198 Patre,
1630 5139 1677 5183 et
1720 5128 1880 5183 Pater
1907 5130 1963 5185 in

437 5267 520 5341 (i)
560 5265 628 5322 Et
658 5265 814 5323 Pater
838 5268 892 5322 in
919 5285 998 5324 me
1022 5269 1130 5324 est?

438 5385 519 5456 (al
559 5384 650 5440 Sic
679 5384 858 5456 potior
883 5385 1052 5441 codex
1084 5382 1236 5441 Colb.
1268 5400 1389 5442 cum
1433 5385 1617 5443 Germ.
1648 5385 1759 5442 Alii
1804 5401 1968 5453 vero,

363 5459 654 5531 qui__unum
684 5467 835 5531 sunt,
863 5457 950 5524 qui
978 5468 1183 5528 uterque
1215 5474 1317 5513 non
1345 5458 1488 5514 aliud
1513 5469 1661 5526 sunt,
1693 5459 1796 5516 nisi
1826 5457 1972 5531 quod

365 5528 424 5586 in
451 5528 606 5584 Mart.
637 5539 687 5584 et
709 5529 798 5601 qui
821 5537 1058 5600 uterque,
1089 5540 1196 5584 etc.

443 5619 521 5696 (lt)
565 5621 657 5675 Er.
690 5619 838 5691 Lips.
872 5631 925 5675 et
947 5620 1221 5696 Parsqua.
1265 5621 1430 5696 Magis
1453 5623 1662 5696 placuit
1699 5640 1811 5696 qua:
1853 5635 1975 5679 cum

369 5693 505 5749 Bad.
541 5702 596 5747 et
643 5705 774 5746 mss.
806 5708 1034 5759 quorum
1086 5694 1141 5749 in
1186 5693 1571 5751 vetustioribus
1622 5693 1747 5752 mox
1804 5704 1980 5754 exstat

372 5773 611 5837 poscerat
627 5805 643 5828 ,
668 5779 773 5818 non
806 5775 1130 5837 poposcerat.

447 5875 520 5951 (c)
553 5875 688 5933 Bad.
729 5885 788 5934 et
833 5875 930 5932 Er.
963 5879 1199 5948 specialis
1225 5896 1245 5936 :
1291 5879 1468 5938 minus
1496 5880 1657 5950 bene,
1699 5895 1823 5938 cum
1865 5879 1984 5938 haec

812 5971 1090 6035 PATROL.
1136 5973 1222 6036 X.

2136 4750 2301 4805 varias
2340 4746 2407 4800 ad
2447 4745 2704 4815 simplices
2747 4746 3072 4814 decipiendos
3116 4747 3429 4803 Arianorum
3461 4753 3670 4806 (ec/mas

2140 4843 2452 4915 fallacesque
2488 4837 3003 4908 interrogatiunculas
3033 4841 3262 4910 exponit.
3298 4842 3430 4906 Quia
3450 4857 3566 4897 vero
3591 4842 3672 4898 illi

2140 4936 2330 4991 Christi
2369 4933 2538 4997 verba,
2570 4933 2678 5002 Ego
2707 4942 2760 4986 et
2799 4932 2958 4987 Pater
2988 4948 3150 4987 unum
3181 4948 3368 4990 sumus
3401 4936 3470 4990 ad
3507 4937 3674 4992 solam

2141 5027 2415 5084 voluntatis
2438 5024 2764 5080 concordiam
2789 5024 3106 5096 detorquent.
3137 5042 3346 5092 eamque
3373 5030 3678 5102 interpreta-

2145 5123 2332 5178 tionem
2371 5120 2448 5173 his
2477 5119 2595 5174 aliis
2623 5119 2930 5190 conﬁrmare
2961 5119 3143 5174 solent.
3180 5119 3524 5180 Credentium
3557 5135 3677 5184 erat

2146 5262 2223 5335 (Ξ)
2265 5261 2366 5327 Qui
2396 5251 2624 5333 uterque.

2077 5389 2420 5458 opponantur
2446 5379 2690 5458 prasinae
2710 5378 2890 5446 dictis,
2915 5378 3037 5438 Non
3064 5391 3141 5438 est
3161 5386 3509 5458 corporalium
3530 5401 3682 5450 natu.

2079 5450 2260 5507 rarum
2286 5455 2384 5505 ista
2403 5450 2644 5504 conditio.

2156 5523 2239 5598 (_d)
2261 5522 2414 5598 Apud
2443 5522 2562 5576 Par.
2588 5521 2927 5598 desideratur
2947 5527 3208 5594 particula
3231 5531 3375 5587 dum.
3400 5536 3522 5592 Mox
3547 5539 3682 5598 Bad.

2081 5605 2137 5679 et
2275 5594 2572 5679 subsistens.
2608 5593 2794 5679 Melius
2813 5595 2906 5649 alii
2932 5593 3073 5679 libri,
3093 5601 3428 5669 subsistentis,
3453 5593 3682 5679 supple

2081 5667 2384 5754 utriusque:
2414 5666 2515 5719 hoc
2544 5665 2815 5754 estidtnn
2851 5684 2956 5722 non
2985 5671 3086 5722 alia
3120 5683 3305 5754 natura
3335 5665 3425 5733 est
3447 5665 3569 5750 ejtis'
3589 5665 3687 5754 qui

2086 5739 2385 5815 secundum
2408 5737 2836 5815 generationem,
2865 5754 2959 5793 seu
2984 5757 3087 5815 qua
3111 5745 3323 5813 genitor
3345 5761 3450 5815 est,
3475 5737 3686 5812 'suhs'ig;

2088 5809 2172 5876 tit,
2204 5820 2259 5863 et
2287 5808 2406 5936 tlejus
2446 5809 2535 5882 qui
2576 5807 2823 5866 subsistit
2860 5807 3154 5870 secundum
3189 5807 3556 5894 nativitatem,
3581 5807 3689 5884 seu

2088 5896 2192 5936 (tua
2221 5896 2284 5936 na
2318 5896 2400 5936 us.

2087 5896 2192 5954 qua
2221 5896 2400 5936 natus.

3133 5982 3174 6045 8
