4246 6260
551 345 660 415 235

1762 339 2008 400 SANCTI
2048 330 2306 399 HlLAllll
2346 326 2656 395 EPISCOPI

3760 336 3874 397 2'56

625 472 809 530 anima
844 474 901 527 et
929 480 1025 526 cor
1056 479 1221 524 unum
1252 478 1268 530 ;
1310 469 1398 529 et,
1436 458 1538 528 Qui
1582 457 1790 528 plantat
1816 466 1869 512 et
1895 457 1984 527 qui
2021 455 2159 526 rigat
2184 472 2236 531 Α
2332 452 2561 523 quadam
2585 450 2862 522 qualitate,
2895 457 2943 505 et
2981 463 3084 505 non
3127 447 3186 505 in
3226 454 3415 505 natura
3450 446 3639 506 habere
3677 450 3869 518 sitam;

626 583 792 624 unum
815 574 969 630 sunt;
992 560 1148 631 et,Ut
1171 571 1361 614 omnes
1382 569 1549 610 unum
1571 553 1697 619 sint,
1722 551 1862 607 sicut
1880 561 1956 615 ιιι,
1981 549 2162 617 Pater,

626 661 682 716 in
716 672 824 723 me,
852 664 910 712 et
932 668 1033 725 ego
1054 652 1106 708 in
1140 661 1191 706 te
1217 668 1231 705 :
1255 646 1511 703 contendit
1537 661 1698 700 unum
1710 660 1836 711 esse,
1852 642 2030 713 ﬁdeles
2050 642 2165 713 qui-

627 753 743 808 dem
787 766 877 820 per
898 761 1055 802 unam
1084 744 1239 799 unius
1266 740 1389 811 ﬁdei
1414 746 1675 802 naturam,
1711 737 2022 807 plantantem
2049 750 2165 790 vero

624 856 676 903 et
720 846 992 917 rigentem,
1022 845 1270 911 quatenus
1312 852 1418 889 uno
1461 832 1712 903 baptismo
1741 847 1844 885 una
1879 846 1960 883 res
2000 826 2167 897 eﬁ'ecti

625 940 781 995 unius
805 939 958 992 etiam
988 930 1385 1003 regenerationis
1412 931 1515 982 sint
1540 925 1797 980 ministri:
1827 924 2036 979 demum
2060 924 2163 977 int-

625 1033 785 1105 perite
828 1028 1033 1086 omnino
1079 1024 1341 1082 Christum
1384 1023 1640 1077 dicturum
1689 1021 1849 1091 fuisse
1887 1026 1950 1073 ut
1997 1032 2161 1073 unum

623 1129 755 1194 sint,
794 1141 887 1198 pro
912 1130 977 1178 ut
1008 1134 1177 1177 unum
1198 1118 1385 1185 velim,
1410 1116 1456 1170 si
1470 1114 1635 1171 solam
1658 1112 1934 1168 voluntatis
1953 1126 2164 1165 concor—

622 1222 765 1276 diam
783 1218 889 1275 suis
910 1214 1108 1287 precari
1135 1211 1399 1267 voluisset.
1432 1207 1568 1262 Hinc
1590 1223 1691 1277 qua
1710 1206 1932 1270 ratione,
1956 1202 2161 1258 Christo

619 1313 894 1378 mediante,
930 1324 1091 1364 unum
1131 1320 1249 1361 cum
1278 1303 1438 1358 Patre
1476 1300 1781 1356 naturaliter
1806 1299 1967 1353 simus
1996 1297 2163 1368 expli-

622 1414 739 1461 cat:
769 1403 924 1473 idque
957 1398 1185 1472 defendit
1222 1396 1368 1452 nobis
1390 1393 1628 1465 prmstari
1657 1400 1766 1446 tant
1801 1407 1891 1461 per
1912 1400 2161 1446 tetsrnam

620 1497 859 1571 gloriam,
888 1510 991 1566 qua
1018 1493 1263 1547 honorem
1287 1490 1388 1561 ipsi
1412 1504 1445 1541 a
1465 1486 1627 1541 Patre
1645 1487 1823 1539 datum
1847 1483 2155 1555 accipimus,

620 1603 730 1648 tum
755 1606 847 1662 per
874 1585 1258 1644 lncarnationis
1288 1583 1602 1655 mysterium,
1632 1596 1733 1652 quo
1762 1580 2025 1650 propriam
2045 1594 2162 1632 car-

619 1687 700 1740 nis
725 1693 914 1739 nostra?
933 1691 1168 1739 naturam
1187 1679 1363 1734 retinet
1392 1674 1676 1732 arctissime
1711 1673 1811 1729 sibi
1842 1673 2155 1743 copulatam,

618 1789 727 1835 tum
747 1793 970 1835 maxime
984 1793 1074 1845 per
1095 1770 1442 1829 Eucharistite
1455 1776 1849 1829 sacramentum,
1872 1782 1973 1836 quo
1989 1780 2158 1820 veram

2340 559 2494 614 quam
2520 543 2575 596 in
2599 543 2782 596 virtute
2815 558 2876 596 ac
2908 542 3106 595 unitate
3134 549 3333 596 naturae
3358 540 3653 612 ponendam
3677 544 3873 614 conﬁr-

2340 648 2447 692 mat
2473 636 2692 702 Paulus,
2721 635 2812 691 ubi
2849 635 3057 708 subjicit
3087 652 3177 705 per
3203 634 3464 691 Christum
3490 647 3541 691 et
3571 636 3628 691 in
3667 632 3873 694 Christo

2340 738 2513 785 creata
2542 739 2589 786 et
2629 730 2962 785 reconciliata
2988 745 3098 785 esse
3124 729 3332 796 omnia;
3371 738 3420 785 et
3460 728 3521 783 id
3546 729 3752 801 quidem
3774 731 3871 799 ita,

2338 834 2395 880 ut
2423 825 2476 879 in
2509 841 2570 880 eo
2607 825 2970 880 reconciliante
3000 824 3291 880 reconciliet
3332 823 3507 879 Pater.
3552 821 3775 880 Domum
3816 826 3876 881 in

2336 933 2438 990 quo
2483 918 2749 988 plenitudo
2785 917 3065 972 divinitatis
3093 916 3428 990 corporaliter
3455 916 3616 989 213
3636 959 3654 986 ,
3684 917 3740 971 id
3772 926 3870 984 est,

2335 1027 2454 1066 vere
2483 1023 2533 1067 et
2562 1011 2965 1068 substantialiter
2983 1011 3182 1068 habitat
3201 1055 3216 1079 ,
3248 1029 3351 1067 non
3370 1023 3537 1084 potest
3565 1030 3667 1069 non
3688 1012 3874 1069 habere

2335 1107 2474 1176 quod
2489 1103 2631 1160 Deus
2646 1116 2736 1173 est,
2754 1116 2802 1160 et
2823 1106 3032 1177 perinde
3044 1121 3179 1160 unus
3191 1114 3265 1161 est
3277 1121 3393 1160 cum
3407 1121 3471 1161 eo
3483 1104 3642 1162 Deus.
3659 1106 3746 1161 Ita
3756 1122 3877 1163 vero

2336 1200 2389 1254 in
2410 1198 2491 1254 his
2504 1201 2736 1256 omnibus
2752 1199 2878 1256 Filii
2890 1218 3009 1257 cum
3030 1199 3191 1256 Putre
3211 1204 3457 1256 unitatem
3477 1204 3764 1259 naturalem
3780 1205 3875 1270 de-

2337 1283 2583 1349 monsirat
2606 1304 2659 1348 ut
2674 1294 2869 1365 pariter
2882 1294 3122 1349 adstruat
3132 1310 3470 1365 personarum
3480 1295 3871 1352 distinctionem.

2337 1400 2391 1453 i.
2428 1397 2718 1470 Episcopus
2730 1408 2777 1453 et
2801 1399 2916 1469 pius
2937 1399 3082 1454 debet
3101 1415 3206 1454 esse
3230 1407 3277 1454 et
3299 1402 3498 1455 doctus.
3521 1399 3627 1455 Cur
3656 1399 3871 1471 Episco-

2264 1504 2360 1562 pus
2375 1501 2423 1544 et
2446 1489 2608 1545 bonus
2632 1500 2678 1545 et
2698 1491 2879 1545 doctus
2899 1506 3010 1546 esse
3027 1488 3222 1545 debeat.
3239 1488 3487 1549 Prasvidit
3506 1488 3708 1546 Paulus
3728 1495 3837 1564 fore
3851 1533 3869 1561 ,

2261 1583 2445 1653 quibus
2492 1592 2745 1638 teneretur
2788 1581 3078 1656 Episcopus
3129 1583 3502 1639 contradicere.
3549 1612 3619 1625 ——
3673 1583 3872 1641 Beatus

2262 1675 2537 1746 apostolus
2606 1674 2805 1730 Paulus
2869 1674 3101 1731 formam
3175 1675 3544 1732 constituendi
3613 1675 3871 1748 Episcopi

2264 1768 2475 1839 ﬁngens
2526 1766 2606 1839 (l)
2653 1767 2767 1841 (a),
2829 1776 2886 1825 et
2909 1769 3071 1841 plane
3092 1783 3291 1824 novum
3314 1769 3573 1825 Ecclesia:
3597 1768 3873 1826 hominem

619 1875 761 1930 illius
786 1887 992 1927 carnem
1034 1886 1096 1923 ac
1123 1866 1423 1937 sanguinein
1452 1863 1721 1918 sumimus.
1766 1859 1948 1929 Neque
1974 1857 2061 1912 hic
2081 1868 2159 1912 ta-
2187 1870 2237 1933 Β
2262 1863 2548 1935 praeceptis
2573 1862 2686 1918 suis
2706 1862 2968 1931 condens,
2993 1861 3133 1919 hanc
3159 1863 3322 1919 veluti
3345 1878 3610 1918 summam
3640 1862 3719 1937 (b)
3743 1878 3876 1920 con-

623 1977 764 2023 cetur
789 1961 1103 2019 incredibilis
1132 1958 1486 2014 htzreticorum
1513 1952 1796 2019 calumnia,
1823 1950 1973 2020 vulgo
1999 1951 2165 2023 jacti-

623 2058 847 2114 tantium
878 2054 1089 2109 Patrem
1115 2061 1165 2106 et
1194 2048 1397 2104 Filium
1424 2046 1488 2101 ab
1518 2046 1582 2100 iis
1606 2044 1869 2099 discordes
1893 2043 2159 2115 aﬁrmari,

619 2152 711 2224 qui
736 2150 933 2206 nudam
958 2147 1103 2201 illam
1130 2142 1405 2200 voluntatis
1424 2140 1751 2196 concordiam
1771 2155 1872 2194 non
1888 2138 2159 2209 recipiunt.

554 2242 810 2315 Deinceps
857 2241 1149 2296 naturalem
1199 2236 1462 2307 utriusque
1501 2234 1744 2289 unitatem
1801 2230 2033 2304 pluribus
2075 2229 2165 2285 de-

626 2343 916 2393 monstrat:
966 2330 1148 2386 Primo
1173 2371 1188 2398 ,
1238 2329 1360 2400 quia
1419 2326 1650 2399 Spiritus
1685 2333 1928 2390 sanctus,
1974 2339 2091 2378 cum
2130 2338 2166 2377 α

624 2428 784 2484 Patre
814 2424 1080 2498 procedat,
1113 2438 1146 2477 a
1178 2420 1328 2476 Filio
1356 2429 1527 2476 tamen
1556 2429 1604 2473 et
1631 2417 1855 2473 mittitur
1873 2424 1921 2471 et
1941 2414 2162 2485 accipit;

621 2531 669 2577 et
708 2521 805 2575 hoc
838 2518 1065 2587 quidem,
1104 2516 1226 2586 quia
1259 2513 1425 2586 ipsius
1464 2521 1581 2567 sunt
1619 2511 1794 2566 omnia
1832 2524 1944 2581 quae
1983 2506 2164 2563 Patris

617 2622 757 2669 sunt.
803 2611 1078 2674 Secundo,
1129 2609 1252 2678 quia
1294 2605 1475 2661 Patris
1518 2615 1567 2660 et
1613 2603 1744 2659 Filii
1796 2604 1869 2658 ita
1916 2619 2052 2657 unus
2088 2608 2164 2657 est

622 2708 875 2781 Spiritus,
913 2714 972 2760 ut
1010 2704 1246 2775 Spiritus
1289 2701 1482 2757 Christi
1516 2698 1711 2754 habitet
1748 2699 1804 2754 in
1845 2698 2009 2760 nobis.
2046 2713 2165 2754 cum

621 2803 677 2856 in
713 2799 861 2856 nobis
891 2807 968 2854 est
1004 2796 1236 2869 Spiritus
1271 2791 1390 2849 Dei.
1422 2792 1618 2857 Tertio,
1654 2792 1775 2862 quia
1809 2790 1919 2851 sine
1951 2789 2165 2844 anatheo

620 2901 757 2947 male
792 2898 935 2956 sunt,
974 2890 1063 2959 qui
1095 2886 1300 2943 Christo
1343 2886 1540 2941 cultum
1578 2883 1904 2950 exhibeant;
1949 2898 2067 2936 eum
2108 2882 2164 2936 in

620 2984 893 3040 maledicto
922 2982 988 3035 sit
1017 2980 1199 3051 religio
1223 2988 1492 3033 creatum.
1527 2975 1747 3041 Quarto,
1788 2975 1913 3046 quia
1948 2974 2005 3028 in
2032 2971 2164 3043 Spi-

623 3078 730 3132 ritu
766 3073 867 3131 Dei
909 3073 1152 3144 loquitur,
1199 3070 1289 3143 qui
1329 3068 1510 3125 Jesum
1560 3083 1671 3122 esse
1717 3080 1834 3122 vere
1879 3063 2164 3119 Déminum

625 3168 915 3238 conﬁtetur.
942 3163 1152 3230 Quinto,
1183 3161 1306 3232 quia
1331 3177 1434 3216 non
1457 3158 1664 3213 nomine
1691 3158 1826 3225 solo,
1857 3157 1948 3211 sed
1972 3166 2162 3211 natura

2266 1967 2656 2012 summatarum
2679 1955 2733 2010 in
2753 1969 2821 2010 eo
2843 1954 3098 2011 virtutum
3129 1969 3256 2011 esse
3282 1955 3467 2011 docuit
3496 1956 3685 2012 dicens
3715 1976 3731 2013 :
3767 1954 3877 2011 ω-

2268 2047 2507 2101 tinentem
2529 2044 2815 2102 secundum
2838 2046 3131 2102 doctrinam
3154 2046 3281 2119 ﬁdei
3330 2047 3537 2102 uerbum
3554 2090 3571 2115 ,
3600 2060 3656 2103 ut
3691 2058 3874 2119 potens

2267 2140 2332 2193 sit
2357 2138 2620 2194 exhortari
2646 2138 2715 2193 ad
2742 2140 3033 2195 doctrinam
3083 2158 3298 2209 sanam,
3354 2150 3401 2197 et
3456 2143 3878 2200 contradicentes

2266 2232 2539 2288 revincere.
2568 2233 2706 2289 Sunt
2726 2235 2861 2288 enim
2887 2234 3037 2289 multi
3059 2232 3133 2307 (c)
3163 2243 3211 2289 et
3238 2250 3341 2290 non
3369 2234 3580 2302 subditi,
3610 2235 3874 2306 oaniloqui

2265 2337 2317 2383 et
2338 2327 2634 2383 seductores
2661 2326 2789 2401 (Tit.
2815 2343 2867 2395 ι,
2889 2326 2969 2402 9).
3002 2328 3076 2384 Ita
3108 2330 3253 2385 enim
3305 2343 3429 2401 qua:
3460 2328 3676 2400 propria
3715 2327 3881 2385 disci-

2268 2423 2431 2494 plina:
2458 2437 2522 2478 ac
2547 2437 2760 2478 morum
2788 2431 2915 2487 sunt
2936 2464 2950 2490 ,
2996 2422 3064 2478 ad
3100 2424 3385 2480 sacerdotii
3432 2423 3684 2480 meritum
3722 2423 3878 2480 utilia

2267 2528 2389 2571 esse
2426 2513 2732 2586 signiﬁcat,
2775 2515 2821 2569 si
2868 2514 3030 2569 etiam
3070 2514 3188 2571 haec
3222 2530 3345 2586 quae
3396 2515 3462 2571 ad
3508 2514 3769 2573 docenda:
3815 2529 3881 2572 ac

2272 2607 2485 2664 tuendae
2514 2607 2640 2663 fidei
2666 2605 2949 2664 scientiam
2973 2606 3279 2664 necessaria
3307 2617 3436 2663 sunt
3458 2651 3473 2676 ,
3507 2609 3649 2663 inter
3671 2607 3878 2677 reliqua

2269 2716 2377 2758 non
2401 2701 2663 2766 deerunt,
2695 2700 2818 2772 quia
2846 2714 2955 2755 non
2980 2702 3160 2756 statim
3183 2699 3309 2756 boni
3337 2708 3498 2771 atque
3537 2697 3680 2755 utilis
3699 2714 3882 2756 sacer-

2268 2796 2412 2854 dotis
2464 2807 2567 2864 est,
2610 2806 2701 2852 aut
2759 2795 3131 2852 tantummodo
3172 2796 3493 2852 innocenter
3540 2809 3741 2866 agere,
3784 2804 3882 2853 aut

2267 2889 2644 2946 tantummodo
2715 2889 2951 2945 scienter
3019 2888 3315 2959 pra‘dicare
3379 2906 3392 2942 :
3447 2902 3571 2944 cum
3614 2898 3668 2944 et
3719 2889 3881 2943 inno-

2265 3001 2396 3043 cens
2450 2986 2550 3043 sibi
2607 2994 2815 3041 tantum
2885 2986 3161 3056 proﬁciat,
3210 2986 3311 3041 nisi
3364 2985 3559 3043 doctus
3627 2988 3696 3042 sit
3742 3003 3758 3054 ;
3824 2993 3883 3043 et

2268 3077 2465 3135 doctus
2486 3079 2606 3134 sine
2635 3077 2897 3134 doctrinae
2936 3077 3007 3133 sit
3060 3078 3417 3147 auctoritate,
3467 3078 3572 3134 nisi
3612 3078 3878 3135 innocens

2265 3174 2358 3231 sit.
2390 3175 2507 3231 Non
2555 3176 2701 3231 enim
2740 3174 3073 3244 apostolicus
3107 3187 3294 3230 sermo
3345 3172 3628 3244 probitatis
3685 3174 3885 3229 hones-

627 3258 909 3316 Dominum
930 3271 1050 3313 eum
1075 3270 1182 3311 esse
1211 3252 1427 3308 credidit
1454 3250 1754 3323 Apostolus,
1783 3250 1873 3322 qui
1903 3248 2165 3320 spiritalia

2277 3268 2508 3339 latisque
2537 3266 2827 3338 praeceptis
2852 3265 3127 3323 hominem
3169 3274 3377 3322 tantum
3405 3265 3609 3322 saeculo
3658 3263 3887 3321 confor-

629 3352 878 3409 Ecclesiat
922 3350 1063 3406 dona
1102 3349 1164 3403 ob
1212 3346 1443 3419 Spiritus
1489 3344 1741 3401 unitatem
1788 3341 1944 3399 modo
1994 3342 2167 3413 Patri,

630 3447 783 3505 modo
813 3443 1036 3500 Domino
1076 3441 1325 3499 attribuit.
1370 3439 1553 3507 Scuto,
1595 3438 1719 3510 quia
1762 3452 1876 3492 vere
1912 3435 2173 3493 Dominus

632 3556 728 3612 est,
758 3545 847 3615 qui
874 3558 1007 3598 unus
1029 3550 1104 3597 est
1120 3556 1141 3596 :
1161 3549 1251 3595 aut
1272 3547 1405 3594 certe
1427 3538 1470 3593 si
1494 3534 1731 3593 Christus
1758 3552 1891 3590 unus
1917 3533 2174 3590 Dominus

632 3653 736 3694 non
763 3636 828 3691 sit
859 3633 1024 3700 Deus,
1055 3634 1179 3704 quia
1214 3629 1356 3685 Deus
1394 3645 1529 3683 unus
1569 3638 1678 3696 est;
1719 3629 1881 3684 Pater
1910 3628 2027 3699 pari
2049 3631 2174 3702 jure

635 3727 902 3803 negandus
941 3728 1037 3782 erit
1084 3723 1362 3780 Dominus.
1413 3722 1663 3792 Septimo,
1719 3721 1843 3792 quia
1877 3736 1981 3775 non
2024 3720 2176 3775 modo

636 3821 914 3889 Dominus,
959 3821 1048 3875 sed
1100 3813 1160 3874 et
1190 3818 1337 3873 Deus
1381 3828 1547 3885 super
1588 3813 1767 3870 omnia
1824 3821 2172 3883 nuncupatur.

643 3915 856 3982 Octavo,
897 3912 1020 3985 quia
1062 3912 1178 3967 licet
1222 3910 1339 3977 hoc,
1390 3908 1537 3964 Deus
1563 3922 1631 3963 ex
1667 3922 1775 3978 quo
1812 3907 2034 3974 onmia,
2090 3915 2177 3962 et:

639 4009 899 4065 Dominus
916 4022 1012 4076 per
1030 4020 1190 4077 quem
1209 4003 1386 4060 omnia
1399 4044 1413 4069 ,
1437 4017 1775 4072 personarum
1798 4001 2180 4057 distinctionem

640 4110 805 4166 sonet,
835 4098 1112 4170 efﬁcientia:
1147 4104 1337 4161 tamen,
1383 4094 1581 4148 virtutis
1611 4110 1672 4149 ac
1698 4090 1897 4149 natura
1920 4094 2179 4166 signiﬁcat

642 4196 923 4261 unitatem;
949 4191 1078 4246 adeo
1106 4198 1163 4244 ut
1187 4189 1317 4243 alias
1345 4187 1495 4241 etiam
1528 4187 1591 4241 de
1633 4184 1838 4242 Christo
1867 4186 2004 4240 dicat
2036 4186 2176 4257 Apo-

644 4289 827 4352 stolus,
858 4302 921 4349 ex
958 4285 1076 4355 ipso
1112 4290 1166 4337 et
1195 4296 1290 4351 per
1322 4281 1495 4350 ipsum
1524 4289 1579 4334 ct
1606 4281 1659 4334 in
1701 4280 1818 4351 ipso
1846 4296 1953 4335 esse
1979 4280 2173 4335 omnia.

650 4380 826 4445 Nono,
866 4379 987 4447 quia
1021 4391 1138 4431 cum
1176 4374 1332 4427 vitam
1355 4372 1605 4443 largiatur
1642 4380 1883 4427 cateruam
1912 4383 2181 4444 propterea

645 4472 784 4543 quod
814 4472 987 4542 ipsum
1019 4466 1235 4540 signavit
1264 4464 1456 4532 Pater;
1484 4480 1687 4520 necesse
1716 4476 1788 4519 est
1832 4465 1898 4518 sit
1936 4464 2178 4535 signacu-

646 4571 754 4625 lum
779 4567 921 4621 illius
948 4566 1115 4620 vivum
1138 4578 1199 4618 ac
1235 4560 1466 4635 plenum,
1494 4562 1643 4630 cujus
1670 4561 1727 4614 in
1762 4576 1818 4614 se
1847 4576 2050 4615 omnem
2088 4577 2179 4616 ea;-

2278 3368 2390 3415 mat
2417 3359 2484 3414 ad
2513 3358 2676 3415 vitam
2694 3398 2709 3423 ,
2743 3373 2920 3430 neque
2941 3370 3155 3413 rursum
3184 3370 3284 3428 per
3302 3355 3567 3412 doctrinae
3595 3355 3881 3412 scientiam

2277 3454 2512 3511 scribam
2538 3453 2837 3525 Synagogm
2864 3452 3094 3508 instituit
3119 3450 3188 3506 ad
3239 3451 3412 3522 legem
3466 3467 3481 3506 :
3542 3449 3640 3506 sed
3672 3449 3887 3521 perfec-

2285 3557 2399 3601 tum
2424 3545 2677 3600 Ecclesiae
2703 3543 2999 3615 principem
3027 3542 3280 3613 perlectis
3311 3543 3667 3599 maximarum
3708 3543 3886 3597 virtu-

2281 3650 2394 3696 tum
2418 3639 2574 3696 honis
2594 3636 2678 3711 (2)
2694 3640 2954 3704 instituit,
2987 3643 3050 3693 ut
3076 3647 3133 3693 et
3162 3637 3277 3713 vita
3297 3636 3415 3708 ejus
3435 3646 3663 3692 ornetur
3682 3634 3887 3692 docen—

2281 3733 2353 3790 do
2373 3774 2388 3801 ,
2415 3743 2467 3789 et
2489 3732 2735 3789 doctrina
2760 3730 3017 3788 vivendo.
3048 3729 3294 3800 Denique
3348 3730 3526 3800 ipsum
3573 3728 3723 3784 illum
3743 3768 3759 3795 ,
3816 3727 3887 3785 ad

2283 3840 2442 3898 quem
2470 3826 2518 3882 ei
2548 3839 2729 3881 sermo
2753 3832 2906 3892 erat,
2957 3822 3136 3879 Titum
3176 3820 3257 3896 (ά)
3307 3820 3609 3879 istiusmodi
3658 3820 3883 3877 decreto

2283 3918 2727 3974 consummantia:
2753 3917 3029 3988 religionis
3059 3915 3319 3970 instruxit
3371 3929 3386 3967 :
3442 3912 3512 3968 In
3558 3908 3793 3967 erunibus
3840 3922 3894 3966 te

2282 4011 2454 4083 ipsum
2477 4011 2727 4067 bonorum
2752 4013 3006 4082 faciamus
3055 4008 3287 4079 prcbsns
3306 4006 3598 4077 excerptum
3624 4005 3897 4060 doceam

2284 4116 2400 4158 cum
2421 4103 2740 4158 veneratione
2761 4101 2969 4157 uerbum
2991 4116 3195 4169 sanum,
3216 4096 3695 4169 irrepreltensibilc;
3719 4106 3777 4151 ut
3792 4095 3894 4150 att-

2285 4198 2542 4253 versarius
2562 4206 2870 4262 revereatur,
2898 4194 3028 4251 nihil
3055 4194 3253 4250 habens
3286 4202 3437 4266 turpe
3463 4201 3555 4248 aut
3581 4191 3778 4247 malum
3823 4191 3894 4245 de

2286 4292 2431 4347 nobis
2460 4292 2630 4347 dicere
2653 4289 2781 4365 (Tit.
2832 4306 2867 4346 ιι
2893 4333 2908 4359 ,
2945 4290 2999 4359 7,
3051 4288 3131 4360 8).
3160 4287 3280 4345 Non
3302 4288 3569 4361 ignoravit
3594 4286 3784 4343 doctor
3805 4285 3894 4342 hic

2286 4386 2526 4457 gentium
2548 4425 2563 4452 ,
2590 4394 2688 4453 et,
2710 4399 2779 4441 ex
2833 4382 3165 4440 conscientia
3196 4380 3468 4453 loquentis
3516 4389 3681 4452 atque
3729 4377 3894 4434 habi-

2288 4480 2452 4534 tantis
2507 4480 2558 4533 in
2609 4493 2669 4533 se
2712 4476 2954 4544 Christi,
3020 4476 3281 4532 Ecclesiae
3343 4474 3550 4530 electus
3608 4473 3894 4544 magister,

2286 4569 2520 4625 morbidi
2552 4568 2752 4639 eloquii
2777 4575 3090 4638 grassatum
3110 4581 3234 4622 esse
3277 4564 3558 4636 contagia,
3605 4573 3662 4620 et
3696 4562 3895 4617 adver-

648 4664 800 4737 plicct
840 4666 1077 4733 formam,
1122 4666 1324 4713 omnem
1355 4655 1591 4710 virtutem
1621 4654 1897 4708 contineat.
1946 4653 2033 4709 Ita
2061 4670 2177 4709 vero
2204 4667 2261 4733 D
2285 4678 2410 4720 sum
2441 4663 2723 4721 sanitatem
2755 4662 3043 4715 verborum
3073 4659 3314 4714 ﬁdelium
3354 4657 3733 4713 desim-ituram
3762 4653 3895 4709 doc.

649 4757 847 4811 decimo
892 4767 1090 4807 onmem
1126 4749 1347 4819 explicat
1386 4746 1566 4800 Patris
1597 4747 1842 4814 formam,
1882 4755 1939 4799 ut
1979 4762 2096 4800 eum
2126 4748 2180 4802 in

646 4849 824 4905 forma
862 4846 980 4911 Dei,
1020 4845 1076 4898 in
1103 4859 1206 4913 qua
1240 4838 1352 4894 Deo
1379 4838 1592 4907 (aqualis
1631 4840 1717 4904 sit,
1745 4838 2017 4908 Apostolus
2046 4857 2183 4909 ρνω..

650 4945 805 4997 dicet.
830 4938 1132 5001 Undecimo,
1151 4934 1271 5003 quia
1290 4933 1457 5003 imago
1481 4940 1553 4985 est
1574 4929 1672 4985 Dei
1697 4930 1983 4996 invisibilis,
2003 4932 2183 5004 proin-

649 5036 812 5106 deque
838 5046 929 5086 nec
954 5026 1185 5091 visibilis,
1214 5042 1307 5080 nec
1327 5038 1623 5095 corporeus,
1660 5037 1752 5078 nec
1772 5024 1969 5093 ﬁnitus.
2000 5022 2184 5095 Neque

650 5137 817 5202 potest
861 5125 965 5180 dici
1025 5123 1158 5178 hanc
1217 5119 1458 5193 imaginis
1521 5118 1773 5174 rationem
1826 5119 1882 5173 in
1926 5120 2174 5176 invisibili

653 5271 735 5345 (l)
758 5266 966 5345 igent.

646 5340 727 5418 (Et)
751 5340 992 5395 Instruit.

671 5479 700 5515 (1

703 5460 724 5535 )
755 5458 886 5535 Bad‘.
921 5464 975 5511 et
1005 5454 1095 5507 Er.
1128 5464 1248 5535 cum
1275 5447 1462 5535 codice
1490 5446 1607 5535 itas.
1636 5446 1761 5535 iiut.
1801 5463 1870 5504 ac
1889 5447 2166 5535 recentio-

568 5549 631 5599 re
650 5517 805 5589 δέιιι).
839 5529 1000 5600 ﬁgens
1025 5538 1043 5579 :
1064 5522 1210 5600 quod
1235 5521 1407 5600 prima
1427 5517 1603 5574 fronte
1630 5519 1924 5600 placuerat.

636 5606 716 5676 (b)
751 5591 901 5676 Mss:
914 5598 1031 5676 vat.
1063 5591 1261 5676 hauet
1291 5591 2016 5676 Martucoummmandarum.

639 5660 712 5745 lc),
744 5672 1063 5730 Particulam
1093 5664 1271 5745 et_hic
1296 5673 1349 5745 et
1375 5660 1525 5718 -inlra
1569 5664 1829 5745 expunxit
1861 5663 2118 5745 Erasmus
2138 5702 2161 5728 ,

564 5734 807 5817 quamvis
833 5750 1007 5799 exstet
1026 5736 1190 5808 apud.
1219 5735 1348 5791 Bad.
1381 5748 1482 5791 nec
1510 5751 1616 5791 non
1638 5736 1694 5789 in
1726 5734 1980 5792 omnibus
2017 5750 2155 5792 mss.

562 5827 620 5872 ut
672 5819 721 5871 in
767 5828 944 5886 graeco
972 5819 1141 5886 textu.

553 5959 562 5967 _
629 5887 710 5961 (tt)
736 5876 853 5943 Vat.
887 5883 1001 5939 bas.
1030 5878 1199 5936 codex
1222 5917 1238 5946 ,
1265 5876 1553 5933 istiusmodi
1572 5876 1727 5933 dicto.

2289 4758 2451 4811 trinae
2476 4752 2747 4824 pestiferae
2762 4751 3170 4823 corruptionem
3189 4792 3203 4816 ,
3232 4766 3357 4823 quae
3384 4750 3564 4820 impiae
3590 4746 3895 4816 intelligen-

2289 4850 2382 4905 tiae
2410 4866 2520 4905 sua:
2542 4848 2614 4921 (ρ)
2642 4848 2784 4903 luem
2812 4847 3067 4918 usquead
3098 4848 3275 4917 ipsam
3328 4845 3514 4901 sedem
3559 4842 3755 4898 animas
3790 4840 3894 4896 deo

2289 4958 2546 5015 mei-gens
2565 4984 2579 5008 ,
2615 4940 2882 5012 profundo
2903 4947 3151 5011 serperet
3180 4940 3343 4993 malo.
3375 4937 3450 4993 Ex
3486 4936 3571 4991 his
3598 4936 3743 4991 enim
3768 4934 3844 4988 ait
3874 4950 3890 4990 :

2293 5036 2531 5103 Quorum
2555 5050 2722 5090 sermo
2743 5044 2796 5088 ut
2819 5049 3002 5088 cancer
3030 5034 3184 5103 serpit
3208 5030 3278 5104 (ll
3296 5029 3435 5086 Tim.
3464 5029 3530 5097 ll,
3560 5027 3672 5102 17),
3704 5025 3894 5084 latenti

2289 5143 2509 5200 semper
2528 5127 2949 5199 subrepentique
2975 5126 3230 5197 cotitagio
3248 5124 3536 5182 sanitatem
3563 5122 3649 5196 (5)
3671 5119 3744 5196 (f)
3777 5135 3894 5194 per-

2363 5265 2445 5342 (5)
2469 5266 2749 5323 Perversat.

2361 5446 2433 5520 (ε)
2466 5450 2622 5519 Apud
2649 5447 2799 5519 Lips.
2829 5457 2885 5504 et
2902 5448 3041 5520 Par._
3058 5447 3241 5520 lucem.
3272 5443 3496 5520 Rectius
3525 5444 3578 5499 in
3619 5455 3760 5520 mss.
3792 5438 3889 5514 tuo.

2280 5516 2441 5602 rem}
2471 5516 2567 5590 pro
2596 5516 2860 5592 qua'voce
2903 5518 3048 5592 apud
3096 5518 3226 5581 Bad.
3262 5526 3320 5573 et
3370 5516 3465 5572 Er.
3513 5516 3749 5589 positum
3773 5520 3893 5569 erat

2279 5606 2358 5647 ων
2366 5608 2423 5646 ιω
2430 5632 2442 5643 .

2353 5661 2426 5735 (ί)
2450 5661 2579 5719 MSS.
2602 5662 2725 5717 Vat.
2757 5661 2871 5735 bas.
2898 5672 2953 5735 et
2980 5659 3146 5735 Cum.
3181 5676 3447 5735 pergerem.
3506 5656 3664 5735 Mart.
3719 5654 3886 5735 Cari?

2275 5726 2477 5802 aliique
2501 5750 2622 5788 cum
2651 5735 2782 5790 edit.
2810 5734 2942 5789 Bud.
2975 5726 3271 5805 persuasae.
3290 5726 3657 5799 Rc'tinendum
3710 5726 3891 5805 omni-

2274 5820 2349 5861 no
2379 5821 2635 5878 pervasat,
2663 5806 2807 5876 quod
2859 5814 2943 5860 est
2976 5801 3149 5862 'Colb.
3207 5804 3544 5874 aliorumque
3597 5801 3887 5874 quamplu—

2273 5878 2415 5935 rium
2440 5878 2626 5949 proba:
2652 5886 2794 5934 notia
2822 5891 2955 5932 mss.
