4246 6260
392 347 499 403 937

1609 338 1697 395 DE
1724 335 2096 396 TRINITA'I'E
2136 335 2343 394 LIBER
2371 336 2503 396 VIII.

3591 346 3700 403 258

390 476 539 516 vasa:
597 457 795 517 mentis
835 455 1104 512 inliciens.
1147 455 1232 511 Oh
1283 453 1424 525 quod
1466 453 1581 508 sani
1624 453 1892 509 sermonis
1941 451 1993 506 in
2025 450 2400 514 Aditferentis
2449 468 2478 509 a
2532 453 2692 510 Patre
2743 463 2987 521 naturae,
3046 455 3239 512 eodem
3298 457 3696 526 prmdicationis

393 553 667 624 Episcopo
693 548 865 606 voluit
887 563 1011 604 esse
1035 546 1335 602 doctrinam
1360 586 1375 609 ,
1403 543 1524 599 fidei
1555 543 1946 598 conscientiam
1979 583 1992 607 ,

392 642 560 718 215
601 654 654 698 et
682 640 1118 696 exhortationum
1141 637 1421 692 scientiam
1449 677 1461 699 ,
1491 634 1779 689 adversum
1804 633 1995 703 impias

391 748 446 792 et
470 735 760 791 mendaces
788 741 842 787 et
864 746 1089 786 vesanus
1121 729 1576 784 ctmtradictiones
1619 725 1700 799 (α)
1747 727 1996 781 obtinen-

393 838 526 884 tvm.
557 827 706 883 Multi
733 824 880 881 enim
907 834 1056 890 sunt,
1089 822 1179 891 qtti
1209 822 1528 876 simulantes
1551 819 1711 875 fidem
1739 836 1844 873 nun
1868 818 1995 872 sub-

391 924 492 978 diti
519 930 646 977 sunt
672 919 795 974 fidei
823 961 838 986 ,
867 917 1077 986 sibique
1107 915 1264 970 tidem
1295 913 1397 984 ipsi
1429 914 1604 979 potius
1630 913 1992 977 constituunt,

393 1017 879 1090 quantaccipiunt.
933 1027 1101 1069 sensu
1150 1011 1399 1066 humanae.
1446 1011 1718 1066 inanitatis
1784 1007 1991 1076 inﬂati,

396 1113 525 1166 dum
545 1125 665 1182 qua!
692 1108 879 1162 volunt
907 1106 1158 1175 sapiunt,
1187 1113 1241 1158 et
1264 1104 1450 1158 nolunt
1494 1117 1688 1173 sapere
1716 1117 1838 1172 qua:
1866 1115 1991 1155 vera

395 1216 527 1264 sunt
555 1223 569 1260 :
600 1221 720 1262 cum
753 1203 1035 1273 sapientiae
1065 1202 1180 1255 lucc
1205 1200 1407 1255 veritas
1451 1199 1522 1253 sit
1543 1239 1557 1262 ,
1601 1213 1664 1252 ea
1719 1195 1991 1251 interdum

398 1313 598 1368 sapere
621 1313 735 1368 qua:
758 1295 916 1351 nolis.
943 1293 1197 1364 Sequitur
1226 1307 1356 1347 vero
1393 1290 1531 1346 hanc
1581 1290 1880 1344 voluntatis
1904 1303 1993 1342 sa-

299 1374 310 1376 ’
394 1391 656 1462 pientiam
683 1389 760 1462 (ι)
787 1404 965 1445 sermo
982 1388 1260 1442 stultitiae:
1289 1387 1413 1456 quia
1441 1400 1666 1440 necesse
1709 1395 1794 1441 est
1847 1383 1990 1453 quod

390 1486 558 1541 stulte
597 1487 821 1556 sapitur,
853 1483 1018 1538 stulte
1039 1491 1092 1538 et
1121 1481 1469 1552 praedicetur.
1499 1479 1618 1535 Jam
1650 1495 1780 1535 vero
1830 1479 1991 1534 stulta

393 1579 712 1651 praedicatio
741 1589 996 1649 quantum
1019 1576 1221 1632 malum
1247 1584 1328 1631 est
1354 1573 1712 1638 audientium,
1741 1589 1862 1628 cum
1900 1587 1987 1627 se-

397 1673 665 1728 ducuntur
695 1673 744 1726 in
778 1671 1101 1726 sententiam
1158 1667 1405 1722 stultitia:
1454 1666 1553 1720 sub
1593 1665 1850 1734 opinione
1901 1679 1991 1719 sa-

397 1766 648 1838 pientiae?
679 1763 746 1818 Et
773 1765 981 1819 idcirco
1012 1761 1304 1831 Apostolus
1335 1760 1476 1814 hunc
1501 1759 1570 1815 de
1602 1759 1686 1814 his
1740 1758 1988 1814 ordinem

2101 555 2300 603 nostrae
2339 563 2499 603 cursu
2553 548 2874 605 duceremus
2926 566 2939 602 :
2985 550 3056 604 ita
3099 560 3157 606 ut
3212 565 3311 606 nec
3363 551 3692 622 singularem

2099 640 2268 695 Deum
2303 641 2438 695 ﬁdes
2471 642 2759 706 Ecclesim,
2804 659 2903 697 nec
2945 643 3080 697 duos
3130 643 3263 700 deos
3317 644 3695 714 proﬁteretur;

2093 743 2217 785 cum
2246 733 2407 805 215
2433 747 2529 788 nec
2560 733 2814 788 nativitas
2842 734 2936 789 Dei
2983 735 3284 790 solitarium
3331 736 3501 791 Deum
3551 737 3697 791 sine-

2099 833 2218 888 ret,
2261 840 2358 878 nec
2413 825 2663 878 nativitas
2708 825 2946 894 perfecta
2994 826 3328 881 diversarum
3379 839 3690 883 naturarum

2097 915 2315 970 nomina
2343 915 2396 970 in
2427 915 2531 970 diis
2555 916 2765 971 duobus
2795 917 3121 973 admitteret.
3151 919 3354 987 Duplex
3381 930 3561 975 autem
3597 937 3695 973 no-

2097 1007 2180 1061 bis
2211 1007 2262 1060 in
2292 1005 2601 1062 refellendis
2627 1024 2811 1062 eorum
2840 1009 3160 1078 vaniloquiis
3184 1025 3310 1065 cura
3344 1023 3426 1066 est
3445 1052 3459 1077 ,
3499 1021 3557 1066 ut
3585 1013 3695 1082 pri-

2097 1114 2243 1153 mum
2273 1115 2394 1170 quae
2420 1109 2546 1154 sunt
2574 1111 2756 1155 sancta
2789 1111 2840 1155 et
2873 1101 3109 1171 perfecta
3141 1113 3192 1156 et
3216 1119 3346 1158 sana
3374 1098 3690 1169 doeeainns,

2095 1207 2271 1263 nequc
2301 1208 2484 1248 sermo
2529 1206 2710 1248 n05ter
2785 1210 2879 1265 per
2936 1195 3177 1250 deﬂexus
3224 1197 3486 1268 quosdam
3534 1209 3696 1267 atque

2093 1287 2368 1342 anfractus
2413 1289 2672 1344 oberrans
2693 1330 2706 1352 ,
2737 1301 2792 1344 et
2835 1306 2901 1345 ex
2933 1290 3103 1346 deviis
3130 1301 3290 1362 atque
3305 1293 3550 1346 erraticis
3603 1308 3696 1347 cu-

2096 1379 2287 1434 niculis
2310 1395 2622 1451 emergens,
2651 1383 2930 1438 veritatem
2960 1393 3166 1453 quaerat
3189 1385 3366 1453 potius
3393 1401 3551 1453 quam
3598 1399 3692 1439 0s-

2096 1471 2280 1526 tendat
2310 1490 2324 1526 :
2358 1482 2469 1528 tum
2501 1473 2695 1528 deinde
2723 1485 2778 1527 ttt
2804 1489 2922 1543 quae
2953 1475 3021 1530 ab
3052 1475 3159 1529 illis
3185 1476 3420 1530 inanium
3445 1492 3508 1531 ac
3541 1477 3692 1530 falla-

2095 1567 2235 1621 cium
2251 1568 2635 1623 sententiarum
2663 1569 2888 1639 argutiis
2914 1567 2982 1623 ad
3013 1570 3249 1639 speciem
3273 1570 3385 1625 veri
3410 1570 3693 1626 blandien-

2097 1660 2164 1715 tis
2188 1670 2462 1731 aptantur,
2487 1677 2548 1717 ea
2602 1663 2716 1732 ipsa
2770 1664 3115 1718 conscientim
3168 1666 3407 1720 omnium
3461 1667 3688 1724 ridicula

2095 1767 2218 1808 esse
2263 1763 2317 1808 et
2360 1755 2538 1823 inepta
2577 1755 2893 1824 pandamus.
2949 1755 3063 1811 Non
3114 1757 3260 1812 enim
3307 1757 3506 1814 sulficit
3535 1760 3690 1815 nobis

394 1860 567 1914 tenuit
590 1858 777 1913 dicens
805 1874 818 1911 :
847 1856 980 1912 Sunt
1008 1855 1144 1909 enim
1167 1853 1313 1907 multi
1336 1861 1382 1908 et
1410 1868 1509 1906 non
1540 1850 1766 1915 subditi,
1791 1850 1988 1904 uanilo-
2019 1838 2067 1899 B
2093 1845 2341 1901 docuisse
2367 1863 2484 1916 qua:
2517 1847 2601 1919 pia
2626 1858 2768 1913 sunt,
2804 1847 3156 1918 nisipiissima
3174 1865 3237 1905 ea
3265 1865 3385 1906 esse
3415 1867 3510 1922 per
3531 1851 3581 1907 id
3611 1853 3690 1908 in-

387 1951 476 2019 qui
504 1959 554 2005 et
570 1949 878 2004 seductores.
902 1944 1396 2002 Contradicendum
1429 1942 1609 2012 itaque
1631 1951 1746 2003 est,
1776 1950 1832 1996 et
1889 1941 1990 1994 im-

387 2047 573 2116 pietati
606 2043 891 2106 insolenti,
921 2052 976 2096 et
1005 2037 1308 2094 insolentia:
1334 2037 1639 2104 vaniloquus
1659 2075 1676 2100 ,
1700 2044 1756 2089 et
1782 2033 1990 2087 vanilo-

384 2139 514 2208 quio
535 2135 816 2193 seducenti
852 2145 942 2189 :et
970 2130 1447 2186 contradicendum
1480 2144 1574 2198 per
1605 2127 1865 2181 doctrina:
1902 2139 1988 2179 sa-

385 2233 647 2297 nitatem,
681 2245 778 2300 per
807 2227 930 2282 ﬁdei
972 2225 1288 2289 veritatem,
1321 2238 1417 2291 per
1443 2220 1733 2278 verborum
1765 2218 1988 2272 sinceri-

385 2335 588 2390 tatem;
627 2333 768 2380 utet
804 2321 874 2396 (c)
925 2320 1211 2376 sinceritas
1257 2317 1501 2373 veritatis
1537 2315 1641 2381 sit,
1688 2321 1743 2369 et
1788 2313 1988 2368 veritas

385 2419 658 2476 sanitatis.

451 2512 506 2566 2.
545 2509 657 2565 Hoc
679 2519 875 2576 tempus
889 2507 985 2560 sibi
997 2505 1256 2560 obvenisse
1266 2502 1419 2558 sentit
1445 2499 1702 2557 Hilarius.
1722 2497 1858 2566 Quid
1870 2498 1987 2566 jam

377 2606 510 2658 rain
533 2619 590 2657 re
609 2601 893 2673 perfecerit.
925 2600 1095 2665 Quam
1121 2597 1258 2650 uiam
1279 2603 1459 2649 cantra
1483 2591 1751 2648 Itwreticos
1795 2598 1981 2644 teneat.

376 2723 452 2739 -—
479 2699 559 2752 Ac
585 2696 716 2751 mihi
747 2693 960 2765 quidem
989 2708 1052 2747 ea
1084 2704 1227 2746 nunc
1273 2685 1766 2745 commemoranda:
1825 2683 1986 2752 hujus

377 2790 666 2846 sententia:
695 2785 1005 2856 apostolicae
1026 2782 1130 2838 fuit
1154 2797 1312 2838 causa
1334 2823 1348 2846 ,
1381 2781 1503 2851 quia
1537 2779 1784 2833 homines
1806 2784 1984 2831 mente

378 2881 658 2954 perversi,
691 2889 742 2935 et
771 2877 1105 2949 professione
1136 2875 1353 2930 fallaces
1373 2915 1388 2940 ,
1437 2884 1492 2927 et
1549 2888 1645 2942 spe
1676 2873 1898 2933 inanes,
1931 2879 1986 2924 et

377 2991 640 3034 sermone
662 2972 902 3043 viperei,
935 2966 1340 3025 contradicendi
1396 2965 1554 3020 nobis
1603 2963 1983 3018 necessitatem

376 3070 664 3139 imponunt
697 3067 864 3122 :dum
896 3063 1130 3120 lethales
1151 3062 1456 3123 doctrinas,
1499 3068 1554 3114 et
1599 3056 1875 3112 morbidas
1899 3057 1981 3110 itt-

376 3158 729 3231 telligcntias,
754 3167 808 3213 et
827 3165 1108 3226 corruptas
1137 3155 1444 3208 voluntates
1463 3192 1478 3217 ,
1509 3147 1842 3218 simplicitati
1887 3162 1982 3200 au-

374 3256 643 3313 dientium
666 3268 760 3323 per
786 3251 1022 3320 speciem
1055 3247 1334 3318 religionis
1365 3244 1645 3298 insinuant

376 3365 476 3406 eos
505 3347 868 3420 praetermissa
894 3343 1204 3415 apostolicae
1253 3337 1732 3411 praedicationibus
1755 3336 1982 3390 sinceri-

379 3455 493 3498 tate
542 3450 796 3512 agentes,
845 3454 914 3493 ne
967 3437 1124 3492 Pater
1169 3445 1323 3504 pater
1349 3434 1455 3499 sit,
1503 3447 1574 3486 ne
1625 3429 1794 3484 Filius
1839 3428 1984 3482 filius

380 3541 481 3601 sit,
514 3550 582 3591 ne
611 3534 756 3588 Deus
782 3532 916 3586 deus
943 3531 1043 3594 sit,
1073 3543 1142 3582 ne
1174 3526 1306 3582 fides
1330 3525 1463 3579 tides
1489 3524 1578 3577 sit.
1602 3521 1845 3590 Quorum
1888 3535 1984 3576 ve-

378 3630 528 3686 sanis
550 3626 846 3682 mendaciis
871 3625 1172 3679 renitentes
1197 3635 1369 3690 usque
1414 3634 1479 3672 eo
1514 3619 1624 3687 jam
1675 3630 1981 3671 sermonem

379 3720 755 3792 responsionis
807 3727 1007 3772 nostra:
1055 3713 1412 3775 tetendimus,
1469 3719 1527 3764 ut
1569 3724 1692 3765 cum
1740 3707 1875 3775 (Lib.
1902 3711 1978 3776 tv)

381 3814 553 3867 Deum
583 3810 864 3875 echum,
897 3819 948 3862 et
977 3806 1119 3878 (Lib.
1170 3809 1228 3873 v)
1283 3818 1470 3859 verum
1518 3801 1689 3856 Deum
1746 3801 1798 3855 in
1847 3815 1977 3854 vero

378 3904 1048 3959 Dcodemonstrassemus
1077 3913 1145 3952 ex
1169 3897 1320 3966 lege;
1361 3904 1470 3948 tum
1507 3892 1704 3948 deinde
1733 3891 1870 3962 (Lib.
1900 3891 1976 3962 vt)

379 3997 677 4068 perfectam
721 4011 786 4049 ac
840 4007 1024 4048 veram
1074 3990 1330 4060 unigettiti
1384 3987 1477 4041 Dei
1527 3986 1862 4040 nativitatem
1911 4001 1976 4039 ex

375 4089 705 4160 evangelicis
733 4096 895 4158 atque
918 4081 1232 4155 apostolicis
1253 4078 1516 4135 doctrinis
1542 4076 1974 4141 ostenderemus;

381 4191 659 4256 postremo
684 4181 824 4254 (Lib.
849 4179 949 4250 vn)
980 4188 1038 4234 ut
1063 4191 1249 4233 verum
1289 4174 1456 4229 Deum
1489 4172 1584 4228 Dei
1613 4171 1781 4226 lilium
1811 4180 1865 4226 et
1896 4171 1978 4226 in-

455 4299 533 4371 (I)
567 4298 838 4370 Optamus.

455 4412 531 4486 (τι)
556 4412 612 4468 1η
645 4412 902 4486 vulgatis:
939 4410 1260 4486 obnitentctu.
1319 4405 1391 4486 i'Zx
1441 4396 1824 4486 vetustissimis
1844 4410 1972 4448 mss.

382 4473 644 4540 Va‘t.'bas.
669 4473 824 4538 Coll».
853 4481 1016 4537 Carn.
1050 4492 1107 4536 ut
1135 4492 1185 4534 et
1208 4481 1372 4534 Corb.
1405 4478 1476 4530 ab
1507 4473 1723 4542 antiqua
1775 4483 1935 4550 manu
1957 4507 1972 4530 ,

379 4573 615 4625 quorum
647 4570 946 4611 consensus
979 4555 1222 4608 tnaximrc
1251 4551 1412 4625 debet
1437 4564 1558 4601 esse
1597 4549 1968 4620 auctoritatis,

382 4621 725 4697 praeferimus
748 4626 1084 4686 obtinentem,
1110 4624 1302 4697 supple
1332 4621 1560 4697 palmam
1594 4633 1606 4667 :
1634 4625 1690 4697 ιιι
1713 4629 1774 4667 ea
1809 4626 1970 4697 nitnt-

1699 3259 1711 3291 :
1758 3241 1810 3295 id
1837 3239 1978 3309 apud
2006 3220 2052 3285 C

2077 4611 2149 4664 do
2173 4609 2518 4665 mulierculas
2565 4611 2826 4664 sciscitari
2881 4631 2894 4664 :

2095 1939 2424 2011 telligantur,
2457 1939 2584 1994 dum
2616 1957 2734 2009 qua:
2764 1941 2926 2010 impia
2954 1950 3081 1995 sunt
3101 1941 3442 1997 refelluntur.

2163 2035 2216 2088 5.
2253 2031 2499 2087 Htrretici
2521 2035 2635 2103 plus
2656 2033 2953 2105 impendunt
2981 2051 3115 2090 cura:
3139 2037 3208 2090 ad
3221 2037 3355 2108 falsa
3374 2039 3691 2093 insinuanda

2089 2142 2245 2196 quam
2271 2123 2523 2180 Catholici
2546 2127 2614 2180 ad
2638 2143 2776 2182 vera.
2812 2127 3246 2201 luterrogationes
3279 2133 3460 2202 quibus
3490 2133 3693 2203 simpli—

2091 2217 2228 2270 cium
2249 2217 2372 2286 ﬁdei
2400 2217 2730 2272 insidiantur.
2755 2249 2826 2260 -—
2857 2219 2925 2276 Ut
2951 2235 3077 2275 vero
3104 2221 3260 2276 bonis
3316 2233 3370 2278 et
3420 2222 3688 2291 prudenti-

2089 2307 2190 2362 bus
2217 2309 2346 2362 viris
2369 2318 2572 2364 naturae
2596 2325 2658 2365 ac
2684 2311 2845 2366 studii
2863 2321 2945 2366 est
2967 2353 2981 2377 ,
3014 2319 3157 2368 totos
3187 2327 3246 2368 se
3269 2313 3333 2367 ad
3361 2314 3530 2369 beata:
3575 2315 3690 2384 διιεῖ

2087 2401 2314 2469 alicujus
2346 2401 2691 2458 obtinendam
2720 2403 2803 2456 vel
2835 2419 2947 2458 rem
2999 2405 3084 2460 vel
3108 2414 3319 2476 tempus
3349 2421 3687 2476 prmparare,

2090 2511 2159 2550 ne
2189 2497 2242 2550 in
2270 2496 2451 2565 aliquo
2482 2497 2660 2550 minor
2684 2497 2754 2550 sit
2782 2496 3189 2565 exspectatione
3218 2499 3565 2565 procinctus;
3617 2499 3689 2552 ita

2089 2587 2207 2644 istis
2231 2589 2484 2644 hmretico
2503 2592 2684 2644 furore
2712 2589 3018 2644 amentibus
3040 2591 3423 2646 sollicitudinis
3439 2592 3688 2646 maxima:

2087 2691 2169 2736 est
2197 2722 2210 2746 ,
2244 2689 2357 2736 toto
2380 2681 2638 2736 adversus
2667 2681 2766 2750 pia:
2785 2681 2905 2735 fidei
2941 2682 3221 2737 veritatem
3251 2683 3541 2752 impietatis
3572 2697 3688 2736 sua:

2091 2775 2305 2846 ingenio
2336 2775 2582 2830 laborare
2614 2794 2626 2829 :
2655 2787 2712 2829 ut
2738 2775 2998 2830 adversus
3023 2792 3118 2831 eos
3137 2819 3151 2842 ,
3181 2777 3270 2847 qui
3298 2777 3538 2846 I'CIIgIOsI
3561 2786 3690 2832 sunt

2087 2870 2165 2939 (ά)
2192 2869 2408 2924 vincant
2437 2884 2557 2924 esse
2584 2869 2907 2940 irreligiosi;
2932 2878 2986 2926 et
3017 2871 3152 2926 ultra
3183 2887 3334 2941 spem
3385 2872 3510 2927 vitae
3555 2888 3682 2926 nos-

2088 2975 2184 3019 tra:
2226 2965 2348 3019 vita:
2373 2979 2484 3019 sua:
2510 2964 2891 3034 desneratione
2916 2967 3150 3035 potiores
3175 2967 3317 3034 sint;
3346 2975 3402 3022 et
3431 2966 3551 3036 plus
3583 2967 3686 3020 im-

2089 3057 2324 3128 pendant
2352 3057 2696 3126 cogitationis
2737 3058 2804 3110 ad
2871 3057 3035 3122 falsa,
3073 3073 3233 3128 quam
3277 3074 3374 3112 nos
3424 3057 3687 3114 doctrina:

2087 3155 2158 3226 (ε)
2187 3153 2523 3225 aptamus(l)
2547 3152 2614 3208 ad
2639 3168 2782 3210 vera.
2816 3154 2924 3208 l‘iis
2944 3153 3089 3210 enim
3117 3154 3238 3208 lidei
3263 3163 3461 3209 nostrae
3484 3153 3690 3220 profes-

2085 3249 2330 3304 sionibus
2359 3251 2455 3302 has
2482 3248 2660 3318 impiae
2689 3245 2926 3316 perﬁdiae
2957 3263 3070 3303 suae
3091 3246 3548 3304 contradictiones
3569 3249 3684 3304 ela-

2089 3343 2442 3408 boraverunt,
2471 3351 2530 3398 ut
2559 3342 2791 3413 primum
2819 3343 3116 3413 requirant,
3146 3352 3400 3400 utrumne
3430 3342 3586 3400 nobis
3631 3344 3683 3399 in

2087 3437 2192 3492 fide
2242 3437 2386 3492 Deus
2444 3451 2583 3492 unus
2625 3435 2730 3500 sit;
2786 3433 2981 3490 deinde
3024 3435 3351 3504 snbjiciant,
3401 3451 3470 3490 an
3521 3436 3683 3491 etiam

2085 3530 2334 3585 Christus
2374 3529 2516 3584 Deus
2555 3529 2649 3594 sit;
2687 3538 2993 3600 postremo,
3021 3543 3087 3582 an
3121 3528 3279 3584 Pater
3301 3528 3472 3600 major
3502 3530 3574 3584 sit
3594 3529 3687 3584 Fi-

2087 3622 2160 3678 lio
2195 3641 2206 3676 :
2242 3631 2302 3676 ut
2329 3636 2450 3676 eum
2482 3621 2753 3676 audierint
2776 3619 2828 3674 in
2855 3620 3193 3690 professione
3257 3621 3422 3677 Deum
3473 3637 3638 3676 unum
3666 3663 3681 3687 ,

2088 3724 2308 3769 utantur
2333 3729 2392 3766 ea
2416 3713 2485 3768 ad
2517 3712 2567 3767 id
2589 3754 2605 3778 ,
2628 3729 2693 3766 ne
2711 3711 2957 3767 Christus
2985 3711 3127 3765 Deus
3153 3711 3241 3765 sit.
3269 3711 3384 3766 Non
3429 3713 3570 3767 enim
3615 3711 3683 3768 de

2086 3806 2222 3861 Filio
2250 3815 2528 3875 quaerunt.
2561 3819 2627 3856 an
2655 3803 2792 3858 Deus
2814 3802 2882 3856 sit
2913 3819 2925 3856 :
2959 3802 3052 3856 sed
3106 3801 3159 3856 id
3217 3811 3421 3856 tantum
3454 3801 3643 3857 volunt
3664 3843 3680 3870 ,

2081 3900 2148 3954 de
2177 3897 2392 3953 Christo
2417 3896 2485 3968 (ί)
2519 3895 2934 3965 interrogando,
2971 3910 3038 3950 ne
3062 3894 3200 3948 tilius
3239 3895 3344 3960 sit;
3391 3905 3444 3950 ut
3475 3896 3683 3967 simpli-

2083 3990 2162 4045 cis
2185 3990 2303 4043 tidei
2330 3988 2602 4042 hominem
2635 3997 2948 4056 captantes,
2974 4002 3069 4056 per
3100 3987 3252 4042 unius
3276 4003 3399 4042 eum
3463 3989 3555 4043 Dci
3612 3990 3678 4044 fi-

2083 4082 2205 4137 dem
2233 4096 2261 4134 a
2289 4078 2485 4134 Christi
2549 4081 2640 4135 Dei
2679 4078 3022 4136 confessione
3046 4078 3353 4149 depellant,
3401 4081 3525 4136 dum
3565 4082 3678 4152 jam

2084 4191 2190 4229 non
2217 4189 2352 4228 unus
2374 4172 2517 4228 Deus
2537 4173 2627 4240 sit,
2655 4173 2700 4228 si
2720 4173 2790 4227 sit
2818 4174 2957 4230 Deus
2979 4173 3321 4228 contitendus
3339 4182 3388 4230 ct
3408 4171 3674 4233 Christus.

2081 4403 2225 4450 cont.
2262 4395 2356 4470 Ar.
2389 4411 2444 4467 p.
2467 4395 2710 4470 7529,Aait
2730 4411 2822 4451 eos
2867 4413 2963 4468 per
3001 4399 3174 4456 forum
3205 4405 3631 4470 circumcursare

2080 4482 2142 4549 ac
2174 4467 2335 4522 modo
2362 4458 2950 4550 puellaminterroga-re
2982 4487 3000 4524 :
3025 4473 3100 4526 ,4η
3130 4474 3174 4525 is
3193 4458 3672 4543 ᾳαῗίὴεῖς-ίῒῦδᾶ

2078 4543 2308 4617 istenteut
2337 4555 2398 4592 ex
2421 4557 2520 4617 non
2542 4543 2783 4617 existente
2802 4543 2936 4617 [ecit,
2955 4560 3020 4617 an
3047 4545 3360 4617 entisteutem,
3388 4561 3518 4617 etc.;
3552 4574 3670 4609 ηιο-

2950 4613 3027 4688 An
3062 4615 3293 4688 _Itabebas
3333 4613 3516 4688 ﬁliuni
3554 4639 3670 4684 ante

381 4680 501 4754 ἑαὴί
532 4699 780 4777 doctrina
810 4700 908 4777 sit.
937 4713 1056 4777 quae
1077 4680 1280 4777 vineae
1300 4680 1361 4745 ac
1413 4691 1656 4777 revi‘t‘tcatl
1699 4680 1972 4777 contra-di:
2001 4717 2050 4777 Β
2075 4698 2226 4751 quant
2250 4697 2494 4777 parentis,
2519 4682 2608 4735 sed
2629 4682 2776 4763 sicuti
2803 4699 2903 4777 non
2923 4683 3165 4752 habebas,
3196 4689 3269 4742 ita
3293 4680 3342 4744 et
3383 4693 3482 4749 Dei
3528 4680 3668 4767 ﬁmi;

381 4753 590 4827 centes.
616 4770 714 4822 Cui
744 4753 969 4823 lectioni.
988 4767 1127 4822 favet
1155 4764 1282 4819 illud
1312 4779 1457 4817 num.
1485 4760 1554 4833 19
1603 4760 1695 4812 lib.
1751 4770 1844 4814 xu,
1879 4753 1970 4833 ubi

379 4823 501 4898 eam
523 4823 580 4894 in
611 4839 833 4894 Pastorc
855 4840 1134 4892 scientiam
1165 4835 1394 4890 llilarins
1421 4832 1618 4899 exigit,
1650 4844 1770 4910 quze
1791 4823 1974 4910 smt'uli

380 4914 689 4982 sapientum
735 4910 1013 4964 scientiam
1045 4916 1264 4976 superet
1321 4915 1444 4982 :__ut
1497 4909 1722 4982 quanta,
1762 4905 1972 4982 inquit,

378 4968 554 5038 rerum
576 4984 862 5036 divinarum
877 4968 1563 5047 Itumanar'umquediscretiu
1581 4983 1672 5035 est,
1689 4979 1828 5023 tanta
1838 4968 1895 5047 Iul
1900 4976 1979 5047 ira

380 5065 588 5110 terrena
636 5051 802 5108 studia
840 5054 972 5106 ratio
1017 5038 1242 5107 calestis'
1280 5054 1296 5117 (
1331 5049 1381 5101 in
1408 5043 1607 5099 Christi
1653 5038 1974 5112 pastoribus)

387 5123 623 5181 excedat.

455 5197 531 5271 (ὁ)
569 5199 764 5271 Eorum
787 5195 1044 5271 scilicet,
1077 5195 1164 5264 qui
1203 5192 1341 5271 nihil
1383 5191 1592 5271 volunt.
1624 5190 1983 5271 verttntfusse

380 5265 486 5324 nisi
511 5265 657 5338 quod
685 5270 930 5336 sapiunt,
956 5283 1049 5320 seu
1075 5267 1214 5336 quod
1242 5265 1471 5338 humana
1498 5265 1704 5338 ratione
1726 5266 1974 5338 comere:

380 5324 626 5396 henditnt
661 5357 672 5392 :
706 5324 825 5409 qurc
847 5324 1139 5393 voluntatis
1166 5335 1427 5406 sapientia
1460 5343 1571 5388 toto
1622 5329 1715 5383 lih.
1762 5339 1819 5379 ιιι
1864 5324 1980 5376 fuse

379 5411 721 5469 coafutatur.
1277 5429 1284 5438 ι

459 5483 529 5553 (c)
557 5485 644 5537 Er.
676 5486 822 5552 Lips.
856 5492 908 5537 et
939 5480 1061 5553 Par.
1094 5482 1284 5535 sanitas
1311 5477 1554 5553 ueritatis.
1717 5542 1730 5553 _
1937 5535 1946 5545 ο

461 5542 542 5627 (ἆ)
581 5542 754 5615 Vetus.
772 5554 941 5609 codex
966 5552 1200 5627 Coll)._et
1227 5567 1361 5627 uno:
1387 5549 1618 5627 Sor-bon.
1665 5542 1767 5627 ad“
1785 5542 1983 5627 margi-

387 5618 556 5694 uem',
582 5628 897 5682 vindicantes
922 5624 1297 5696 seirreligiosi.
1327 5620 1543 5696 Rectius
1568 5619 1638 5696 _in
1684 5618 1838 5696 aliis,
1870 5618 1982 5696 utn-

383 5680 508 5753 cartt
531 5680 639 5752 esse
658 5680 955 5767 irreligiOsi,
987 5695 1089 5767 hoc
1110 5680 1433 5767 estAvincaut
1456 5687 1746 5767 impietatis
1774 5680 1975 5767 studio.

387 5769 538 5824 [Istic
555 5753 884 5825 Arianorum
912 5753 963 5820 in
995 5761 1389 5840 disseminauda
1414 5777 1506 5840 sua
1534 5753 1726 5840 interesi
1778 5753 1977 5840 slpllicia-

389 5840 629 5896 tudinem
659 5856 720 5896 ac
751 5824 1018 5894 vafritiem
1057 5835 1370 5892 describens
1414 5829 1758 5895 Athanasius,
1789 5827 1880 5882 0r.
1938 5824 1975 5878 2

2076 4769 2179 4806 non
2203 4762 2311 4806 erat
2338 4764 2608 4823 antequam
2637 4754 2943 4824 gigneretur.

2151 4825 2219 4890 (e)
2253 4825 2479 4888 Quidam
2513 4826 2693 4893 proba:
2724 4837 2864 4878 notae
2894 4841 3024 4882 mss.
3054 4838 3311 4895 optamus.

2155 4897 2226 4967 (f)
2250 4895 2378 4971 ‘Vat.
2407 4897 2519 4971 has.
2543 4911 2642 4950 IIIS.
2668 4896 3119 4971 interrogare.Sic
3140 4903 3409 4961 reddenda
3432 4920 3536 4964 tota
3559 4916 3675 4971 ltzec

2081 4966 2296 5038 phrasis
2326 4986 2337 5019 :
2369 4969 2457 5021 sed
2487 4966 2936 5038 interrogando—de
2980 4970 3179 5027 Christo
3219 4986 3411 5031 tantum
3471 4983 3526 5036 id
3581 4966 3670 5038 ut}:

2087 5037 2196 5119 lunt
2219 5055 2280 5090 ne
2306 5039 2444 5120 filius
2464 5040 2548 5093 sit.
2575 5037 2843 5120 QItriSttttu
2872 5041 3034 5120 Deum
3059 5055 3243 5108 aperte
3273 5064 3469 5120 negare
3492 5037 3673 5113 Ariani

2087 5110 2508 5189 extimescebant
2536 5113 2694 5189 etiam
2723 5122 2964 5189 tetripore
2992 5115 3270 5189 Augustini
3296 5163 3310 5186 ,
3336 5110 3403 5176 de
3432 5124 3519 5189 iis,

2087 5188 2270 5266 contra
2301 5181 2513 5266 ὓςίιιιίιιι.
2539 5197 2587 5236 c.
2623 5182 2690 5266 lti
2715 5171 2934 5266 ._tlieent
2947 5184 3008 5247 is,
3038 5171 3176 5240 Deus
3204 5171 3275 5245 est

2081 5260 2126 5329 et
2148 5267 2235 5304 vos
2261 5251 2431 5314 vultis,
2465 5252 2596 5329 Deus
2617 5262 2689 5305 est
2711 5261 2756 5305 et
2777 5255 3002 5324 Spiritus
3023 5271 3251 5327 sanctus,
3275 5251 3483 5322 etsinou

2083 5323 2322 5408 Ctnpque
2353 5337 2538 5408 eprum
2562 5323 2752 5405 Sermo
2775 5365 2787 5388 ,
2820 5323 2978 5408 quem
3010 5323 3364 5389 refellendum
3395 5323 3633 5408 suscepit

2092 5395 2161 5446 ab
2186 5394 2267 5473 his
2293 5394 2469 5473 verbis
2493 5395 2750 5473 inciperet
2774 5436 2787 5460 ,
2818 5391 3071 5473 Dominus
3102 5412 3268 5458 noster
3315 5391 3680 5473 lectura/lu};

2091 5476 2172 5544 tus
2187 5462 2644 5544 Dettsuttittettittts,
2672 5469 3064 5544 euq-ejusdem
3090 5462 3467 5536 refutationem

2088 5537 2266 5590 ditur:
2292 5535 2490 5621 IEoruut
2518 5536 2823 5621 praecedenti.
2842 5539 3175 5618 disputationi
3207 5546 3304 5621 hac
3331 5535 3676 5621 disputatione

2085 5611 2386 5685 respondeo,
2405 5607 2490 5685 qui
2516 5624 2638 5685 cunt
2663 5607 2936 5663 Domitiani
2959 5615 3185 5668 nostrum
3209 5619 3387 5676 Iesum

2082 5676 2307 5747 fatentur
2365 5676 2570 5748 quidem
2597 5677 2760 5758 Deum
2781 5723 2794 5745 ,
2829 5693 2933 5758 ctc_.
2977 5685 3232 5758 Adeoque
3259 5676 3456 5750 Christi

2083 5758 2244 5831 tatem
2270 5759 2563 5831 tatttqlltex
2592 5751 2810 5831 «ξὺιίςιιιίξ
2836 5751 3240 5831 Pillsalgantflta
3265 5777 3380 5822 erat
3414 5751 3680 5831 inanimis

2079 5822 2316 5878 omnium
2350 5821 2586 5877 tideliutn
2613 5822 2771 5878 insita
2799 5821 2966 5896 ipsius
2995 5825 3146 5887 ﬁdes.
