4246 6260
535 361 644 418 239

1759 348 2005 407 SANCTI
2035 344 2292 406 illLARll
2333 343 2646 405 EPISCOPI

3738 337 3850 397 ΞΗ)

541 476 661 532 Jam
687 489 815 532 vero
869 473 958 530 hic
1008 478 1200 545 quanta
1247 467 1521 526 sazcularis
1587 468 1786 540 ingenii
1843 468 2139 523 subtilitate
2168 468 2218 528 Α
2246 465 2376 536 ipsis
2405 464 2507 520 hoc
2534 461 2746 519 Domini
2770 459 2842 533 (e)
2873 459 3043 517 nostri
3069 456 3497 530 professionibus
3526 455 3729 529 placuit
3749 471 3843 512 os-

542 571 911 632 contendunt,
941 584 1061 625 cum
1086 567 1305 632 dicunt,
1337 562 1417 637 (a)
1453 564 1507 621 Si
1541 577 1680 619 unus
1725 572 1806 619 est
1828 605 1842 629 ,
1895 563 2138 633 quisquis

542 667 637 725 ille
667 667 802 722 alius
831 662 1098 719 videbitur
1116 675 1268 727 esse,
1297 661 1408 730 jam
1441 675 1544 715 nou
1563 659 1684 715 erit.
1712 657 1866 727 Quod
1908 657 1950 710 si
2003 656 2140 711 alius

545 769 627 816 est
649 760 789 829 ,jam
816 772 954 812 unus
986 755 1071 810 hic
1100 769 1206 809 non
1237 752 1343 810 erit
1375 771 1387 806 :
1417 769 1537 809 cum
1581 764 1767 808 natura
1811 767 1916 805 non
1961 750 2133 813 sinat,

541 861 604 908 ut
628 852 714 906 ubi
738 850 872 905 alius
897 861 973 904 est
999 891 1011 915 ,
1046 848 1115 903 ibi
1148 864 1286 902 unus
1309 846 1415 902 sit:
1443 845 1532 920 (l)
1560 846 1639 918 (ὁ)
1663 854 1754 900 aut
1773 844 1935 917 216
1958 842 2044 896 tibi
2071 842 2141 896 sit

544 959 705 1012 unus,
731 943 818 998 ulti
842 941 978 997 alius
1001 943 1088 996 sit.
1111 942 1318 996 Dehinc
1351 955 1471 995 cum
1529 939 1837 995 facilitatem
1870 935 2139 992 credentis

542 1046 702 1108 atque
727 1033 994 1090 audientis
1015 1077 1027 1101 ,
1063 1043 1178 1088 arte
1206 1033 1448 1089 subdola:
1475 1032 1631 1104 hujus
1655 1031 1969 1087 asset-tionis
2027 1029 2142 1086 elu-

542 1131 748 1198 serint,
772 1138 883 1185 tum
914 1129 964 1183 id
994 1127 1067 1200 (c)
1095 1136 1310 1199 aptant,
1336 1127 1478 1199 quod
1510 1137 1780 1198 tamquam
1803 1125 1913 1196 jam
1936 1124 2143 1179 facilio-

542 1240 603 1280 re
629 1226 715 1278 via
734 1223 1012 1277 obtineant
1037 1264 1051 1288 ,
1077 1231 1136 1276 ut
1159 1221 1303 1276 Deus
1325 1221 1573 1276 Christus
1607 1235 1676 1274 ex
1725 1219 1943 1274 nomine
1965 1217 2141 1288 potius

540 1332 702 1389 quam
725 1332 791 1372 ex
823 1324 1010 1370 natura
1042 1313 1142 1380 sit;
1175 1313 1296 1385 quia
1329 1313 1581 1386 generale
1609 1312 1710 1367 hoc
1743 1315 1794 1366 iu
1847 1327 1912 1367 co
1943 1325 2139 1366 nomen

541 1411 596 1465 in
628 1409 776 1465 nullo
805 1423 922 1464 eam
949 1452 961 1474 ,
991 1425 1110 1480 qua:
1142 1424 1268 1463 vera
1298 1411 1414 1464 sola
1457 1417 1568 1474 est,
1617 1408 1776 1462 unius
1829 1405 1922 1462 Dei
1975 1405 2134 1460 ﬁdem

541 1501 784 1558 destruat
817 1510 906 1556 :et
929 1515 1024 1570 per
1055 1499 1155 1554 hoc
1176 1499 1335 1554 Pater
1367 1499 1476 1553 filio
1506 1498 1680 1570 major
1709 1499 1813 1564 sit,
1838 1495 1959 1568 quia
1988 1495 2143 1552 diffe-

542 1601 697 1649 reute
725 1601 948 1658 natura,
972 1606 1093 1646 cum
1127 1606 1231 1645 non
1265 1590 1366 1645 nisi
1420 1591 1560 1646 Deus
1604 1605 1742 1645 unus
1790 1598 1907 1656 est,
1968 1588 2142 1658 major

543 1685 702 1742 Pater
723 1685 790 1740 sit
824 1686 1152 1756 proprietate
1180 1695 1420 1751 natura);
1453 1683 1523 1740 sit
1552 1701 1656 1756 quc
1687 1685 1776 1739 hic
1799 1691 2140 1754 nuncupatus

541 1779 684 1836 ﬁlius
704 1823 718 1845 ,
743 1791 797 1834 et
821 1779 1022 1836 creatio
1049 1795 1114 1833 ex
1142 1778 1236 1834 Dei
1261 1779 1536 1834 voluntate
1567 1778 1868 1832 subsistens
1887 1817 1903 1843 ,
1935 1777 2057 1846 quia
2087 1782 2142 1830 et

2249 556 2426 622 tendi,
2459 557 2548 626 qui
2576 570 2696 610 cum
2721 554 3040 625 frequenter
3065 552 3185 609 fidei
3214 567 3276 606 ac
3298 552 3412 620 spei
3444 559 3644 606 nostra:
3672 550 3840 605 Deum

2249 666 2410 704 unum
2437 649 2762 714 intimasset,
2794 657 2852 702 ut
2880 655 3275 702 sacramentum
3299 643 3457 699 unius
3480 643 3574 696 Dei
3596 656 3656 697 se
3682 642 3841 713 217

2247 757 2460 814 quoque
2486 741 2598 796 Deo
2624 739 2870 812 professo
2897 737 3228 809 probatoque
3255 735 3498 790 ﬁrmaret
3522 734 3691 790 dixit:
3725 733 3840 805 Ego

2247 844 2296 889 et
2329 833 2482 889 Pater
2503 849 2664 887 unum
2690 847 2866 887 sumus
2893 846 2910 885 :
2935 839 3008 897 et,
3032 829 3092 885 Si
3110 830 3250 883 scitis
3267 845 3366 894 me,
3401 827 3541 882 scitis
3561 837 3609 881 et
3637 824 3842 880 Patrem

2249 943 2416 982 meum
2442 941 2461 981 :
2487 934 2566 992 et,
2604 925 2705 991 Qui
2731 940 2810 978 me
2830 923 2957 977 vidit
2985 965 2998 988 ,
3031 921 3155 976 cidit
3183 932 3226 976 et
3257 919 3466 974 Patrent
3500 930 3620 985 :et,
3663 917 3840 983 Pater,

2247 1019 2336 1090 qui
2359 1019 2412 1072 in
2443 1019 2880 1085 ntemanet,ipse
2928 1016 3054 1087 facit
3097 1029 3256 1084 opera
3286 1029 3382 1067 sua
3439 1028 3457 1066 :
3503 1021 3588 1077 et,
3644 1009 3849 1066 Credite

2247 1111 2405 1178 mihi,
2438 1112 2558 1178 quia
2591 1110 2748 1164 Pater
2769 1110 2823 1162 in
2848 1124 2958 1174 me,
2986 1117 3034 1162 et
3062 1123 3158 1178 ego
3177 1107 3229 1160 in
3261 1104 3418 1160 Patre
3465 1120 3484 1160 :
3538 1105 3618 1158 sin
3675 1113 3847 1158 autent

2247 1206 2324 1258 vel
2349 1215 2555 1275 propter
2578 1220 2733 1274 opera
2752 1203 2868 1271 ipsa
2888 1200 3076 1256 credite
3121 1199 3299 1271 (Joan.
3331 1215 3363 1253 χ
3386 1240 3402 1264 ,
3449 1199 3558 1264 '50;
3613 1212 3732 1262 XIV,
3780 1198 3844 1262 7;

2248 1293 2387 1349 Ibid.
2432 1296 2499 1361 9,
2536 1297 2602 1352 10
2625 1339 2639 1362 ,
2675 1297 2734 1351 11
2773 1335 2789 1360 ,
2848 1296 2960 1365 li).
2996 1294 3343 1350 Nativitatem
3362 1307 3514 1347 suam
3542 1291 3598 1346 in
3629 1291 3850 1347 nomine

2249 1387 2415 1457 patris
2454 1389 2756 1459 expressit,
2793 1385 2862 1459 (Ῑ)
2900 1387 3150 1458 cognosci
3197 1385 3412 1441 Patrem
3466 1383 3520 1439 in
3550 1399 3610 1440 se
3634 1382 3848 1453 cognito

2247 1479 2425 1537 docet.
2451 1479 2722 1537 Unitatem
2755 1491 2962 1536 naturte
2989 1479 3206 1546 fatetur,
3230 1493 3351 1533 cum
3377 1477 3536 1533 Pater
3561 1477 3613 1532 in
3643 1491 3702 1532 se
3730 1477 3846 1533 viso

2247 1574 2477 1630 videtur.
2510 1574 2937 1646 Iuseparabiletn
2965 1588 3025 1630 se
3051 1589 3082 1629 a
3113 1573 3271 1628 Patre
3319 1579 3566 1638 testatur,
3617 1586 3742 1626 cum
3789 1571 3845 1626 in

2247 1679 2498 1727 manente
2522 1667 2600 1742 (g)
2623 1671 2674 1723 in
2697 1683 2757 1725 se
2787 1675 2971 1724 manet
3019 1666 3199 1722 Patre.
3248 1663 3524 1720 Fiduciam
3566 1663 3848 1719 eonscien~

2247 1773 2335 1827 tia:
2365 1781 2540 1838 tenet,
2567 1785 2690 1825 cum
2722 1768 2806 1824 his
2836 1767 2996 1823 dictis
3018 1767 3130 1822 suis
3156 1763 3305 1820 credi
3356 1762 3591 1832 postulat
3621 1777 3684 1818 ex
3715 1775 3847 1832 ope-

542 1872 720 1928 tninor
748 1871 903 1928 Patre
929 1873 1036 1937 sit;
1067 1881 1120 1928 et
1143 1871 1288 1928 Deus
1333 1887 1435 1926 nou
1493 1872 1597 1938 sit,
1649 1873 1774 1940 quia
1811 1869 1954 1925 Deus
2007 1883 2144 1924 unus
2174 1867 2219 1927 B
2248 1863 2458 1921 ratione
2487 1862 2719 1918 virtutis.
2752 1862 2929 1931 Atque
2955 1861 3024 1914 ita
3055 1859 3112 1914 in
3143 1858 3242 1912 hac
3265 1856 3518 1926 perfecta:
3550 1855 3842 1911 nativitatis

541 1965 711 2020 Deum
739 1965 899 2020 alium
929 1979 1048 2020 esse
1071 1979 1176 2018 non
1207 1965 1429 2034 patitur,
1459 1972 1514 2018 et
1541 1962 1630 2034 qui
1655 1963 1837 2016 minor
1875 1971 1956 2016 est
1977 2001 1991 2028 ,
2042 1976 2137 2016 nc-

537 2072 692 2114 cesse
714 2069 794 2113 est
823 2066 880 2113 ιιι
907 2067 1112 2112 uaturtc
1135 2057 1201 2110 ab
1223 2072 1319 2122 eo,
1351 2057 1441 2127 qui
1476 2071 1534 2111 se
1581 2066 1663 2110 est
1716 2054 1910 2124 major,
1944 2054 2140 2109 alienae

539 2151 632 2208 sit.
657 2152 727 2207 Et
756 2153 809 2206 hi
833 2151 1046 2222 quidem
1079 2166 1238 2222 quam
1293 2148 1505 2205 ridiculi
1536 2149 1586 2204 in
1611 2164 1677 2205 eo
1705 2157 1862 2213 sunt,
1893 2148 2134 2218 praescri-

539 2248 732 2306 bentes
761 2249 874 2308 Deo
898 2292 912 2317 ,
945 2265 1067 2306 cum
1102 2249 1181 2321 (tl)
1211 2257 1495 2315 asserunt,
1538 2263 1606 2302 ex
1653 2262 1760 2302 uno
1812 2247 1958 2302 nasci
2009 2245 2140 2301 nihil

539 2356 702 2414 posse
727 2386 742 2412 ,
769 2343 892 2412 quia
924 2341 1294 2398 universarum
1322 2358 1500 2398 rerum
1525 2356 1590 2397 ex
1613 2341 1842 2396 duorum
1874 2342 2139 2410 conjunc-

537 2435 686 2491 tione
731 2435 983 2492 nativitas
1010 2446 1093 2492 est
1155 2454 1168 2490 :
1225 2436 1392 2490 Detuu
1461 2444 1639 2490 autem
1701 2433 2138 2488 indemutabilem

537 2530 741 2584 nullam
771 2545 836 2584 ex
866 2543 926 2585 se
969 2529 1309 2583 nativitatem
1360 2529 1600 2583 tribuere
1655 2543 1813 2597 posse
1860 2526 2136 2591 nascenti;

537 2619 661 2691 quia
685 2635 783 2675 nec
809 2619 1107 2675 accessioni
1141 2619 1192 2673 id
1212 2619 1352 2690 quod
1383 2635 1486 2673 non
1516 2619 1820 2674 demutatur
1847 2618 2138 2673 obnoxium

536 2714 635 2780 sit,
666 2727 767 2769 nec
793 2712 1014 2768 solitarii
1043 2720 1202 2782 atque
1241 2710 1402 2767 unius
1434 2721 1623 2767 natura
1674 2711 1724 2766 id
1765 2710 1815 2765 iu
1865 2725 1923 2765 se
1948 2710 2143 2765 haheat

539 2805 865 2862 conditionis
890 2848 904 2872 ,
938 2815 1000 2860 ut
1027 2816 1271 2876 generet.

612 2899 666 2954 4.
699 2896 854 2952 Fides
879 2898 1130 2954 Catholica
1156 2901 1399 2954 hactenus
1429 2910 1622 2956 asserta
1652 2911 1700 2954 et
1731 2917 1885 2956 sensu
1914 2917 2141 2955 commu-

541 2991 596 3045 ni
617 3000 664 3045 et
701 2989 907 3043 Domini
938 2991 1086 3043 dictis
1117 2991 1470 3060 conﬁrmatur.
1496 3022 1567 3033 —-
1598 2991 1706 3046 Nos
1754 3003 1930 3047 autem
1973 3007 2137 3048 evan-

536 3082 762 3152 gelicam
784 3089 943 3150 atque
970 3081 1323 3150 apostolicam
1385 3082 1542 3137 fidem
1593 3083 1850 3138 doctrinis
1884 3082 2143 3151 spiritali-

541 3172 640 3228 bus
659 3173 888 3227 assecuti
909 3214 922 3238 ,
957 3181 1012 3226 et
1034 3173 1202 3228 beatte
1231 3175 1547 3228 teteruitatis
1596 3190 1745 3244 spem
1797 3175 1848 3228 in
1895 3173 2067 3229 Patris
2087 3184 2142 3230 et

2248 1957 2554 2013 beatissima
2585 1954 2718 2020 fide,
2745 1953 2934 2008 vitium
2965 1967 3126 2008 omne
3147 1992 3161 2017 ,
3188 1959 3243 2005 et
3281 1948 3446 2004 duum
3497 1948 3722 2004 deorum
3744 1991 3760 2015 ,
3790 1956 3846 2005 et

2245 2050 2340 2105 Dei
2372 2048 2665 2120 singularis
2691 2044 3053 2116 exstinguitur
3111 2061 3125 2098 :
3166 2057 3289 2097 cum
3336 2041 3426 2112 qui
3475 2055 3638 2096 unum
3688 2050 3843 2108 sunt,

2245 2158 2351 2197 non
2375 2143 2444 2197 sit
2469 2156 2638 2208 unus;
2673 2151 2724 2196 et
2749 2139 2840 2210 qui
2871 2154 2976 2193 non
3001 2153 3139 2192 unus
3163 2145 3280 2204 est,
3316 2150 3422 2190 nou
3458 2144 3635 2190 tauteu
3666 2135 3735 2189 ab
3777 2147 3845 2190 eo

2245 2235 2472 2306 quiest,
2503 2234 2574 2288 ita
2601 2248 2669 2290 ex
2696 2232 2874 2302 aliquo
2922 2229 3167 2294 dill‘erat,
3196 2235 3252 2282 ut
3279 2235 3506 2298 uterque
3537 2241 3645 2282 non
3679 2241 3844 2282 unum

2243 2330 2373 2385 Sint.

2316 2425 2368 2479 5.
2400 2421 2519 2478 Eco
2540 2436 2610 2476 er
2639 2435 2814 2476 parca
2836 2434 2979 2474 UNUII
3010 2432 3198 2484 suuus,
3252 2423 3512 2486 exponunt
3543 2414 3606 2468 de
3646 2413 3844 2468 unitate

2249 2532 2561 2581 consensus;
2616 2517 2796 2587 quibus
2844 2513 3178 2587 argumentis.
3209 2541 3279 2552 —-
3310 2511 3437 2567 Haec
3501 2511 3662 2581 igitur
3718 2508 3843 2579 quia

2248 2610 2489 2666 lnerelici
2524 2623 2722 2679 negare
2748 2623 2856 2663 non
2888 2615 3133 2678 possunt,
3185 2605 3383 2676 quippe
3421 2617 3546 2660 cum
3595 2602 3707 2658 sint
3733 2613 3842 2658 tam

2244 2703 2490 2758 absolute
2549 2701 2692 2756 dicta
2744 2710 2905 2771 atque
2937 2700 3234 2766 intellecta,
3291 2706 3467 2752 tamen
3515 2695 3838 2752 stultissimo

2245 2797 2538 2867 impietatis
2581 2810 2694 2849 suae
2738 2791 3126 2863 tnendaci0(lt)
3177 2789 3419 2862 neganda
3464 2797 3835 2859 corrumpunt.

2245 2889 2299 2945 Id
2332 2891 2476 2946 enim
2510 2889 2650 2959 quod
2682 2889 2790 2940 ait:
2822 2885 2934 2957 Ego
2956 2896 3003 2939 et
3032 2884 3186 2939 Pater
3206 2899 3361 2938 unum
3386 2898 3560 2936 sumus
3584 2880 3760 2954 (Joan.
3783 2897 3839 2947 x,

2245 2985 2358 3056 50),
2390 2993 2596 3038 tentant
2622 2983 2688 3037 ad
2717 2981 3084 3036 unanimitatis
3139 2978 3344 3035 referre
3381 2992 3743 3040 consensum;
3785 2984 3843 3032 ut

2245 3077 2538 3130 voluntatis
2589 3076 2638 3129 in
2673 3073 2760 3128 his
2801 3073 2977 3128 unitas
3023 3073 3114 3136 sit,
3158 3086 3265 3126 non
3298 3079 3525 3136 naturae,
3567 3069 3618 3124 id
3648 3076 3750 3134 est,
3784 3076 3845 3123 ut

2245 3185 2352 3226 non
2381 3185 2478 3240 per
2501 3169 2550 3223 id
2577 3167 2718 3238 quod
2751 3165 2814 3238 (ἑ)
2847 3175 2994 3232 sunt,
3022 3165 3118 3221 scd
3167 3179 3263 3236 per
3290 3164 3343 3219 id
3400 3163 3542 3236 quod
3585 3162 3725 3219 idem
3751 3177 3846 3218 vo-

541 3265 657 3321 Filii
687 3265 1024 3322 confessione
1050 3276 1344 3334 sectantes,
1376 3267 1748 3323 demonstrato
1788 3268 1882 3323 Dei
1939 3278 1992 3324 et
2046 3269 2141 3325 Dei
2172 3265 2217 3329 C
2250 3264 2384 3329 lunt.
2411 3278 2573 3318 unum
2604 3261 2732 3315 sint.
2767 3260 2832 3314 Et
2862 3259 3181 3330 illud.uuod
3201 3268 3283 3314 cst
3328 3257 3382 3314 in
3433 3257 3655 3312 Actibus
3698 3255 3845 3327 Apo-

541 3373 605 3413 ex
639 3357 756 3429 lege
784 3368 1155 3424 sacramento,
1191 3375 1364 3428 neque
1394 3359 1550 3413 unius
1572 3359 1667 3414 Dei
1693 3358 1850 3412 fidem
1870 3359 2139 3414 exceden—

545 3459 660 3515 tes,
719 3465 892 3520 neque
936 3465 1043 3504 non
1099 3459 1152 3504 et
1203 3449 1372 3504 Deum
1416 3447 1690 3504 Christum
1737 3449 2125 3520 prtedicantes,

536 3539 680 3595 hunc
706 3556 772 3595 ex
803 3541 1106 3612 Evangeliis
1135 3541 1758 3611 reSponsionisordiuem
1788 3543 2139 3612 sumpsimus,

539 3641 599 3688 ut
627 3648 810 3688 veram
837 3649 901 3688 ex
921 3634 1032 3688 Deo
1052 3642 1203 3704 patre
1227 3633 1559 3689 nativitatem
1593 3634 1850 3705 unigeniti
1902 3636 1993 3690 Dei
2041 3635 2140 3689 do-

539 3739 821 3791 ceremus;
853 3726 976 3795 quia
995 3739 1094 3796 per
1121 3740 1237 3780 eam
1261 3734 1314 3780 et
1341 3725 1483 3780 Deus
1513 3740 1676 3781 verus
1699 3735 1843 3782 esset
1868 3768 1882 3793 ,
1913 3740 2084 3797 neque
2110 3741 2142 3780 a

539 3829 729 3874 natura
760 3818 919 3874 unius
947 3819 1045 3874 Dei
1072 3818 1185 3874 reri
1213 3829 1358 3876 esset
1411 3819 1662 3885 alienus;
1716 3835 1777 3874 ac
1833 3820 1912 3876 sic
1967 3835 2142 3891 neque

539 3909 682 3966 Deus
709 3910 892 3982 negari
918 3919 1141 3980 posset,
1167 3926 1342 3982 neque
1372 3911 1486 3980 ipse
1505 3912 1645 3966 alius
1676 3912 1817 3967 Deus
1845 3911 1986 3972 diei:
2017 3913 2142 3983 quia

539 4011 595 4058 et
622 4001 790 4057 Deum
822 4001 1058 4075 (supple,
1083 4003 1224 4074 esse)
1243 4003 1497 4059 uativitas
1521 4012 1805 4074 prtnstaret
1824 4047 1836 4069 ,
1865 4013 1919 4060 et
1950 4013 2140 4060 natura

539 4097 593 4150 in
617 4111 682 4150 eo
709 4097 866 4152 unius
890 4096 982 4152 Dei
1013 4113 1076 4151 ex
1109 4097 1252 4165 Deo,
1278 4113 1400 4154 eum
1448 4097 1500 4153 in
1555 4099 1724 4154 Deum
1777 4099 2005 4154 alterum
2033 4115 2139 4154 non

541 4199 838 4260 separaret.
869 4190 930 4245 Et
961 4206 1290 4261 quamquam
1319 4191 1382 4246 ad
1408 4192 1460 4247 id
1491 4208 1590 4248 nos
1616 4194 1924 4248 communis
1977 4191 2140 4248 intel-

542 4282 779 4353 ligentia:
807 4298 996 4338 sensus
1022 4283 1361 4353 impelleret;
1394 4300 1460 4339 nc
1495 4285 1545 4338 iu
1581 4295 1768 4340 natura
1798 4283 1987 4340 eadem
2045 4299 2141 4338 na-

545 4384 787 4430 turarum
823 4375 1039 4429 nomina
1063 4375 1438 4439 convenirent,
1488 4384 1674 4432 etnon
1726 4392 1892 4432 unum
1923 4386 2137 4446 essent,

543 4467 738 4540 quibus
765 4465 818 4522 id
847 4467 988 4537 qttod
1036 4477 1160 4523 sunt
1188 4483 1294 4523 non
1338 4467 1578 4525 differret
1602 4469 1654 4525 itt
1678 4484 1917 4541 genere:
1956 4477 2138 4526 tamen

2246 3356 2506 3408 stolarum
2536 3355 2552 3423 (
2565 3355 2615 3426 j)
2637 3393 2653 3419 ,
2678 3351 2802 3406 huic
2827 3351 3123 3406 defensioni
3154 3364 3267 3404 suae
3295 3358 3518 3420 aptant:
3551 3347 3844 3402 Multitudi-

2241 3447 2321 3499 nis
2351 3456 2518 3500 autent
2558 3444 2871 3498 credentium
2901 3453 3006 3497 erat
3031 3441 3109 3513 (lt)
3141 3443 3314 3496 anima
3339 3450 3386 3495 et
3413 3456 3501 3495 cor
3521 3457 3680 3495 unum
3702 3439 3838 3510 (Act.

2249 3553 2322 3605 tv,
2346 3539 2472 3608 '52);
2508 3545 2566 3592 ut
2597 3537 2897 3592 animarum
2921 3548 2972 3591 et
3002 3534 3246 3590 cordium
3295 3533 3601 3598 diversitas,
3653 3533 3709 3588 in
3749 3547 3845 3588 cor

2247 3646 2411 3686 unum
2461 3641 2624 3701 atque
2687 3631 2918 3684 animam
2978 3643 3076 3700 per
3123 3627 3553 3684 convenientiam
3602 3625 3846 3696 ejusdem

2247 3722 2537 3778 voluntatis
2560 3722 2623 3794 (ι)
2673 3721 2851 3776 unitas
2894 3719 2985 3776 sit.
3018 3721 3120 3776 Vel
3149 3720 3323 3786 illud,
3373 3720 3517 3791 quod
3557 3719 3622 3774 ad
3647 3719 3845 3776 Corin-

2247 3815 2390 3872 thios
2415 3815 2710 3872 scribitur:
2746 3816 2848 3880 Qui
2875 3815 3078 3886 plantat
3104 3823 3292 3879 autent,
3325 3823 3372 3869 et
3401 3815 3488 3886 qui
3508 3814 3664 3885 rigat,
3684 3829 3846 3868 unum

2243 3919 2360 3964 sunt
2392 3909 2435 3979 (l
2466 3907 2587 3963 Cor.
2620 3923 2696 3976 ut,
2732 3907 2790 3978 8)
2822 3925 2834 3960 :
2867 3917 3052 3963 utnon
3095 3907 3386 3964 diﬂ‘erente
3432 3907 3733 3964 ministerio
3777 3906 3845 3962 ad

2247 4003 2476 4060 salutem
2508 4003 2642 4058 etin
2665 4001 2908 4071 ejusdem
2939 3999 3266 4056 sacramenti
3299 4000 3624 4071 profectum,
3648 3999 3845 4056 volun-

2251 4098 2375 4154 tatis
2401 4097 2469 4152 sit
2499 4098 2676 4151 unitas
2703 4096 2756 4151 in
2787 4095 3020 4151 duobus.
3051 4094 3148 4152 Vel
3181 4094 3257 4164 id,
3287 4093 3427 4165 quod
3469 4094 3729 4150 Dominus
3760 4109 3847 4150 sa-

2247 4192 2414 4247 lutem
2437 4191 2838 4246 crcditurarum
2865 4190 2918 4244 in
2942 4205 3002 4244 se
3027 4189 3266 4260 gentiqu
3290 4203 3319 4242 a
3348 4187 3506 4244 Patre
3546 4187 3843 4257 postulans,

2247 4284 2358 4340 ait:
2396 4285 2517 4340 Non
2548 4301 2641 4356 pro
2667 4284 2746 4339 Itis
2775 4294 2944 4338 autent
2977 4300 3101 4355 rogo
3125 4292 3342 4350 tantum,
3391 4283 3482 4339 sed
3533 4291 3580 4337 et
3625 4299 3719 4352 pro
3766 4283 3848 4339 Itis

2247 4379 2332 4448 qui
2353 4378 2598 4434 credituri
2623 4385 2740 4431 sunt
2772 4393 2860 4445 per
2882 4377 3087 4432 verbum
3101 4393 3274 4431 eorum
3293 4377 3347 4431 in
3371 4393 3471 4444 me,
3494 4386 3548 4431 ut
3570 4374 3847 4450 omnes(m)

2249 4487 2406 4525 unum
2431 4471 2532 4525 sint
2562 4470 2716 4537 sicut,
2735 4479 2811 4538 tu,
2842 4469 3018 4534 Pater,
3037 4471 3090 4525 in
3105 4486 3202 4538 me,
3231 4479 3279 4525 et
3307 4486 3398 4542 ego
3417 4471 3471 4525 in
3492 4480 3560 4538 te,
3591 4479 3647 4525 ut
3673 4479 3719 4526 et
3747 4468 3848 4543 ipsi

615 4609 696 4682 (l)
727 4609 827 4663 Aut
845 4607 915 4663 ibi
943 4609 1006 4664 sit
1034 4625 1166 4664 unus
1190 4649 1206 4677 ,
1237 4608 1325 4663 ubi
1347 4609 1480 4664 alius
1499 4610 1589 4664 sit.
1618 4603 1840 4674 Deinde,
1875 4618 1980 4666 etc.
2010 4608 2176 4665 Paulo
2205 4617 2356 4681 post,
2388 4621 2495 4664 tum
2512 4610 2567 4663 id
2589 4620 2832 4680 tanquam
2840 4609 2956 4680 jam
2982 4609 3267 4682 faciliorem
3297 4610 3430 4664 viam
3459 4609 3738 4667 obtineant.

645 4727 698 4801 a)
728 4727 785 4784 In
808 4742 938 4784 mss.
968 4727 1178 4801 Martio.
1215 4727 1260 4780 0
1276 4727 1319 4780 si
1342 4744 1493 4801 unus.

644 4797 694 4865 b)
726 4801 853 4855 Mss.
888 4810 974 4853 aut
1001 4799 1070 4853 ibi
1095 4801 1159 4853 sit
1189 4815 1319 4852 unus
1340 4840 1353 4861 ,
1378 4800 1463 4855 ubi
1479 4797 1612 4852 alius
1631 4797 1714 4852 sit.

644 4871 694 4941 c)
721 4869 957 4926 Verbum
980 4879 1188 4940 aptant,
1237 4885 1356 4923 cum
1407 4870 1662 4941 sequenti
1705 4868 1927 4924 relativo
1973 4868 2140 4941 quod,

551 4939 802 4998 omittunt
831 4939 1026 5010 \ulgati
1052 4956 1116 4995 ac
1146 4941 1325 5010 plures
1353 4955 1482 4994 mss.
1514 4939 1778 4994 Exitibent
1807 4939 1991 4996 autent
2018 4957 2142 4996 cum

551 5015 737 5070 codice
766 5015 880 5066 has.
914 5012 1011 5065 Vat
1059 5011 1162 5066 duo
1185 5009 1340 5066 Coll).
1391 5019 1447 5066 et
1499 5026 1637 5065 unus
1681 5011 1913 5067 Sorhon.
1963 5011 2145 5068 Malle-

554 5101 675 5140 mus
703 5096 879 5139 tamen
898 5094 1103 5154 captant
1135 5099 1200 5136 eo
1222 5098 1416 5154 sensu,
1449 5099 1554 5152 qtto
1602 5081 1946 5154 Ambrosius,
1980 5083 2140 5152 epist.

553 5171 697 5210 nunc
727 5172 851 5220 xxv,
884 5171 938 5209 n.
962 5153 1020 5217 7’s,
1055 5154 1118 5208 ad
1152 5153 1397 5210 Studium
1423 5153 1636 5223 scripsit
1662 5172 1675 5209 :
1701 5155 1828 5208 Cum
1857 5154 2145 5210 adulterum

547 5228 849 5296 reperissent
871 5225 1046 5280 Judtvi
1069 5243 1084 5290 ;
1108 5224 1397 5298 obtulerunt
1420 5242 1530 5278 eam
1581 5226 1839 5281 Saluatori
1855 5270 1870 5290 ,
1919 5237 2138 5298 captau-

551 5307 624 5353 tes
645 5309 699 5351 ut
729 5299 773 5352 si
800 5298 1075 5352 absolveret
1101 5313 1212 5351 eam
1231 5339 1245 5363 ,
1277 5297 1530 5350 videretur
1554 5297 1712 5368 legem
1741 5299 1951 5352 solvere.

627 5369 704 5438 (Δ)
738 5370 933 5423 florum
963 5369 1123 5423 verba
1153 5373 1364 5436 propria
1397 5379 1629 5433 exstant,
1656 5369 1693 5424 Ι.
1725 5385 1801 5432 ttt,
1835 5387 1888 5425 ιι.
1921 5369 2136 5436 8.Qnod

552 5449 729 5512 autem
763 5439 1037 5512 Eudoxius
1067 5456 1127 5494 ca
1155 5439 1222 5494 de
1251 5456 1308 5492 re
1337 5439 1491 5510 longe
1521 5441 1735 5495 crttdius
1765 5440 2008 5512 protulit,
2043 5443 2138 5494 ha-

549 5511 707 5566 betur
739 5511 830 5567 lib.
863 5511 915 5566 itt
940 5510 1123 5566 Const.
1155 5528 1209 5564 ιι.
1249 5511 1331 5566 l3.

625 5583 696 5653 (ε)
719 5581 776 5637 lu
801 5583 1026 5654 vulgatis
1051 5599 1184 5636 nunc
1214 5583 1331 5654 loco
1377 5583 1557 5637 nostri.

618 5654 685 5725 (fl
719 5653 1039 5709 Particulatn
1070 5671 1220 5725 cum,
1263 5653 1561 5709 faventibus
1585 5653 1794 5709 duobus
1821 5670 1948 5710 mss.
1985 5654 2136 5711 Colb.

553 5724 641 5777 hie
669 5725 969 5797 addendam
997 5725 1170 5797 prima
1203 5724 1376 5778 fronte
1415 5727 1857 5797 conjectavitnus,
1890 5741 1993 5797 qua
2026 5727 2140 5781 haec

549 5795 815 5874 Sententia
845 5811 966 5849 cum
995 5795 1274 5874 superiore
1319 5797 1679 5874 copularetur.
1713 5795 1826 5874 Non
1877 5795 2016 5851 male
2062 5807 2140 5854 ta-

553 5878 677 5920 men
707 5872 933 5936 utraque
961 5863 1204 5918 absoluta
1237 5863 1572 5934 intelligitur,
1602 5877 1658 5920 ut
1691 5867 1860 5937 prima
1908 5883 2135 5938 respon-

2170 4725 2372 4791 Ddeat
2398 4727 2577 4784 verbis
2611 4745 2624 4780 :
2658 4726 2768 4797 Ego
2796 4737 2842 4781 et
2887 4726 3046 4783 Pater
3095 4746 3253 4784 unum
3297 4745 3490 4797 smnus,
3539 4729 3709 4786 altera
3759 4745 3846 4787 se-

2247 4799 2537 4870 quentibus
2562 4816 2573 4850 :
2605 4798 2668 4854 Si
2697 4801 2836 4854 scitis
2860 4817 2958 4866 me,
2985 4802 3123 4855 scitis
3149 4811 3195 4856 et
3221 4801 3448 4865 Patrem,
3477 4809 3582 4855 etc.

2315 4871 2396 4951 .(g)
2432 4869 2594 4937 Editi,
2623 4871 2674 4924 in
2705 4887 2757 4924 se
2783 4881 2948 4925 manet
2993 4872 3170 4940 Pater,
3221 4873 3579 4929 emendantur
3603 4888 3670 4930 ex
3711 4874 3846 4930 scri-

2253 4951 2378 5013 ptis.

2323 5011 2399 5088 (lt)
2469 5012 2846 5088 luuvulgatis,
2892 5017 3127 5086 negando
3182 5033 3201 5070 :
3261 5017 3402 5088 quod
3459 5026 3659 5088 pugnat
3720 5033 3842 5073 eum

2249 5084 2492 5154 maxime
2519 5084 2698 5143 dictis;
2731 5101 2918 5157 negare
2947 5084 3047 5142 non
3083 5084 3314 5156 possunt.
3348 5084 3566 5143 Rectius
3618 5091 3668 5144 in
3709 5104 3840 5145 mss.

2248 5157 2501 5230 neganda,
2529 5157 2631 5230 hoc
2657 5167 2761 5221 est,
2791 5174 2898 5230 quo
2926 5158 3154 5213 subinde
3183 5161 3390 5230 possint
3419 5176 3638 5230 negare.

2313 5229 2379 5299 (7i),
2405 5228 2458 5282 In
2507 5229 2755 5299 vulgatis.
2792 5229 2926 5284 idem
2950 5243 3090 5284 sunt.
3118 5228 3286 5285 Abest
3312 5232 3446 5285 idem
3466 5228 3659 5286 a'mss.

2315 5297 2390 5374 (__i)
2423 5299 2582 5374 Ιςῖιιὶιί,
2608 5297 2840 5374 excepto
2875 5301 2992 5355 Par.
3027 5302 3142 5355 huic
3174 5302 3463 5374 (ii/ﬁnitioni
3491 5318 3618 5358 suae.

2315 5369 2390 5446 (lt)
2418 5371 2507 5446 Sic
2537 5385 2663 5425 mss.
2697 5369 2931 5440 patiores
2969 5369 3279 5429 constanter
3303 5374 3455 5444 juxta
3486 5390 3742 5446 graecum.
3772 5374 3845 5431 At

2243 5440 2400 5523 editi,
2422 5442 2594 5496 anima
2623 5459 2761 5497 una:
2792 5451 2847 5498 et
2887 5460 3032 5511 mox,
3067 5440 3608 5518 animant'unant'per
3658 5463 3841 5502 convc-

2242 5524 2506 5566 ιιιειιιιίιιη.

2319 5582 2646 5658 (l)_Qt_titlatn
2686 5587 3015 5644 recentiores
3044 5602 3176 5643 mss.
3209 5589 3351 5643 unita
3372 5590 3457 5658 sit,
3491 5590 3652 5646 male.

2318 5656 2441 5738 (tu),
2472 5656 2599 5738 Vat.’
2637 5657 2751 5738 has.
2807 5674 2909 5713 tus.
2957 5660 3009 5738 i_u
3040 5677 3132 5738 me
3144 5677 3300 5738 unum
3324 5656 3451 5715 sint.
3478 5661 3598 5717 Mox
3627 5661 3756 5717 Bad.
3789 5669 3846 5738 et

2247 5726 2338 5781 Er.
2392 5736 2532 5808 ut_et
2579 5727 2682 5796 ipsi
2729 5746 2889 5808 unum
2923 5732 3055 5808 _siut.
3094 5732 3204 5808 Etsi
3237 5749 3342 5788 non
3375 5733 3845 5808 exstat__ununt_i_n

2247 5812 2376 5870 mss.
2421 5797 2473 5853 id
2517 5808 2713 5863 tamen,
2751 5801 2972 5870 perinde
2999 5818 3061 5857 ac
3086 5804 3131 5858 si
3161 5814 3422 5870 exstaret,
3452 5805 3722 5862 intellexit
3750 5804 3844 5860 ili-

2247 5869 2434 5936 latius,
2464 5880 2522 5927 ttt
2548 5871 2714 5942 liquet
2745 5869 2808 5928 ex
2839 5889 2985 5929 tttttu.
3027 5875 3108 5929 ll.
