4246 6260
401 326 502 382 241

1613 327 1698 382 DE
1741 325 2108 384 TRINITATE
2147 329 2347 385 LIBER
2391 329 2522 386 VIlI.

3603 339 3712 396 242

395 445 499 499 sint
540 446 595 499 in
627 445 773 500 nobis
819 445 998 515 (Jomi.
1036 461 1163 512 svn,
1196 447 1288 511 9.0,
1335 444 1466 518 2|):
1504 457 1560 502 et
1598 449 1721 518 quia
1761 447 2008 504 homines
2037 451 2089 508 A
2117 457 2275 518 rupto
2318 447 2584 503 dictorum
2643 461 2804 503 sensu
2851 446 3027 518 aliqua
3087 463 3155 504 ex
3205 447 3290 504 his
3331 449 3399 521 (ι’)
3443 453 3708 510 ementita

396 538 615 594 rcfundi
662 540 714 593 in
745 539 915 594 Deum
965 555 1071 594 non
1120 549 1365 608 possunt,
1397 539 1483 594 vel
1529 539 1628 609 ipsi
1673 541 1901 596 invicem
1947 540 2000 596 in

394 646 566 685 unum
616 638 782 700 atque
829 630 1184 687 indiscretum
1243 647 1493 688 acervum
1537 632 1707 699 coire,
1762 632 1814 688 id
1859 632 2001 700 quod

395 736 565 775 unum
598 731 744 784 sunt,
780 737 843 777 es
880 722 1085 776 unitate
1115 725 1187 777 sit
1211 723 1524 788 voluntatis,
1566 738 1688 778 cum
1731 730 1787 778 et
1813 738 2000 780 omnes

399 812 513 867 Deo
542 812 740 880 placita
770 822 954 882 agant,
980 823 1035 868 et
1066 813 1167 884 ipsi
1201 831 1308 868 non
1343 807 1731 870 dissidentibus
1763 817 1904 870 inter
1939 831 2000 874 se

400 905 710 960 animorum
761 905 1000 960 molibus
1055 918 1280 970 coeant;
1324 909 1488 980 218
1510 916 1669 976 atque
1714 907 1787 962 ita
1836 924 1998 962 unum

401 1012 503 1054 eos
531 1013 655 1055 esse
685 1014 792 1054 non
820 1008 1012 1054 natura
1042 1000 1264 1064 el'liciat,
1293 1001 1388 1056 sed
1413 1002 1679 1056 voluntas.

477 1092 532 1147 6.
557 1091 867 1146 Arianorum
897 1093 1134 1146 stultitia.
1164 1122 1235 1134 —
1267 1093 1442 1148 Nescit
1475 1093 1632 1164 plane
1660 1110 1870 1162 sapere,
1910 1096 1998 1164 qui

403 1186 576 1242 Deum
601 1185 792 1242 nescit.
823 1186 889 1241 Et
933 1201 1054 1242 cum
1086 1188 1346 1260 sapientia
1377 1187 1626 1243 Christus
1652 1189 1744 1252 sit,
1779 1204 2000 1246 necesse

404 1290 495 1337 est
524 1291 584 1336 ut
609 1291 754 1336 extra
783 1280 1105 1352 sapientiam
1151 1281 1242 1348 sit,
1277 1283 1369 1352 qui
1408 1281 1680 1338 Christum
1730 1295 1822 1338 aut
1851 1286 2000 1354 igno-

402 1385 511 1438 rat,
541 1384 635 1429 aut
663 1373 844 1428 audit:
875 1383 934 1429 ut
965 1375 1074 1440 isti,
1117 1375 1205 1445 qui
1246 1375 1547 1445 maiestatis
1578 1375 1889 1440 Dominum,
1938 1386 1993 1432 et

395 1465 606 1532 Regem
653 1465 996 1531 saeculorum,
1044 1475 1098 1523 et
1130 1467 1461 1538 unigenitum
1495 1467 1664 1523 Deum
1694 1479 1996 1524 creaturam

397 1556 494 1612 Dei
527 1558 714 1612 volunt
737 1559 917 1628 potius
946 1572 1251 1628 essequam
1299 1558 1464 1613 lilium
1507 1577 1519 1612 :
1568 1569 1620 1615 et
1667 1576 1789 1615 cum
1834 1561 1998 1616 stulte

400 1651 756 1716 mentiantur,
804 1650 1023 1705 stultius
1051 1659 1230 1706 tamen
1277 1651 1327 1705 in
1377 1651 1693 1708 defensione
1731 1652 1995 1710 mendacii

403 1743 485 1797 sui
529 1743 767 1812 sapiunt-
811 1742 986 1798 Dilata
1035 1744 1177 1798 enim
1210 1744 1481 1812 paululum
1522 1746 1682 1800 etiam
1729 1761 1869 1801 nunc
1909 1761 1994 1814 ea,

2110 539 2508 611 compingimus
2534 557 2546 594 :
2575 538 2670 594 sed
2699 553 2845 594 same
2874 537 3136 594 doctrina:
3172 539 3401 596 formam
3433 550 3710 611 tenentes,

2104 648 2226 701 quae
2267 633 2478 688 sincera
2529 641 2654 686 sunt
2701 634 2966 699 sapimus,
3013 641 3064 686 et
3107 633 3486 703 prredicamus.
3527 635 3702 692 Docet

2103 723 2246 778 enim
2280 724 2573 795 Apostolus
2603 739 2669 778 ex
2704 733 2896 778 natura
2920 734 3385 780 sacramentorum
3415 741 3538 781 esse
3566 727 3706 784 hanc

2107 819 2343 874 fidelium
2363 821 2646 882 unitatem,
2669 817 2732 872 ad
2754 817 2969 874 Galatas
2991 818 3231 874 scribens
3257 837 3270 872 :
3306 817 3562 885 Quotquot
3575 821 3711 875 enim

2102 911 2156 964 in
2185 909 2388 964 Christo
2416 910 2658 974 baptizatt
2685 909 2824 975 estis,
2857 906 3118 962 Christum
3139 909 3397 964 induistis.
3435 910 3556 965 Non
3580 913 3711 966 inest

2104 1001 2318 1057 Judaus
2364 1019 2524 1072 neque
2565 1001 2796 1065 Grteeus,
2847 1018 2947 1054 non
2997 1002 3126 1056 inest
3155 1018 3326 1056 servus
3377 1020 3534 1071 neque
3561 1005 3707 1071 liber,

2104 1112 2204 1150 non
2247 1097 2375 1150 inest
2405 1095 2660 1149 masculus
2706 1111 2863 1165 neque
2889 1095 3116 1165 femina;
3148 1111 3321 1149 omnes
3369 1098 3534 1169 219
3571 1100 3706 1152 enim

2103 1207 2189 1246 vos
2234 1208 2391 1244 unum
2439 1191 2557 1244 estis
2602 1190 2655 1243 in
2699 1187 2902 1242 Christo
2944 1187 3071 1242 Iesu
3123 1187 3264 1261 (Gal.
3316 1205 3392 1251 ut,
3439 1190 3532 1255 27,
3582 1191 3710 1262 28).

2103 1286 2255 1355 Quod
2301 1301 2464 1339 unum
2513 1292 2638 1338 sunt
2687 1283 2738 1337 in
2789 1291 2934 1337 tanta
2981 1287 3247 1353 gentium,
3307 1285 3697 1354 conditionum,

2103 1395 2329 1436 sexuum
2356 1379 2706 1441 diversitate;
2740 1377 2996 1448 numquid
3047 1394 3112 1432 ex
3160 1392 3382 1433 assensu
3410 1379 3701 1436 voluntatis

2102 1482 2206 1536 est,
2236 1481 2327 1526 aut
2357 1488 2420 1526 ex
2453 1471 2780 1527 sacramenti
2808 1470 3030 1534 unitate,
3064 1471 3184 1540 quia
3216 1471 3297 1525 his
3326 1457 3380 1525 et
3429 1471 3694 1542 baptisma

2102 1565 2173 1620 sit
2219 1581 2408 1631 unum,
2458 1573 2512 1619 et
2555 1579 2719 1618 unum
2762 1561 3036 1620 Christum
3085 1563 3254 1618 induti
3304 1579 3493 1618 omnes
3538 1565 3698 1620 sunt?

2101 1657 2239 1725 Quid
2269 1672 2398 1728 ergo
2433 1657 2521 1712 hic
2559 1657 2862 1711 animorum
2908 1637 3194 1710 concordia
3229 1655 3406 1718 faciet,
3452 1671 3574 1711 cum
3605 1673 3700 1726 per

2102 1747 2155 1802 id
2196 1764 2356 1802 unum
2408 1749 2536 1811 sint,
2580 1748 2719 1818 quod
2762 1763 2866 1803 uno
2895 1747 3110 1804 Christo
3138 1763 3234 1818 per
3263 1759 3510 1805 naturam
3538 1750 3696 1805 unius

398 1848 521 1904 quae
560 1835 612 1888 in
662 1835 774 1889 Deo
823 1844 970 1905 patre
1014 1845 1067 1890 et
1115 1837 1166 1890 in
1207 1836 1319 1889 Deo
1350 1837 1458 1891 lilio
1485 1848 1563 1891 est
1586 1881 1600 1904 ,
1636 1838 1854 1892 unitatis
1884 1853 2001 1907 pro.
2037 1843 2086 1904 B
2114 1841 2366 1911 baptismi
2399 1840 2726 1895 induantur?

395 1927 651 1997 prietate,
685 1944 750 1984 ex
781 1927 863 1984 his
891 1930 1022 1999 ipsis
1049 1930 1244 2000 quibus
1277 1940 1498 1986 utuntur
1523 1931 1804 1987 refellendi
1851 1942 2000 1988 sunt.

470 2022 525 2077 7.
588 2021 864 2076 Naturalis
914 2034 988 2077 est
1038 2024 1268 2094 ﬁdelium
1317 2040 1408 2094 per
1433 2025 1586 2078 unius
1616 2025 1736 2094 ﬁdei
1766 2037 2005 2080 naturam

392 2117 590 2170 unitas.
629 2115 838 2171 Fideles
867 2133 930 2171 ex
982 2119 1177 2172 unitate
1207 2127 1643 2172 sacramentorum
1670 2128 1787 2173 sunt
1818 2135 2000 2176 unum.

391 2239 464 2252 —
496 2208 741 2281 Namque
791 2225 1024 2281 quorum
1075 2210 1251 2264 anima
1317 2220 1496 2266 etcor
1543 2227 1707 2265 unum
1742 2211 1816 2283 (ιι)
1863 2222 2000 2278 erat,

391 2317 581 2373 qu:ero
642 2312 821 2357 utrum
883 2320 976 2370 per
1035 2302 1192 2357 [idem
1257 2303 1346 2358 Dei
1395 2319 1557 2357 unum
1611 2312 1749 2358 erat.
1803 2303 2002 2375 Utique

391 2409 494 2465 per
545 2395 708 2451 [idem
763 2415 777 2451 :
840 2411 937 2466 per
983 2412 1100 2453 eam
1144 2397 1285 2451 enim
1332 2397 1507 2450 anima
1574 2406 1629 2453 et
1679 2412 1775 2453 cor
1832 2415 1996 2455 unum

394 2488 639 2542 omnium
713 2497 850 2544 erat.
916 2490 980 2544 Et
1032 2489 1345 2562 interrogo,
1405 2500 1581 2546 utrum
1641 2492 1773 2548 lides
1839 2509 1941 2548 una
1977 2538 1992 2560 ,

393 2595 532 2636 anne
577 2581 745 2636 altera
798 2581 907 2637 sit?
964 2582 1077 2638 Una
1121 2592 1298 2649 certe,
1357 2583 1517 2638 etiam
1576 2584 1691 2655 ipso
1739 2587 1996 2658 Apostolo

390 2673 857 2746 anctore(Ephes.
889 2675 1038 2742 iv,4,
1073 2676 1151 2747 5),
1192 2690 1352 2730 unam
1399 2677 1580 2746 tidem,
1624 2679 1780 2734 sicuti
1829 2696 1996 2736 unum

394 2769 712 2838 Dominum,
753 2783 806 2828 et
833 2789 995 2829 unum
1030 2773 1317 2844 baptisma,
1349 2781 1400 2829 ct
1443 2789 1602 2829 unam
1634 2791 1783 2846 spem
1815 2776 1913 2848 (b),
1943 2787 1998 2832 et

392 2880 565 2921 unum
616 2865 782 2921 Deum
817 2867 1161 2936 praedicante.
1197 2867 1250 2924 Si
1280 2883 1410 2940 ergo
1441 2885 1537 2940 per
1564 2869 1746 2934 fidem,
1790 2869 1841 2924 id
1888 2878 1992 2937 est,

388 2971 489 3028 per
532 2959 692 3013 unius
735 2959 860 3014 lldei
907 2971 1152 3016 naturam
1197 2977 1360 3017 unum
1390 2951 1584 3018 omnes
1622 2972 1806 3031 erant;
1853 2978 1992 3035 quo-

389 3050 555 3106 modo
585 3066 690 3105 non
723 3053 1022 3108 naturalem
1074 3053 1127 3106 in
1155 3051 1240 3107 his
1271 3054 1527 3126 intelligis
1573 3055 1851 3120 unitatem,
1903 3055 1991 3126 qui

391 3160 491 3216 per
520 3154 766 3202 naturam
801 3146 958 3202 unius
988 3147 1110 3203 lidei
1144 3163 1308 3203 unum
1339 3148 1500 3204 sunt?
1525 3147 1724 3204 Omnes
1742 3149 1885 3204 enim
1903 3165 1989 3205 re-

2179 1936 2231 1990 9.
2271 1935 2372 1998 Qui
2403 1936 2602 2005 plantat
2647 1946 2692 1990 et
2722 1935 2809 2002 qui
2855 1934 2987 2006 rigat
3034 1944 3219 1989 natura
3262 1951 3422 1990 unum
3467 1944 3606 1992 sunt.
3634 1966 3707 1978 ——

2109 2029 2216 2082 Aut
2241 2041 2362 2082 cum
2393 2027 2481 2096 qui
2516 2027 2742 2096 plantat,
2775 2034 2828 2079 ct
2858 2027 2946 2096 qui
2978 2026 3136 2097 rigat,
3169 2043 3334 2082 unum
3359 2028 3502 2094 sint;
3551 2044 3710 2083 Itum-

2111 2121 2237 2190 quid
2285 2137 2392 2176 non
2437 2136 2534 2192 per
2581 2120 2681 2174 hoc
2728 2136 2889 2174 unum
2942 2131 3086 2186 sunt,
3118 2121 3240 2190 quia
3269 2119 3346 2193 (g)
3374 2121 3474 2192 ipsi
3517 2121 3569 2176 in
3602 2137 3712 2178 uno

2107 2213 2378 2284 baptismo
2426 2213 2594 2268 renati
2641 2228 2746 2267 una
2813 2213 2970 2266 unius
3021 2213 3393 2284 regenerantis
3455 2213 3710 2284 baptismi

2106 2305 2441 2376 dispensatio
2473 2305 2620 2360 sint?
2651 2305 2910 2376 numquid
2953 2319 3060 2360 non
3111 2305 3254 2360 idem
3303 2307 3504 2378 agunt?
3553 2324 3712 2362 num-

2105 2399 2232 2471 quid
2278 2415 2383 2454 non
2436 2400 2489 2454 in
2541 2414 2648 2454 uno
2693 2415 2862 2454 unum
2912 2399 3074 2454 sunt?
3122 2398 3308 2470 Itaque
3346 2400 3438 2469 qui
3471 2411 3568 2470 per
3592 2416 3708 2457 rem

2105 2492 2355 2547 eamdem
2390 2507 2555 2547 unum
2588 2502 2736 2558 sunt,
2769 2499 2957 2545 natura
3005 2489 3168 2546 etiam
3201 2507 3366 2545 unum
3412 2501 3560 2555 sunt,
3591 2507 3700 2547 non

2102 2595 2312 2641 tantum
2366 2586 2642 2640 voluntate
2689 2603 2702 2639 :
2751 2585 2874 2656 quia
2917 2593 2972 2640 et
3013 2585 3114 2655 ipsi
3161 2601 3249 2641 res
3294 2584 3482 2640 eadem
3532 2585 3710 2641 effecti

2101 2692 2246 2748 sunt,
2264 2680 2342 2751 (h)
2367 2690 2420 2735 et
2439 2681 2680 2749 ejusdem
2704 2679 2781 2734 rei
2809 2688 2968 2749 atque
2987 2679 3290 2734 efﬁcientia:
3307 2678 3415 2734 sint
3437 2679 3690 2734 ministri.

2177 2777 2263 2831 It).
2299 2775 2534 2831 Stultitia
2557 2790 2610 2828 se
2635 2775 2749 2845 ipsa
2777 2774 2966 2845 prodit,
3005 2773 3126 2827 dum
3157 2773 3454 2828 adversatur
3479 2772 3702 2834 ueritati.

2102 2866 2255 2922 Fidei
2282 2882 2533 2938 peruersa!
2555 2883 2672 2936 spes
2694 2865 2859 2920 nulla.
2891 2865 3158 2935 Simplicis
3197 2866 3452 2920 meritum.
3479 2894 3550 2905 —
3572 2863 3709 2920 Pro-

2104 2961 2211 3016 lieit
2238 2970 2416 3015 autem
2448 2975 2665 3030 semper
2689 2958 3048 3014 contradictio
3074 2957 3359 3014 stultorum
3407 2957 3473 3012 ad
3519 2957 3702 3012 stulti-

2106 3056 2192 3110 tia:
2219 3055 2738 3111 demonstrationem
2775 3071 2787 3107 :
2823 3053 2944 3123 quia
2982 3068 3102 3123 qua:
3134 3051 3351 3124 ingenio
3400 3050 3704 3122 insipientis

2105 3159 2198 3205 aut
2239 3165 2506 3222 perversae
2537 3148 2905 3220 intelligentiae
2931 3147 3188 3203 adversus
3217 3147 3498 3202 veritatem
3530 3162 3698 3217 coap-

391 3246 501 3300 nati
534 3245 605 3314 (c)
637 3246 877 3301 erantad
913 3246 1296 3311 innocentiam,
1330 3246 1396 3302 ad
1417 3247 1895 3315 immortalitatem,
1919 3249 1984 3304 ad
2015 3251 2060 3314 C
2094 3244 2831 3307 tantur,dumetinconcussa
2851 3253 2906 3297 et
2928 3241 3214 3297 immobilis
3241 3251 3344 3307 est,
3375 3256 3597 3296 necesse
3614 3248 3700 3297 est

387 3342 754 3412 cognitionem
802 3342 919 3406 Dei,
965 3343 1045 3415 (ά)
1087 3344 1150 3397 ad
1182 3344 1294 3414 spei
1328 3344 1507 3400 iidem.
1556 3345 1620 3400 Et
1650 3345 1694 3399 si
1722 3345 1837 3401 hmc
1881 3361 1987 3400 non

390 3444 619 3505 possunt
665 3435 766 3490 sibi
807 3450 929 3491 esse
959 3436 1192 3503 diversa,
1225 3436 1348 3508 quia
1382 3446 1436 3493 et
1464 3452 1589 3506 spes
1635 3453 1738 3494 una
1781 3451 1884 3505 est,
1935 3449 1990 3495 et

390 3527 535 3584 Deus
565 3545 727 3598 unus,
759 3529 912 3585 sicuti
943 3531 1282 3586 etDominus
1326 3547 1464 3586 unus
1503 3541 1608 3598 est,
1640 3541 1694 3588 et
1725 3531 1987 3602 baptisma

388 3621 821 3689 regenerationis
871 3637 1034 3676 unum
1088 3631 1171 3678 est
1219 3639 1232 3675 :
1282 3622 1326 3677 si
1377 3621 1495 3677 hzec
1537 3638 1763 3679 assensu
1812 3623 1988 3693 pmius

389 3731 556 3771 unum
585 3725 730 3779 sunt,
765 3731 925 3787 quam
953 3724 1179 3780 natura;
1228 3715 1308 3770 his
1355 3732 1589 3786 quoque,
1633 3717 1723 3788 qui
1773 3718 1826 3772 in
1876 3717 1991 3774 haec

386 3811 565 3866 renati
610 3820 757 3876 sunt,
801 3810 1062 3865 unitatem
1109 3809 1399 3864 voluntatis
1443 3810 1713 3866 adscribe.
1760 3809 1818 3866 Si
1851 3824 1986 3865 vero

385 3905 692 3974 regenerati
724 3903 780 3958 in
809 3903 969 3958 unius
1010 3903 1133 3957 vita:
1171 3912 1335 3973 atque
1375 3902 1696 3956 mternitatis
1737 3912 1984 3957 naturam

387 4006 537 4058 sunt,
569 4010 667 4065 per
697 3994 838 4064 quod
869 3995 1046 4050 anima
1075 4009 1259 4048 eorum
1292 4002 1345 4048 et
1375 4008 1470 4047 cor
1501 4007 1664 4048 unum
1712 4003 1828 4058 est;
1870 4009 1989 4050 ces-

389 4097 477 4143 sat
526 4087 578 4142 in
621 4087 706 4142 his
746 4101 1002 4143 assensus
1044 4086 1255 4151 unitas,
1309 4086 1398 4155 qui
1449 4101 1609 4140 unum
1667 4095 1791 4141 sunt
1819 4086 1890 4158 (c)
1931 4089 1986 4142 in

389 4180 636 4251 ejusdem
665 4181 1077 4251 regeneratione
1106 4191 1330 4235 naturae.

460 4275 513 4330 8.
549 4272 710 4328 Pauli
747 4276 797 4327 in
848 4290 958 4328 eam
996 4291 1102 4328 rem
1143 4274 1410 4328 sententia.
1437 4303 1508 4314 --
1532 4271 1647 4328 Non
1676 4282 1860 4328 nostra
1901 4273 1984 4329 Io-

385 4369 628 4438 quimur,
664 4382 836 4439 neque
865 4366 930 4422 ad
976 4364 1282 4422 illudcndas
1305 4364 1639 4422 audientium
1670 4381 1831 4422 aures
1858 4379 1982 4422 cor-

483 4483 537 4554 ιι)
568 4483 623 4538 lu
656 4483 787 4554 solis
817 4481 978 4537 editis
1009 4481 1094 4536 hic
1122 4481 1611 4554 additur‘omnium.

486 4550 537 4624 b)
563 4554 661 4610 Ms.
690 4553 851 4609 Corb.
887 4554 1086 4624 aliique
1117 4550 1360 4607 nonnulli
1392 4550 1480 4606 hic
1507 4550 1730 4618 addunt,
1759 4559 1806 4605 et
1827 4566 1985 4606 unum

384 4630 646 4699 spiritum.

462 4700 533 4770 (c)
568 4699 831 4770 Antiquus
861 4697 1027 4752 codex
1054 4694 1366 4770 Colh._nati.

459 4765 540 4839 (ά)
568 4769 642 4824 Ita
670 4765 992 4825 vetustiores
1037 4784 1165 4824 mss.
1197 4768 1338 4823 Editi
1375 4781 1525 4834 vero,
1559 4766 1627 4820 ad
1656 4782 1799 4839 spem
1839 4765 1980 4839 ﬁdei.

383 4837 529 4898 Tum
570 4841 948 4912 subjiciebant,
997 4851 1044 4894 et
1092 4857 1189 4893 non
1235 4850 1446 4911 possunt
1492 4841 1620 4906 Inec,
1670 4837 1870 4893 omisso
1913 4838 1980 4906 si,

381 4913 530 4984 quod
563 4921 736 4968 exstat
767 4912 819 4967 in
851 4913 1099 4968 omnibus
1128 4928 1256 4966 mss.

383 5003 535 5129 die)
586 5003 641 5057 In
693 5018 825 5059 mss.
858 5003 980 5059 Vat.
1010 5003 1126 5059 bas.
1171 5011 1224 5058 et
1253 4999 1468 5059 Martia.
1503 5001 1590 5058 hic
1633 5001 1884 5072 adjicitur
1931 5011 1986 5057 ut

425 5092 636 5129 txtmus.

425 5092 636 5130 txtmus.

460 5170 526 5240 (Ῑ)
576 5169 632 5223 In
665 5169 868 5242 codice
899 5168 1036 5242 Vat._
1062 5169 1177 5242 has.
1211 5169 1457 5224 ementiti.
1489 5166 1612 5224 Mox
1641 5169 1695 5225 in
1725 5169 1981 5242 vulgatis,

383 5242 624 5312 ﬁdelium
655 5240 768 5295 Dei.
802 5241 970 5298 Abest
1000 5240 1097 5296 Dei
1126 5257 1155 5296 a
1181 5257 1311 5296 mss.

460 5335 539 5410 (g)
570 5337 730 5397 Editi,
763 5336 883 5410 quia
907 5337 1037 5410 ipsis
1063 5336 1116 5389 in
1139 5352 1241 5390 uno
1281 5336 1533 5406 baptismo
1559 5338 1844 5410 renatis....
1873 5338 1982 5391 dis-

385 5408 618 5480 pensatio
657 5411 742 5480 sit.
761 5408 1097 5480 rliestituitur
1127 5424 1190 5462 ex
1237 5422 1504 5480 Consensu
1537 5423 1648 5462 mss
1678 5408 1870 5477 ipsi...
1900 5425 1983 5462 re-

383 5478 494 5534 nati
517 5496 536 5534 :
563 5496 632 5535 ex
673 5478 989 5551 Colbertino
1014 5489 1190 5535 autem
1221 5494 1282 5534 ac
1309 5479 1490 5534 Germ.
1525 5481 1837 5551 dispensatio
1857 5482 1979 5546 sint,

381 5567 494 5605 non
527 5554 610 5606 sit.
643 5551 794 5607 Unde
821 5550 1092 5622 duplicem
1123 5552 1213 5621 qui
1246 5553 1450 5621 plantat
1477 5562 1529 5606 et
1559 5550 1649 5623 qui
1697 5552 1835 5622 rigat
1889 5551 1985 5606 ha-

389 5623 518 5679 bent
547 5625 835 5688 unitatem,
868 5624 1190 5678 saeramenti
1222 5623 1496 5690 nimirum,
1527 5624 1650 5693 quia
1707 5638 1813 5677 uno
1857 5623 1988 5692 bap-

395 5696 559 5750 tismo
608 5695 804 5757 renati,
870 5709 933 5748 ac
985 5703 1245 5765 praeterea
1295 5694 1637 5750 instrumenti
1689 5696 1741 5750 in
1796 5694 1985 5750 eodem

387 5777 732 5823 sacramento
796 5765 1177 5835 dispensanda,
1238 5766 1570 5836 proindeque
1626 5783 1731 5822 non
1786 5779 1987 5821 meram

310 5892 314 5896 .
391 5838 682 5894 voluntatis
701 5837 1126 5894 unanimitatem.
1157 5837 1436 5907 Augustini
1459 5837 1595 5897 Coll.
1625 5852 1746 5894 cum
1770 5837 1986 5894 Martini.

2092 3348 2151 3393 ut
2179 3353 2297 3407 qua:
2327 3353 2358 3392 e
2384 3336 2604 3392 diverso
2625 3345 2768 3401 sunt,
2799 3344 2854 3390 et
2885 3335 3014 3390 falsa
3045 3335 3410 3405 intelligantur
3431 3345 3482 3390 et
3508 3335 3690 3390 stulta.

2095 3431 2427 3486 Laborantes
2461 3431 2603 3484 enim
2637 3429 2872 3484 hazretici
2898 3429 3080 3484 fallere
3107 3445 3200 3497 per
3231 3429 3282 3483 id
3314 3428 3455 3497 quod
3485 3428 3692 3484 dictum

2093 3532 2178 3580 est
2209 3541 2221 3577 :
2256 3522 2366 3594 Ego
2397 3532 2442 3577 et
2468 3533 2612 3593 pater
2632 3539 2789 3576 unum
2818 3538 2995 3576 sumus
3021 3520 3202 3591 (Joan.
3233 3539 3289 3590 ι,
3317 3521 3431 3595 50),
3477 3538 3546 3577 ne
3591 3537 3688 3578 na-

2097 3627 2234 3674 tura:
2260 3618 2312 3673 in
2344 3616 2427 3672 his
2460 3617 2636 3673 unitas
2663 3627 2716 3671 et
2759 3615 3070 3672 indifferens
3103 3616 3398 3672 divinitatis
3439 3617 3694 3673 substan-

2094 3711 2165 3766 tia
2197 3710 2534 3776 erederetur,
2569 3708 2664 3765 sed
2696 3725 2760 3765 ex
2783 3708 3075 3766 dilectione
3103 3719 3288 3763 mutua
3314 3717 3368 3764 et
3393 3723 3460 3763 ex
3495 3709 3686 3763 volun-

2094 3812 2263 3859 tatum
2309 3801 2600 3858 concordia
2647 3817 2812 3856 unum
2861 3810 3066 3866 essent,
3117 3801 3424 3870 exemplum
3474 3801 3696 3857 unitatis

2093 3896 2270 3961 istius,
2300 3904 2359 3950 ut
2379 3894 2626 3965 superius
2663 3893 3177 3958 demonstravimus,
3220 3893 3379 3948 etiam
3420 3909 3487 3948 ex
3535 3892 3696 3948 dic1is

2091 3993 2381 4048 dominicis
2421 3992 2768 4062 protulerunt
2794 4009 2808 4046 :
2845 3989 2912 4045 Ut
2941 4007 3115 4046 omnes
3137 4008 3294 4045 unum
3323 3991 3444 4058 sint,
3477 3991 3608 4046 sicut
3637 3999 3696 4044 tu

2091 4087 2245 4142 Pater
2273 4089 2327 4142 in
2357 4103 2458 4152 me,
2491 4096 2538 4140 et
2559 4102 2651 4159 ego
2681 4087 2734 4140 in
2763 4095 2829 4150 te,
2856 4096 2910 4139 ut
2935 4095 2983 4140 et
3009 4086 3106 4152 ipsi
3135 4087 3234 4140 sint
3255 4085 3308 4139 in
3337 4085 3484 4139 nobis
3505 4084 3692 4154 (Joan.

2091 4179 2368 4252 xvn,2l).
2418 4179 2584 4235 Extra
2625 4179 2935 4250 evangelica
2985 4178 3247 4249 promissa
3295 4187 3400 4245 est,
3447 4177 3693 4249 quisquis

2089 4283 2240 4332 extra
2288 4272 2447 4328 ﬁdem
2479 4288 2668 4329 eorum
2699 4283 2784 4328 est
2811 4290 2825 4326 :
2857 4280 2912 4327 et
2959 4272 3138 4342 impia:
3183 4269 3554 4340 intelligentia:
3578 4269 3690 4325 cri-

2089 4382 2212 4422 men
2241 4365 2306 4440 (i)
2339 4381 2491 4437 spem
2532 4365 2834 4437 simplicem
2879 4365 3131 4437 perdidit.
3179 4365 3346 4420 liabet
3391 4365 3536 4421 enim
3582 4377 3692 4420 non

2014 4483 2064 4543 D
2091 4480 2270 4546 n.14,
2323 4480 2410 4536 ubi
2459 4479 2588 4534 illttd
2639 4495 2736 4548 pro
2787 4488 2938 4534 certo
2983 4480 3175 4548 ponit:
3230 4478 3451 4544 Quando
3496 4479 3686 4533 dicitur

2091 4569 2252 4606 unum
2281 4562 2418 4616 sunt,
2450 4552 2543 4605 etsi
2564 4567 2664 4605 non
2690 4553 2888 4604 dicatur
2913 4550 3037 4620 quid
3052 4566 3231 4612 unum,
3251 4551 3553 4620 intelligitur
3576 4565 3686 4603 una

2088 4625 2396 4689 substantia,
2430 4623 2582 4676 unica
2619 4623 2732 4675 haec
2763 4631 2845 4676 est
2879 4619 2945 4676 ad
2995 4623 3170 4677 locum
3208 4619 3429 4674 allatum
3459 4636 3686 4688 respon-

2089 4695 2212 4750 sio:
2248 4695 2510 4766 Legimus,
2538 4693 2663 4766 Qui
2708 4693 2903 4762 plantat
2945 4693 3112 4766 etgqui
3157 4692 3288 4766 rigat
3336 4708 3494 4766 unum
3523 4700 3640 4746 sunt
3663 4708 3685 4748 :

2088 4766 2178 4819 sed
2215 4762 2362 4820 ambo
2407 4765 2636 4819 homines
2675 4774 2837 4829 erant,
2863 4764 3091 4838 ejusdem
3123 4762 3422 4818 substantia:
3451 4767 3680 4835 fuerant,

2086 4854 2188 4893 non
2209 4839 2438 4893 diversa).

2158 4909 2238 4982 (h)
2281 4910 2334 4965 lu
2370 4924 2470 4965 ms.
2501 4907 2682 4982 carus
2704 4917 2758 4962 ut
2789 4907 3039 4982 ejusdem,
3071 4905 3247 4982 minus
3279 4906 3414 4982 bene
3445 4925 3456 4959 :
3489 4922 3681 4982 quam-

2093 4978 2176 5054 vis
2218 4978 2488 5054 sequatur
2526 4980 2721 5054 deinde
2766 4978 2926 5034 etiam
2969 4979 3268 5054 in_c:et_eris
3298 4978 3397 5031 sint
3439 4979 3679 5054 ministri.

2091 5051 2206 5108 Hoc
2235 5049 2375 5108 enim
2410 5053 2612 5107 Hilario
2644 5051 2920 5114 usitatum,
2953 5061 3009 5103 ut
3039 5050 3090 5104 in
3139 5049 3348 5104 duabus
3393 5050 3679 5103 sententiis

2089 5125 2468 5193 conjunctione
2493 5134 2542 5177 et
2567 5121 2833 5193 cepulatis
2863 5136 2968 5176 non
2989 5122 3238 5193 eumdem
3266 5121 3495 5193 retineat
3525 5120 3680 5178 verbi

2089 5192 2329 5250 modum.
2361 5192 2724 5250 Prselerebant
2752 5202 2930 5247 tamen
2957 5192 3104 5254 editi,
3143 5202 3262 5247 sunt
3289 5192 3530 5247 ministri.

2161 5267 2220 5336 (i)
2268 5266 2414 5336 Lips.
2442 5274 2498 5320 et
2541 5264 2664 5320 Par.
2712 5265 2924 5319 crimine
2956 5281 2975 5319 :
3007 5264 3360 5336 renitentibus
3407 5263 3536 5336 Bad.
3580 5264 3676 5319 Er.

2089 5345 2146 5393 et
2185 5335 2481 5392 mss.'lllud
2512 5338 2716 5391 crimen
2743 5347 2825 5391 est
2859 5351 3070 5402 eorum,
3113 5335 3201 5406 qui
3252 5335 3549 5404 simplicem
3597 5337 3679 5391 rei

2089 5408 2372 5464 credendus
2419 5407 2826 5474 intelligentiam
2855 5416 3228 5474 corrumpunt,
3273 5407 3458 5460 falsam
3499 5407 3548 5462 ei
3581 5422 3678 5462 ne-

2089 5480 2719 5552 quitergsubstituentes.
2749 5477 2882 5552 Tum
2933 5495 3088 5552 spem
3120 5478 3422 5552 simplicem,
3474 5477 3526 5532 id
3570 5488 3678 5552 est,

2091 5548 2242 5622 spem
2272 5550 2393 5606 ﬁdei
2420 5551 2679 5621 simplicis
2709 5561 2766 5604 et
2807 5549 3031 5622 scientia
3057 5548 3360 5622 destitutae,
3382 5549 3450 5622 de
3488 5564 3590 5618 qua
3624 5550 3678 5603 in

2091 5619 2235 5680 Psal.
2264 5638 2411 5684 cum,
2441 5619 2640 5688 IitflO,
2681 5637 2830 5677 num.
2866 5619 2954 5681 η,
2991 5619 3252 5675 habemus
3278 5639 3306 5681 ε,
3332 5619 3466 5675 Plus
3493 5629 3564 5674 est
3585 5636 3683 5673 au-

2096 5705 2195 5750 tem
2236 5695 2407 5750 nescio
2436 5693 2560 5754 quid
2585 5693 2638 5746 in
2685 5691 2993 5763 cognitione,
3024 5708 3176 5759 quam
3215 5692 3270 5744 in
3311 5693 3432 5762 ﬁde,
3469 5692 3683 5759 Operis,

2097 5767 2214 5836 quia
2244 5768 2373 5837 ﬁdes
2403 5766 2550 5820 habet
2579 5763 2878 5837 obedientiw
2904 5764 3162 5837 meritum,
3204 5779 3305 5837 non
3337 5763 3484 5818 habet
3513 5769 3680 5837 autem

2097 5834 2318 5910 cognita:
2362 5838 2584 5896 raritatis
2632 5834 2968 5906 ﬁduciam...
3003 5835 3104 5903 Qtti
3132 5835 3310 5900 credit,
3355 5845 3514 5904 potest
3541 5835 3691 5906 igna-
