4246 6260
400 285 513 345 2‘5

1620 278 1713 337 DE
1748 276 2129 338 TRINITATE
2164 280 2376 339 LIBER
2417 280 2547 341 VIII.

3604 288 3712 347 246

400 416 507 460 nor
532 400 695 457 datus
716 407 838 470 est;
870 413 1049 472 neque
1084 400 1158 458 ob
1181 401 1326 459 aliud
1372 401 1532 458 datus
1578 410 1685 468 est,
1734 410 1897 474 quam
1947 410 2009 460 ut
2033 406 2088 467 Α
2109 403 2226 478 25).
2252 404 2358 460 Eos
2386 419 2550 472 nunc,
2578 404 2667 477 qui
2696 405 2837 463 inter
2866 405 3084 464 Patrem
3111 412 3170 464 et
3194 406 3393 465 Filium
3414 408 3707 467 voluntatis

397 510 598 554 omnes
644 510 812 551 unum
856 504 1064 551 essent.
1111 495 1181 551 Et
1221 510 1345 553 cum
1390 510 1491 567 per
1534 496 1797 553 honorem
1823 496 2007 552 datum

396 590 565 660 Filio,
596 599 652 647 et
673 605 706 646 a
734 587 881 646 Filio
903 589 1208 660 praestitum
1233 589 1603 657 credentibus,
1628 604 1817 646 omnes
1839 605 2005 644 unum

394 686 548 751 sint;
578 699 764 757 quaero
803 682 1079 755 quomodo
1108 683 1277 740 Filius
1302 685 1502 740 diversi
1539 683 1760 739 honoris
1784 697 1820 738 a
1846 683 2008 741 Patre

396 779 492 846 sit,
518 794 645 835 eum
687 777 981 834 credentes
1018 792 1211 833 omnes
1255 780 1427 833 honor
1457 778 1580 834 Filii
1626 777 1694 832 ad
1742 776 2002 833 unitatem

397 871 613 943 paterni
642 869 865 925 honoris
886 871 1180 926 assumat?
1225 869 1296 926 Et
1339 872 1576 927 insolens
1603 874 1764 944 232
1786 870 2003 942 quidem

400 962 494 1019 hic
520 961 667 1019 forte
693 962 944 1017 humana:
971 963 1088 1031 spei
1115 962 1221 1018 erit
1245 977 1448 1028 sermo,
1471 964 1566 1020 sed
1596 980 1702 1018 non
1728 963 1834 1019 erit
1875 964 2004 1020 inll-

395 1057 542 1114 delis
584 1074 601 1111 :
644 1057 769 1127 quia
817 1056 1069 1127 quamvis
1114 1060 1217 1113 hoc
1245 1072 1469 1127 sperare
1513 1060 1859 1115 temerarium
1908 1060 1998 1126 sit,

399 1160 585 1208 tamen
609 1167 716 1207 nou
742 1151 1041 1208 credidisse
1079 1153 1437 1224 irreligiosum
1467 1161 1553 1210 est
1604 1152 1680 1224 (tt)
1706 1169 1827 1209 cum
1858 1153 1999 1209 idem

398 1254 571 1315 atque
599 1259 743 1300 unus
768 1243 924 1299 nobis
973 1252 1029 1298 et
1056 1244 1172 1314 spei
1203 1254 1393 1299 auctor
1431 1244 1502 1299 sit
1548 1254 1601 1300 et
1627 1244 1775 1300 ﬁdei.
1821 1244 1890 1299 Et
1932 1244 2001 1300 de

396 1338 509 1393 hoc
530 1338 747 1407 quidem
776 1336 849 1408 (ὑ)
874 1336 1091 1408 planius
1118 1347 1174 1393 et
1202 1338 1472 1407 coniosius
1501 1352 1622 1404 suo,
1643 1348 1701 1393 ut
1726 1336 1997 1408 congruit,

389 1431 519 1487 loco
552 1432 918 1487 tractabimus.
968 1431 1189 1487 interim
1234 1440 1413 1488 tamen
1453 1435 1614 1488 etiam
1646 1448 1713 1488 ex
1747 1431 1999 1503 praesenti

388 1536 652 1580 sermone
694 1539 872 1595 neque
917 1524 1117 1590 inanis,
1160 1539 1336 1595 neque
1377 1525 1668 1580 temeraria
1712 1538 1835 1580 esse
1880 1523 1999 1579 lucc

395 1631 527 1686 spes
557 1626 738 1691 nostra
773 1616 1115 1687 intelligitur.
1163 1617 1270 1674 Per
1294 1627 1576 1689 acceptum
1611 1618 1771 1689 igitur
1800 1627 1856 1674 et
1895 1618 1994 1673 da-

399 1717 513 1765 tum
536 1708 802 1765 honorem
838 1725 1004 1766 unum
1032 1725 1223 1767 omnes
1248 1719 1397 1766 sunt.
1446 1711 1632 1767 Fidem
1683 1719 1862 1777 teneo,
1910 1721 1995 1768 at-

395 1815 505 1872 que
534 1815 753 1856 causam
785 1801 1008 1858 unitatis
1052 1803 1262 1874 accipio
1308 1821 1324 1858 :

400 1892 585 1950 bendo
608 1895 900 1963 rationem,
931 1895 1206 1967 quomodo
1232 1895 1391 1952 datus
1419 1898 1595 1953 honor
1616 1913 1779 1954 unum
1802 1912 1993 1956 omnes

384 2000 515 2043 esse
546 1986 813 2056 perﬁciat.

461 2082 551 2138 l3.
580 2080 767 2138 ﬁnitas
791 2084 1044 2139 naturalis
1067 2084 1298 2155 ﬁdelium
1321 2085 1377 2140 in
1402 2083 1515 2141 Dea
1557 2096 1833 2158 priestatur
1871 2089 1992 2146 Ver-

384 2174 436 2229 bi
453 2174 837 2242 incarnatione,
868 2184 916 2232 et
948 2175 1297 2233 Eucharistia:
1322 2182 1857 2240 sacramento.—-Sed
1882 2183 1992 2240 Do-

381 2265 567 2321 minus
590 2265 723 2322 nihil
751 2267 992 2323 iidelium
1012 2268 1360 2325 conscientiae
1379 2271 1642 2327 incertum
1656 2274 1995 2346 relinquens,

380 2358 565 2428 ipsum
594 2359 746 2416 illum
776 2361 1036 2418 naturalis
1058 2360 1363 2418 efﬁcientia:
1392 2363 1575 2420 docuit
1596 2364 1872 2435 eﬂ'ectum,
1904 2368 1991 2424 di-

378 2467 535 2519 cens,
569 2452 641 2510 Ut
666 2455 770 2510 sint
791 2471 972 2522 unum,
998 2457 1132 2510 sicut
1159 2471 1254 2511 nos
1280 2472 1445 2511 unum
1459 2473 1656 2528 suum,
1687 2476 1781 2531 ego
1798 2460 1856 2515 in
1884 2461 1986 2530 Itis,

377 2555 434 2602 et
453 2554 509 2601 tu
526 2549 583 2603 in
607 2563 725 2615 me;
756 2555 810 2603 ut
839 2549 946 2605 sint
966 2549 1175 2620 perfecti
1206 2549 1262 2604 iu
1282 2565 1442 2605 unum
1466 2549 1651 2622 (leua.
1681 2568 1816 2620 xvii,
1838 2554 1910 2610 22
1933 2563 1990 2611 et

452 2725 530 2800 (α)
554 2727 722 2802 Lips.
749 2736 806 2802 et
853 2726 976 2802 Par.
1029 2737 1087 2783 ut
1114 2728 1253 2784 idem
1278 2744 1299 2784 :
1329 2730 1472 2787 male
1505 2739 1561 2787 et
1598 2742 1795 2802 praeter
1820 2733 1982 2791 tidem

376 2798 519 2875 mss.
550 2799 649 2856 Hic
674 2798 849 2854 obiter
869 2798 1224 2875 observaturus
1252 2805 1500 2871 superius
1521 2798 1744 2859 verbum
1774 2822 1983 2875 sperare

378 2873 449 2928 de
476 2887 574 2940 spe
626 2881 677 2944 et
704 2870 1107 2944 exspematione
1146 2870 1375 2927 humana
1408 2889 1472 2929 ac
1502 2875 1734 2930 naturali
1769 2870 1897 2944 dici,
1927 2886 1982 2932 at

376 2947 435 3002 in
463 2943 687 3012 reliquis
714 2942 975 3014 vocabulo
1002 2943 1131 3014 spei,
1162 2944 1347 3014 getiam
1380 2947 1468 3000 ubi
1517 2946 1713 3001 dicitur
1741 2942 1980 3003 humanm

377 3017 492 3087 spei
520 3016 708 3088 sermo,
748 3012 1263 3088 hominum‘quidein
1297 3032 1470 3086 spem,
1503 3017 1597 3073 sed
1633 3019 1723 3073 Dei
1753 3021 1981 3088 promis-

379 3085 458 3143 sis
489 3103 597 3159 non
642 3085 1112 3161 bumana‘ratione
1142 3085 1339 3161 fultam
1361 3088 1673 3161 signiticari.
1710 3085 1843 3145 llinc
1872 3092 1979 3161 pri-

380 3156 529 3215 murn
556 3173 763 3227 sperare
790 3156 987 3211 dicitur
1028 3159 1349 3212 temerarium
1374 3176 1392 3215 :
1414 3156 1479 3215 ac
1502 3159 1696 3216 deinde
1727 3176 1850 3231 spes
1874 3156 1977 3217 non

379 3231 674 3285 temeraria.

416 3302 533 3428 ιω)
561 3301 653 3357 Sic
699 3314 832 3356 mss.
862 3314 984 3357 cum
1025 3299 1158 3356 Bad.
1186 3309 1241 3358 et
1270 3300 1364 3359 Er.
1416 3302 1488 3358 At
1527 3301 1792 3361 editiones
1821 3304 1974 3372 alite,

436 3390 603 3428 emus.

377 3390 603 3444 ptemus.

451 3447 530 3517 (c)
562 3446 953 3517 Argumentum
994 3440 1081 3499 hic
1125 3442 1320 3513 duplex
1370 3444 1422 3499 in
1467 3461 1629 3501 unum
1670 3447 1970 3517 conﬂatur,

378 3514 613 3586 primum
640 3532 706 3570 ex
724 3514 923 3569 Christi
941 3517 1320 3586 corporatione
1338 3520 1585 3587 petitum,
1602 3534 1705 3588 qua
1735 3514 1973 3576 nostram

378 3588 474 3644 ille
510 3598 759 3642 naturam
791 3601 917 3642 vere
946 3588 1216 3654 suscepit;
1261 3589 1490 3643 alterum
1520 3605 1583 3643 ex
1620 3589 1975 3646 Eucharistitc

370 3669 737 3722 sacramento,
770 3673 877 3729 quo
910 3672 1092 3714 veram
1116 3657 1258 3713 illius
1286 3676 1504 3717 carnem
1532 3676 1659 3716 vere
1684 3663 1970 3719 sumimus.

448 3729 530 3803 (ά)
565 3729 633 3803 ld_
655 3738 758 3803 est,
788 3728 879 3803 ad;
904 3730 1493 3803 naturam‘divinitatis.
1526 3730 1617 3788 Sic
1640 3732 1854 3801 Fragm.
1886 3735 1970 3802 ll,

375 3818 436 3859 ιι.
458 3800 554 3870 Si,
585 3800 675 3857 ubi
698 3801 772 3855 ait
802 3800 1032 3855 Hilarius
1063 3801 1133 3855 ita
1164 3801 1547 3858 immutabilem
1580 3819 1700 3859 csse
1730 3800 1923 3859 Filium
1955 3800 1970 3872 ,

372 3884 436 3947 ut
484 3875 536 3947 in
576 3872 1176 3947 assumptioaehominis
1214 3875 1529 3947 corruptioni
1559 3875 1725 3946 potius
1754 3878 1972 3947 gloriam

372 3944 643 4010 intulerit,
676 3943 828 4015 quam
879 3943 1042 3997 labem
1090 3943 1393 4012 aeternitati;
1425 3943 1839 4015 quid'corrup'tio
1870 3948 1971 4004 nisi

376 4025 627 4081 naturam
676 4014 998 4081 humanam,
1042 4015 1166 4081 quid
1200 4016 1300 4071 nisi
1334 4014 1567 4072 divinam
1600 4014 1856 4074 ieiunitas
1884 4034 1972 4074 so-

374 4088 507 4145 nat?
531 4080 606 4144 Ea
628 4087 788 4158 hujus
807 4087 952 4158 vocis
981 4080 1217 4155 potestas
1249 4089 1524 4158 perspicua
1556 4098 1639 4143 est
1658 4103 1778 4158 cap.
1801 4091 1890 4147 5i.
1914 4090 1966 4145 in

376 4158 596 4225 Matth”
623 4175 679 4214 n.
717 4157 769 4225 l,
798 4157 886 4212 ubi
916 4158 1090 4228 arguit
1114 4157 1422 4230 haereticos,
1455 4161 1543 4230 qui
1570 4157 1741 4230 ipsam
1765 4158 1970 4217 Christi

376 4230 709 4287 divinitatem
744 4244 953 4297 passam
979 4244 1099 4284 esse
1132 4228 1406 4298 volebant,
1429 4228 1502 4285 At:
1530 4233 1573 4284 si
1593 4228 1848 4287 tetemitas
1872 4250 1967 4286 na-

378 4312 545 4356 turam
576 4301 873 4373 fragilitatis
906 4301 1178 4373 acceperit.
1206 4300 1314 4356 Cur
1338 4313 1515 4357 autem
1550 4303 1844 4358 calamitatis
1871 4311 1969 4357 ro-

376 4371 628 4430 eabuluin
658 4380 880 4442 usurpet
911 4371 976 4443 ad
1007 4371 1415 4443 signiﬁcandam
1447 4375 1779 4428 divinitatem
1808 4416 1821 4439 ,
1854 4373 1968 4443 pla-

371 4461 504 4501 num
533 4454 618 4501 est
645 4459 709 4498 ex
742 4459 863 4511 cap.
899 4442 992 4509 ‘25,
1026 4442 1079 4497 n.
1115 4443 1169 4498 5.
1201 4442 1317 4498 lam
1345 4445 1413 4498 ab
1440 4444 1525 4500 his
1547 4444 1723 4499 verbis
1749 4442 1968 4502 cludere

371 4514 573 4572 frustra
603 4523 776 4571 tentat
803 4513 1073 4571 Scultetus
1100 4515 1413 4584 praeclarum
1445 4516 1627 4571 Hilarii
1657 4516 1723 4571 de
1758 4516 1965 4573 Eucha-

370 4589 526 4644 ristia
552 4587 940 4690 testimotiiu'm.
966 4586 1150 4656 Neque
1171 4587 1426 4690 vero'sibi
1449 4598 1679 4654 constat,
1702 4587 1964 4690 dumpri-
1992 4628 2047 4690 Β

371 4674 465 4714 mo
489 4658 622 4724 vult,
649 4658 740 4713 hic
766 4667 966 4713 tantum
999 4673 1120 4715 esse
1140 4659 1516 4728 repetitionem
1548 4658 1865 4729 argumenti
1879 4676 1969 4715 su-

369 4729 626 4801 periuris,
652 4730 753 4784 hoc
777 4738 880 4794 est,
909 4745 1027 4785 eam
1056 4738 1261 4784 tantum
1282 4730 1655 4801 demonstrari
1685 4732 1965 4798 unitatem,

370 4799 533 4873 quam
568 4817 663 4871 per
689 4801 1016 4856 consortium
1034 4802 1229 4873 gloria:
1268 4799 1470 4856 Christi
1518 4803 1825 4873 obtinemus
1858 4820 1871 4856 :
1903 4818 1969 4858 ac

370 4871 614 4944 glandem,
648 4873 798 4944 quasi
818 4873 1002 4944 procul
1033 4872 1156 4926 hinc
1184 4873 1416 4927 llilarius
1438 4874 1695 4929 dixisset:
1725 4872 1852 4929 Vere
1877 4891 1969 4929 nos

376 4942 603 5001 Verbum
632 4942 837 4998 carnem
858 4943 967 4998 cibo
997 4945 1251 4998 dominico
1278 4946 1544 5009 sumimus,
1578 4944 1694 5000 htcc
1717 4946 1875 5001 vetba
1900 4945 1969 5000 de

369 5014 539 5073 Cinna
567 5030 719 5072 Sacra
749 5017 1153 5085 interpretatur.
1174 5014 1336 5071 Certe
1361 5031 1427 5071 ex
1450 5015 1893 5072 antecedentibus
1914 5027 1969 5072 et

368 5088 832 5157 consequentibus
875 5087 1077 5157 liquido
1124 5097 1356 5150 constat,
1390 5102 1694 5142 sermonem
1726 5085 1813 5141 hic
1854 5087 1969 5157 jam

372 5174 633 5242 προτὶ-θεῖε
662 5158 729 5241 de
752 5159 924 5242 gloria
970 5157 1167 5213 Christi
1213 5159 1368 5215 nobis
1398 5159 1789 5242 cotiiminiicata
1811 5199 1842 5241 ,.
1871 5157 1969 5215 sed

369 5231 439 5288 de
470 5228 828 5287 Eucharistia:
866 5241 1240 5304 sacramento:
1272 5245 1393 5284 cum
1427 5228 1529 5285 hoc
1561 5229 1973 5304 bimembriuar-

368 5311 629 5374 gumento
660 5301 1354 5374 comprobeturChristum
1397 5316 1521 5356 vere
1546 5311 1614 5374 et
1639 5301 1970 5374 naturaliter

370 5373 494 5431 esse
520 5374 575 5429 in
610 5373 801 5440 nobis,
831 5375 954 5441 quia
985 5373 1103 5428 scil.
1132 5381 1187 5429 et
1213 5373 1264 5427 in
1293 5373 1679 5429 incarnationis
1710 5373 1972 5444 mysterio

369 5461 500 5502 caro
528 5452 714 5499 nostra
757 5450 839 5499 est
869 5446 921 5499 in
965 5460 1050 5510 eo,
1080 5457 1129 5499 et
1162 5445 1214 5498 in
1246 5443 1601 5500 Eucharistia:
1632 5443 1971 5502 sacramento

371 5533 501 5573 caro
539 5516 687 5572 illius
707 5521 795 5571 est
828 5516 881 5571 in
908 5517 1083 5571 nobis.
1119 5516 1183 5570 Et
1205 5517 1343 5572 sicut
1374 5515 1546 5586 primo
1580 5516 1653 5570 illi
1685 5512 1929 5571 meiubro
1951 5557 1967 5579 ,

373 5588 438 5645 Si
466 5603 581 5643 uere
619 5586 840 5642 Verbum
861 5603 982 5642 caro
998 5590 1188 5657 factum
1215 5596 1312 5653 est,
1337 5588 1628 5657 respondet
1651 5587 1766 5642 haec
1784 5603 1979 5657 propo-

376 5660 536 5732 sitio:
572 5658 676 5727 Qui
705 5668 752 5713 et
782 5655 1022 5715 naturam
1052 5659 1220 5732 curuis
1250 5655 1438 5713 nostra?
1451 5661 1563 5732 jam
1587 5655 1982 5732 inseparabilem

376 5726 473 5789 sibi
505 5726 664 5789 liomo
692 5739 842 5787 natus
872 5731 1186 5801 assumpsit;
1214 5732 1282 5785 ita
1307 5740 1362 5803 et
1388 5726 1721 5801 subsequens
1746 5731 1834 5803 illa
1869 5750 1882 5783 ;
1915 5730 1982 5785 Et

382 5804 628 5862 naturam
660 5803 833 5860 carnis
864 5819 973 5860 sua:
997 5803 1067 5858 ad
1097 5813 1337 5859 naturam
1358 5802 1667 5860 a'ternitatis
1694 5802 1787 5859 sub
1812 5818 1985 5860 sacra-

2109 496 2363 568 ingerunt
2402 497 2697 567 unitatem,
2746 497 3021 571 interrogo
3066 508 3322 557 utrumne
3363 514 3459 572 per
3502 511 3710 561 natura:

2108 589 2394 646 veritatem
2427 589 2587 646 hodie
2609 588 2858 647 Christus
2880 592 2934 647 in
2966 592 3122 650 nobis
3142 594 3234 660 sit,
3264 606 3333 649 an
3366 609 3463 665 per
3481 608 3712 651 concor-

2106 684 2248 741 diam
2280 683 2613 740 voluntatis?
2641 684 2712 758 (c)
2736 685 2794 742 Si
2821 688 2964 742 enim
2992 703 3118 743 vere
3148 688 3385 745 Verbum
3415 705 3545 747 caro
3593 690 3707 748 fac-

2106 785 2220 832 tum
2263 785 2368 842 est,
2397 784 2452 832 et
2481 791 2607 832 vere
2645 792 2744 833 nos
2769 778 3005 834 Verbum
3039 793 3257 835 carnem
3282 781 3407 836 cibo
3431 781 3705 839 dominico

2105 869 2400 935 sumimus;
2431 869 2704 939 quomodo
2740 886 2849 925 non
2873 872 3190 928 naturaliter
3215 888 3436 931 manere
3467 875 3519 930 in
3549 879 3706 933 nobis

2104 959 2497 1016 existimandus
2537 970 2643 1027 est,
2676 962 2768 1031 qui
2796 973 2850 1018 et
2876 971 3124 1019 naturam
3161 966 3340 1022 carnis
3369 977 3570 1024 nostra:
3590 970 3704 1040 jam

2105 1052 2520 1122 inseparabilem
2542 1052 2646 1109 sibi
2674 1054 2837 1110 homo
2858 1064 3014 1111 natus
3040 1045 3358 1128 assumpsit,
3377 1070 3430 1115 et
3457 1070 3703 1117 naturam

2102 1148 2283 1203 carnis
2306 1161 2420 1203 sua
2443 1147 2511 1202 ad
2535 1156 2779 1203 naturam
2807 1148 2888 1221 (ά)
2907 1151 3226 1207 aeternitatis
3241 1154 3342 1208 sub
3363 1167 3704 1213 sacramento

2104 1241 2266 1313 223
2320 1240 2477 1296 nobis
2522 1243 2989 1299 communicandas
3032 1246 3214 1300 carnis
3262 1247 3587 1304 admiscuit?
3628 1252 3704 1306 Ita

2102 1336 2247 1387 enim
2292 1347 2483 1387 omnes
2529 1349 2695 1388 unum
2743 1348 2952 1399 sumus,
2982 1336 3105 1405 quia
3132 1344 3190 1390 et
3213 1336 3265 1392 in
3296 1338 3514 1394 Christo
3543 1341 3703 1399 Pater

2101 1432 2206 1489 est.
2238 1433 2294 1479 et
2316 1424 2567 1481 Christus
2596 1426 2650 1480 in
2696 1427 2854 1483 nobis
2877 1435 2979 1482 est.
3004 1428 3257 1499 Quisquis
3279 1445 3411 1502 ergo
3438 1434 3701 1489 naturali-

2101 1528 2184 1574 ter
2203 1518 2421 1574 Patrem
2460 1518 2513 1573 in
2538 1518 2752 1574 Christo
2778 1509 3203 1591 negabit,'neget
3234 1524 3382 1592 prius
3409 1540 3516 1580 non
3547 1536 3704 1583 natu-

2102 1611 2291 1668 raliter
2320 1612 2393 1683 (e)
2420 1611 2506 1666 vel
2530 1627 2590 1668 se
2620 1613 2673 1668 in
2699 1612 2937 1678 Christo,
2962 1613 3047 1670 vel
3075 1612 3355 1672 Christum
3376 1618 3477 1675 sibi
3496 1619 3696 1688 inesse;

2098 1708 2225 1776 quia
2252 1708 2306 1763 in
2334 1706 2550 1763 Christo
2577 1706 2759 1774 Pater,
2802 1718 2856 1764 et
2881 1707 3130 1766 Christus
3159 1712 3214 1765 in
3236 1711 3416 1780 nobis,
3448 1728 3613 1770 unum
3644 1717 3696 1770 in

1369 1802 1467 1859 sed
1514 1802 1751 1859 nondum
1799 1819 1991 1875 appre-
2019 1797 2071 1858 B
2099 1801 2184 1856 his
2207 1814 2329 1857 esse
2358 1813 2458 1855 nos
2486 1799 2708 1856 faciunt.
2766 1800 2825 1857 Si
2862 1814 2991 1857 vere
3021 1799 3183 1872 igitur
3204 1817 3423 1860 carnem
3452 1808 3698 1878 corporis

2094 1893 2267 1948 nostri
2309 1890 2554 1948 Christus
2576 1893 2891 1963 assumpsit,
2922 1901 2980 1949 et
3007 1908 3135 1950 vere
3165 1894 3330 1953 homo
3362 1897 3473 1964 ille,
3505 1899 3579 1971 (f)
3604 1901 3697 1971 qui

2095 2001 2164 2043 ex
2207 1984 2376 2042 Maria
2424 1994 2584 2041 natus
2628 1984 2748 2052 luit,
2774 1984 3023 2043 Christus
3062 1995 3181 2056 est,
3211 2003 3416 2060 nosque
3438 2006 3569 2049 vere
3593 1994 3695 2051 sub

2095 2079 2358 2151 mysterio
2387 2077 2462 2151 (g)
2493 2091 2715 2134 carnem
2744 2076 2990 2147 cbrporis
3028 2078 3113 2135 sui
3165 2081 3428 2139 sumimus
3471 2082 3552 2155 (et
3599 2101 3696 2156 per

2096 2172 2202 2228 hoc
2227 2186 2391 2227 unum
2421 2171 2646 2238 erimus,
2668 2172 2795 2242 quia
2823 2170 2982 2227 Pater
3012 2172 3066 2227 in
3096 2186 3166 2229 eo
3191 2182 3295 2242 est,
3327 2184 3383 2231 et
3400 2175 3494 2233 ille
3514 2177 3569 2233 in
3591 2192 3692 2234 no-

2097 2265 2225 2338 bis)
2257 2282 2272 2332 ;
2300 2263 2571 2336 quomodo
2592 2264 2887 2320 voluntatis
2915 2264 3093 2320 unitas
3131 2267 3414 2335 asseritur,
3442 2281 3565 2324 cum
3598 2285 3694 2325 na-

2094 2359 2284 2417 turalis
2304 2373 2402 2429 per
2425 2369 2823 2414 sacramentum
2860 2355 2940 2429 (It)
2965 2358 3293 2430 proprietas,
3317 2359 3583 2431 perfecta;
3602 2378 3692 2420 sa-

2092 2462 2430 2511 crumentum
2453 2453 2524 2508 sit
2546 2450 2790 2507 unitatis.

2167 2554 2255 2610 li.
2291 2550 2481 2606 Verum
2511 2544 2705 2602 Christi
2733 2558 2921 2616 corpus
2950 2542 3008 2599 in
3038 2544 3137 2599 liae
3164 2544 3504 2605 Sacramenta
3525 2550 3692 2620 pem.

2090 2741 2260 2806 mento
2287 2730 2430 2786 nobis
2454 2722 2893 2806 communit-mittite
2917 2723 3415 2806 camis'admiseuit,
3454 2746 3652 2806 respon
3672 2768 3686 2779 .

2088 2807 2175 2863 det
2204 2805 2361 2859 alteri
2391 2798 2668 2855 membro:
2702 2793 2772 2849 Et
2812 2812 2905 2849 nos
2929 2810 3042 2849 vere
3076 2794 3299 2851 Verbum
3326 2793 3684 2863 carnem'cibo

2088 2876 2345 2931 dominico
2374 2872 2644 2927 sumimus.
2668 2866 2736 2949 Et
2762 2866 2898 2949 hanc
2920 2864 3133 2949 quidem
3166 2879 3371 2949 partem
3399 2873 3464 2927 ad
3484 2888 3686 2949 myste-

2087 2950 2225 3003 rium
2250 2955 2539 3013 assumpue
2562 2940 2743 3020 carnis
2761 2936 2964 3020 referri
2994 2954 3101 2993 non
3118 3019 3121 3020 ν
3138 2936 3298 3008 posse
3324 2944 3490 3020 liquet
3521 2936 3682 3005 {cum

2086 3020 2330 3074 Christus
2343 3028 2558 3071 carnem
2573 3016 2898 3078 suscipiens,
2918 3024 3025 3063 non
3040 3019 3284 3065 naturam
3299 3016 3477 3071 carnis
3489 3033 3600 3074 sua:
3612 3022 3682 3077 ad

2086 3101 2332 3146 naturam
2350 3085 2587 3141 divinam
2605 3081 2700 3136 sed
2714 3080 2947 3134 divinam
2964 3080 3142 3149 potius
3155 3080 3222 3136 ad
3237 3094 3483 3143 naturam
3503 3094 3682 3149 carnis

2085 3170 2285 3218 nostrae
2314 3153 2681 3232 admiscuerit,
2700 3168 2859 3222 quam
2881 3161 2935 3206 et
2962 3165 3114 3206 suam
3146 3162 3255 3207 tum
3287 3153 3465 3232 facere
3493 3165 3678 3232 coepit.

2080 3234 2163 3290 An
2183 3236 2236 3290 in
2268 3227 2621 3288 Eucharistia:
2642 3232 2981 3278 sacramento
2998 3232 3241 3279 naturam
3268 3228 3445 3284 carnis
3469 3227 3678 3292 suae'ad

2082 3306 2318 3361 divinam
2339 3300 2622 3360 admiscet.
2641 3303 2698 3349 ut
2715 3309 2932 3349 carnem
2955 3293 3102 3348 illam
3118 3311 3237 3351 cum
3252 3297 3531 3361 divinitate
3542 3320 3678 3361 con-

2076 3375 2321 3448 junctam
2349 3370 2726 3448 suscipientes,
2753 3382 2813 3421 ea
2841 3367 3320 3448 caruenmediante,
3346 3388 3471 3428 cum
3496 3376 3675 3435 divina

2080 3435 2280 3504 Christi
2329 3435 2625 3501 substantia
2646 3482 2661 3507 ,
2695 3452 2816 3509 qua:
2850 3452 2970 3493 cum
3003 3435 3231 3495 Paterna
3262 3435 3362 3496 una
3400 3455 3455 3499 et
3483 3449 3673 3506 eadem

2080 3530 2184 3588 est,
2234 3520 2515 3584 imiamur;
2559 3515 2702 3586 quod
2748 3514 3081 3587 probandum
3114 3517 3351 3588 suscepit
3390 3517 3672 3577 Hilarius:

2078 3595 2169 3663 qui
2193 3592 2335 3647 velut
2363 3600 2567 3647 certum
2590 3598 2643 3645 et
2672 3589 3025 3663 indubitatum
3054 3593 3225 3659 ponit,
3256 3607 3355 3647 nos
3384 3592 3436 3646 in
3463 3596 3565 3648 hoc
3586 3608 3674 3650 sa-

2077 3661 2355 3719 cramento
2379 3674 2616 3717 naturam
2640 3664 2811 3717 carnis
2838 3661 3034 3716 Christi
3064 3675 3117 3717 et
3140 3663 3442 3729 veritatem,
3471 3680 3576 3718 non
3604 3665 3671 3719 li-

2076 3750 2262 3805 guram
2294 3738 2558 3805 accipere.
2588 3731 2822 3805 Carnem
2855 3739 3031 3805 autem
3063 3731 3267 3789 Christi
3294 3736 3349 3788 in
3383 3734 3671 3791 Eucharisc

2079 3804 2147 3861 tia
2177 3804 2444 3861 divinitati
2475 3804 2819 3875 coniunctam
2850 3804 3071 3875 dixerit
3121 3820 3228 3858 non
3274 3806 3386 3859 sola
3438 3806 3667 3861 rationis

2077 3877 2195 3932 luce
2226 3877 2544 3937 illustratus,
2574 3874 2717 3945 Quod
2763 3874 2886 3930 scil.
2932 3889 3058 3929 caro
3089 3876 3230 3929 illius
3260 3889 3381 3930 cum
3424 3889 3456 3930 a
3489 3876 3667 3932 Verbo

2069 3949 2179 4019 jam
2213 3946 2714 4019 inseparabilissit,
2750 3946 2885 4019 tradi
2926 3946 3082 4019 nobis
3112 3953 3342 4017 nequeat
3379 3946 3495 4003 sine
3539 3948 3666 4015 illo;

2073 4017 2168 4075 sed
2212 4030 2266 4090 et
2303 4017 2479 4075 motus
2512 4017 2675 4090 divini
2705 4017 3220 4090 verbiauctoritate,
3255 4019 3380 4089 quia
3404 4019 3667 4090 scriptum

2074 4098 2193 4146 est:
2222 4087 2354 4145 Caro
2383 4107 2488 4144 nou
2517 4087 2723 4159 prodest
2746 4087 3045 4161 quidquam.
3078 4087 3306 4161 Spiritus
3331 4097 3408 4145 est
3422 4087 3669 4160 qui—vivi-

2073 4162 2195 4287 ᾄσαι
2226 4178 2245 4217 :
2271 4178 2394 4216 nam
2424 4161 2650 4231 Spiritus
2677 4160 2935 4217 vocabqu
2959 4160 3290 4217 divinitatem
3318 4162 3386 4216 ab
3413 4178 3479 4216 eo
3502 4162 3667 4219 intel-

2098 4233 2168 4287 ἰαί
2198 4234 2393 4287 solere.
2419 4235 2521 4287 iam
2548 4233 2746 4287 saeuius
2769 4242 2852 4287 est
2875 4233 3247 4287 observatum.
3272 4231 3543 4287 Videndus
3564 4231 3667 4287 Cv-

2098 4233 2168 4302 igi
2198 4234 2393 4300 solere,
2412 4233 2746 4304 jamszepius
2769 4242 2852 4304 est
2875 4233 3247 4304 observatum.
3272 4231 3543 4289 Videndus
3564 4231 3670 4304 Cy-

2072 4306 2225 4360 rillus
2252 4303 2667 4375 Alexandrinus,
2702 4303 2832 4358 Dial.
2866 4319 2883 4357 ι
2907 4345 2922 4371 ,
2950 4302 3018 4358 de
3043 4304 3263 4370 'l‘rinit.,
3284 4319 3407 4375 pag.
3427 4304 3554 4369 407,
3581 4302 3671 4361 ubi

2072 4391 2171 4431 nos
2201 4390 2323 4431 cum
2360 4373 2579 4431 Christo
2619 4390 2725 4429 non
2756 4376 2871 4429 sola
2909 4376 3240 4431 voluntatum
3270 4373 3665 4444 consensione,

2071 4446 2165 4501 sed
2198 4458 2385 4501 natura
2418 4463 2581 4502 unum
2608 4461 2731 4503 esse
2752 4446 2951 4515 pariter
2978 4448 3212 4503 ostendit
3230 4462 3296 4503 ex
3328 4459 3668 4505 sacramento

2072 4516 2447 4573 Eucharistiaz.

2146 4588 2217 4662 (e)
2241 4588 2569 4645 Naturaliter
2583 4602 2772 4662 sumus
2795 4585 3107 4662 inChristo,
3131 4593 3397 4662 quatenus
3426 4597 3664 4662 nostram

2071 4658 2289 4715 carnem
2333 4658 2623 4731 assumpsit
2646 4701 2661 4724 ,
2714 4668 2773 4714 ut
2812 4659 2902 4731 ille
2941 4660 3256 4714 naturaliter
3289 4659 3427 4715 inest
3462 4661 3617 4716 nobis
3642 4700 3660 4728 ,

2071 4732 2286 4801 quando
2310 4729 2532 4787 carnem
2557 4732 2699 4785 illius
2729 4729 3038 4800 accipimus.

2145 4801 2215 4876 (Γ)
2247 4804 2487 4876 Pessime
2528 4801 2668 4872 apud
2716 4802 2837 4876 Par.
2868 4803 2990 4872 quia
3019 4817 3082 4856 ea:
3132 4799 3307 4876 Magia
3333 4816 3352 4856 :
3380 4815 3502 4857 cum
3533 4801 3666 4857 sub-

2069 4872 2203 4930 inde
2231 4877 2291 4932 τὸ
2319 4873 2552 4930 Christus
2581 4884 2655 4928 est
2679 4915 2693 4936 ,
2745 4874 2884 4927 idem
2916 4882 3073 4928 sonet
3122 4888 3187 4927 ac
3223 4872 3363 4928 Deus
3386 4885 3482 4937 est,
3516 4884 3572 4928 ut
3600 4891 3668 4931 cx

2070 4947 2187 5002 his:
2213 4947 2272 5003 Si
2301 4948 2452 5001 homo
2474 4948 2582 5009 ille,
2606 4948 2691 5015 qui
2714 4961 2778 4999 ea:
2801 4944 2853 4997 Μ
2860 4946 2972 4999 aria
2995 4956 3146 4999 natus
3158 4956 3252 5012 est,
3276 4959 3390 4999 vere
3411 4943 3551 5000 Deus
3572 4956 3666 5014 est,

2069 5029 2325 5088 sequatur
2353 5020 2566 5073 Patrem
2596 5032 2718 5071 esse
2748 5018 2801 5070 in
2829 5032 2914 5071 eo.

2147 5089 2226 5163 (g)
2261 5090 2316 5163 ld
2343 5101 2447 5155 est,
2476 5091 2578 5143 sub
2605 5088 2844 5163 mysticis
2872 5087 3434 5163 speciebus‘vclatam.
3475 5087 3672 5163 Nescio

2072 5159 2344 5230 quomodo
2373 5176 2432 5216 se
2462 5170 2611 5231 putet
2641 5159 2911 5231 Scultetus
2954 5159 3039 5214 his
3063 5160 3242 5215 verbis
3284 5160 3514 5215 elusisse
3558 5161 3669 5217 vim

2073 5229 2411 5301 superiorum
2438 5229 2476 5293 ,⁷
2513 5230 2639 5285 Vere
2666 5247 2758 5285 nos
2792 5229 3014 5284 Verbum
3045 5247 3251 5286 carnem
3275 5232 3386 5285 cibo
3413 5233 3669 5286 dominico

2074 5305 2327 5357 suminus.
2351 5301 2486 5370 Quid
2515 5304 2657 5357 enim
2685 5302 2817 5357 illud
2847 5304 2939 5356 sub
2967 5304 3208 5373 mysterio
3229 5302 3547 5357 adversatur
3569 5303 3673 5359 Ec-

2072 5374 2273 5435 clesia),
2307 5391 2425 5443 quae
2459 5388 2747 5441 numquam
2796 5376 2846 5426 in
2897 5375 2997 5428 hoc
3025 5382 3367 5430 sacramento
3414 5376 3673 5430 manifes-

2074 5455 2182 5502 tam
2210 5444 2408 5501 Christi
2436 5460 2652 5500 carnem
2679 5443 2942 5500 credidit?
2969 5446 3106 5511 Quid
3139 5461 3265 5501 vero
3286 5445 3444 5514 juvat
3466 5445 3675 5502 Sculte-

2080 5524 2218 5583 tum,
2250 5514 2391 5587 quod
2418 5518 2489 5569 ita
2518 5514 2842 5587 praedicatur
2870 5516 2963 5570 sub
2993 5517 3252 5587 mysterio,
3282 5528 3339 5570 ut
3360 5526 3540 5572 tamen
3564 5533 3678 5573 vere

2083 5586 2290 5642 carnem
2327 5591 2558 5653 corporis
2587 5586 2785 5641 Christi
2816 5586 3126 5643 sumamus?
3166 5588 3303 5654 Quid
3333 5599 3419 5643 est
3443 5605 3539 5643 cur
3567 5597 3673 5643 tam

2084 5661 2309 5716 sollicite
2341 5659 2579 5715 Hilarius
2604 5674 2787 5728 supra,
2816 5658 2923 5726 hic,
2958 5659 3091 5713 infra
3116 5660 3245 5714 illud
3268 5675 3381 5714 vere
3410 5658 3674 5715 inculcat?

2158 5730 2243 5798 (ἡ)
2268 5730 2393 5786 llaec
2422 5731 2657 5801 pressius
2682 5729 2823 5783 dicta
2847 5732 2924 5785 sic
2952 5731 3078 5787 licet
3105 5731 3375 5801 explicare
3401 5749 3415 5785 :
3437 5745 3558 5785 cum
3584 5746 3676 5784 iui-

2083 5803 2274 5860 turalis
2302 5802 2604 5875 proprietas
2625 5803 2804 5859 carnis
2824 5808 2936 5859 tum
2957 5816 2989 5859 a
3016 5803 3167 5861 nobis
3192 5811 3458 5871 susceptae
3486 5815 3582 5872 per
3598 5814 3679 5856 sa-
