4246 6260
558 284 662 342 247

1759 275 2002 333 SANCTl
2041 274 2300 333 HILABII
2337 273 2648 333 EPISCOPI

3757 276 3865 336 248

561 399 948 473 pimus.-—Non
972 408 1060 457 est
1077 400 1313 455 humano
1343 405 1435 453 aut
1458 393 1642 452 saeculi
1670 408 1832 451 sensu
1860 393 1913 449 in
1945 393 2039 449 Dei
2070 408 2160 449 re-
2188 393 2243 455 A
2267 392 2424 464 etc.).
2453 392 2511 450 Si
2557 394 2845 451 voluntatis
2874 402 3080 450 tantum
3112 393 3375 451 unitatem
3404 394 3630 466 intelligi
3662 394 3864 452 vellet:

556 494 664 551 ltus
685 493 1013 569 loquendum
1038 492 1135 565 (V.
1162 492 1249 546 lib.
1274 507 1347 558 tv,
1377 508 1435 545 ιι.
1467 487 1559 560 14)
1588 503 1798 559 :ueque
1820 487 1896 563 (a)
1925 503 2021 559 per
2045 487 2165 543 vio-

558 588 762 645 lentam
808 586 892 655 ll)
922 594 1083 656 atque
1109 583 1511 654 imprudentem
1544 581 1980 652 praedicationem
2005 596 2021 646 ;
2052 594 2165 637 cm-

562 682 781 739 lestium
812 679 1078 734 dictorum
1109 676 1347 743 sanitati,
1377 677 1569 731 alienae
1596 684 1758 746 atque
1788 675 1966 745 impia:
2007 672 2166 728 intel-

560 772 796 845 ligentia:
824 769 1192 841 extorqueuda
1218 768 1295 844 (ὁ)
1329 769 1660 840 perversitas
1681 780 1784 824 est.
1814 767 1945 837 Quae
1966 767 2164 836 scripta

562 876 691 921 sunt
717 865 978 934 legamus,
1005 874 1057 920 et
1083 879 1201 934 quae
1230 862 1518 934 legerimus
1546 862 1910 933 intelligamus
1934 879 1948 915 :
1976 870 2028 915 et
2052 870 2163 915 tum

561 958 820 1032 perfecta:
845 958 969 1013 ﬁdei
999 959 1183 1013 officio
1223 959 1528 1028 fungentur.
1565 957 1639 1012 De
1678 955 1909 1010 naturali
1935 954 2079 1010 enim
2111 955 2164 1008 in

563 1054 720 1109 nobis
750 1050 950 1107 Christi
976 1050 1203 1105 veritate
1242 1065 1363 1121 quae
1383 1050 1634 1115 dicimus,
1660 1049 1761 1103 nisi
1796 1048 1865 1103 ab
1890 1062 1957 1103 eo
1979 1045 2168 1102 didici-

563 1161 707 1213 mus,
739 1144 903 1201 stulte
934 1155 1094 1212 atque
1120 1142 1283 1213 impie
1303 1140 1554 1197 dicimus.
1596 1142 1713 1212 Ipse
1738 1141 1880 1196 enim
1912 1140 2006 1207 ait,
2032 1137 2166 1194 Caro

564 1255 676 1293 mea
705 1253 821 1292 vere
865 1245 938 1292 est
972 1253 1108 1302 esea,
1133 1245 1181 1291 et
1209 1237 1422 1304 sanguis
1450 1252 1591 1290 meus
1620 1252 1733 1289 vere
1760 1245 1832 1289 est
1862 1244 2031 1307 polus.
2066 1232 2168 1300 Qui

564 1332 669 1385 edit
709 1346 915 1385 carnem
947 1345 1113 1383 meam
1136 1371 1150 1396 ,
1192 1338 1239 1383 et
1269 1328 1393 1383 bibit
1422 1328 1724 1399 sanguinem
1756 1343 1926 1381 meum
1946 1368 1960 1391 ,
2010 1326 2064 1379 in
2090 1341 2168 1379 nte

563 1433 756 1490 manet,
801 1432 848 1477 et
888 1439 982 1494 ego
1026 1423 1081 1475 in
1124 1437 1183 1478 eo
1210 1419 1390 1493 (Joan.
1425 1438 1499 1488 vt,
1541 1420 1637 1487 56,
1692 1421 1808 1489 57).
1842 1421 1919 1476 De
1939 1421 2170 1475 veritate

567 1516 750 1572 carnis
776 1524 832 1571 et
858 1515 1136 1586 sanguinis
1163 1530 1269 1570 non
1297 1513 1524 1570 relictus
1549 1522 1635 1569 est
1663 1512 1968 1583 ambigendi
1996 1513 2167 1570 locus.

564 1606 723 1664 Nunc
746 1606 889 1662 enim
922 1616 979 1661 et
1006 1604 1076 1679 (e)
1099 1605 1271 1675 ipsius
1316 1605 1527 1660 Domini
1570 1603 1907 1675 professione
1930 1646 1945 1672 ,
1982 1613 2037 1659 et
2065 1604 2171 1659 [ide

566 1709 750 1756 nostra
773 1716 903 1757 vere
927 1714 1055 1757 caro
1081 1710 1184 1766 est,
1213 1708 1269 1756 et
1297 1715 1425 1756 vere
1454 1699 1675 1772 sanguis
1710 1710 1814 1756 est.
1847 1701 1913 1755 Et
1941 1700 2056 1757 lucc
2080 1715 2173 1756 ac-

2223 555 2227 559 .
2265 498 2363 541 cur
2384 485 2607 557 gradum
2645 485 2935 557 quemdam
2963 495 3125 558 atque
3150 486 3398 543 ordinem
3422 488 3865 547 consummande

2267 579 2485 635 unitatis
2511 581 2762 650 exposuit
2790 599 2803 634 :
2834 581 2936 636 nisi
2961 588 3020 636 ut
3044 597 3166 636 cum
3203 581 3292 637 ille
3318 580 3372 636 in
3393 580 3556 637 Patre
3588 597 3684 650 per
3701 591 3866 639 natu-

2269 689 2382 730 ram
2410 673 2704 730 divinitatis
2729 684 2902 740 esset;
2930 690 3028 730 nos
3047 684 3234 730 contra
3265 674 3318 729 iu
3350 689 3417 730 eo
3450 691 3545 746 per
3563 674 3637 748 (e)
3668 690 3867 748 corpo-

2267 768 2434 824 ralem
2466 767 2585 837 ejtts
2631 769 2986 833 nativitatem,
3018 778 3073 823 et
3103 767 3195 823 ille
3235 782 3450 822 rursum
3502 768 3556 822 in
3583 769 3741 823 nobis
3767 784 3866 841 per

2268 869 2730 918 sacramentorum
2761 861 2939 917 inesse
2970 863 3288 932 mysterium
3305 861 3625 917 crederetur
3653 881 3668 917 :
3698 877 3763 917 ac
3786 863 3867 920 sic

2268 951 2506 1026 perfecta
2530 969 2625 1023 per
2654 951 3001 1009 Mediatoretn
3026 954 3207 1008 unitas
3229 953 3531 1019 doceretur,
3560 970 3682 1010 cum
3710 955 3868 1011 nobis

2270 1046 2322 1101 in
2346 1061 2406 1102 se
2437 1047 2777 1101 manentibus
2806 1046 2922 1116 ipse
2963 1055 3208 1100 maneret
3229 1046 3281 1100 in
3307 1045 3465 1101 Patre
3484 1086 3499 1109 .
3543 1053 3598 1102 et
3622 1045 3676 1100 in
3705 1046 3867 1104 Patre

2269 1156 2496 1197 manens
2527 1149 2772 1197 maneret
2802 1140 2854 1196 in
2889 1141 3079 1205 nobis;
3112 1149 3169 1196 et
3203 1141 3274 1195 ita
3303 1139 3370 1194 ad
3399 1140 3662 1197 unitatem
3689 1140 3866 1197 Patris

2269 1234 2686 1307 proliceremus,
2716 1233 2784 1308 (Γ)
2800 1250 2920 1290 cum
2947 1235 3109 1305 quiin
3137 1249 3204 1290 eo
3230 1235 3548 1292 naturaliter
3568 1235 3866 1292 secundum

2273 1328 2606 1384 nativitatem
2637 1329 2798 1395 inest,
2829 1344 2928 1384 nos
2953 1344 3170 1399 quoque
3197 1328 3252 1384 in
3278 1344 3345 1385 eo
3376 1329 3698 1386 naturaliter
3727 1331 3871 1389 ines-

2271 1438 2476 1484 semus.
2510 1424 2627 1492 ipso
2655 1423 2710 1477 in
2738 1421 2889 1478 nobis
2920 1423 3241 1478 naturaliter
3263 1424 3657 1491 permanente?

2346 1517 2434 1574 16.
2474 1516 2658 1572 Unitas
2687 1519 2798 1572 [nec
2834 1533 2988 1588 quam
3028 1517 3303 1574 naturalis.
3355 1516 3540 1574 Unitas
3585 1515 3714 1572 Filii
3755 1533 3871 1572 cum

2276 1610 2455 1666 Patre.
2483 1640 2556 1653 —-
2583 1610 2754 1678 Quam
2775 1619 2952 1664 autem
2976 1610 3234 1664 naturalis
3263 1609 3315 1664 itt
3357 1610 3513 1665 nobis
3547 1610 3663 1665 haec
3697 1609 3871 1665 unitas

2273 1703 2362 1768 sit,
2391 1703 2505 1774 ipse
2549 1703 2619 1758 ita
2663 1709 2890 1758 testatus
2918 1710 3003 1758 est
3029 1720 3045 1758 :
3075 1702 3179 1769 Qui
3206 1701 3311 1757 edit
3355 1718 3561 1757 carnem
3600 1718 3801 1770 meam,
3826 1709 3873 1757 et

564 1806 718 1864 cepta
765 1804 925 1866 atque
954 1796 1141 1850 hausta
1173 1793 1225 1849 id
1254 1793 1498 1851 efficiunt
1522 1836 1539 1858 ,
1586 1792 1754 1867 224
1789 1805 1846 1849 ιιι
1873 1805 1926 1849 et
1972 1810 2072 1850 nos
2112 1796 2167 1850 in
2196 1790 2247 1853 B
2273 1797 2396 1852 bibit
2422 1796 2721 1868 sanguinem
2748 1812 2935 1859 meum,
2959 1796 3108 1850 inme
3132 1805 3322 1862 manet,
3342 1804 3389 1849 et
3414 1811 3509 1868 ego
3539 1796 3593 1848 in
3615 1810 3674 1848 eo
3694 1792 3873 1863 (Joan.

566 1886 787 1944 Christo
810 1928 824 1953 ,
871 1898 929 1944 et
962 1885 1210 1943 Christus
1239 1888 1291 1942 in
1324 1887 1478 1943 nobis
1506 1887 1596 1941 sit.
1627 1893 1783 1942 Anne
1829 1888 1933 1944 hoc
1973 1888 2173 1944 veritas

568 1996 674 2037 nou
703 1981 819 2035 est?
849 1980 1139 2050 Contingat
1174 1979 1330 2049 plane
1376 1979 1461 2034 his
1490 1994 1675 2034 verum
1719 1995 1827 2033 non
1861 1994 1984 2034 esse
2008 2022 2025 2048 ,
2079 1979 2172 2050 qui

571 2074 846 2130 Christum
874 2074 1061 2132 Jesnm
1093 2089 1278 2130 verum
1306 2087 1427 2129 esse
1459 2072 1626 2129 Deum
1649 2073 1937 2145 denegant.
1969 2074 2065 2129 Est
2085 2088 2174 2128 er-

572 2184 643 2239 go
691 2170 744 2223 in
776 2168 932 2223 nobis
961 2167 1078 2238 ipse
1105 2182 1200 2236 per
1228 2181 1468 2234 carnem,
1494 2174 1547 2222 et
1585 2181 1773 2222 sumus
1814 2165 1868 2220 in
1899 2173 1975 2222 'eo
2004 2184 2017 2222 :
2049 2165 2179 2222 dum

576 2261 656 2333 (d)
681 2275 866 2317 secum
890 2263 1014 2328 hoc,
1038 2259 1182 2331 quod
1214 2275 1315 2315 nos
1342 2274 1550 2326 sumus,
1583 2260 1636 2315 in
1664 2260 1776 2317 Deo
1799 2269 1904 2316 est.

647 2355 735 2411 15.
760 2353 1003 2425 Perfecta
1036 2355 1206 2421 nobis,
1229 2353 1434 2409 Christo
1463 2354 1748 2417 mediante,
1781 2370 1899 2408 eum
1926 2355 2037 2410 Deo
2060 2355 2184 2410 uni-

575 2447 925 2516 tas.——Quam
953 2456 1133 2503 autem
1162 2448 1213 2503 in
1245 2463 1312 2504 eo
1335 2463 1432 2517 per
1455 2459 1850 2504 sacramentum
1881 2450 2182 2506 communi-

576 2548 712 2595 cata:
742 2541 923 2596 carnis
951 2551 1007 2595 et
1033 2542 1313 2610 sanguinis
1345 2540 1535 2603 simus.
1565 2541 1684 2612 ipse
1708 2550 1935 2598 testatur
1961 2542 2180 2614 dicens,

575 2633 647 2688 Et
672 2634 757 2688 hic
785 2634 1007 2688 mundus
1036 2649 1115 2687 me
1127 2634 1245 2704 jam
1267 2649 1368 2687 non
1391 2633 1557 2699 videt;
1587 2650 1675 2689 vos
1700 2644 1870 2689 autem
1893 2652 1975 2689 me
1998 2636 2187 2691 videbi-

575 2729 642 2785 tis
663 2769 680 2796 ,
726 2730 969 2798 quoniam
1011 2744 1104 2800 ego
1130 2729 1242 2784 vivo
1259 2767 1275 2794 ,
1307 2737 1354 2783 et
1380 2744 1469 2784 vos
1495 2729 1670 2783 vivetis
1685 2748 1705 2797 ;
1735 2732 1980 2801 quoniam
2007 2748 2102 2801 ego
2130 2734 2187 2787 in

579 2822 742 2879 Patre
769 2839 903 2891 meo,
922 2833 971 2879 et
990 2839 1079 2879 vos
1108 2824 1163 2877 in
1184 2839 1279 2889 me,
1306 2833 1353 2878 et
1376 2824 1544 2897 egojn
1573 2823 1714 2879 vobis
1740 2822 1923 2897 (Joan.
1958 2840 2070 2897 xw,
2093 2824 2182 2894 i9,

588 3030 591 3035 ι
672 2963 726 3036 1)
754 2965 918 3034 Atque
943 2962 1300 3037 impudentem.

673 3037 709 3090 2
761 3033 902 3099 Ipse.

646 2966 732 3181 isi
768 3105 1027 3164 Vivemus.

673 3033 731 3099 2⁷)
761 3033 902 3099 Ipse.

676 3039 709 3090 2
761 3039 902 3099 Ipse.

676 3039 732 3178 5)
768 3105 1027 3164 Vivemus.

575 3258 914 3310 cramentum
959 3246 1350 3303 lncarnationis
1370 3288 1387 3318 ,
1436 3255 1547 3318 tum
1576 3247 1733 3304 nobis
1762 3250 2171 3307 communicatae
2200 3253 2247 3318 C

577 3338 678 3396 per
703 3327 1099 3396 sacramentum
1150 3317 1535 3396 Eucharistirc,
1567 3323 1636 3374 sit
1675 3331 2071 3396 sacramentum
2120 3332 2178 3378 et

580 3388 856 3465 vinculum
887 3388 1138 3459 perfecta:
1169 3390 1389 3444 unitatis
1414 3399 1615 3465 nostrae
1648 3393 1880 3465 primum
1909 3408 1974 3448 ac
2000 3409 2096 3465 per
2122 3410 2184 3452 se

579 3482 703 3523 cum
728 3462 967 3525 Christo,
1001 3477 1067 3516 eo
1096 3472 1274 3516 autem
1309 3461 1576 3517 mediante
1598 3477 1720 3517 eum
1743 3461 1923 3518 Patre.

657 3535 732 3607 (α)
759 3532 1008 3591 Nonnulli
1039 3548 1169 3607 mss.
1202 3549 1292 3607 per
1317 3532 1611 3607 violentiam
1636 3549 1656 3587 :
1682 3543 1737 3588 et
1762 3533 1988 3607 deinde,
2029 3545 2183 3605 atque

579 3604 928 3673 impudentem
962 3620 981 3659 :
1011 3605 1153 3673 quod
1181 3604 1343 3658 etiam
1389 3604 1686 3672 praeferunt
1714 3605 1936 3670 excusi,
1986 3607 2181 3662 subse-

582 3681 875 3751 quentibus
902 3679 970 3731 ita
1022 3676 1335 3751 perturbate
1372 3676 1702 3751 cupressis,
1746 3685 1805 3728 ut
1856 3678 2179 3751 vocabulum

582 3745 766 3807 aliena:
792 3748 1057 3805 referatur
1084 3747 1150 3802 ad
1171 3746 1402 3801 sanitati.
1431 3745 1526 3800 Hic
1548 3746 1868 3817 sugillantur
1898 3747 2139 3805 haeretici
2159 3793 2177 3816 ,

582 3824 672 3892 qui
698 3835 912 3877 errores
934 3833 1061 3875 suos
1086 3829 1178 3892 aut
1207 3820 1453 3892 humanis
1486 3818 1801 3874 ratiunculis
1827 3830 1920 3874 aut
1950 3820 2179 3879 detortis

582 3890 652 3951 ad
674 3895 865 3963 placita
892 3891 1185 3963 Scripturis
1207 3890 1341 3963 tueri
1372 3898 1657 3963 conantur.

660 3960 736 4032 (ὁ)
763 3964 923 4020 Solus
944 3963 1113 4018 codex
1138 3961 1255 4016 Vat.
1288 3961 1403 4015 bas.
1428 3960 1695 4015 diversitas
1727 3978 1745 4017 :
1774 3964 1932 4017 male.
1962 3961 2180 4019 Perver-

585 4039 710 4094 silas
767 4036 1055 4105 opponitur
1104 4033 1331 4105 sanitati.
1363 4032 1465 4105 Qtti
1516 4033 1793 4105 exemplar
1841 4034 2180 4092 Carnutense

585 4103 892 4165 emendavit
921 4148 935 4169 ,
987 4104 1073 4176 hic
1102 4103 1169 4158 ad
1207 4104 1502 4176 marginem
1541 4103 1849 4176 adscripsit,
1885 4105 1990 4169 Per
2017 4116 2179 4161 totum

585 4181 684 4234 hoc
704 4176 986 4247 capitulum
1008 4174 1253 4243 Corporis
1278 4184 1324 4228 et
1349 4173 1632 4245 Sanguinis
1652 4173 1897 4231 dominici
1920 4177 2179 4232 veritatem

587 4250 900 4319 exsequitur.
935 4250 1003 4300 At
1042 4261 1172 4319 vero
1216 4255 1328 4299 tum
1355 4259 1418 4319 ex
1458 4248 1726 4319 scriptura
1758 4248 2010 4304 secunda:
2035 4250 2178 4317 illius

584 4316 800 4383 manus,
832 4328 944 4373 tum
959 4334 1022 4370 ex
1044 4316 1457 4384 antiquocodiee
1477 4316 1607 4370 alias
1630 4317 2012 4385 Floriacensis,
2036 4316 2179 4377 nunc

586 4389 910 4463 Colbertina:
932 4387 1291 4463 bibliothecae,
1306 4396 1419 4463 not.
1446 4389 1470 4441 l
1486 4387 1710 4463 194(qui
1734 4392 1785 4444 in
1802 4401 2006 4460 septem
2028 4393 2173 4463 prio-

585 4464 739 4518 ribus
759 4461 911 4517 libris
934 4460 1003 4513 ita
1030 4459 1095 4514 ad
1125 4458 1283 4513 ﬁdem
1307 4459 1657 4515 Carnutensis
1678 4458 1968 4528 “pressus
1988 4458 2091 4523 est.
2122 4472 2179 4518 ut

584 4548 774 4590 omnes
804 4547 866 4586 ac
886 4532 1030 4587 solas
1061 4531 1318 4601 lectiones
1343 4529 1613 4600 prmia-rat,
1637 4548 1756 4601 qum
1778 4532 1831 4586 itt
1862 4533 1954 4587 illo
1985 4548 2180 4588 secun-

584 4605 668 4660 dis
694 4605 839 4660 curis
881 4603 1104 4673 adjectae
1143 4600 1325 4672 sunt),
1377 4602 1532 4656 facile
1578 4600 1837 4670 prebatur
1862 4604 2174 4673 praedictum

582 4693 689 4733 ms.
715 4687 839 4730 ante
860 4688 1032 4729 annos
1063 4674 1187 4735 700.
1223 4673 1387 4728 luisse
1416 4674 1783 4728 emendatum.

656 4747 730 4819 (e)
751 4748 887 4815 Quid
910 4754 993 4819 est
1010 4746 1190 4819 ipsius
1211 4745 1413 4819 Domini
1440 4745 1780 4819 professione,
1811 4744 1910 4819 nisi
1933 4746 2177 4819 ipsismet

583 4814 791 4874 Christi
812 4817 991 4872 verbis
1006 4814 1192 4883 ?'Quid
1220 4814 1416 4869 deinde
1442 4824 1487 4867 et
1509 4814 1613 4882 [ide
1639 4826 1832 4874 nostra.
1858 4817 1958 4869 nisi
1981 4833 2046 4870 ex
2071 4817 2175 4872 fide

582 4891 869 4955 Ecclesiae,
919 4887 1132 4940 Domini
1165 4887 1325 4940 verba
1353 4895 1402 4938 ιιι
1436 4899 1632 4941 sonant
1663 4887 2046 4955 intelligentis?
2093 4888 2175 4945 Ex

580 4976 690 5031 quo
719 4958 1185 5031 liquetllilariuut
1202 4956 1436 5013 sensisse
1467 4956 1627 5031 ﬁdem
1663 4967 1898 5031 nostram
1917 4957 2022 5031 Dei
2049 4975 2171 5031 vcr-

583 5027 668 5087 liis
695 5027 846 5085 inniti
880 5029 1110 5092 debere,
1158 5029 1253 5083 Dei
1279 5040 1459 5083 autem
1493 5029 1652 5084 verba
1682 5044 1745 5085 es
1779 5027 1884 5083 ﬁde
1916 5027 2173 5085 Ecclesia:

579 5104 935 5171 esplicatnta;
965 5114 1127 5169 atque
1152 5115 1216 5154 ex
1240 5108 1463 5170 utroque
1485 5100 1577 5154 illo
1606 5102 1781 5170 capite
1818 5098 2125 5155 confirmari
2151 5143 2166 5167 ,

580 5190 682 5230 nos
712 5175 765 5228 in
795 5171 1127 5228 Eucharistia
1156 5186 1339 5227 verant
1379 5172 1583 5226 Cltrisli
1620 5187 1840 5227 carnem
1879 5188 2174 5238 verumque

580 5245 895 5316 sanguinem
936 5245 1202 5316 accipere.
1233 5242 1538 5311 Quamlibet
1565 5243 1722 5297 aliam
1771 5243 2175 5313 interpretatio-

578 5313 705 5372 ιιεηὶ
730 5317 1015 5371 verborum
1049 5313 1067 5370 ἐ
1096 5313 1229 5370 Caro
1261 5329 1374 5368 mea
1399 5330 1512 5369 vere
1544 5325 1619 5369 est
1648 5331 1785 5383 esca,
1815 5323 1946 5382 etc.,
1974 5315 2171 5371 violen-

576 5400 680 5443 tam
706 5401 828 5443 esse
857 5402 1149 5457 prtcmonet
1171 5397 1319 5453 atque
1340 5386 1730 5457 imprudentem.

650 5459 732 5529 (ά)
759 5455 885 5529 Mss.
918 5458 1040 5514 Vat.
1072 5460 1184 5514 bas.
1213 5458 1426 5513 Martin.
1454 5455 1617 5514 Caro.
1652 5459 1980 5517 Sorhonicus
2005 5476 2164 5529 unus,

580 5528 781 5586 aeduo
809 5528 1127 5594 Colbvrtini,
1175 5545 1279 5585 non
1303 5536 1483 5585 tamen
1512 5530 1801 5599 antiquior,
1831 5533 1955 5588 dum
1980 5528 2166 5588 secuné

582 5602 706 5656 dum
748 5604 844 5655 hoc
869 5617 889 5655 :
919 5617 1023 5657 non
1054 5601 1301 5672 videntur
1328 5601 1446 5656 aliis
1494 5601 1644 5658 libris
1676 5603 1994 5672 praeferendi
2019 5647 2036 5671 ,
2067 5604 2166 5661 sed

582 5674 698 5742 hinc
744 5673 813 5727 ita
842 5671 1186 5742 intelligenda
1220 5691 1234 5726 :
1263 5672 1390 5727 dum
1446 5673 1603 5727 simul
1647 5671 1769 5729 eum
1808 5673 2043 5738 Christo.
2076 5677 2163 5732 cui

577 5741 847 5810 conjuncti
893 5759 1119 5809 sumus,
1171 5744 1273 5798 hoc
1318 5744 1463 5814 quod
1511 5759 1610 5804 nos
1650 5760 1838 5804 sumus
1861 5748 2023 5806 estin
2051 5747 2164 5808 Deo

575 5822 748 5884 patre,
776 5828 899 5870 eum
922 5828 1028 5885 quo
1054 5814 1146 5871 ille
1176 5826 1339 5870 unum
1367 5822 1470 5872 est.

2204 4644 2256 4706 D

2279 1910 2354 1960 vt,
2383 1891 2497 1964 57).
2523 1891 2640 1947 Non
2662 1891 2807 1946 enim
2835 1890 2954 1959 quis
2982 1889 3036 1945 in
3055 1905 3121 1945 eo
3143 1890 3266 1956 erit,
3292 1889 3394 1944 nisi
3418 1891 3469 1943 in
3493 1904 3599 1958 quo
3625 1890 3741 1956 ipse
3757 1888 3876 1945 fue-

2279 1989 2383 2044 rit:
2414 1987 2532 2057 ejus
2561 1992 2764 2041 tantum
2792 1985 2869 2057 (ξ’.)
2897 1985 2948 2040 in
2979 2000 3038 2040 se
3054 1996 3387 2055 assumptam
3413 1983 3618 2041 habens
3636 1997 3874 2051 carnem,

2281 2084 2371 2154 qui
2399 2097 2551 2136 suam
2594 2080 2901 2151 sumpserit.
2953 2076 3212 2134 Perfecta:
3258 2087 3438 2133 autem
3472 2076 3631 2146 hujus
3660 2074 3882 2132 unitatis

2283 2176 2446 2249 225
2481 2183 2880 2230 sacramentum
2907 2169 2987 2243 (g)
3027 2168 3278 2240 superius
3320 2169 3429 2241 jam
3462 2168 3756 2233 docuerat,
3799 2166 3883 2222 di-

2284 2283 2447 2325 cens:
2474 2266 2621 2323 Sicut
2643 2265 2783 2318 misit
2810 2280 2892 2318 me
2916 2262 3086 2318 vivens
3115 2260 3292 2325 Pater,
3321 2270 3369 2315 et
3398 2277 3491 2335 ego
3525 2261 3636 2315 vivo
3654 2276 3747 2333 per
3774 2258 3885 2314 Pa-

2286 2374 2414 2420 trem
2435 2380 2454 2417 :
2484 2371 2533 2416 et
2569 2362 2658 2433 qui
2685 2358 3065 2414 manducauerit
3088 2372 3255 2411 meam
3281 2371 3509 2421 carnem,-
3547 2364 3595 2410 el
3622 2356 3731 2427 ipse
3756 2355 3885 2409 vivet

2283 2473 2377 2530 per
2403 2470 2485 2509 me
2520 2451 2683 2527 (Ibid.
2716 2448 2831 2522 58).
2880 2450 3019 2505 Vivit
3062 2463 3196 2520 ergo
3237 2462 3334 2518 per
3380 2447 3594 2503 Patrem
3624 2464 3639 2502 :
3669 2455 3725 2502 et
3774 2460 3884 2518 quo

2290 2548 2453 2608 modo
2479 2564 2574 2620 per
2594 2549 2811 2602 Patrem
2834 2543 2987 2610 vivit,
3015 2542 3210 2599 eodem
3228 2540 3392 2597 modo
3414 2555 3514 2595 nos
3541 2555 3637 2610 per
3663 2552 3882 2594 carnem

2290 2645 2408 2714 ejus
2439 2641 2518 2715 (5)
2547 2640 2797 2695 vivimus.
2826 2636 3019 2692 Omnis
3061 2634 3205 2690 enim
3235 2632 3569 2702 comparatio
3593 2630 3660 2686 ad
3682 2629 3883 2686 intelli-

2288 2736 2483 2808 gentia:
2512 2736 2735 2788 formam
2764 2728 3108 2802 praesumitur
3137 2745 3150 2781 :
3181 2735 3240 2782 ut
3282 2725 3335 2780 id
3356 2766 3371 2790 ,
3404 2724 3472 2780 de
3508 2740 3616 2796 quo
3665 2723 3838 2795 agitur
3865 2763 3882 2791 ,

2290 2826 2587 2887 secundum
2638 2824 2974 2898 propositum
3026 2817 3332 2890 exemplum
3384 2814 3461 2890 (4)
3511 2831 3883 2888 assequamur.

2361 2967 2444 3041 (4)
2496 2966 2653 3041 Prius
2690 2962 2969 3033 legebatur
2997 2998 3014 3025 ,
3066 2965 3384 3030 exsequatur.
3442 2954 3663 3013 Rectius
3712 2953 3885 3013 codex

2289 3038 2641 3104 Veronensis,
2681 3046 3028 3105 assequamur.

2349 3247 2421 3320 (e)
2452 3246 2509 3303 ld
2538 3253 2638 3320 est,
2655 3258 2779 3320 per
2792 3254 2991 3320 corpus
3015 3238 3157 3307 quod
3184 3253 3247 3294 ex
3279 3237 3444 3293 Maria
3467 3237 3738 3295 nascendo
3761 3253 3885 3295 sus-

2284 3312 2428 3391 cepit
2455 3335 2517 3375 ex
2545 3312 2721 3391 nobis.
2746 3312 2951 3391 Deinde
2971 3321 3159 3391 autem.
3176 3327 3268 3391 per
3292 3321 3728 3391 sacramentorum
3754 3329 3886 3382 mys-

2287 3382 2470 3448 terium
2488 3387 2880 3444 Eucharistiam
2896 3383 3163 3452 designari
3189 3382 3405 3451 planum
3428 3392 3533 3443 est.
3558 3390 3617 3436 ut
3633 3394 3888 3440 constan-

2286 3474 2369 3519 ter
2396 3469 2749 3532 prosequatur
2792 3455 3024 3511 Hilarius
3055 3467 3212 3509 suum
3254 3453 3553 3509 bimembre
3590 3466 3882 3526 argumen-

2283 3544 2421 3591 tum.

2358 3607 2439 3680 (ι’)
2458 3602 2698 3680 Hoesihi
2737 3601 2884 3655 vult:
2913 3614 3034 3680 cum
3060 3598 3112 3653 in
3144 3595 3383 3680 Christo,
3411 3595 3506 3680 qui
3529 3595 3582 3650 itt
3602 3597 3763 3654 Patre
3788 3614 3883 3653 na-

2285 3671 2528 3733 turaliter
2574 3676 2713 3730 inest
2757 3671 3052 3727 secundum
3081 3671 3417 3724 nativitatem
3445 3677 3738 3738 aeternam,
3783 3685 3882 3727 nos

2285 3751 2487 3821 pariter
2517 3749 2817 3821 inessemus
2849 3758 2944 3821 per
2971 3750 3277 3821 susceptam
3318 3740 3389 3821 a_b
3413 3754 3481 3795 eo
3508 3755 3726 3821 carnem
3753 3757 3879 3821 uaso

2284 3812 2442 3883 iram,
2476 3819 2666 3875 eodem
2713 3817 2832 3885 ipso
2850 3812 3074 3868 Christo
3103 3827 3316 3867 rursum
3343 3812 3397 3866 in
3438 3812 3595 3867 nobis
3622 3814 3881 3885 naturali-

2284 3903 2367 3948 ter
2400 3882 2748 3961 pertuanente
2783 3902 2877 3958 per
2906 3885 3176 3956 impertita
3197 3885 3376 3940 carnis
3401 3891 3456 3939 ct
3483 3882 3762 3956 sanguinis
3793 3885 3876 3941 sui

2283 3970 2641 4020 sacramenta.

2356 4035 2433 4109 (g)
2464 4033 2779 4109 Clttlt__iOCllS
2813 4030 3088 4109 subjectus
3129 4029 3181 4083 in
3218 4026 3518 4109 Evangelio
3556 4027 3779 4085 inferior
3805 4031 3878 4109 sit

2284 4098 2530 4175 prduxime
2558 4104 2722 4159 allato
2744 4117 2808 4157 ex
2836 4098 2993 4175 Joan.
3030 4115 3105 4168 vr,
3136 4114 3257 4175 non_
3275 4098 3436 4175 hujus
3464 4109 3711 4175 respectu
3733 4142 3750 4170 ,
3778 4102 3876 4158 sed

2284 4170 2532 4248 respectu
2558 4176 2780 4231 alterius
2806 4188 2873 4228 ex
2903 4172 3062 4229 Joau.
3093 4188 3203 4248 stv,
3236 4171 3325 4237 i9,
3349 4170 3435 4248 hic
3463 4172 3711 4248 superior
3733 4189 3872 4228 nun-

2282 4242 2547 4321 cupatur;
2581 4248 2697 4301 Mox
2740 4262 2771 4321 e
2799 4261 2929 4321 mss.
2978 4245 3310 4321 rcStituimus
3351 4245 3492 4321 vivus
3529 4242 3692 4299 Pater
3717 4287 3733 4311 ,
3778 4260 3875 4321 pro

2282 4314 2473 4376 vir-ens.
2506 4318 2643 4375 Tum
2663 4317 2830 4372 codex
2856 4315 2978 4371 Vat.
3014 4317 3131 4370 bas.
3162 4325 3207 4368 ct
3238 4330 3329 4384 ego
3368 4314 3478 4368 vivo
3521 4325 3730 4384 prapter
3770 4314 3876 4371 Ρα-

2284 4403 2430 4446 trem.
2464 4391 2669 4446 Deinde
2698 4390 2748 4444 in
2790 4388 3014 4444 Joannis
3049 4386 3449 4456 exemplaribus
3494 4386 3682 4457 graecis
3708 4397 3764 4442 et
3792 4388 3871 4442 la-

2283 4463 2411 4518 tinis
2439 4478 2581 4517 nunc
2610 4458 3006 4523 circumfertur,
3039 4469 3085 4514 et
3104 4460 3189 4526 qui
3218 4457 3497 4512 manducet
3523 4473 3623 4520 me.
3652 4473 3782 4525 non,
3824 4470 3874 4516 et

2281 4536 2371 4603 qui
2390 4533 2770 4588 manducauerit
2791 4546 2993 4585 carnem
3032 4546 3217 4584 meam.
3268 4528 3492 4603 Quibus
3513 4528 3797 4603 subjicitur
3816 4532 3870 4586 in

2285 4601 2385 4660 ms.
2419 4604 2632 4658 Martin.
2667 4612 2713 4657 et
2738 4603 2846 4672 ipse
2883 4602 2997 4655 vivit
3034 4604 3090 4656 in
3118 4618 3215 4665 me,
3245 4608 3453 4660 non..et
3476 4601 3587 4663 ipse
3622 4602 3752 4658 vim
3784 4619 3874 4671 per

2281 4693 2379 4732 me.
2431 4675 2583 4742 Quod
2625 4690 2692 4729 ex
2733 4672 2833 4726 hoe
2863 4673 3138 4743 Evangelii
3189 4673 3306 4728 loco
3349 4672 3567 4743 coniicit
3596 4673 3865 4743 llilarius,

2282 4745 2701 4802 Sacramentarii
2731 4744 2895 4813 probe
2922 4742 3227 4814 expendant
3252 4743 3431 4796 velim.
3477 4742 3567 4799 Sic
3607 4744 3752 4799 enim
3785 4742 3874 4801 ra?-

2280 4818 2599 4874 tiocinatur:
2657 4815 2730 4870 Ita
2774 4814 3021 4871 Christus
3062 4815 3194 4870 vivit
3240 4829 3336 4883 per
3366 4814 3591 4887 Patrem
3649 4826 3868 4887 accepta

2280 4889 2423 4944 illius
2455 4898 2664 4954 natura,
2694 4888 2831 4941 sicut
2862 4900 2959 4940 nos
2981 4888 3210 4941 vivimus
3237 4902 3334 4955 per
3353 4885 3627 4941 Christum
3648 4885 3867 4959 accepta

2278 4960 2450 5030 ipsius
2479 4976 2660 5016 carne.
2693 4959 2827 5012 Tum
2856 4960 3020 5030 sumit
3038 4959 3189 5028 quasi
3219 4972 3335 5012 rem
3361 4959 3533 5030 magis
3568 4968 3770 5023 notam,
3798 4960 3868 5016 de

2317 5048 2381 5087 ua
2414 5033 2633 5087 minime
2662 5029 3052 5086 centenderent
3078 5029 3282 5102 Ariani
3307 5047 3319 5081 :
3353 5029 3496 5099 atqui
3521 5030 3749 5087 vivimus
3772 5047 3869 5102 per

2317 5048 2381 5087 ua
2414 5047 2633 5087 mtmme
2662 5046 3052 5086 centenaerem
3078 5046 3263 5085 Ariani
3307 5047 3319 5081 :
3353 5046 3496 5099 atqut
3521 5046 3749 5087 vmmus
3772 5047 3867 5102 per

2277 5046 2549 5158 ghristum
2579 5112 2821 5159 naturam
2852 5102 2992 5173 illius
3017 5105 3195 5173 carnis
3222 5100 3400 5173 adepti
3426 5115 3443 5162 :
3466 5102 3626 5173 adeo
3672 5112 3729 5157 ut
3769 5117 3867 5173 per

2278 5176 2457 5230 carnis
2498 5177 2638 5230 illius
2667 5172 3129 5229 manducatiouent
3159 5171 3432 5227 Christum
3461 5172 3514 5226 in
3546 5173 3701 5228 nobis
3743 5171 3865 5229 car-

2277 5247 2490 5302 nalibus
2527 5247 2814 5301 carnaliter
2844 5255 3149 5300 manentem
3183 5244 3495 5299 habeamus.
3541 5244 3620 5300 Ae
3645 5244 3863 5302 demum

2276 5318 2538 5372 adversus
2565 5317 2793 5373 Arianos
2820 5333 2935 5372 rem
2961 5359 2974 5382 ,
3018 5316 3157 5371 unde
3188 5316 3471 5385 litigabant
3495 5359 3508 5377 ,
3549 5316 3822 5375 concludit
3846 5336 3859 5372 :

2277 5386 2421 5459 Ergo
2447 5399 2496 5443 et
2523 5387 2769 5444 Christus
2795 5389 2922 5442 vivit
2950 5403 3046 5457 per
3076 5387 3312 5451 Patrem,
3341 5398 3559 5459 accepta
3582 5389 3863 5457 ipsiusmet

2275 5458 2466 5516 natura
2493 5459 2669 5515 divina
2696 5477 2710 5524 ;
2742 5460 2812 5514 ita
2841 5469 2890 5512 ιιι
2921 5459 3080 5531 Pater
3101 5458 3394 5531 secundum
3425 5458 3686 5531 Spiritum
3715 5502 3729 5525 ,
3758 5460 3862 5517 hoc

2270 5540 2372 5593 est.
2407 5532 2700 5587 secundum
2725 5541 2969 5585 naturam
2996 5528 3231 5584 divinam
3252 5529 3300 5585 ei
3322 5528 3524 5599 datam,
3548 5532 3860 5590 naturaliter

2270 5601 2323 5657 in
2352 5619 2417 5657 eo
2446 5612 2679 5658 maneat.
2729 5601 2827 5671 Qui
2859 5611 3170 5672 argumenta
3215 5610 3320 5656 tam
3366 5605 3511 5659 clara
3542 5603 3647 5658 alio
3676 5603 3858 5659 detor-

2267 5688 2432 5758 quere
2457 5689 2740 5738 conantur,
2771 5672 3008 5758 indicant
3036 5673 3125 5757 vel
3147 5689 3207 5728 se
3257 5674 3400 5758 mala
3425 5676 3532 5730 fide
3559 5690 3738 5758 agere.
3768 5677 3854 5731 vel

2263 5746 2453 5829 saltem
2495 5758 2755 5829 quantum
2801 5745 2942 5817 apud
2981 5744 3231 5829 homines
3257 5746 3467 5817 possint
3493 5744 3857 5820 prmjudicmze

2265 5818 2463 5876 utentis
2488 5818 2789 5891 Opinioncs.
3167 5825 3170 5829 ‘
