4246 6260
385 303 504 362 259

1568 306 1653 363 DE
1692 284 2063 366 'rnmrn'ra
2105 309 2307 367 LIBER
2355 310 2482 367 vui.

3579 318 3689 381 250

385 419 522 479 Huic
549 434 682 493 ergo
710 419 834 475 vita:
859 426 1061 479 nostra:
1086 434 1248 477 causa
1273 429 1390 487 est,
1416 419 1560 493 quod
1590 421 1642 477 in
1687 423 1843 478 nobis
1870 437 1988 479 car-
2014 427 2070 489 Α
2094 424 2146 490 7,
2179 423 2235 493 9,
2266 425 2354 493 to,
2387 425 2500 497 12).
2532 424 2644 483 Hoc
2668 427 2745 498 (b)
2774 441 2880 485 non
2911 437 3133 501 praestat
3155 438 3423 500 creatura,
3461 431 3555 487 sed
3593 448 3689 490 na-

385 513 610 571 ualibus
646 521 956 568 manentem
983 527 1083 584 per
1119 528 1340 570 carnem
1363 512 1638 570 Christum
1686 514 1983 573 habemus:

385 606 616 662 victuris
642 605 802 661 nobis
839 620 936 675 per
973 621 1096 660 eum
1128 621 1190 661 ea
1214 606 1522 662 conditione
1544 648 1560 674 ,
1604 622 1707 679 qua
1739 608 1863 663 vivit
1895 608 1986 665 ille

385 714 488 772 per
519 699 753 754 Patrem.
788 696 845 753 Si
888 712 1018 769 ergo
1046 713 1147 753 nos
1185 700 1502 756 naturaliter
1529 700 1826 757 secundum
1866 716 1986 759 car-

385 807 515 849 nem
544 806 639 862 per
665 806 791 846 eum
828 791 1061 845 vivimus
1084 831 1102 857 ,
1149 790 1202 845 id
1234 801 1349 856 est,
1380 802 1625 849 naturam
1660 794 1841 849 carnis
1872 810 1986 851 suae

386 885 575 955 adepti
608 883 920 954 :quomodo
962 898 1071 940 non
1122 885 1440 942 naturaliter
1484 886 1780 942 secundum
1824 887 1989 958 Spiri-

386 986 503 1035 tum
527 978 583 1033 in
612 992 671 1032 se
691 977 906 1032 Patrem
931 975 1156 1045 habeat,
1174 993 1296 1033 cum
1317 979 1462 1034 vivat
1482 979 1597 1049 ipse
1618 996 1714 1051 per
1729 981 1985 1037 Patrem?

385 1071 494 1127 Per
525 1071 732 1126 Patrem
762 1077 943 1126 autem
972 1071 1124 1138 vivit,
1157 1070 1284 1127 dum
1328 1072 1576 1129 nativitas
1605 1089 1713 1130 non
1753 1075 1984 1131 alienam

383 1167 440 1222 ei
470 1166 650 1222 intulit
669 1164 1048 1237 diversamque
1078 1173 1348 1233 naturam,
1380 1167 1507 1222 dum
1534 1167 1680 1238 quod
1708 1177 1813 1235 est,
1844 1170 1985 1226 etab

384 1273 458 1316 eo
482 1270 587 1324 est,
620 1274 721 1314 nec
751 1268 925 1315 tamen
956 1259 1025 1314 ab
1049 1274 1116 1315 eo
1141 1275 1236 1329 per
1264 1260 1498 1331 aliquam
1529 1259 1864 1318 incidentem
1886 1278 1984 1318 na-

386 1363 525 1410 tura:
555 1353 1043 1410 dissimilitudinem
1074 1363 1375 1424 separatur;
1407 1354 1534 1410 dum
1562 1355 1613 1409 in
1643 1370 1703 1411 se
1731 1370 1828 1427 per
1844 1356 1984 1412 nati-

375 1447 604 1504 vitatem
627 1447 789 1503 habet
816 1447 1029 1503 Patrem
1050 1445 1107 1501 in
1139 1446 1338 1503 virtute
1363 1457 1589 1502 naturae.

452 1542 543 1595 l7.
575 1538 845 1610 Epilogus.
880 1538 1008 1596 Hazc
1032 1548 1215 1594 autem
1245 1539 1449 1595 idcirco
1489 1555 1519 1594 a
1550 1539 1707 1596 nobis
1738 1556 1979 1598 comme-

377 1643 591 1691 morata
638 1643 808 1699 sunt,
852 1633 975 1704 quia
1005 1622 1302 1688 voluntatis
1345 1642 1550 1688 tantum
1598 1633 1740 1689 inter
1764 1634 1978 1690 Patrem

381 1737 441 1786 et
460 1728 650 1784 Filium
676 1728 933 1783 unitatem
966 1727 1208 1783 hmretici
1242 1728 1586 1795 mentientes,
1614 1729 1838 1785 unitatis
1874 1746 1977 1803 no-

2094 516 2310 583 tivitas;
2355 533 2465 574 non
2494 518 2659 577 allicit
2684 520 2973 591 voluntas,
3003 522 3099 579 sed
3132 531 3409 595 potestas;
3460 538 3569 579 non
3608 524 3689 581 lo-

2089 609 2275 679 quitur
2304 611 2633 667 unanimith
2659 654 2675 678 ,
2706 612 2782 686 (c)
2811 615 2908 671 sed
2944 625 3168 671 natura:
3214 616 3340 686 quia
3382 629 3490 673 non
3520 631 3685 675 unum

2089 711 2174 756 est
2202 703 2373 756 creari
2394 744 2409 769 ,
2441 712 2496 759 et
2533 705 2716 773 nasci;
2750 721 2925 777 neque
2954 706 3091 763 velle
3112 707 3165 764 id
3196 708 3369 779 ipsum
3398 717 3512 775 est,
3541 708 3686 780 quod

2088 803 2146 850 et
2171 809 2368 865 posse;
2401 812 2577 868 neque
2600 799 2938 855 concordare
2963 799 3104 856 idem
3131 809 3237 863 est,
3265 801 3409 873 quod
3441 815 3682 857 manere.

2163 887 2253 944 19.
2304 888 2631 945 Unantmitas
2658 908 2759 945 non
2787 903 3000 964 negatur
3017 935 3033 959 ,
3066 895 3191 948 dum
3215 896 3462 950 asseritur
3490 895 3682 949 unitas.

2087 977 2169 1033 De
2214 978 2384 1034 Patris
2422 989 2470 1034 et
2519 980 2645 1036 Filii
2680 984 2873 1039 unitate
2911 995 3150 1055 apertum
3195 987 3559 1041 testimonium.
3610 1015 3684 1029 --

2086 1071 2204 1127 Non
2237 1087 2499 1143 negamus
2543 1073 2707 1145 igitur
2737 1075 3147 1132 unanimitatem
3191 1078 3331 1133 inter
3374 1078 3587 1147 Patrem
3629 1087 3685 1134 et

2088 1163 2317 1219 Filium:
2360 1180 2485 1220 nam
2531 1164 2633 1221 hoc
2677 1167 2855 1223 solent
2887 1169 3127 1226 haeretici
3158 1171 3416 1239 mentiri,
3456 1180 3518 1226 ut
3559 1186 3682 1227 cum

2086 1257 2258 1313 solam
2303 1257 2646 1314 concordiam
2691 1259 2771 1333 (ά)
2811 1260 2877 1316 ad
2909 1262 3169 1318 unitatem
3202 1278 3307 1318 non
3353 1264 3679 1335 recipimus,

2086 1350 2364 1409 discordes
2404 1367 2499 1407 eos
2536 1369 2565 1406 a
2598 1353 2754 1409 nobis
2779 1355 3039 1412 alﬁrmari
3085 1357 3392 1430 loquantur.
3447 1358 3554 1416 Sed
3583 1373 3681 1413 au-

2086 1443 2236 1501 diant
2262 1461 2424 1515 quam
2446 1462 2475 1500 a
2507 1446 2660 1501 nobis
2689 1447 3017 1503 unanitnitas
3057 1464 3164 1504 non
3204 1459 3449 1520 negetur.
3502 1449 3681 1506 Unum

2084 1548 2211 1596 sunt
2237 1540 2395 1596 Pater
2419 1550 2475 1597 et
2507 1540 2675 1596 Filius
2716 1548 2903 1596 natura
2932 1582 2948 1608 ,
2997 1542 3203 1599 honore
3227 1584 3242 1609 ,
3269 1543 3470 1599 virtute
3517 1560 3530 1596 :
3581 1558 3680 1601 uec

2085 1642 2277 1688 natura
2301 1633 2491 1689 eadem
2525 1643 2707 1704 potest
2733 1634 2874 1689 velle
2895 1634 3130 1690 diversa.
3169 1634 3237 1690 Et
3261 1635 3484 1691 audiant
3503 1635 3681 1693 adhuc

2084 1735 2290 1783 natura:
2328 1728 2429 1781 sibi
2461 1743 2581 1783 cum
2622 1727 2787 1782 Patre
2830 1726 3091 1784 unitatem
3121 1728 3317 1784 Filium
3348 1736 3676 1794 testantem;

377 1832 510 1881 stne
533 1822 601 1878 ad
629 1823 795 1879 Deum
823 1821 1117 1878 utebantur
1156 1822 1407 1893 exemplo
1431 1864 1447 1890 ,
1501 1833 1771 1895 tamquam
1823 1825 1981 1882 nobis
2011 1828 2056 1889 B
2083 1821 2159 1876 ait
2179 1822 2322 1876 enim
2343 1840 2356 1878 :
2381 1820 2507 1877 Cum
2530 1825 2717 1879 venerit
2744 1822 3147 1892 advocatusille,
3181 1840 3331 1896 quem
3360 1841 3451 1897 ego
3475 1832 3679 1881 mittam

370 1917 445 1973 ad
472 1917 670 1973 Filium
700 1958 714 1980 ,
746 1925 803 1972 ct
832 1931 929 1988 per
951 1916 1144 1973 Filium
1174 1918 1240 1972 ad
1282 1917 1498 1972 Patrem
1524 1958 1540 1985 ,
1571 1919 1830 1991 obsequio
1861 1926 1982 1975 tan-

374 2018 491 2067 tum
521 2024 586 2066 ac
612 2011 887 2065 voluntate
917 2009 1196 2080 religionis
1223 2011 1388 2065 uuitis
1411 2053 1426 2076 ,
1476 2011 1621 2066 nulla
1664 2027 1760 2083 per
1801 2029 1981 2068 saera-

371 2112 622 2160 mentum
665 2104 847 2159 carnis
887 2112 942 2157 et
977 2103 1258 2174 sanguinis
1289 2103 1552 2159 naturalis
1579 2104 1979 2162 communionis

371 2198 683 2270 proprietas
712 2196 1111 2268 indulgeretur:
1161 2211 1283 2252 cum
1324 2208 1378 2253 et
1403 2212 1502 2268 per
1532 2197 1794 2253 honorem
1825 2199 1980 2255 nobis

373 2291 562 2346 datum
586 2288 733 2352 Filii,
759 2299 815 2345 et
844 2304 940 2360 per
962 2299 1271 2348 manentem
1302 2290 1357 2345 in
1387 2290 1542 2345 nobis
1579 2291 1657 2363 (a)
1688 2293 1981 2350 carnaliter

373 2384 600 2453 Filium,
633 2394 688 2441 et
717 2384 771 2439 in
800 2400 866 2441 eo
896 2386 1051 2443 nobis
1080 2385 1436 2456 corporaliter
1465 2395 1516 2441 et
1549 2387 1982 2456 inseparabiliter

375 2480 565 2547 unitis,
595 2480 912 2554 mysterium
942 2493 1089 2536 vera:
1118 2493 1183 2535 ac
1205 2479 1466 2536 naturalis
1493 2479 1714 2536 unitatis
1741 2479 1811 2536 sit
1841 2496 1978 2552 pne.

376 2573 693 2630 dicandum.

454 2666 543 2723 i8.
582 2666 768 2722 Unitas
802 2664 929 2721 Filii
957 2676 1003 2720 et
1044 2664 1219 2721 Patris
1264 2666 1453 2721 diserte
1490 2667 1546 2720 in
1578 2665 1863 2738 Scripturis
1889 2682 1977 2721 as-

372 2768 534 2815 serta.
563 2789 633 2799 --
659 2758 999 2828 RespOnsum
1036 2758 1199 2829 igitur
1237 2773 1267 2814 a
1300 2758 1456 2815 nobis
1494 2767 1577 2814 est
1614 2758 1853 2814 stultitia:
1899 2760 1980 2813 lu-

374 2851 638 2918 rentium,
668 2850 735 2906 ad
754 2849 1272 2907 demonstrationem
1302 2860 1511 2906 tantum
1542 2851 1720 2907 inanis
1757 2850 1981 2907 menda-

374 2944 445 3002 cii
471 2961 484 2998 :
535 2959 604 2999 ne
651 2943 931 3014 imperitos
978 2942 1228 2999 fallerent
1260 2957 1411 2998 vanae
1440 2958 1502 2999 ac
1530 2943 1771 2999 ridicula:
1797 2958 1975 3000 asser-

377 3036 544 3093 tionis
592 3050 797 3093 errore.
851 3034 1119 3092 Czeterum
1160 3034 1295 3092 ﬁdes
1332 3037 1643 3109 evangelica
1669 3038 1977 3110 responsio-

377 3127 462 3184 nis
489 3136 691 3183 n0stra‘.
720 3128 1043 3183 necessitate
1072 3142 1180 3182 non
1216 3129 1380 3200 eguit.
1430 3128 1704 3186 Unitatem
1736 3139 1975 3187 nostram

2085 1913 2223 1969 vobis
2247 1931 2279 1968 a
2313 1913 2488 1980 Patre,
2524 1914 2777 1988 Spiritum
2800 1916 3042 1982 veritatis,
3073 1918 3213 1985 quia
3238 1915 3400 1972 Patre
3424 1934 3534 1972 meo
3555 1933 3678 1990 pro-

2081 2007 2235 2071 cedit,
2264 2008 2372 2079 ipse
2401 2008 2755 2077 testi/imbitur
2783 2006 2846 2061 de
2868 2024 2950 2063 me
2971 2007 2988 2078 (
3010 2007 3169 2062 Joan.
3202 2025 3293 2073 xv,
3319 2007 3453 2082 26).
3499 2009 3681 2066 Advo-

2081 2110 2235 2156 catus
2262 2100 2440 2157 veniet
2462 2143 2476 2167 ,
2508 2112 2560 2157 et
2594 2102 2735 2157 hunc
2760 2102 2938 2157 mittet
2958 2100 3124 2157 Filius
3146 2116 3178 2156 a
3209 2101 3389 2171 Patre,
3432 2112 3487 2159 et
3511 2103 3681 2175 Spiri-

2084 2201 2168 2249 tus
2197 2194 2439 2251 veritatis
2459 2204 2561 2259 est,
2596 2196 2686 2266 qui
2717 2210 2749 2249 a
2776 2195 2935 2252 Patre
2967 2194 3226 2265 procedit.
3265 2196 3512 2251 Excutiat
3536 2195 3683 2266 iuge-

2082 2286 2157 2342 nii
2183 2291 2263 2343 sui
2286 2288 2504 2344 aculeos
2525 2288 2703 2344 omnis
2728 2289 3110 2345 lnereticorum
3140 2290 3327 2344 schola
3353 2306 3366 2341 :
3397 2297 3452 2344 et
3473 2296 3681 2359 quierat

2081 2397 2225 2438 nunc
2249 2424 2265 2450 ,
2311 2382 2458 2455 quod
2492 2384 2573 2439 vel
2604 2382 2824 2440 mentiri
2862 2380 2936 2456 (e)
2968 2382 3341 2453 ignorantibus
3371 2383 3582 2453 possit,
3624 2390 3681 2438 et

2081 2475 2275 2532 doceat
2303 2476 2428 2549 quid
2461 2477 2532 2532 sit
2574 2476 2678 2532 hoc
2707 2475 2850 2548 quod
2879 2474 3048 2531 Filius
3091 2476 3256 2531 mittit
3281 2489 3310 2529 a
3341 2474 3523 2530 Patre.
3575 2473 3679 2544 Qui

2082 2568 2283 2634 mittit,
2338 2577 2662 2638 potestatem
2690 2583 2842 2623 suam
2875 2568 2928 2622 in
2956 2582 3024 2622 eo
3047 2565 3194 2638 quod
3225 2566 3390 2622 mittit
3415 2565 3675 2621 ostendit.

2082 2662 2187 2720 Sed
2219 2662 2361 2733 quod
2389 2675 2419 2716 a
2450 2662 2609 2717 Patre
2635 2662 2798 2716 tuittit
2820 2702 2837 2727 ,
2887 2659 3016 2731 quid
3062 2658 3426 2730 intelligemus
3451 2698 3466 2724 ,
3496 2667 3677 2714 utrum

2082 2766 2391 2828 acceptum,
2422 2765 2514 2812 aut
2538 2756 2820 2811 dimissum
2846 2796 2862 2822 ,
2904 2764 2999 2811 aut
3026 2752 3304 2825 genitum?
3334 2768 3458 2809 nam
3486 2752 3678 2809 horum

2082 2863 2307 2907 necesse
2334 2858 2419 2906 est
2448 2864 2612 2904 unum
2659 2847 2860 2919 aliquid
2907 2847 3211 2916 signiﬁcet,
3263 2846 3407 2916 quod
3449 2861 3479 2900 a
3517 2845 3679 2902 Patre

2080 2943 2348 2999 missurus
2380 2950 2483 2999 est.
2530 2941 2598 2996 Et
2625 2942 2892 2995 missurus
2915 2954 2944 2994 a
2972 2939 3131 2995 Patre
3157 2948 3244 2995 est
3265 2953 3387 2994 eum
3417 2938 3677 3009 Spiritum

2081 3034 2326 3090 veritatis
2353 3076 2369 3100 ,
2416 3034 2562 3105 quia
2596 3032 2756 3088 Patre
2785 3030 3064 3102 procedit:
3105 3031 3215 3100 jam
3266 3045 3399 3102 ergo
3437 3044 3547 3086 non
3594 3038 3679 3087 est

2081 3128 2366 3198 acceptio,
2414 3126 2507 3183 ubi
2535 3126 2904 3182 demonstrata
2938 3124 3214 3194 processio
3261 3133 3364 3179 est.
3418 3123 3678 3195 Superest

372 3224 444 3280 ad
477 3225 640 3279 Deum
664 3223 926 3278 Dominus
950 3238 1047 3293 pro
1070 3222 1227 3279 nobis
1255 3234 1503 3293 precatus
1525 3235 1639 3280 est:
1672 3240 1824 3280 suam
1849 3240 1974 3281 vero
2001 3224 2047 3289 C
2081 3234 2141 3280 ut
2186 3222 2572 3279 conﬁrmamus
2622 3222 2673 3275 in
2721 3234 2790 3276 eo
2819 3220 3142 3276 sententiam
3181 3227 3420 3274 nostram
3446 3257 3462 3285 ,
3511 3217 3672 3290 227

374 3317 543 3390 226
568 3316 775 3371 obtinet
796 3316 906 3379 ille,
932 3326 986 3371 et
1016 3316 1069 3371 in
1090 3331 1152 3371 ea
1183 3325 1384 3374 manet.
1418 3316 1529 3375 Nec
1553 3334 1648 3387 per
1664 3334 1975 3376 sacramen-

376 3419 491 3464 tum
521 3408 940 3478 diSpensatiunis
965 3424 1130 3463 unum
1167 3419 1322 3477 sunt,
1354 3409 1447 3465 sed
1472 3425 1569 3482 per
1600 3421 1805 3466 natura:
1835 3415 1973 3468 nati-

372 3503 597 3559 vitatem
627 3545 642 3569 ,
693 3502 821 3559 dum
863 3501 997 3558 nihil
1025 3503 1078 3558 iu
1112 3518 1179 3561 eo
1202 3520 1265 3559 ex
1294 3518 1353 3560 se
1383 3505 1524 3561 Deus
1548 3520 1671 3561 eum
1700 3507 1971 3578 gignendo

372 3596 687 3668 degenerat.
730 3595 907 3652 Unum
936 3605 1062 3651 sunt
1089 3638 1102 3662 ,
1126 3597 1252 3652 dum
1284 3613 1406 3669 quae
1436 3597 1503 3654 de
1531 3614 1694 3654 manu
1721 3603 1836 3670 ejus
1860 3615 1968 3657 non

366 3690 657 3759 rapiuntur
679 3730 695 3755 ,
728 3703 835 3744 non
869 3689 1153 3758 rapiuntur
1180 3689 1249 3747 de
1278 3706 1439 3745 manu
1471 3691 1646 3748 Patris
1676 3692 1695 3762 (
1716 3692 1873 3749 Joan.
1907 3709 1964 3762 ι,

365 3782 525 3855 28);
575 3782 703 3837 dum
750 3798 816 3838 eo
856 3784 1071 3854 cognito
1104 3784 1261 3839 Pater
1284 3786 1534 3856 cognitus
1563 3796 1684 3853 est;
1732 3787 1858 3842 dum
1903 3802 1970 3843 eo

371 3876 498 3930 viso
527 3875 687 3930 Pater
715 3875 862 3929 visus
889 3886 969 3930 est
994 3892 1008 3940 ;
1037 3875 1164 3930 dum
1192 3891 1312 3946 qua:
1353 3876 1611 3948 loquitur,
1660 3893 1885 3934 manens
1916 3879 1969 3934 in

365 3985 431 4026 se
458 3969 618 4024 Pater
647 3966 885 4039 loquitur
909 3983 925 4032 ;
974 3966 1100 4022 dum
1138 3968 1188 4021 in
1219 3978 1478 4038 operante
1504 3986 1564 4025 se
1589 3979 1843 4039 operatur
1872 3970 1971 4026 Pa-

362 4073 489 4131 ter;
509 4064 635 4118 ilum
654 4063 769 4134 ipse
785 4060 840 4116 in
856 4060 1129 4128 Patreest,
1149 4070 1200 4116 et
1219 4062 1359 4117 ineo
1374 4062 1534 4117 Pater
1549 4073 1633 4119 est
1653 4062 1835 4134 (Joan.
1856 4080 1966 4134 xiv,

438 4205 523 4279 (1)
547 4204 615 4260 In
639 4204 867 4278 ejusdem
890 4203 1209 4259 consistentis
1234 4206 1596 4278 egressionem.

438 4344 517 4416 (a)
541 4343 696 4413 Quod
724 4346 990 4416 superiori
1018 4358 1246 4399 numero
1270 4341 1471 4416 dictum
1494 4350 1598 4403 est,
1629 4357 1727 4397 nos
1751 4341 1962 4398 Eucha-

360 4412 536 4473 ristiir.
570 4412 831 4471 beneﬁcio
858 4418 913 4471 in
939 4418 1082 4471 nobis
1110 4412 1402 4470 carnalibus
1424 4424 1708 4468 manentem
1727 4430 1819 4485 per.
1847 4431 1961 4468 car~

360 4505 480 4543 nem
504 4486 766 4542 Christum
788 4488 988 4544 habere
1013 4530 1027 4551 ,
1060 4503 1199 4541 nunc
1227 4485 1481 4542 disertius
1505 4486 1817 4541 enuntiatur
1847 4502 1962 4541 ma-

361 4575 499 4616 nere
525 4560 578 4616 in
604 4560 758 4614 nobis
779 4560 1053 4615 carnaliter
1085 4558 1301 4613 Filium.

435 4631 516 4700 (ὁ)
549 4631 605 4685 1η
632 4647 734 4684 ms.
768 4631 977 4686 Martia.
1007 4631 1159 4696 lites;
1201 4629 1344 4700 quod
1374 4644 1497 4684 mox
1524 4627 1666 4683 dicta
1704 4628 1960 4684 disertius

358 4702 903 4770 comprelicudit:ac
954 4716 1137 4771 postea
1179 4710 1236 4755 ut
1280 4702 1334 4757 in
1379 4700 1500 4757 aliis
1528 4701 1919 4758 vetustioribus
1945 4744 1958 4767 ,

358 4774 720 4838 antattimitas,
754 4775 1174 4830 unianimitatem.

431 4843 507 4918 (c)
538 4844 657 4900 Vat.
688 4846 803 4900 bas.
834 4860 933 4901 ms.
993 4848 1082 4901 sed
1123 4846 1379 4912 nativitas,
1424 4846 1580 4901 nobis
1625 4860 1729 4901 non
1773 4843 1966 4915 proba-

361 4926 472 4974 tur.
693 4969 708 4984 ,

429 4986 516 5061 (Α)
544 4987 668 5061 Par.
699 4997 822 5058 post
852 4986 1090 5061 Lipsium
1115 5030 1130 5055 ,
1176 4988 1247 5042 ad
1271 4988 1658 5061 ununintitatem
1693 5004 1713 5061 ,ἡ
1740 4989 1880 5061 male
1909 4997 1963 5061 et

358 5058 563 5130 prti'ter
594 5059 752 5114 fidem
782 5074 912 5115 mss.
963 5059 1096 5115 Nam
1125 5060 1251 5115 illud
1283 5060 1350 5112 ad
1394 5060 1636 5112 unitatem
1658 5100 1672 5124 ,
1705 5058 1756 5130 id
1787 5067 1869 5112 est
1894 5058 1961 5112 ad

356 5129 711 5201 explicaudos
740 5132 910 5195 locos,
945 5132 995 5185 in
1020 5131 1211 5202 quilms
1241 5132 1414 5185 unitas
1439 5129 1865 5184 cmmneudatur.

432 5203 507 5275 (ε)
538 5202 596 5275 in
624 5202 871 5275 vulgatis,
902 5203 965 5257 ab
995 5201 1368 5273 ignorantibus;
1397 5202 1675 5275 rectiusin
1710 5215 1840 5275 mss.
1873 5201 1953 5271 ig-

354 5272 680 5344 norantibus,
714 5272 816 5329 hoc
842 5286 945 5339 est,
974 5272 1112 5344 apud
1142 5274 1448 5343 ignorantes
1475 5287 1535 5329 ac
1567 5272 1859 5344 simplices.

430 5346 500 5419 (Ι)
537 5343 673 5400 Cum
688 5343 1021 5419 vocabulum
1055 5347 1277 5419 egressio
1304 5387 1317 5405 .
1363 5344 1480 5414 ejus
1521 5344 1609 5411 qtti
1642 5343 1864 5419 exit‘ab
1891 5358 1957 5398 eo

354 5415 502 5475 unde
527 5420 639 5473 exit
668 5415 1365 5489 distinctionemsigniticet
1388 5459 1401 5481 ,
1429 5424 1585 5489 caute
1622 5418 1689 5489 ei
1710 5415 1959 5484 adjicitur

354 5490 589 5547 verbum
622 5490 945 5543 consistentis
968 5530 982 5552 ,
1030 5504 1139 5560 quo
1163 5487 1372 5544 natura:
1389 5488 1579 5560 unitas
1606 5487 1781 5560 eidem
1808 5501 1957 5543 asse-

353 5574 525 5632 ratur.
550 5562 703 5626 Quod
735 5557 1241 5632 illustratur'verhis
1257 5559 1462 5632 Cyrilli,
1487 5560 1523 5615 Ι.
1551 5575 1608 5615 ti.
1634 5558 1686 5613 in
1713 5557 1950 5632 Joan._c.

353 5633 391 5689 5
416 5653 431 5688 :
468 5630 640 5688 Ε’πὶυῆ
662 5632 799 5687 enim
818 5648 883 5687 ea:
913 5629 1071 5687 Patre
1105 5632 1160 5686 in
1187 5629 1447 5702 propriam
1483 5633 1832 5686 exsislentiam
1864 5630 1958 5685 Fi-
1982 5656 1987 5661 ο

354 5705 459 5760 (ius
480 5746 495 5770 ,
544 5707 638 5776 etsi
664 5704 718 5757 in
744 5705 860 5776 ipso
887 5714 959 5759 est
983 5705 1260 5759 secundum
1306 5714 1557 5776 naturam.
1608 5704 1674 5776 [ξι
1712 5702 1846 5772 quod
1862 5702 1956 5776 _ibi

351 5777 541 5840 exisse.
566 5773 794 5845 idipsum
819 5773 905 5829 hic
934 5776 1144 5831 missum
1167 5791 1277 5831 esse
1315 5774 1588 5845 signiﬁcat.
1634 5774 1821 5845 Itaque
1849 5773 1955 5844 Cy-

352 5849 480 5906 rilio
506 5862 617 5906 non
630 5846 811 5906 dili‘ert
827 5848 968 5905 (mire
993 5848 1230 5921 et_mitt.‘.
1263 5847 1528 5906 Pra‘tcrca
1562 5849 1664 5906 hoc
1689 5847 1954 5918 egressioa

2078 3325 2257 3373 utrum
2288 3316 2340 3370 in
2373 3314 2474 3370 hoc
2517 3312 2596 3387 (l)
2628 3313 2697 3385 (ι’)
2740 3312 3090 3368 c0nsisteutis
3133 3311 3505 3383 egressionem
3535 3351 3550 3375 ,
3602 3325 3674 3367 an

2076 3411 2244 3484 geniti
2272 3409 2677 3480 processiouem
2704 3407 3100 3463 existimemus.
3276 3398 3297 3417 '

2145 3504 2237 3560 ΞΟ.
2272 3504 2502 3573 Spiritus
2527 3512 2733 3557 sanctus
2759 3519 2789 3555 α
2827 3518 2927 3572 quo
2956 3500 3020 3553 sit
3049 3516 3151 3554 non
3195 3502 3468 3555 incertum.
3521 3497 3673 3565 Quod

2073 3613 2106 3652 a
2135 3595 2273 3651 Filio
2294 3596 2480 3666 accipit
2509 3638 2522 3661 ,
2555 3596 2740 3665 accipit
2761 3604 2807 3649 et
2828 3611 2859 3648 a
2894 3593 3072 3648 Patre.
3131 3590 3270 3648 Hinc
3297 3608 3456 3646 unum
3485 3600 3673 3646 natura

2072 3702 2189 3747 sunt
2207 3690 2365 3746 Pater
2387 3700 2432 3745 et
2456 3688 2646 3745 Filius.
2677 3715 2750 3729 ο-
2780 3687 2964 3759 Neque
2995 3688 3048 3743 in
3075 3687 3178 3742 hoc
3209 3701 3351 3741 nunc
3371 3684 3672 3739 calumnior

2073 3783 2151 3857 (g)
2175 3784 2409 3840 libertati
2434 3782 2823 3854 intelligentia),
2847 3791 3026 3836 utrum
3050 3795 3113 3834 cx
3137 3780 3318 3845 Patre,
3344 3793 3411 3832 an
3437 3792 3504 3832 ex
3534 3775 3670 3832 Filio

2073 3877 2157 3949 (2)
2202 3878 2462 3947 Spiritum
2507 3876 2835 3947 paracletum
2880 3881 3072 3945 putent
3102 3886 3245 3927 esse.
3296 3870 3410 3925 Non
3438 3868 3580 3925 enim
3615 3868 3668 3924 in

2073 3971 2280 4027 incerto
2336 3970 2593 4025 Dominus
2638 3969 2859 4038 reliquit
2902 3987 2915 4024 :
2963 3982 3085 4021 nam
3124 3964 3226 4020 sub
3273 3963 3466 4019 iisdem
3511 3960 3669 4018 dictis

2073 4065 2189 4121 haec
2220 4067 2290 4120 ita
2320 4070 2532 4120 locutus
2561 4072 2682 4120 est:
2726 4061 2910 4117 Adhuc
2936 4060 3100 4116 multa
3129 4058 3288 4116 habeo
3314 4056 3452 4113 vobis
3477 4056 3668 4124 dicere,

2138 4206 2218 4283 (2)
2246 4206 2506 4279 Spiritum
2527 4215 2778 4261 sanctum.

2069 4342 2153 4398 nis
2185 4344 2460 4412 proprium
2493 4349 2599 4408 est,
2632 4351 2688 4397 ut
2716 4341 2920 4397 nullum
2954 4339 3299 4412 procedentis
3328 4337 3540 4412 initium
3571 4354 3665 4397 so-

2067 4410 2367 4470 net.VUnde
2389 4414 2643 4475 Hilarius,
2670 4414 2762 4469 lib.
2784 4430 2857 4479 tv,
2888 4410 3058 4471 n.51.
3090 4410 3209 4466 Filii
3234 4410 3570 4467 nativitatem
3599 4428 3667 4468 eo

2066 4487 2328 4541 vocabulo
2355 4495 2479 4549 apte
2509 4499 2820 4555 expressam
2843 4485 3084 4537 dixerat:
3130 4484 3252 4551 quia
3291 4497 3395 4555 non
3440 4493 3499 4555 ut
3538 4493 3666 4555 esset

2065 4557 2214 4626 carpit
2240 4573 2303 4610 ex
2326 4556 2510 4622 nihilo,
2536 4553 2624 4610 sed
2651 4558 2771 4611 exiit
2790 4575 2821 4611 a
2849 4564 3082 4608 manente
3105 4568 3124 4616 ,°
3160 4562 3208 4606 et
3245 4553 3663 4626 exiissersigttiﬁ-

2065 4624 2315 4684 cntionem
2340 4628 2488 4683 habet
2513 4629 2791 4681 natiuitatis
2816 4634 2832 4693 (
2862 4641 2955 4677 seu
3006 4624 3369 4694 processiouis
3395 4624 3663 4679 distincta:

2068 4702 2136 4755 ab
2160 4715 2226 4755 eo
2250 4717 2278 4756 a
2309 4717 2415 4771 quo
2443 4696 2641 4770 exitur)
2659 4740 2673 4761 ,
2696 4715 2811 4771 non
2842 4696 2993 4750 habet
3027 4694 3384 4771 int-hannonis.
3422 4694 3538 4750 Non
3566 4694 3664 4771 de—

2067 4772 2238 4826 clarat
2267 4766 2482 4842 quidem
2514 4773 2597 4826 hic
2623 4766 2854 4825 Hilarius
2879 4784 2959 4842 an_
2971 4767 3130 4842 geniti
3152 4766 3660 4842 processionemexi-

2065 4837 2298 4897 stimare‘
2328 4842 2641 4899 debeamus.
2696 4842 2914 4896 Atcum
2949 4839 3024 4892 lib
3079 4855 3148 4901 ιι,
3190 4854 3244 4891 n.
3294 4837 3346 4898 i,
3395 4837 3658 4906 Spiritum

2066 4922 2310 4969 sanctum
2335 4915 2525 4970 donum
2555 4922 2826 4982 nuncupct
2852 4953 2866 4978 ,
2915 4910 2991 4964 uti
3022 4910 3145 4982 liget
3173 4910 3523 4982 responsione
3547 4908 3659 4964 Att-

2066 4987 2285 5055 gustiui,
2319 4987 2413 5041 lib.
2442 5002 2472 5040 v
2504 4985 2571 5039 de
2602 4979 2795 5039 Trinit.
2828 5000 2876 5037 c.
2910 4982 2978 5038 14
3009 5000 3021 5036 :
3051 4979 3367 5055 Exiit‘enim,
3394 4996 3504 5055 non
3526 4996 3657 5055 quo-

2064 5051 2216 5128 modo
2244 5068 2394 5112 nutus
2419 5098 2433 5122 ,
2473 5056 2564 5121 sed
2598 5056 2854 5128 quomodo
2879 5056 3062 5128 datus;
3109 5064 3153 5106 et
3197 5052 3312 5105 ideo
3339 5051 3660 5128 non__dicitur

2066 5126 2257 5183 Filius.
2290 5129 2395 5184 Sed
2418 5122 2704 5197 aperta'cst
2733 5127 2918 5182 Hilarii
2939 5125 3107 5195 ipsius
3124 5122 3413 5197 sententia,
3440 5122 3533 5177 lib.
3559 5139 3654 5188 xu,

2061 5215 2116 5253 n.
2146 5201 2234 5261 54,
2265 5196 2492 5253 dicentis
2518 5216 2528 5249 :
2567 5197 2894 5270 Unigenitunt
2924 5213 2984 5251 ea:
3013 5207 3060 5250 te
3080 5205 3256 5270 natum
3285 5196 3447 5270 sciens
3474 5235 3490 5262 ,
3519 5198 3658 5265 geni-

2062 5281 2168 5344 tum
2191 5280 2361 5344 tamen
2388 5271 2640 5344 Spiritum
2658 5267 2897 5344 sanctum
2921 5284 3023 5321 non
3049 5267 3281 5344 dicturus
3297 5267 3414 5320 sint.

2132 5343 2208 5412 (g)
2237 5341 2326 5395 Sic
2352 5337 2482 5397 ms's.
2517 5347 2585 5396 At
2606 5341 2755 5403 editi,
2788 5338 3088 5394 libertatem.
3118 5338 3198 5412 Ex
3233 5337 3315 5391 his
3346 5351 3409 5392 ac
3429 5352 3660 5406 sequen-

2061 5409 2200 5468 una;
2236 5411 2421 5467 Hilarii
2452 5413 2609 5469 dictis
2653 5412 2822 5466 videri
2872 5420 3093 5481 posset,
3142 5409 3250 5478 jam
3298 5419 3409 5462 tum
3455 5417 3656 5466 motam

2061 5500 2185 5540 esse
2231 5484 2299 5540 de
2342 5484 2572 5554 Spiritus
2599 5484 2772 5537 sancti
2817 5481 3169 5554 processione
3207 5481 3653 5554 controversiam.

2061 5556 2271 5626 Quippe
2291 5552 2479 5624 aperte
2508 5555 2707 5611 indicat
2734 5554 2955 5609 minime
2982 5554 3083 5626 sibi
3125 5552 3388 5626 incertum
3416 5593 3430 5615 ,
3464 5552 3595 5626 quin
3624 5567 3655 5606 a

2061 5623 2223 5682 Patre
2254 5638 2307 5681 et
2333 5627 2468 5681 Filio
2494 5627 2588 5688 sit,
2621 5629 2867 5696 quamvis
2891 5626 2958 5681 de
2987 5624 3238 5695 loquendi
3268 5624 3484 5696 ratione
3499 5623 3656 5696 plus-

2058 5698 2239 5753 culum
2268 5698 2476 5770 litigare
2508 5694 2662 5770 nolit.
2686 5695 2809 5770 Jatn
2817 5711 2959 5770 vero
2980 5694 3321 5751 obServatutn
3339 5694 3568 5770 _est,_|ib.
3590 5707 3652 5761 tt,

2057 5784 2208 5825 num.
2263 5769 2318 5836 4,
2352 5764 2488 5826 'uot.
2543 5768 2739 5825 Filium
2791 5767 3022 5838 Spiritus
3050 5769 3219 5825 sancti
3245 5773 3303 5825 et
3330 5764 3648 5836 largitorem,

2057 5849 2112 5900 et
2138 5852 2397 5901 auctorem
2423 5844 2490 5903 ab
2515 5855 2582 5902 eo
2603 5840 2955 5914 appellatum,
