4246 6260
588 305 694 362 951

1776 295 2025 354 SANCTI
2066 290 2320 350 IIILABII
2360 291 2672 350 EPISCOPI

3802 295 3907 352 252

592 420 685 476 sed
726 433 830 473 non
875 416 1088 488 potestis
1115 424 1320 486 portare
1345 414 1439 469 illa
1483 413 1659 469 modo.
1711 412 1839 468 Cum
1877 411 2066 466 venerit
2110 409 2201 465 ille
2229 409 2281 470 Α
2306 418 2579 479 tatemque
2609 408 2906 466 divinitatis
2941 407 3268 481 signiﬁcatio
3312 418 3434 466 est:
3486 424 3612 465 cum
3655 409 3708 466 id
3757 414 3907 482 quod

592 511 826 583 Spiritus
847 510 1108 574 ueritatis,
1141 508 1326 580 diriget
1351 523 1438 567 uos
1467 505 1550 578 (1)
1582 505 1662 578 (α)
1695 507 1748 561 in
1779 521 1979 561 onmem
2013 504 2202 559 uerita-

2306 502 2536 572 accipiet
2563 517 2592 558 a
2622 501 2788 558 Patre
2817 502 3049 572 Spiritus
3073 501 3315 557 veritatis
3337 542 3353 567 ,
3385 501 3437 556 id
3467 500 3638 557 Filius
3665 501 3908 560 dandum

601 615 723 662 tem.
760 604 881 660 Non
909 604 1046 660 enint
1079 601 1314 670 loquetur
1345 617 1377 656 a
1405 601 1678 671 semetipso
1705 641 1720 665 ,
1762 600 1852 655 sed
1874 615 2204 670 quietumque
2305 611 2334 652 a
2367 612 2427 653 se
2449 612 2570 654 esse
2594 596 2846 652 fateatur.
2889 595 3006 652 Non
3035 595 3396 666 permittenda
3425 595 3606 665 itaque
3629 596 3695 651 ad
3725 597 3909 666 impia:

591 704 816 760 audierit
843 703 1076 771 loquetur
1097 740 1113 766 ,
1143 709 1189 754 et
1232 703 1412 771 futura
1441 696 1761 751 annuntiabit
1789 696 1948 750 vobis.
1991 694 2094 748 Ille
2122 708 2202 748 me

594 795 992 866 honoriﬁcabit;
1022 792 1265 860 quoniam
1291 795 1356 846 de
1386 807 1498 845 meo
1533 791 1770 858 accipiet,
1808 801 1852 844 et
1875 785 2201 843 annuntiabit

593 889 752 943 vobis.
813 885 1003 940 Omnia
1046 899 1378 955 quaecumque
1425 881 1576 936 habet
1631 881 1822 946 Pater,
1878 896 1990 935 mea
2037 888 2200 933 sunt:

595 989 867 1053 propterea
890 979 1000 1033 dixi
1026 1018 1040 1039 .
1073 976 1149 1031 De
1179 993 1290 1031 meo
1315 976 1568 1044 accipiet,
1615 984 1662 1030 et
1696 973 2020 1028 aununtiabit
2063 971 2200 1026 vobis

592 1075 774 1145 (Joan.
795 1088 902 1135 xvr,
935 1072 1024 1142 ﬂ,
1057 1069 1241 1142 seqq.).
1276 1071 1314 1125 A
1348 1067 1485 1124 Filio
1515 1069 1672 1138 igitur
1698 1067 1914 1136 accipit,
1938 1066 2030 1137 qui
2051 1075 2105 1121 et
2132 1063 2200 1119 ab

593 1185 662 1225 eo
691 1169 942 1231 mittitur,
975 1176 1028 1220 et
1049 1181 1078 1218 a
1104 1164 1260 1218 Patre
1291 1163 1551 1234 procedit.
1583 1162 1651 1216 Et
1681 1162 1978 1230 interrogo,
2007 1169 2187 1214 utrum

593 1262 645 1318 id
676 1262 850 1331 ipsum
876 1261 948 1313 sit
973 1273 1001 1312 a
1029 1257 1172 1313 Filio
1199 1257 1448 1326 accipere
1475 1296 1488 1318 ,
1541 1253 1687 1324 quod
1729 1268 1756 1306 a
1798 1253 1958 1308 Patro
2010 1266 2200 1321 proce-

591 1358 745 1413 dere.
802 1355 956 1424 Quod
1003 1354 1047 1408 si
1090 1354 1166 1421 (b)
1204 1351 1426 1407 diﬁ'erre
1475 1350 1730 1404 credetur
1776 1349 1916 1402 inter
1950 1347 2200 1416 accipere

592 1465 623 1505 a
655 1448 798 1506 Filio
819 1489 834 1515 ,
866 1456 922 1502 et
949 1463 978 1501 a
1006 1445 1167 1501 Patre
1201 1443 1536 1513 procedere;
1569 1449 1717 1496 certe
1749 1439 1800 1494 id
1834 1441 2005 1510 ipsum
2037 1445 2199 1506 atque

593 1558 762 1599 unum
791 1555 914 1596 esse
940 1537 1374 1602 existimabitur,
1402 1552 1431 1590 a
1460 1535 1600 1592 Filio
1629 1534 1878 1602 accipere
1902 1573 1918 1598 ,
1951 1530 2025 1604 (c)
2056 1530 2198 1602 quod

593 1636 667 1690 sit
709 1634 961 1704 accipere
987 1647 1014 1686 a
1045 1631 1224 1686 Patre.
1277 1627 1400 1698 Ipse
1427 1628 1574 1683 enim
1603 1625 1865 1681 Dominus
1897 1625 2002 1679 ait:
2052 1624 2196 1692 Quo-

594 1727 734 1781 niam
755 1725 820 1779 de
847 1741 958 1778 meo
981 1723 1219 1793 accipiet,
1250 1731 1296 1776 et
1317 1719 1642 1775 annuntiabit
1663 1718 1822 1772 vobis.
1848 1716 2036 1770 Omnia
2060 1732 2198 1783 qua:-

2306 691 2679 762 intelligentiae
2725 690 3028 746 libertatem
3087 689 3342 744 haeretica
3403 690 3732 758 perversitas
3779 700 3905 746 est:

2304 795 2362 840 ut
2385 785 2589 840 dictum
2623 784 2724 839 hoc
2753 782 2987 849 Domini,
3019 782 3161 850 quod
3191 782 3315 851 quia
3357 781 3538 835 omnia
3565 797 3687 850 qua:
3723 781 3906 837 Patris

2303 890 2448 946 sunt,
2494 893 2590 934 sua
2620 886 2749 932 sunt
2767 917 2782 942 ,
2823 877 3026 932 idcirco
3053 891 3081 929 a
3109 889 3168 931 se
3193 875 3425 944 accipiet
3452 873 3684 943 Spiritus
3709 876 3910 930 verita-

2303 973 2410 1033 tis.
2463 986 2570 1027 non
2614 971 2681 1026 ad
2732 969 2994 1026 unitatem
3035 968 3361 1025 conﬁteatur
3407 965 3754 1022 referendum
3781 982 3906 1024 esse

2302 1075 2526 1121 naturae.

2372 1162 2463 1217 21.
2519 1161 2614 1216 Dei
2657 1171 2702 1216 et
2740 1160 2935 1216 Christi
2962 1176 3093 1214 unus
3133 1168 3208 1214 est
3251 1158 3500 1230 Spiritus.
3527 1189 3600 1202 -—
3626 1158 3908 1229 Loquatur

2299 1255 2444 1311 enim
2475 1253 2564 1308 ille
2590 1295 2603 1320 ,
2633 1253 2724 1324 qui
2756 1254 3039 1309 electionis
3063 1262 3150 1308 est
3179 1267 3272 1306 vas
3303 1263 3357 1307 et
3401 1251 3642 1321 gentium
3674 1251 3902 1315 doctor,

2300 1345 2596 1402 secundum
2629 1347 2871 1401 veritatis
2917 1345 3329 1416 intelligentiam
3362 1345 3467 1400 ﬁde
3496 1345 3755 1400 Romana:
3785 1344 3904 1414 plc-

2301 1441 2384 1499 bis
2426 1450 2552 1496 ante
2601 1439 2832 1494 laudata.
2883 1439 3084 1496 Valens
3130 1439 3276 1495 enim
3320 1451 3529 1495 naturte
3559 1440 3816 1494 unitatem
3848 1440 3903 1494 in

2301 1534 2462 1590 Patre
2492 1542 2546 1588 et
2569 1533 2707 1589 Filio
2744 1532 2960 1600 docere,
2986 1534 3055 1586 ita
3080 1531 3155 1587 ait
3187 1533 3365 1603 (Rom.
3413 1548 3532 1599 νιιι,
3585 1532 3640 1599 9,
3695 1532 3858 1603 seqq.)
3883 1548 3905 1589 .'

2310 1623 2413 1679 Vos
2441 1633 2608 1680 autent
2631 1641 2731 1679 non
2755 1626 2874 1680 estis
2902 1627 2956 1679 in
2983 1641 3138 1680 carne
3163 1666 3177 1690 ,
3213 1624 3303 1678 sed
3329 1626 3381 1678 in
3421 1623 3626 1694 Spiritu
3654 1623 3730 1694 (5)
3764 1623 3831 1694 (ί)
3859 1624 3906 1678 si

2301 1717 2507 1788 quidem
2539 1717 2770 1785 Spiritus
2795 1716 2892 1771 Dei
2905 1717 2959 1771 in
2973 1717 3111 1771 vobis
3133 1725 3224 1771 est.
3253 1717 3312 1772 Si
3329 1717 3442 1787 quis
3457 1726 3627 1770 autent
3646 1716 3902 1785 Spiritum

594 1836 809 1889 cumque
835 1818 985 1873 habet
1014 1816 1189 1881 Pater,
1212 1829 1326 1870 mea
1353 1822 1472 1869 sunt
1495 1829 1512 1868 :
1541 1819 1808 1884 propterea
1830 1808 1958 1874 dimi,
1985 1806 2064 1862 De
2089 1824 2198 1863 meo
2228 1798 2274 1860 Β
2303 1807 2495 1864 Citriin
2527 1825 2628 1864 non
2651 1809 2819 1875 habet,
2850 1809 2932 1862 hic
2950 1825 3054 1863 non
3072 1817 3144 1863 est
3171 1813 3302 1882 ejus.
3324 1808 3387 1864 Si
3407 1819 3576 1863 autem
3597 1807 3828 1864 Christus
3849 1809 3902 1862 in

593 1915 812 1982 accipiet
839 1955 852 1980 ,
893 1921 940 1967 et
985 1907 1311 1964 annuntiabit
1339 1906 1477 1961 vobis
1507 1905 1526 1976 (
1554 1904 1692 1959 Ibid.
1727 1901 1794 1958 14
1821 1912 1870 1957 et
1898 1901 2028 1974 15).
2086 1901 2199 1958 Hoc

593 2004 738 2077 quod
791 2004 1019 2072 accipiet
1067 1999 1219 2070 (sive
1262 2007 1501 2070 potestas
1541 2007 1622 2052 est
1648 2037 1663 2062 ,
1697 1998 1811 2050 sive
1841 1996 2012 2049 virtus
2038 2036 2052 2059 ,
2085 1995 2200 2050 sive

598 2097 847 2153 doctrina
873 2095 1001 2164 est),
1034 2092 1202 2150 Filius
1232 2106 1260 2144 a
1289 2105 1350 2147 se
1378 2087 1752 2159 accipiendum
1781 2101 1904 2142 esse
1932 2086 2067 2140 dixit
2091 2103 2104 2140 :
2145 2095 2201 2142 et

597 2201 812 2242 rursum
859 2184 960 2240 hoc
999 2183 1176 2254 ipsum
1225 2180 1496 2252 signiﬁcat
1533 2177 1907 2248 accipiendum
1953 2192 2075 2233 esse
2132 2177 2200 2234 de

597 2279 784 2336 Patre.
831 2275 966 2332 Cum
993 2276 1138 2332 enim
1171 2273 1285 2339 ait,
1318 2272 1498 2328 omnia
1529 2284 1884 2341 quaecumque
1910 2268 2072 2324 habet
2099 2269 2196 2324 Pa-

598 2382 681 2428 ter
709 2413 725 2435 ,
750 2387 843 2428 sua
870 2385 997 2428 esse
1019 2409 1036 2435 ,
1081 2378 1139 2426 et
1159 2367 1364 2423 idcirco
1393 2364 1599 2422 dixisse
1627 2379 1686 2420 se
1709 2364 1775 2419 de
1803 2377 1902 2420 suo
1931 2362 2200 2433 accipien-

595 2467 724 2524 dum
754 2481 906 2522 esse:
947 2463 1110 2520 docet
1137 2461 1300 2516 etiam
1326 2475 1355 2514 a
1385 2459 1544 2514 Patre
1577 2455 1890 2528 accipienda
1917 2498 1933 2524 ,
1975 2471 2004 2511 a
2034 2471 2094 2512 se
2121 2465 2200 2510 ta-

598 2576 724 2618 men
751 2557 962 2629 accipi;
1008 2557 1132 2627 quia
1162 2555 1342 2610 omnia
1370 2569 1490 2623 qua:
1519 2553 1693 2608 Patris
1723 2560 1845 2606 sunt
1873 2589 1889 2618 ,
1935 2564 2031 2604 sua
2068 2551 2196 2604 sint.

595 2652 713 2708 Non
748 2651 912 2706 habet
933 2651 1050 2706 haec
1078 2649 1258 2703 unitas
1279 2645 1684 2702 diversitatem:
1714 2657 1816 2698 nec
1837 2640 2017 2698 diﬁ'ert
2039 2657 2070 2696 a
2091 2657 2199 2712 quo

594 2756 880 2818 acceptum
913 2745 1026 2810 sit,
1052 2741 1194 2812 quod
1225 2740 1412 2796 datum
1437 2753 1466 2792 a
1494 2737 1652 2794 Patre
1673 2777 1688 2804 ,
1719 2735 1903 2792 datum
1935 2734 2200 2820 referatur

599 2855 627 2894 a
659 2839 822 2895 Filio.
871 2835 1139 2904 Numquid
1170 2843 1226 2890 et
1252 2833 1342 2888 hic
1379 2831 1675 2887 voluntatis
1704 2831 1881 2886 unitas
1909 2829 2200 2885 alleretur?

597 2933 790 2990 Omnia
835 2947 954 3000 qua:
987 2929 1151 2984 habet
1182 2927 1379 2992 Pater,
1411 2925 1533 2980 Filii
1559 2933 1718 2980 sunt:
1763 2931 1818 2978 et
1859 2924 2039 2978 omnia
2078 2938 2199 2993 qua:

607 3025 730 3084 Filii
757 3025 924 3097 328
949 3032 1093 3086 sunt,
1123 3020 1299 3076 Patris
1326 3029 1474 3075 sunt.
1504 3017 1624 3088 Ipse
1651 3017 1796 3072 enim
1826 3016 1900 3072 ait
1926 3034 1938 3069 :
1992 3014 2058 3074 Et
2090 3033 2199 3070 utea

597 3119 773 3174 omnia
794 3128 886 3172 tua
906 3124 1049 3180 sunt,
1082 3124 1129 3170 et
1159 3123 1246 3168 tua
1266 3129 1380 3168 mea
1407 3110 1589 3184 (Joatt.
1622 3126 1752 3176 xvlt,
1790 3111 1901 3178 lli).
1950 3109 2197 3165 Nondum

2302 1901 2440 1956 vobis
2461 1910 2555 1966 est,
2585 1917 2768 1972 corpus
2795 1900 3000 1970 quidem
3016 1911 3273 1954 mortuum
3301 1910 3374 1954 est
3398 1900 3477 1975 (θ)
3503 1918 3593 1970 per
3609 1909 3897 1968 peccatum,

2301 1985 2511 2064 spiritus
2538 2001 2708 2046 autem
2733 1994 2837 2046 vita
2865 2003 2937 2047 est
2963 1992 3039 2063 (4)
3065 2009 3155 2062 per
3165 1993 3442 2066 justitiam.
3489 1993 3550 2048 Si
3581 2004 3750 2048 autem
3776 1993 3904 2063 Spi-

2300 2089 2430 2144 ritus
2442 2092 2576 2161 ejus,
2589 2089 2676 2157 qui
2690 2087 2951 2142 suscitavit
2965 2085 3432 2154 Jesumamortuis,
3453 2088 3643 2143 habitat
3662 2089 3711 2142 in
3726 2090 3899 2156 vobis;

2299 2181 2390 2252 qui
2401 2181 2663 2236 suscitavit
2679 2179 2755 2249 (h)
2765 2180 3018 2235 Christum
3031 2197 3062 2234 a
3075 2182 3306 2244 mortuis,
3321 2182 3595 2252 viviﬁcabit
3605 2192 3653 2236 et
3665 2185 3902 2238 mortalia

2298 2290 2519 2344 corpora
2547 2283 2714 2330 uestra
2733 2285 2942 2346 prapter
2961 2273 3127 2346 229
3148 2273 3400 2343 Spiritum
3415 2291 3588 2344 suum,
3607 2277 3692 2342 qui
3707 2277 3901 2332 habitat

2300 2369 2355 2422 in
2385 2367 2544 2421 vobis.
2599 2365 2881 2436 Spiritales
2922 2381 3114 2422 omnes
3152 2382 3342 2423 sumus
3367 2407 3383 2434 ,
3430 2369 3476 2423 si
3524 2369 3577 2423 in
3625 2371 3780 2426 nobis
3817 2379 3901 2426 est

2300 2458 2538 2530 Spiritus
2566 2457 2685 2514 Dei.
2735 2458 2840 2514 Sed
2872 2458 2959 2514 hic
3001 2458 3236 2530 Spiritus
3284 2460 3419 2527 Dei,
3459 2459 3526 2531 (i)
3575 2471 3630 2518 et
3669 2460 3899 2532 Spiritus

2299 2549 2498 2608 Christi
2524 2560 2625 2607 est.
2680 2553 2743 2606 Et
2773 2568 2895 2608 cum
2932 2553 3132 2608 Christi
3165 2553 3398 2624 Spiritus
3432 2554 3503 2631 (λ)
3539 2557 3590 2610 iu
3623 2555 3780 2612 nobis
3808 2559 3897 2623 sit,

2300 2644 2419 2713 ejus
2451 2654 2631 2698 tamen
2656 2643 2891 2713 Spiritus
2916 2645 2968 2700 in
2998 2644 3155 2700 nobis
3179 2656 3264 2702 est
3287 2688 3303 2714 ,
3350 2648 3440 2717 qui
3471 2647 3747 2706 Christum
3773 2665 3898 2706 sus-

2299 2733 2486 2790 citavit
2510 2750 2539 2790 a
2567 2736 2794 2792 mortuis
2822 2755 2835 2792 :
2871 2747 2927 2792 et
2952 2738 3040 2807 qui
3069 2739 3350 2794 suscitavit
3393 2739 3665 2796 Christum
3697 2756 3727 2795 a
3758 2757 3902 2797 mor-

2303 2829 2448 2896 tuis,
2516 2844 2741 2900 corpora
2807 2845 3021 2901 quoque
3071 2841 3253 2886 nostra
3301 2833 3547 2888 mortalia
3609 2835 3901 2890 viviﬁcabit

2300 2933 2520 2995 promer
2565 2923 2894 2980 habitantem
2951 2925 3207 2993 Spiritum
3257 2926 3375 2996 ejus
3420 2927 3472 2982 in
3527 2929 3700 2984 nobis.
3755 2928 3900 2984 Vivi-

2302 3019 2526 3074 ﬁcamur
2551 3035 2680 3090 ergo
2705 3059 2720 3086 ,
2756 3031 2976 3090 propter
3005 3021 3336 3077 habitantem
3369 3023 3422 3078 in
3454 3024 3608 3079 nobis
3640 3023 3898 3093 Spiritum

2304 3109 2528 3178 Christi,
2564 3127 2659 3181 per
2687 3127 2810 3167 eum
2835 3112 2924 3183 qui
2952 3110 3227 3168 Christum
3260 3117 3543 3171 suscitavit
3587 3132 3618 3172 a
3647 3120 3896 3173 mortuis.

597 3211 706 3266 loci
737 3218 822 3267 est
849 3251 864 3275 ,
897 3217 958 3264 ut
990 3209 1357 3263 demonstrem
1386 3246 1402 3272 .
1435 3219 1533 3260 cur
1562 3204 1635 3259 ita
1660 3203 1890 3258 dixerit:
1942 3203 2196 3270 Quoniam
2228 3186 2274 3252 Ο
2308 3203 2375 3258 Ει
2405 3219 2526 3259 cum
2554 3207 2672 3274 ejus
2700 3245 2715 3270 ,
2747 3204 2835 3274 qui
2862 3205 3142 3261 suscitavit
3167 3205 3440 3264 Christum
3469 3224 3497 3263 a
3530 3211 3758 3265 mortuis
3782 3253 3796 3277 ,
3848 3214 3900 3266 in

597 3303 663 3358 de
684 3318 794 3357 meo
819 3300 1068 3370 accipiet:
1102 3298 1262 3353 luturi
1291 3296 1435 3353 enim
1469 3295 1731 3364 temporis
1753 3295 2074 3365 signiﬁcatio
2091 3305 2194 3360 est,

597 3397 686 3452 ubi
710 3397 1031 3466 accepturus
1061 3391 1384 3449 ostenditur.
1440 3390 1593 3446 Nunc
1624 3399 1772 3446 certe
1813 3389 1936 3446 ideo
1961 3404 1990 3444 a
2015 3392 2076 3446 se
2105 3404 2193 3446 ac-

599 3499 883 3560 cepturum
912 3487 1006 3546 ait.
1037 3486 1162 3555 quia
1192 3485 1373 3540 omnia
1404 3483 1580 3538 Patris
1601 3496 1694 3537 sua
1727 3491 1930 3538 essent.
1979 3480 2199 3536 Disseca

602 3593 808 3639 natura;
842 3580 1000 3649 hujus
1027 3620 1042 3642 ,
1071 3576 1117 3632 si
1149 3586 1325 3647 potes,
1349 3575 1613 3630 unitatem
1639 3591 1650 3627 :
1695 3582 1750 3628 et
1774 3573 2009 3642 aliquam
2036 3573 2198 3628 dissi-

598 3676 924 3734 militudinis
957 3673 1094 3731 infer
1125 3672 1502 3728 necessitatem
1531 3711 1544 3734 ,
1577 3685 1672 3739 per
1702 3683 1861 3738 quam
1895 3667 2060 3724 Filius
2091 3686 2197 3728 non

597 3771 668 3826 sit
697 3769 751 3824 in
785 3769 989 3824 unitate
1020 3775 1252 3824 naturte.
1306 3765 1343 3818 Α
1376 3763 1535 3818 Patre
1560 3762 1702 3816 enim
1738 3759 1983 3830 procedit
2029 3759 2199 3829 Spiri-

605 3873 692 3919 tus
718 3861 961 3918 veritatis
987 3879 999 3915 :
1027 3859 1121 3916 sed
1151 3859 1233 3928 (d)
1260 3874 1288 3914 a
1310 3857 1452 3914 Filio
1476 3871 1504 3912 a
1538 3855 1696 3910 Patre
1728 3854 1973 3912 mittitur.
2006 3853 2198 3910 Omnia

597 3975 716 4028 qua:
749 3959 922 4013 Patris
950 3964 1076 4013 sunt
1101 3997 1115 4019 .
1150 3953 1274 4009 Filii
1304 3963 1464 4008 sunt:
1505 3961 1559 4006 ct
1587 3951 1786 4006 idcirco
1816 3949 2075 4021 quidquid
2103 3967 2196 4007 ac-

596 4050 795 4116 cipiet,
842 4064 873 4103 a
915 4046 1055 4103 Filio
1077 4045 1160 4118 (2)
1192 4045 1259 4115 (ε)
1289 4044 1516 4114 accipiet
1558 4043 1648 4098 ille
1681 4043 1976 4099 mittendus
2001 4085 2015 4110 ,
2073 4045 2196 4112 quia

598 4140 718 4196 Filii
769 4150 894 4194 sunt
939 4138 1191 4193 universa
1218 4152 1337 4206 qua:
1365 4136 1545 4192 Patris
1573 4144 1720 4190 sunt.
1771 4135 1972 4192 Natura
2015 4136 2198 4211 itaque

597 4235 652 4290 in
682 4234 934 4289 omnibus
965 4242 1109 4287 tenet
1135 4245 1283 4285 suam
1317 4231 1491 4299 legem
1520 4270 1535 4296 ,
1580 4240 1633 4283 et
1663 4228 1806 4300 quod
1841 4246 2006 4284 unum
2037 4231 2197 4286 ambo

596 4338 764 4393 sunt,
816 4326 1060 4396 ejusdem
1086 4325 1136 4383 in
1171 4334 1400 4394 utroque
1429 4338 1525 4393 per
1548 4323 1956 4394 generationem
2006 4325 2200 4380 nativi-

669 4465 748 4538 (I)
783 4465 847 4524 In
871 4468 1008 4538 omni
1034 4465 1257 4524 ueritate.
1287 4464 1430 4531 Mox,
1462 4465 1705 4535 loquitur.
1745 4465 1959 4535 Poﬂea,
1992 4485 2200 4524 annuu-

597 4537 739 4596 tiabit
765 4544 882 4596 sine
906 4537 1064 4594 uobis.

670 4611 751 4685 (‘2)
775 4612 995 4681 Accipit.

2305 3298 2461 3354 nobis
2487 3305 2570 3352 est
2593 3298 2825 3368 Spiritus
2848 3315 2861 3365 ;
2887 3311 2940 3354 et
2968 3299 3201 3369 Spiritus
3232 3301 3310 3372 (Ιι)
3349 3313 3528 3358 tamen
3558 3305 3611 3358 in
3645 3305 3797 3360 nobis
3820 3316 3904 3360 est

2304 3392 2525 3457 Christi,
2558 3409 2656 3448 nec
2681 3403 2858 3448 tamen
2882 3409 2986 3448 non
3017 3393 3111 3448 Dei
3139 3404 3222 3450 est
3243 3396 3476 3465 Spiritus
3497 3439 3511 3463 ,
3541 3397 3628 3466 qui
3662 3397 3716 3452 iu
3747 3398 3903 3452 nobis

2304 3495 2405 3542 est.
2458 3486 2714 3542 Discerne
2752 3487 2912 3556 igitur
2935 3528 2950 3552 ,
2983 3502 3016 3541 ο
3047 3487 3296 3542 Ιιτιξιειίρθ
3319 3530 3334 3554 ,
3388 3488 3648 3558 Spiritnnt
3697 3491 3899 3547 Christi

2306 3595 2334 3632 a
2361 3579 2560 3649 Spiritu
2589 3579 2682 3634 Dei
2709 3624 2724 3649 ,
2768 3589 2827 3637 et
2851 3581 3072 3637 excitati
3102 3595 3132 3636 a
3161 3583 3388 3638 mortuis
3413 3583 3673 3654 Spiritum
3703 3586 3902 3642 Christi

2303 3672 2372 3730 ab
2404 3673 2606 3744 Spiritu
2634 3674 2728 3730 Dei
2760 3673 3035 3730 Christum
3079 3691 3108 3729 a
3153 3676 3380 3731 mortuis
3409 3678 3730 3744 excitantis;
3782 3695 3902 3735 cum

2303 3767 2619 3823 inhabitans
2649 3768 2704 3824 in
2734 3768 2890 3824 nobis
2919 3769 3152 3838 Spiritus
3174 3768 3397 3834 Christi,
3431 3771 3661 3841 Spiritus
3685 3773 3777 3827 Dei
3801 3773 3900 3839 sit;

2301 3869 2355 3917 et
2386 3877 2506 3916 cum
2536 3861 2766 3930 Spiritus
2797 3861 2995 3918 Christi
3030 3878 3058 3916 a
3093 3864 3319 3918 mortuis
3353 3865 3570 3920 excitati
3603 3909 3616 3930 ,
3669 3865 3903 3937 Spiritus

2302 3960 2480 4008 tamen
2508 3952 2604 4007 Dei
2633 3953 2703 4008 sit
2732 3952 3004 4009 Christum
3037 3970 3064 4008 a
3095 3956 3324 4010 mortuis
3351 3958 3656 4014 excitantis.

2372 4045 2463 4102 22.
2492 4045 2719 4117 Spiritus
2757 4045 2854 4102 Dei
2881 4065 2950 4102 an
3000 4060 3209 4115 natura,
3255 4068 3324 4104 an
3368 4068 3449 4105 res
3479 4063 3700 4108 natum.
3727 4083 3797 4095 -—
3836 4053 3904 4110 Et

2304 4154 2489 4210 quer
2518 4154 2658 4193 nunc
2687 4140 2738 4193 in
2768 4137 2971 4207 Spiritu
3033 4142 3124 4196 Dei
3173 4150 3349 4197 utrum
3399 4153 3668 4210 naturam,
3695 4161 3760 4200 an
3789 4162 3900 4200 rem

2303 4243 2510 4287 naturm
2534 4232 2884 4303 signiﬁcatam
2909 4233 3211 4288 existimes.
3243 4233 3359 4289 Non
3390 4235 3529 4289 idem
3549 4245 3630 4290 est
3655 4236 3718 4308 (l)
3759 4237 3900 4293 enim

2308 4337 2524 4396 natura,
2548 4328 2690 4398 quod
2714 4337 2921 4383 natum
2952 4343 3040 4384 res
3065 4347 3080 4383 :
3107 4329 3266 4385 sicuti
3296 4345 3401 4386 non
3429 4329 3569 4388 idem
3593 4341 3680 4388 est
3718 4331 3900 4398 homo,

2381 4471 2461 4541 (ὅ)
2494 4470 2555 4526 Si
2596 4471 2800 4543 quidem
2830 4471 3058 4541 Spiritus
3100 4469 3195 4525 Dei
3234 4470 3427 4526 habitat
3457 4472 3510 4527 in
3547 4471 3687 4528 vobis
3708 4513 3724 4540 ,
3752 4472 3904 4543 juxta

2307 4557 2544 4612 grmrum
2578 4552 2803 4597 textum.

2375 4613 2456 4687 (4)
2493 4611 2710 4685 PrOpter
2722 4613 3171 4685 justi/icationem.

667 4749 742 4823 (a)
769 4748 1025 4832 lta_j_uxta
1053 4760 1286 4832 gressum
1318 4741 1786 4832 codex..Vat.lbas.
1813 4756 1942 4824 cum
1968 4741 2190 4832 .biartin.
2224 4743 2274 4804 D
2372 4743 2446 4832 (ς)
2474 4745 2604 4832 Μξε.
2637 4744 2843 4832 accipit“.

599 4813 833 4882 caneris,
851 4813 949 4873 lib.
977 4835 1035 4881 ιι,
1056 4813 1122 4872 it.
1155 4818 1248 4882 '53,
1279 4815 1742 4871 consentientibus
1770 4832 1782 4867 :
1813 4814 1864 4868 in
1892 4813 2087 4886 quibus
2117 4825 2195 4869 ta-

597 4910 720 4950 men
753 4893 837 4945 bic
866 4900 1042 4946 exstat
1067 4891 1120 4942 in
1143 4887 1282 4942 omni
1312 4887 1538 4941 veritate.

667 4963 744 5037 (b)
774 4959 1127 5037 lu‘vulgatis,
1171 4956 1301 5037 nihil
1332 4955 1558 5037 differre.
1607 4955 1830 5037 Decrius
1870 4955 2024 5037 abest
2064 4955 2196 5013 nihil

596 5051 628 5092 ε
659 5027 790 5090 ιίιζε.
824 5027 1151 5089 (ἷιιιιέθιιίιιιι
1178 5029 1500 5084 adversariis
1531 5027 1787 5100 quidquid
1815 5028 2099 5093 voluerint,
2139 5039 2196 5084 ut

599 5106 988 5164 iuviucihiliter
1010 5103 1377 5160 revincantur.

664 5179 742 5302 (ξ)
775 5178 904 5233 Mss.
935 5178 1050 5231 bas.
1087 5174 1232 5240 ναι..
1261 5170 1498 5236 Martin.,
1527 5169 1688 5227 Caro.
1718 5171 1916 5242 aliique
1938 5214 1952 5237 ,
1976 5171 2112 5240 quod
2133 5173 2199 5227 sit

711 5259 817 5302 atre
845 5247 1130 5302 procedere.
1197 5244 1493 5300 Retineuda
1536 5245 1696 5299 lectio
1732 5244 1941 5302 vulaata
1969 5283 1984 5302 .
2030 5261 2190 5302 quam

598 5268 631 5305 a
664 5244 817 5302 Patre
845 5247 1130 5318 procedere.
1197 5244 1493 5318 Retineuda
1536 5245 1696 5318 lectio
1732 5244 1941 5313 vulgata
1969 5283 1984 5309 ,
2030 5261 2190 5314 quam

598 5337 721 5377 cum
742 5316 947 5380 ontimo
975 5319 1127 5374 Colb.
1158 5316 1415 5370 exhibent
1445 5325 1493 5370 et
1527 5316 1708 5384 plures
1739 5330 1871 5370 mss.

672 5392 752 5462 (ά)
780 5392 834 5462 lu
863 5393 1112 5461 vulgatis,
1157 5406 1188 5462 a
1224 5387 1361 5442 Filio
1390 5388 1607 5462 mittitur
1636 5397 1681 5462 et
1709 5403 1753 5462 a_
1776 5385 2051 5462 Patr_e_._ln
2085 5405 2187 5462 ms.

605 5457 899 5525 bas.'Vat..
928 5457 1038 5517 uno
1067 5461 1298 5516 Sorbon.
1349 5469 1398 5514 ct
1443 5460 1613 5514 altero
1643 5459 1796 5515 Colb.
1830 5476 1860 5512 a
1897 5457 2030 5513 Filio
2051 5460 2186 5515 acci-

601 5536 726 5606 piet.
757 5552 790 5588 a
817 5533 974 5589 Patre
1001 5533 1253 5606 mittitur;
1299 5531 1355 5586 lu
1382 5531 1592 5606 Martin.
1636 5527 1850 5606 a__Filio
1881 5531 2064 5606 accipit
2093 5544 2139 5606 et
2167 5547 2199 5584 ts

610 5600 773 5660 Patre
803 5607 1041 5660 mittitur.
1079 5605 1267 5660 Verius
1299 5606 1348 5656 in
1373 5604 1612 5671 pluribus
1639 5601 1783 5668 aliis,
1811 5619 1842 5656 α
1875 5600 2011 5656 Filio
2034 5621 2064 5656 a
2094 5600 2202 5658 Pas

613 5688 689 5731 tre
714 5678 969 5740 mittitur;
1005 5692 1126 5732 cum
1161 5676 1298 5730 baud
1328 5675 1488 5730 dubie
1516 5673 1838 5740 reSpiciatnr
1864 5673 2022 5735 illud.
2057 5691 2202 5738 quem

2373 4814 2441 4889 (Ῑ)
2473 4817 2588 4872 Lib.
2623 4832 2658 4871 ιι
2683 4833 2782 4889 ,ιι.
2813 4815 2882 4871 29
2909 4859 2923 4883 ,
2963 4833 3085 4873 cum
3136 4816 3379 4889 pluribus
3408 4831 3539 4873 mss.
3567 4826 3622 4874 et
3653 4817 3902 4874 omnibus

2299 4887 2429 4943 edit.
2461 4889 2652 4956 legitur
2674 4888 2716 4941 si
2745 4898 2935 4942 tamen.

2375 4960 2450 5033 (g)
2492 4959 2714 5034 Carnut.
2767 4960 2934 5016 codex
2966 5001 2983 5028 ,
3032 4971 3242 5034 ιιι-θρίω·
3288 4967 3598 5033 peccatum:
3629 4970 3684 5016 et
3730 4976 3853 5017 mox
3881 5003 3897 5030 ,

2303 5044 2509 5106 propter
2523 5033 2800 5106 justitiam.

2378 5101 2457 5176 (h)
2490 5101 2646 5166 liliiti.
2681 5103 2942 5176 suscitavit
2982 5102 3193 5160 Jesunt:
3239 5101 3624 5159 dissidentibus
3668 5119 3796 5176 mss.
3850 5111 3906 5159 tt

2301 5175 2480 5247 graeco
2513 5187 2658 5230 textu
2687 5218 2698 5234 .
2733 5188 2787 5229 ut
2808 5175 2918 5247 jam
2947 5187 3186 5230 notatum
3215 5176 3306 5228 lib.
3336 5191 3408 5240 ιι,
3451 5193 3504 5229 ιι.
3534 5175 3625 5231 29.
3671 5175 3791 5230 Mox
3845 5177 3896 5230 in

2297 5245 2624 5322 vetere_ms.
2659 5247 2811 5322 Coib.
2836 5245 3076 5322 spiritum
3105 5251 3240 5322 ejus,
3272 5262 3572 5322 norrsuum.

2372 5317 2437 5390 (i)
2490 5319 2608 5371 Par.
2667 5318 2754 5371 sed
2826 5318 2907 5372 hic
2969 5317 3218 5390 Spiriltts.
3271 5317 3458 5373 Melius
3511 5319 3602 5374 alii
3658 5318 3802 5386 libri,
3853 5328 3902 5372 et

2299 5388 2552 5463 Spiritus,
2585 5390 2736 5458 quasi
2765 5390 2898 5442 idem
2929 5407 3124 5463 quoque
3149 5389 3398 5463 Spiritus.

2337 5459 2449 5543 ξω)
2470 5459 2559 5543 Sic
2608 5475 2741 5516 mss.
2774 5463 2843 5516 At
2869 5459 3084 5529 excusi,
3117 5463 3169 5517 in
3216 5461 3360 5518 nobis
3383 5471 3482 5531 est,
3505 5464 3616 5536 ejus
3639 5471 3748 5517 tum
3783 5461 3910 5533 Spi-

2301 5539 2453 5594 ritus,
2487 5539 2590 5586 etc.

2386 5602 2465 5673 (Ις)
2492 5604 2725 5657 Rursum
2755 5601 2809 5658 in
2841 5605 2927 5660 hic
2949 5604 3164 5660 excusis
3192 5611 3298 5660 tum
3330 5621 3427 5674 pro
3455 5613 3626 5660 tamen
3659 5614 3798 5660 erat.

2394 5675 2455 5746 (ι)
2485 5675 2646 5728 Abest
2697 5674 2831 5746 enim
2858 5693 2885 5729 a
2944 5679 3330 5732 vetustioribus
3369 5693 3501 5734 mss.
3527 5676 3794 5745 Qua-ritur
3817 5675 3908 5732 hic

617 5764 710 5817 ego
739 5749 934 5803 mittam
963 5748 1098 5802 uobis
1129 5765 1157 5801 a
1199 5747 1379 5814 Patre.
1423 5747 1746 5819 Scrupulose
1791 5744 1926 5819 adeo
1957 5745 2211 5819 Hilarius
2312 5743 2488 5804 utrum
2514 5746 2743 5819 Spiritus
2770 5743 2868 5802 Dei
2898 5750 3117 5804 nomine
3144 5752 3411 5819 propriam
3433 5743 3608 5803 Patris
3634 5757 3906 5816 naturam,

617 5815 800 5876 omnia
825 5819 894 5874 de
919 5819 1122 5890 Spiritu
1153 5829 1338 5875 sancto
1361 5818 1525 5876 verba
1545 5815 1640 5875 sua
1655 5833 1684 5874 e
1705 5815 1998 5888 Scripturis
2021 5819 2210 5892 exigit.

2313 5834 2382 5878 au
2414 5833 2533 5876 rem
2588 5817 2730 5876 illius
2767 5821 2985 5892 quidem
3019 5817 3314 5896 propriam,
3340 5819 3438 5882 sed
3473 5819 3546 5876 ab
3580 5820 3700 5894 ipso
3727 5831 3910 5878 tamen
