4246 6260
322 315 447 371 253

1546 323 1632 380 DE
1670 320 2042 381 'I'RINI'I'A'I'F.
2083 325 2283 383 LIBER
2329 328 2456 385 VIII.
3524 336 3627 394 2.9;:

326 443 388 489 ct
437 433 581 503 quod
626 433 864 491 hominis
893 442 999 506 est,
1027 450 1130 494 nec
1184 436 1325 494 idem
1378 448 1462 496 est
1519 440 1676 513 ignis,
1715 441 1936 515 etquod
1966 444 2021 504 Λ
2043 442 2144 502 rali
2169 445 2351 517 modo,
2374 462 2494 503 cum
2522 446 2721 506 alicubi
2753 448 2900 518 insit,
2931 463 3036 505 non
3069 457 3123 507 et
3152 449 3347 523 ubique
3374 467 3494 507 esse
3517 470 3636 509 cre-

326 525 476 598 ignis
505 528 675 600 ipsius
697 537 811 585 est:
833 538 889 585 et
916 529 1211 586 secundum
1239 529 1343 588 hoc
1364 546 1470 588 non
1498 532 1638 589 idem
1668 543 1748 591 est
1770 534 1932 604 Deus,

326 626 390 674 et
416 620 560 693 quod
604 620 696 677 Dei
724 630 829 677 est.

404 714 498 769 23.
532 713 693 769 Modo
715 712 946 781 Patrem,
970 715 1122 772 modo
1141 717 1309 790 ﬁlium
1338 718 1690 791 signiﬁcat.—
1715 719 1932 777 Memini

326 808 479 865 enim
509 809 562 863 in
609 809 814 880 Spiritu
868 809 960 864 Dei
1009 810 1079 864 ita
1112 810 1279 866 tilium
1331 812 1423 867 Dei
1469 814 1778 884 significari,
1801 816 1933 870 utin

326 914 403 956 eo
429 900 503 972 (α)
536 901 678 958 Deus
728 911 882 972 pater
907 901 1313 959 demonstratus
1338 919 1459 961 esse
1498 905 1847 978 intelligatur,
1881 916 1935 963 et

329 993 404 1048 ad
434 994 676 1065 cujusvis
701 994 1221 1052 demonstrationem
1266 1012 1426 1068 posse
1452 998 1811 1070 signiﬁcatum
1839 999 1933 1056 Dei

327 1086 595 1158 Spiritum
630 1089 898 1159 pertinere
921 1106 935 1143 :
957 1104 1133 1160 neque
1152 1098 1355 1144 tantum
1385 1091 1486 1147 hoc
1509 1106 1574 1146 ex
1600 1091 1930 1162 prophetica,

329 1180 437 1238 sed
469 1198 534 1237 es
571 1182 875 1253 evangelica
906 1184 1229 1239 auctoritate
1277 1186 1589 1253 monstrari,
1645 1201 1765 1241 cum
1797 1185 1932 1241 dici-

325 1282 457 1330 tur:
479 1274 703 1348 Spiritus
720 1273 922 1330 Domini
936 1293 1093 1345 super
1112 1293 1214 1345 me,
1229 1287 1498 1348 propterea
1519 1281 1759 1334 unxitme
1776 1279 1928 1352 (Luc.

325 1365 561 1438 “,18);
590 1375 646 1422 et
673 1383 880 1423 rursum
911 1367 1152 1438 (Matth,
1187 1385 1282 1438 xu,
1312 1370 1403 1444 18)
1439 1388 1452 1426 :
1488 1370 1616 1426 Ecce
1646 1388 1772 1438 puer
1793 1389 1935 1428 meus

323 1476 478 1532 quem
495 1461 645 1532 elegi,
665 1460 877 1515 dilectus
895 1478 1033 1517 meus
1056 1464 1107 1517 in
1126 1480 1225 1535 quo
1251 1467 1559 1534 complacuit
1585 1467 1771 1522 animle
1788 1483 1928 1533 mete,

324 1569 520 1624 ponam
548 1568 701 1623 super
720 1567 834 1606 eum
865 1549 1115 1627 Spiritum
1139 1555 1303 1629 23o
1329 1574 1497 1611 meum
1520 1570 1611 1625 ;et
1633 1560 1749 1629 ipso
1779 1560 1847 1615 de
1874 1576 1934 1616 se

326 1645 560 1702 Domino
590 1654 826 1705 testante
855 1648 955 1705 :Si
997 1659 1165 1705 autem
1195 1652 1250 1706 in
1301 1650 1505 1721 Spiritu
1526 1649 1625 1709 Dei
1650 1671 1743 1726 ego
1781 1656 1934 1729 ejicio

325 1741 606 1808 dtemonia,
634 1741 810 1813 utique
832 1744 1156 1815 apprOpiavit
1193 1745 1246 1799 in
1276 1744 1415 1800 vobis
1442 1762 1654 1819 regnum
1679 1745 1773 1802 Dei
1798 1746 1930 1822 (1b.,

2039 537 2237 596 datur:
2266 555 2389 597 cum
2424 556 2521 612 per
2545 558 2639 599 sua
2689 541 2741 599 in
2792 545 3041 599 omnibus
3080 559 3202 603 esse
3244 562 3351 602 non
3380 545 3632 611 desinat;

2038 650 2145 689 non
2178 634 2320 693 aliud
2367 646 2545 691 autem
2596 636 2725 702 sint,
2772 652 2932 709 quam
2983 637 3125 710 quod
3178 645 3261 695 est
3306 639 3420 705 ipse
3448 682 3462 705 ,
3516 655 3635 713 qua:

2041 743 2136 782 sua
2165 736 2309 783 sunt.
2364 728 2430 787 Et
2456 728 2571 786 htec
2611 729 2826 801 quidem
2859 730 2925 787 ad
2974 741 3181 787 natura:
3226 733 3634 808 intelligentiam

2038 821 2178 877 dicta
2208 833 2352 880 sunt.

2106 915 2201 971 25.
2234 914 2301 971 In
2343 915 2545 989 Spiritu
2600 915 2699 972 Dei
2743 917 3065 990 signiﬁcatur
3091 915 3263 973 Pater.
3293 918 3629 994 Signiﬁcatur

2037 1007 2229 1064 Filius.
2263 1009 2602 1081 Signiﬁcatur
2648 1021 2695 1065 et
2742 1010 2970 1077 Spiritus
3009 1012 3372 1067 sanctus.—In
3421 1012 3625 1083 Spiritu

2038 1109 2218 1163 autem
2270 1104 2361 1159 Dei
2394 1102 2465 1175 (e)
2494 1115 2698 1174 patrem
2749 1103 2913 1160 Deum
2943 1104 3256 1175 signiﬁcari,
3282 1105 3353 1160 ita
3384 1109 3636 1162 existimo

2038 1197 2266 1270 intelligi
2309 1208 2582 1269 oportere,
2613 1197 2753 1270 quod
2807 1198 3065 1269 Spiritum
3105 1198 3316 1253 Domini
3364 1213 3528 1269 super
3575 1215 3635 1254 se

2036 1307 2157 1349 esse
2203 1291 2461 1347 Dominus
2496 1291 2657 1348 Jesus
2684 1292 2933 1348 Christus
2977 1291 3252 1364 professus
3294 1295 3384 1356 sit,
3415 1300 3635 1364 propter

2038 1381 2181 1455 quod
2213 1397 2336 1438 eum
2369 1392 2553 1453 ungat,
2582 1395 2635 1438 et
2667 1385 2841 1439 mittat
2882 1382 2949 1439 ad
3002 1382 3499 1455 evangelizandum.
3534 1383 3634 1438 Pa-

2040 1486 2205 1532 terna:
2233 1474 2376 1533 enim
2408 1487 2615 1531 natura:
2632 1476 2804 1532 virtus
2828 1478 2881 1533 in
2900 1494 2964 1534 eo
2989 1476 3398 1545 manifestatur;
3430 1486 3635 1534 naturte

2042 1585 2155 1626 suae
2182 1570 2620 1627 communionem
2673 1570 2724 1625 in
2759 1569 2897 1629 Filio
2926 1570 3084 1626 etiam
3115 1571 3184 1647 (ι’)
3218 1572 3271 1628 in
3314 1588 3479 1628 carne
3507 1582 3635 1628 nato

2038 1681 2135 1736 per
2157 1674 2550 1721 sacramentum
2578 1665 2841 1735 Spiritalis
2864 1666 3021 1735 hujus
3046 1666 3315 1721 unctionis
3343 1665 3635 1723 ostendens

2041 1756 2288 1832 (Matt/1.,
2316 1773 2395 1822 ut,
2426 1757 2542 1822 l7),
2576 1772 2696 1812 cum
2729 1765 2849 1828 post
2885 1759 3240 1813 consummati
3262 1758 3512 1829 baptismi
3543 1774 3638 1814 na-

326 1830 436 1904 28)
464 1850 479 1885 τ
505 1833 617 1888 hinc
636 1835 782 1889 enim
812 1834 1069 1891 Videntur
1097 1833 1170 1909 (lt)
1197 1852 1303 1892 ηοιι
1335 1837 1584 1910 ambigue
1606 1839 1688 1894 vel
1717 1840 1929 1896 Ρθιτειη
1962 1844 2010 1906 Β
2038 1830 2299 1906 tivitatcm
2321 1859 2429 1905 tum
2462 1851 2579 1906 lucc
2601 1847 2678 1923 (g)
2708 1864 2921 1922 quoque
2945 1850 3285 1921 proprietatis
3312 1851 3633 1922 signiﬁcatio

318 1927 652 1999 signiﬁcare,
691 1931 776 1984 vel
824 1928 1014 1999 lilium,
1071 1933 1321 1988 virtutem
1352 1941 1533 1990 tamen
1579 1944 1781 1991 natum
1812 1951 1928 1991 ma-

318 2020 637 2079 nifestantia
663 2021 767 2096 (1).

397 2114 490 2175 24.
515 2113 621 2170 Cur
646 2126 857 2188 uterque
907 2116 1075 2172 dictus
1104 2118 1170 2173 sit
1201 2116 1523 2191 Spiritus.-—
1555 2119 1800 2193 Namque
1843 2121 1927 2178 id-

315 2209 472 2264 circo
499 2208 698 2264 dictum
726 2210 985 2266 existimo
1011 2210 1066 2267 in
1096 2219 1321 2283 utroque
1348 2210 1419 2283 (c)
1446 2212 1674 2284 Spiritus
1707 2212 1832 2279 Dei,
1862 2228 1930 2269 ne

320 2303 623 2360 secundum
654 2307 969 2378 corporales
993 2306 1188 2363 modos
1219 2309 1288 2363 ita
1327 2310 1504 2365 inesse
1530 2308 1726 2364 Filium
1748 2308 1800 2363 in
1827 2309 1896 2366 Pa
1915 2341 1928 2352 ο

321 2399 411 2450 tre
437 2395 522 2451 vel
566 2395 782 2452 Patrem
812 2398 866 2452 in
895 2397 1035 2455 Filio
1065 2399 1409 2457 crederemus
1440 2419 1452 2455 :
1478 2401 1684 2457 scilicet
1714 2416 1781 2458 ne
1809 2402 1930 2457 loco

319 2488 473 2545 Deus
501 2504 743 2556 manens,
767 2507 1031 2565 nusquam
1053 2493 1183 2550 alibi
1203 2504 1419 2552 exstare
1438 2495 1712 2552 videretur
1732 2512 1760 2551 a
1784 2512 1925 2553 sese.

318 2580 505 2640 Bome
530 2583 700 2649 enim,
730 2594 826 2640 aut
852 2586 1055 2658 aliquid
1101 2587 1250 2644 aliud
1282 2589 1332 2644 ei
1362 2589 1559 2656 simile,
1583 2605 1705 2646 cum
1735 2591 1929 2647 alicubi

321 2677 456 2744 erit,
487 2684 665 2733 tamen
696 2678 823 2735 alibi
874 2694 979 2735 non
1028 2681 1175 2737 erit:
1209 2682 1335 2751 quia
1367 2681 1442 2746 id,
1473 2682 1616 2753 quod
1668 2692 1750 2738 est
1796 2684 1927 2754 illic,

319 2771 638 2826 continetur
664 2772 754 2827 ubi
805 2771 965 2828 fuerit
993 2789 1007 2841 ;
1036 2774 1117 2844 (ιι)
1150 2774 1363 2829 inllrma
1393 2773 1459 2830 ad
1485 2774 1536 2831 id
1569 2786 1758 2831 natura
1788 2776 1927 2847 ejus,

319 2872 389 2919 ut
417 2863 616 2935 ubique
642 2865 735 2931 sit,
763 2866 853 2936 qui
885 2865 1143 2921 insistens
1188 2866 1383 2923 alicubi
1440 2868 1531 2923 sit.
1586 2869 1723 2925 Deus
1748 2879 1928 2926 autem

320 2957 611 3014 immensa:
637 2959 851 3016 virtutis
876 2962 1063 3016 vivens
1100 2970 1359 3032 potestas.
1384 2978 1504 3035 qua;
1529 2978 1789 3035 nusquam
1823 2981 1928 3021 non

322 3049 487 3116 adsit,
519 3065 622 3107 nec
651 3049 791 3108 desit
818 3068 1067 3125 usquam,
1100 3068 1159 3110 se
1189 3070 1405 3111 omnem
1433 3070 1532 3127 per
1579 3070 1677 3111 sua
1714 3057 1928 3124 edocet,

320 3150 386 3198 et
411 3157 505 3197 sua
531 3160 635 3199 non
664 3144 807 3199 aliud
837 3161 999 3217 quam
1031 3161 1090 3201 se
1130 3161 1254 3202 esse
1295 3148 1562 3219 significat
1590 3165 1604 3202 :
1632 3146 1714 3222 (ἓ)
1744 3157 1803 3205 ιιι
1841 3150 1929 3207 ubi

2035 1944 2213 2000 audita
2241 1953 2345 2013 est,
2378 1958 2511 1999 voce
2542 1950 2775 1999 testante
2813 1942 2881 1998 de
2910 1943 3047 1999 coelo
3076 1961 3094 1998 :
3119 1941 3288 1999 Filius
3315 1959 3456 1998 meus
3480 1960 3531 1998 es
3557 1952 3633 2015 tu,

2035 2054 2126 2112 ego
2155 2036 2306 2091 hodie
2329 2035 2481 2107 genui
2511 2046 2557 2091 te
2586 2033 2703 2109 (Ps.
2726 2050 2786 2102 Il,
2810 2034 2889 2107 7).
2909 2033 3022 2089 Non
3050 2035 3191 2091 enim
3223 2034 3304 2089 Vel
3332 2034 3447 2105 ipse
3475 2050 3638 2101 snper

2033 2144 2093 2185 se
2124 2142 2267 2194 esse,
2298 2127 2378 2182 vel
2422 2126 2526 2182 sibi
2552 2126 2620 2182 de
2646 2126 2799 2183 caelis
2839 2126 3049 2189 adesse,
3075 2124 3161 2182 vel
3186 2127 3359 2199 ipsum
3388 2141 3445 2181 se
3473 2125 3633 2201 231

2032 2222 2446 2295 cognominasse
2465 2220 2566 2277 sibi
2596 2220 2759 2277 lilium
2785 2219 3167 2294 intelligendus
3194 2228 3276 2275 est
3300 2237 3313 2274 :
3345 2219 3443 2276 sed
3463 2222 3637 2276 omnis

2031 2314 2148 2370 haec
2174 2314 2294 2370 tidei
2341 2323 2541 2370 nostra:
2572 2311 2669 2369 fuit
2708 2314 3120 2380 demonstratio,
3155 2322 3212 2368 ut
3240 2312 3340 2368 sub
3373 2307 3636 2383 perfectae

2032 2424 2096 2463 ac
2125 2423 2267 2463 verte
2296 2405 2586 2462 nativitatis
2617 2415 2978 2473 sacramento,
3028 2405 3288 2460 unitatem
3322 2403 3401 2477 (It)
3428 2414 3636 2460 natura:

2032 2500 2300 2555 manentis
2324 2500 2375 2553 in
2408 2497 2564 2563 Filio,
2584 2499 2671 2570 qui
2696 2499 2858 2553 etiam
2883 2495 3047 2551 homo
3074 2511 3196 2552 esse
3218 2505 3481 2567 cmpcrat,
3510 2510 3639 2552 nos-

2032 2608 2304 2652 ceremus.
2331 2593 2398 2648 Et
2420 2592 2634 2648 Patrem
2659 2592 2875 2663 quidem
2927 2590 2978 2645 in
3013 2591 3107 2645 Dei
3132 2588 3338 2660 Spiritu
3367 2590 3439 2644 ita
3469 2589 3637 2660 signi-

2032 2687 2181 2743 llcari
2212 2694 2489 2758 repertum
2514 2695 2617 2740 est.
2659 2682 2853 2739 Filium
2888 2696 3016 2737 vero
3045 2681 3147 2736 hoc
3176 2680 3337 2735 modo
3382 2679 3636 2735 demons-

2034 2791 2232 2837 tratum
2282 2776 2665 2847 intelligimus,
2693 2788 2816 2830 cum
2861 2773 2991 2828 dicit
3032 2789 3045 2827 :
3081 2772 3234 2839 Quod
3275 2774 3321 2826 si
3349 2772 3405 2826 in
3432 2770 3636 2839 Spiritu

2033 2870 2132 2927 Dei
2152 2887 2244 2942 ego
2270 2868 2417 2939 ejicio
2441 2867 2717 2934 dmoues,
2749 2866 2926 2935 utique
2950 2864 3277 2939 appropiavit
3301 2863 3356 2918 in
3384 2862 3523 2918 vobis
3552 2878 3636 2917 re-

2032 2980 2191 3039 guunt
2225 2960 2363 3017 Dei:
2391 2974 2450 3015 se
2475 2960 2701 3023 scilicet,
2734 2957 2785 3012 id
2840 2967 2944 3023 est,
2975 2966 3182 3011 naturae
3230 2970 3341 3011 sua:
3370 2962 3635 3025 potestate

2033 3057 2307 3112 dmmones
2334 3054 2532 3126 ejicere
2560 3052 2963 3115 demonstrans,
2991 3052 3080 3121 qui
3112 3063 3218 3104 non
3251 3047 3352 3103 nisi
3386 3047 3629 3117 DeiSpi-

2032 3152 2137 3207 ritu
2181 3149 2303 3221 ejici
2357 3147 2585 3220 possint.
2637 3145 2944 3201 Estautem
2995 3154 3048 3199 et
3077 3142 3132 3199 in
3159 3141 3362 3213 Spiritu
3391 3140 3485 3195 Dei
3512 3139 3634 3211 Spi-

321 3248 423 3291 sua
454 3236 636 3304 insint,
668 3236 786 3307 ipse
828 3252 950 3295 esse
998 3239 1352 3313 intelligatur.
1388 3240 1502 3298 Non
1533 3250 1710 3300 autem
1737 3257 1931 3316 corpo-
1957 3236 2001 3300 C
2036 3244 2172 3300 ritus
2220 3240 2478 3313 paracleti
2533 3238 2895 3312 significatio;
2944 3251 3122 3308 neque
3167 3234 3341 3291 solum
3395 3231 3634 3308 prophe-

401 3400 484 3474 (ι)
525 3397 883 3471 Hanilestant.

319 3565 636 3623 distinctam
686 3561 863 3635 velint
888 3559 1205 3635 signiﬁcari.
1238 3560 1313 3617 Ita
1347 3560 1443 3615 lib.
1470 3577 1529 3630 tt,
1555 3577 1610 3619 n.
1640 3563 1728 3627 5‘2,
1754 3562 1927 3635 Spiri-

324 3650 419 3692 tus
449 3644 666 3695 sanctus
708 3649 738 3688 a
773 3631 1002 3689 Domino
1029 3631 1317 3704 distinctus
1346 3637 1599 3702 docetur,
1622 3635 1743 3704 quia
1786 3631 1925 3690 alius

320 3719 413 3762 est
440 3706 695 3777 Spiritus,
724 3704 863 3759 alius
893 3704 1047 3777 cuius
1076 3711 1157 3757 est
1185 3702 1439 3773 Spiritus.
1473 3706 1540 3759 At
1571 3702 1697 3759 vero
1720 3716 1926 3761 utrum-

320 3782 413 3833 vis
428 3773 834 3839 eligant,Pater
858 3784 912 3831 et
930 3773 1105 3830 Filius
1128 3778 1288 3830 unius
1300 3777 1659 3831 ostenduntur
1679 3787 1884 3833 natura:
1907 3795 1921 3833 :

317 3866 454 3907 cum
474 3845 670 3904 Christi
699 3847 981 3918 Patrisque
1006 3861 1145 3918 unus
1169 3857 1224 3901 et
1246 3845 1389 3905 idem
1412 3848 1482 3905 sit
1512 3848 1769 3915 Spiritus,
1798 3864 1924 3918 pro-

321 3922 563 3989 indeque
592 3927 779 3974 natura
809 3935 823 3980 ;
855 3929 910 3975 et
954 3917 1185 3987 Spiritus
1210 3932 1430 3974 sanctus
1457 3930 1511 3972 ut
1548 3920 1742 3982 Patris,
1773 3917 1840 3974 ita
1871 3932 1927 3975 et

320 3992 531 4047 Christi
555 3992 645 4054 sit,
676 3990 919 4055 adeotiue
935 4005 1023 4045 res
1046 3999 1253 4044 natura
1275 3991 1451 4057 unius,
1477 4005 1573 4045 seu
1590 4006 1775 4047 eorum
1796 4007 1927 4062 quo-

324 4080 451 4120 rum
480 4073 666 4117 natura
700 4077 802 4115 una
835 4063 924 4115 sit.

425 4135 481 4203 α)
508 4133 769 4191 Nimirum
790 4131 1061 4189 vocabulo
1088 4130 1317 4203 Spiritus
1344 4130 1463 4190 Dei.

430 4203 486 4273 li)
512 4203 785 4260 In'codice
831 4207 946 4258 bas.
988 4203 1105 4257 Vat.
1142 4204 1287 4257 nobis
1336 4219 1432 4272 pro
1478 4220 1601 4269 non,
1632 4218 1696 4259 ac
1743 4213 1929 4273 postea

325 4274 692 4332 cumh‘lartin.
722 4276 1055 4344 manifestam
1077 4289 1175 4343 pro
1201 4276 1589 4338 manifestautia
1612 4291 1632 4330 :
1660 4275 1817 4329 male.
1845 4274 1932 4331 In-

322 4351 539 4430 stituta:
570 4348 856 4430 quaestioni
890 4349 1132 4430 primum
1164 4345 1253 4430 hic
1298 4344 1536 4430 habetur.
1585 4360 1929 4430 rt‘sponsum,

321 4427 456 4492 puta
506 4416 741 4492 Spiritus
784 4418 1046 4492 vocabuli}
1096 4418 1270 4492 Patris
1313 4427 1364 4492 et
1417 4416 1539 4475 Filii
1573 4418 1847 4492 virtutem,
1878 4427 1932 4475 et

322 4488 571 4564 perinde
592 4498 833 4545 naturam
864 4488 1203 4564 significari__:_
1229 4488 1362 4553 Quia
1386 4498 1587 4564 natura!
1608 4488 1932 4564 virtuspraa-

323 4559 431 4619 stat
466 4562 751 4627 ueritatem,
781 4568 839 4616 ut
867 4561 1116 4632 legimus,
1149 4559 1243 4617 lib.
1277 4575 1334 4631 v,
1366 4576 1420 4613 n.
1461 4560 1516 4618 5.
1546 4559 1679 4632 Tum
1707 4561 1932 4632 subinde

324 4635 557 4707 docetur
586 4632 682 4689 Dei
733 4631 975 4707 naturam
1029 4632 1253 4707 spiritus
1285 4632 1502 4707 nomine
1548 4631 1672 4707 ideo
1714 4631 1929 4707 donari,

323 4705 454 4776 quia
496 4718 706 4762 summe
735 4704 962 4775 simplex
990 4694 1096 4773 esi,
1129 4711 1185 4760 et
1237 4718 1306 4761 ne
1335 4702 1403 4759 de
1432 4703 1544 4760 Deo
1589 4702 1655 4758 ad
1710 4694 1929 4758 modum
1956 4694 2012 4756 D
2036 4706 2137 4776 s_ita
2194 4713 2299 4760 est.
2346 4703 2416 4759 Se

324 4791 619 4847 corporum
652 4776 970 4847 cogitemus.

399 4870 479 4944 (c)
509 4870 586 4935 Ita
618 4884 749 4944 mss.
765 4867 983 4944 ωηιξη.
999 4864 1180 4944 C_olb.,
1201 4866 1413 4944 Germl,
1427 4881 1639 4944 necnon
1664 4866 1825 4925 Corb.
1844 4882 1933 4923 se-

321 4936 520 4999 cundis
549 4940 716 5005 curis.
748 4940 817 4997 At
843 4939 1069 5010 vulgati,
1098 4940 1336 5010 spiritum
1360 4936 1482 5010 Dei.

399 5014 485 5081 td)
515 5012 631 5069 Hoc
660 5022 763 5075 est,
797 5007 1091 5081 intpniente
1118 5007 1183 5067 ad
1224 5009 1274 5067 id
1307 5019 1365 5064 ut
1389 5007 1585 5081 ubique
1612 5008 1701 5067 sit.
1749 5007 1931 5078 Neque

321 5079 586 5145 audiendi
613 5079 949 5141 recentiores
979 5097 1109 5139 mss.
1141 5083 1193 5145 in
1222 5081 1416 5153 quibus
1440 5079 1690 5147 habetur,
1730 5089 1786 5139 ut
1820 5082 1933 5136 ubi-

321 5173 425 5227 que
450 5174 556 5215 non
583 5154 673 5215 sit.

398 5250 476 5319 (c)
506 5248 563 5303 Id
594 5257 702 5312 est,
726 5248 779 5302 in
811 5247 995 5319 verbis
1022 5244 1338 5319 Esaiaegtst,
1368 5245 1417 5311 l,
1444 5242 1587 5319 apud
1617 5242 1817 5300 Lucani
1839 5260 1929 5300 re-

324 5315 474 5385 latis,
508 5319 706 5390 quibus
746 5321 822 5374 ait
857 5318 1142 5384 Dominus,
1187 5315 1447 5390 Spiritum
1493 5316 1589 5372 Dei
1654 5331 1819 5390 super
1845 5330 1925 5385 se,

327 5386 566 5461 ideoque
589 5407 650 5445 se
694 5400 914 5461 unctum
946 5400 999 5445 et
1046 5390 1272 5461 missum
1302 5388 1387 5461 ad
1423 5386 1923 5461 evaugelizandum,

324 5460 553 5520 nomine
576 5462 811 5529 Spiritus
832 5460 930 5515 Dei
959 5470 1085 5531 puto
1100 5460 1393 5533 signiﬁcari
1422 5460 1592 5515 Deum
1620 5468 1853 5531 patrem.

396 5551 467 5625 (1‘)
496 5553 588 5609 Sic
640 5554 879 5625 potiores
937 5551 1219 5625 mss.Alii
1266 5567 1396 5625 vero
1446 5552 1585 5617 libri,
1639 5552 1924 5613 incuruata.

326 5624 503 5699 Paulo
523 5624 654 5681 ante
696 5625 750 5680 in
796 5641 898 5681 ms.
928 5624 1046 5680 Vat.
1080 5624 1195 5679 bas.
1226 5624 1545 5699 manifestari
1570 5624 1787 5699 videtur,
1816 5639 1923 5697 nou

324 5696 739 5773 manifestatur;
760 5706 811 5773 et
838 5703 962 5773 post
988 5710 1178 5766 pauca,
1203 5696 1776 5773 consummatam,__l_uco
1800 5696 1924 5753 con;

319 5766 587 5824 summoti.
621 5767 756 5823 Huic
786 5768 905 5823 loco
948 5767 1121 5824 lucem
1149 5773 1371 5837 praestat
1403 5766 1594 5823 similis
1626 5766 1717 5821 lib.
1753 5782 1830 5831 ιιι,
1863 5784 1918 5823 ιι.

2102 3402 2186 3477 (9)
2206 3401 2275 3459 Ει
2298 3401 2408 3459 ubi.
2432 3400 2555 3457 Mox
2581 3400 2905 3471 intelligitur.

2034 3561 2475 3634 Quemadmodum
2511 3558 2714 3633 Spiritu
2759 3558 2854 3614 Dei
2896 3568 2941 3634 et
2970 3558 3155 3617 uirtute
3174 3559 3238 3634 sit
3288 3564 3506 3634 _uttc_lus,
3529 3575 3632 3615 non

2029 3627 2324 3708 (imbiguum
2352 3627 2576 3708 est._tum
2603 3631 3051 3708 cuntusceudeute
3079 3648 3137 3684 eo
3164 3631 3228 3685 de
3274 3627 3509 3708 Iordane
3530 3646 3627 3708 vos;

2032 3706 2132 3761 Dei
2158 3701 2319 3777 patris
2340 3705 2518 3759 audita
2545 3714 2637 3765 est.
2671 3701 2838 3757 Filius
2858 3718 2999 3756 meus
3021 3712 3175 3777 es‘tu,
3197 3718 3287 3777 ego
3315 3701 3467 3755 hodie
3478 3703 3630 3777 genui

2030 3787 2083 3834 te
2108 3796 2127 3832 ς
2158 3772 2219 3834 ut
2245 3794 2339 3850 per
2373 3778 2472 3850 hoc
2502 3776 2845 3850 testimonium
2900 3772 3237 3850 sancti/icurae
3263 3775 3324 3850 iit
3345 3789 3406 3850 eo
3433 3772 3627 3837 carnis,

2030 3851 2208 3909 unctio
2228 3843 2477 3921 spiritalis
2499 3848 2700 3903 uirtutis
2724 3843 3280 3921 cognosceretur._Quo
3312 3844 3364 3897 in
3395 3843 3511 3896 loco
3533 3858 3629 3897 un-

2031 3922 2130 3976 ctio
2156 3913 2401 3990 spiritalis
2425 3919 2621 3979 virtutis
2658 3913 2983 3988 appellatur,
3012 3916 3155 3985 quod
3188 3913 3273 3968 hic
3299 3922 3496 3968 naturte
3521 3930 3631 3967 sua:

2030 4008 2336 4046 communio.

2104 4064 2181 4135 (g)
2208 4063 2363 4117 Bad..
2410 4059 2507 4135 Er.
2536 4068 2592 4115 et
2619 4059 2768 4128 Lips.
2813 4057 3070 4135 omittunt
3097 4072 3314 4135 quoque,
3348 4066 3408 4135 et
3426 4071 3631 4126 pmice.

2031 4126 2253 4189 deiit'em
2287 4132 2600 4201 particulam
2651 4126 2766 4185 cum
2795 4145 2814 4184 :
2841 4128 2996 4199 cujus
3027 4126 3145 4201 loco
3175 4126 3315 4199 apud
3372 4126 3495 4201 Par.
3532 4143 3631 4201 po-

2030 4206 2192 4260 situm
2220 4198 2487 4260 eratcum.
2518 4202 2733 4275 Deinde
2746 4198 3074 4275 proprietatis
3090 4215 3187 4261 vox
3216 4198 3510 4275 opponitur
3535 4198 3631 4257 ad-

2034 4277 2263 4345 optioni.
2295 4277 2420 4332 Sive
2465 4283 2646 4329 autem
2676 4272 2893 4329 Christo
2925 4271 3419 4345 baptizatodiierit
3443 4271 3626 4345 Pater,

2047 4342 2151 4401 Hic
2177 4346 2252 4402 εει
2271 4348 2412 4417 ﬁlius
2431 4361 2596 4413 meus,
2615 4358 2746 4417 etc.,
2769 4342 3039 4415 quomodo
3064 4344 3185 4414 legit
3204 4342 3626 4417 Hilarittslih,v1,

2036 4435 2090 4474 ιι.
2110 4418 2203 4484 23;
2224 4414 2335 4472 sive
2356 4418 2577 4487 dixerit,
2603 4416 2770 4475 Filius
2791 4414 3005 4487 menses
3026 4424 3080 4470 tu
3097 4432 3210 4487 .ego
3229 4415 3380 4487 hodie
3395 4414 3627 4487 genuite,

2035 4482 2309 4561 quomodo
2336 4489 2444 4551 hic.
2478 4482 2573 4545 ιιι).
2604 4504 2676 4555 vt,
2707 4506 2759 4545 ιι.
2790 4487 2898 4561 2}“,
2932 4485 3032 4561 lib.
3061 4482 3306 4561 x1,'n._l8
3338 4482 3627 4561 ingMutthq

2034 4555 2084 4616 (Ξ.
2118 4577 2176 4630 tt,
2210 4578 2265 4621 ll.
2301 4561 2355 4627 6,
2388 4568 2442 4619 et
2467 4561 2518 4614 in
2543 4576 2621 4630 ps.
2650 4577 2709 4622 tt.
2733 4576 2787 4613 ιι.
2815 4557 2907 4622 29,
2932 4556 3103 4630 ipsius
3131 4555 3500 4630 verba_re_l'ert,
3525 4563 3632 4610 stat

2034 4625 2222 4689 eadem
2254 4625 2692 4703 vis’argunieuti,
2721 4628 3224 4703 qum_i_u_vocabnlis
3270 4625 3444 4703 Filius
3485 4642 3629 4703 meus

2500 4716 2553 4758 et
2598 4698 2794 4758 Paulus
2845 4700 2979 4759 Iieb.
3012 4715 3051 4767 ι,
3081 4699 3137 4766 5,
3170 4699 3332 4754 verba
3380 4698 3575 4752 Psaltni
3610 4738 3626 4763 ,

2036 4772 2379 4848 Filius‘meuj
2412 4791 2461 4848 es
2488 4784 2564 4848 tu,
2595 4792 2686 4848 ego
2733 4773 2893 4848 hgdie
2908 4772 3060 4844 genui
3108 4782 3174 4836 te,
3208 4780 3261 4848 et
3305 4769 3479 4848 Patris
3505 4783 3629 4848 esse

2035 4841 2304 4913 tradit,'et
2328 4845 2464 4901 Filio
2492 4839 2561 4901 ita
2596 4839 2814 4916 p'rnpri‘e
2845 4839 3006 4909 dicta,
3041 4852 3099 4898 ut
3123 4858 3190 4899 ne
3220 4843 3272 4897 iu
3299 4842 3468 4897 ullum
3500 4840 3623 4913 qui~

2034 4916 2156 4988 dem
2186 4920 2496 4988 angelorum
2511 4918 2859 4975 conveniant.

2109 4986 2189 5063 (It)
2212 4983 2376 5057 Editi,
2399 5000 2601 5063 natura:
2621 5000 2865 5063 paternae.
2893 4986 3058 5063 abest
3076 4997 3354 5063 paternis}
3383 4997 3512 5063 mss.
3540 4983 3626 5063 Eu:

2035 5054 2138 5113 hoc
2169 5054 2287 5114 loco
2319 5054 2465 5128 patet
2502 5054 2761 5119 Hilarium
2787 5058 2917 5114 illud
2939 5054 3127 5117 Matth.
3162 5074 3239 5123 ιιι,
3272 5056 3339 5113 I6
3362 5071 3382 5110 .·
3411 5054 3477 5110 Et
3502 5055 3628 5128 vidit

2041 5128 2294 5202 Spiritum
2321 5127 2416 5187 Dei
2463 5132 2842 5187 desreudeutem
2871 5132 3001 5186 sicut
3031 5129 3401 5202 columbamft
3424 5127 3627 5202 uenien-

2040 5198 2137 5256 tem
2159 5218 2312 5271 super
2331 5219 2403 5270 se,
2448 5202 2518 5256 ita
2543 5204 2906 5272 interpretari.
2941 5212 2999 5258 ut
3026 5201 3281 5272 Spiritum
3308 5198 3399 5254 Dei
3425 5198 3623 5272 intelli-

2073 5283 2126 5326 at
2159 5268 2367 5326 Patrem
2391 5268 2416 5326 ἐ
2452 5276 2539 5342 qui
2562 5268 2896 5331 binc'cmitra
2918 5268 3251 5328 Sabellianos
3273 5273 3410 5325 alios
3432 5286 3459 5324 a
3488 5268 3625 5323 Filio

2036 5286 2126 5398 gat
2159 5286 2367 5326 Patrem
2403 5290 2416 5326 :
2452 5289 2539 5342 qm
2562 5286 2687 5331 tunc
2707 5286 2896 5329 eontra
2918 5286 3251 5328 salietttanos
3273 5286 3410 5325 auus
3432 5286 3459 5324 a
3488 5286 3622 5323 rum

2036 5343 2365 5417 __el'enditur,
2412 5346 2551 5417 quod
2580 5347 2917 5417 superillum
2959 5345 3053 5409 sit,
3102 5344 3201 5417 ipsi
3257 5344 3416 5417 adsit,
3450 5343 3622 5417 ipsum

2036 5363 2365 5409 uetenultur,
2412 5363 2550 5417 quoa
2580 5363 2639 5401 su
2684 5363 2743 5403 cr
2770 5363 2917 5400 tuum
2959 5363 3053 5409 sit,
3102 5363 3201 5414 tpsr
3257 5363 3416 5406 ausu,
3450 5363 3620 5412 Ipsum

2036 5413 2228 5469 Filium
2249 5415 2611 5487 cognominet.
2640 5363 2709 5472 Κι
2734 5426 2881 5472 certe
2904 5431 3010 5471 non
3037 5414 3423 5487 existimandus
3447 5424 3527 5477 est
3552 5415 3620 5467 ita

2032 5499 2101 5542 eo
2150 5486 2366 5543 nomine
2390 5487 2601 5541 Patrem
2632 5488 2980 5548 intellexisse,
3012 5496 3066 5541 ut
3093 5486 3345 5554 Spiritum
3375 5495 3621 5540 sanctum

2034 5558 2238 5631 pariter
2256 5627 2270 5631 _
2295 5558 2514 5631 intelligi
2563 5573 2719 5628 posse
2773 5560 3046 5631 negaverit
3068 5575 3092 5631 _:
3113 5557 3497 5631 icu_m_subimle
3524 5555 3619 5608 de-

2033 5626 2225 5687 claret.
2256 5627 2372 5683 hrec
2396 5645 2452 5683 se
2470 5626 2543 5683 de
2564 5626 2775 5684 div'ersa
2801 5626 2947 5684 vocis
2977 5628 3205 5697 Spiritus
3235 5626 3333 5685 Dei
3359 5635 3623 5697 pote~tate

2030 5699 2428 5772 demonstrare,
2464 5708 2522 5772 ut
2549 5716 2655 5771 quo
2704 5718 2810 5772 quo
2853 5718 2912 5759 se
2954 5706 3166 5757 vertant
3213 5698 3475 5764 bmretici,
3508 5697 3617 5772 vim

2027 5771 2297 5835 veritatis,
2333 5787 2432 5840 qua
2467 5767 2660 5827 Filium
2687 5767 2850 5835 unum
2871 5789 2992 5833 cum
3019 5771 3174 5832 Patre
3203 5772 3493 5832 credimus.
3525 5767 3618 5829 ale-

323 5840 416 5907 18,
453 5839 544 5898 ubi
575 5854 745 5913 prope
784 5840 1019 5912 idipsum
1064 5836 1187 5897 aliis
1242 5836 1424 5895 Verbis
1466 5839 1539 5895 ita
1564 5839 1919 5896 enuntiatur:
2025 5841 2229 5901 clinare
2259 5836 2366 5901 non
2394 5844 2623 5916 possint.
