4246 6260
625 278 732 337 255

1828 271 2077 331 SANCTI
2114 273 2372 332 "ILARII
2415 275 2720 334 EPISCOPI

3830 280 3937 336 253

627 394 759 464 tica,
789 392 869 469 (i)
893 391 988 449 sed
1016 392 1315 465 apostolica
1338 389 1683 460 auctoritate,
1710 404 1832 448 cum
1854 390 2051 447 dicitur
2080 407 2093 446 :
2129 390 2236 448 Sed
2261 395 2312 456 Α
2338 393 2515 468 diliget
2567 411 2703 456 eum,
2732 406 2780 451 et
2805 395 2874 451 ad
2913 412 3027 454 eum
3055 398 3331 464 veniemus,
3364 405 3412 452 et
3438 396 3758 454 mansionem
3801 397 3943 468 apud

628 486 729 543 hoc
754 496 850 554 est,
880 485 1020 557 quod
1034 486 1228 540 dictum
1247 495 1320 539 est
1351 500 1442 554 per
1470 483 1796 555 praphetam,
1816 481 1927 537 Erit
1949 483 2002 537 in
2023 482 2240 538 novissi-

628 582 728 636 mis
749 580 949 648 diebus,
983 580 1109 634 dicit
1147 577 1423 644 Dominus,
1451 577 1718 645 effundam
1738 578 1802 633 de
1824 578 2027 648 Spiritu
2047 595 2158 634 meo
2187 577 2242 633 in

631 689 834 728 onmem
875 687 1101 735 carnem,
1128 679 1174 725 et
1215 670 1584 744 prophetabunt
1611 671 1711 743 ﬁlii
1738 687 1916 726 eorum
1937 681 1982 726 et
2010 668 2135 742 ﬁlia?
2156 686 2241 726 eo-

630 784 744 823 rum
795 765 933 835 (Act.
965 781 1025 833 ιι,
1057 764 1145 833 16,
1179 764 1344 837 seqq.)
1386 766 1453 821 Et
1481 775 1908 821 consummatum
1938 763 2042 820 hoc
2069 775 2238 820 totum

630 860 796 916 fuisse
827 860 881 913 in
918 856 1196 927 Apostolis
1220 857 1463 925 docetur,
1482 874 1603 914 cum
1631 860 1801 914 misso
1827 858 2031 929 Spiritu
2051 866 2240 915 sancto

632 968 822 1010 omnes
843 951 920 1025 (a)
942 951 1139 1024 linguis
1164 954 1404 1023 gentium
1433 962 1560 1008 sunt
1583 953 1768 1009 loculi.

701 1046 793 1103 26.
827 1044 891 1100 In
916 1045 1062 1100 nobis
1091 1056 1165 1101 est
1206 1045 1369 1106 Deus.
1392 1064 1507 1101 cum
1553 1044 1787 1101 Christus
1813 1063 1832 1113 ,°
1854 1065 1972 1102 cum
2012 1046 2240 1118 Spiritus

630 1137 844 1206 Christi,
870 1137 1101 1209 Spiritus
1132 1137 1247 1192 Dei.
1278 1136 1408 1193 Filii
1437 1148 1484 1193 et
1512 1136 1687 1193 Patris
1704 1151 1891 1193 natura
1910 1138 2240 1194 unm—Hm:

630 1239 813 1286 autem
870 1229 1073 1286 idcirco
1126 1239 1254 1285 sunt
1306 1230 1673 1286 demonstrata
1738 1231 2066 1298 necessario,
2095 1238 2154 1284 ut
2185 1230 2238 1285 in

634 1337 1035 1394 quamcumque
1063 1338 1123 1379 se
1150 1322 1280 1378 licet
1312 1335 1515 1394 partem
1541 1322 1794 1379 lucretica
1818 1323 2023 1378 falsitas
2049 1333 2241 1380 contu-

634 1418 811 1483 lisset,
841 1416 1037 1472 ﬁnibus
1065 1426 1242 1473 tamen
1273 1426 1435 1488 atque
1465 1417 1779 1489 praescripto
1805 1417 2047 1472 veritatis
2070 1433 2235 1474 evan-

633 1510 822 1583 gelica:
844 1508 1285 1565 concluderetur.
1311 1509 1524 1565 llabitat
1544 1510 1689 1565 enim
1713 1509 1765 1564 in
1792 1509 1950 1564 nobis
1971 1508 2237 1567 Christus:

632 1615 690 1661 et
719 1603 994 1659 habitante
1023 1603 1261 1672 Christo,
1297 1603 1500 1659 habitat
1526 1602 1689 1659 Deus.
1720 1602 1787 1658 Et
1809 1619 1929 1658 cum
1960 1602 2166 1660 habitat
2187 1605 2240 1660 in

633 1701 793 1758 nobis
815 1701 1046 1773 Spiritus
1069 1699 1269 1757 Christi
1299 1717 1315 1767 ;
1345 1700 1620 1758 habitante
1650 1708 1833 1756 tamen
1856 1701 1908 1755 in
1938 1700 2093 1757 nobis
2113 1699 2238 1771 Spi-

2344 502 2459 541 eum
2500 485 2745 556 faciemus
2775 485 2983 560 (Icum,
3020 503 3134 556 xxv,
3160 487 3278 561 23).
3314 488 3416 544 Per
3444 488 3498 544 id
3523 488 3691 557 enim,
3729 488 3939 561 Spiritu

2341 575 2545 634 Christi
2575 579 2630 634 in
2662 579 2822 636 nobis
2853 590 3128 644 manente,
3154 582 3250 636 Dei
3277 582 3536 652 Spiritum
3568 583 3620 637 in
3648 583 3805 639 nobis
3828 598 3949 641 ma-

2342 684 2472 727 nere
2503 680 2731 727 testatus
2761 681 2865 734 est,
2896 688 2998 730 nec
3041 674 3313 730 diversum
3357 689 3389 730 a
3443 689 3502 731 se
3531 689 3654 732 esse
3682 675 3945 747 Spiritum

2341 778 2372 818 a
2396 766 2623 820 mortuis
2648 766 2731 836 (ὅ)
2761 767 2976 822 excitati
3000 764 3070 841 (c)
3103 775 3159 822 et
3186 767 3449 836 Spiritum
3484 783 3515 823 a
3543 768 3770 827 mortuis
3800 770 3950 827 exci-

2344 859 2768 915 tantis.Veuiunt
2795 860 2961 925 enim,
2989 872 3150 931 atque
3172 859 3413 916 habitant
3434 862 3484 917 in
3510 862 3665 917 nobis
3691 879 3704 915 :
3728 872 3783 919 et
3812 878 3947 936 rogo

2342 964 2520 1007 utrum
2545 949 2623 1024 (l)
2657 949 2735 1023 (ά)
2766 952 3019 1008 comitatu
3046 953 3415 1008 diversitatum
3440 954 3675 1023 venient,
3707 957 3947 1012 mansio-

2343 1062 2574 1117 nemque
2599 1046 2815 1109 facient,
2847 1062 2913 1102 an
2946 1046 3150 1102 unitate
3180 1048 3411 1102 natura)?
3432 1046 3537 1104 Sed
3564 1048 3826 1105 obnititur
3851 1049 3953 1106 do-

2343 1148 2459 1193 ctor
2486 1138 2748 1207 gentium,
2783 1154 2891 1193 non
2916 1138 3053 1193 duos
3082 1139 3327 1209 spiritus.
3359 1139 3455 1195 Dei
3485 1140 3695 1196 scilicet
3715 1151 3771 1197 et
3790 1141 3951 1199 Chri-

2341 1233 2431 1299 sti,
2467 1232 2566 1292 sed
2593 1234 2851 1304 Spiritum
2887 1234 3111 1301 Christi,
3140 1236 3229 1306 qui
3270 1243 3324 1290 ct
3348 1235 3582 1306 Spiritus
3608 1236 3703 1292 Dei
3732 1245 3836 1303 est,
3863 1238 3950 1293 in-

2343 1341 2464 1383 esse
2486 1327 2860 1384 credentibus.
2893 1327 3015 1383 Non
3063 1337 3147 1383 est
3190 1328 3543 1395 cohabitatio,
3567 1329 3662 1385 sed
3692 1329 3954 1388 habitatio

2344 1428 2466 1475 est:
2500 1418 2599 1474 sub
2619 1429 2958 1475 sacramento
3003 1429 3179 1476 tamen
3222 1419 3641 1477 cohabitationis
3668 1419 3956 1491 habitatio,

2342 1513 2470 1570 dum
2515 1529 2692 1587 neque
2722 1514 2829 1571 duo
2859 1515 2928 1586 (e)
2963 1514 3228 1582 habitant,
3262 1530 3437 1587 neque
3468 1515 3537 1571 ab
3562 1516 3670 1570 alio
3694 1516 3952 1575 diversus

2344 1606 2617 1664 habitator
2633 1617 2736 1663 est.
2766 1607 2864 1663 Est
2893 1608 3037 1663 enim
3068 1609 3120 1663 in
3153 1608 3308 1665 nobis
3336 1609 3574 1680 Spiritus
3599 1609 3717 1675 Dei,
3740 1609 3835 1666 sed
3863 1617 3957 1665 est

2345 1699 2398 1754 in
2429 1698 2588 1755 nobis
2612 1700 2846 1770 Spiritus
2871 1698 3078 1756 Christi
3112 1718 3125 1755 :
3153 1710 3209 1756 et
3235 1716 3355 1756 cum
3384 1702 3619 1773 Spiritus
3640 1699 3837 1757 Christi
3869 1702 3960 1757 in-

632 1794 741 1850 ritu
769 1791 965 1850 Christi
999 1835 1015 1860 ,
1050 1808 1157 1849 non
1203 1792 1348 1849 alios
1379 1803 1556 1848 tamen
1586 1793 1804 1863 spiritus
1831 1792 2057 1860 habitat,
2081 1809 2241 1865 quam
2274 1794 2322 1856 B
2348 1805 2451 1857 est.
2479 1796 2621 1851 inest
2648 1796 2885 1866 Spiritus
2904 1796 3020 1852 Dei.
3048 1796 3125 1852 lta
3157 1811 3279 1851 cum
3302 1795 3445 1866 quod
3471 1795 3568 1851 Dei
3590 1803 3692 1862 est,
3716 1804 3771 1851 et
3792 1795 3958 1851 Chri-

640 1885 874 1957 Spiritus
902 1885 1019 1942 Dei.
1040 1885 1192 1954 Quod
1236 1884 1282 1941 si
1311 1900 1406 1954 per
1434 1885 1690 1955 Spiritum
1722 1893 1967 1939 sanctum
1995 1885 2243 1942 Christus

633 1976 687 2033 in
720 1980 873 2034 nobis
905 1993 1028 2034 esse
1080 1964 1415 2049 intelligitur,
1448 1977 1589 2032 hunc
1631 1988 1811 2033 tamen
1864 1978 1937 2033 ita
1980 1977 2240 2050 Spiritum

632 2071 751 2135 Dei,
775 2083 833 2126 ut
854 2070 1118 2139 Spiritum
1145 2070 1346 2127 Christi
1375 2085 1498 2128 esse
1515 2073 1845 2128 noscendum
1873 2082 1975 2128 est.
2002 2070 2239 2143 Etcum,

638 2162 716 2235 (2)
752 2163 825 2236 (b)
859 2178 954 2235 per
977 2173 1221 2219 naturam
1256 2164 1333 2221 rei
1378 2175 1567 2221 natura
1597 2164 1707 2234 ipsa
1733 2165 1937 2221 habitet
1968 2167 2018 2220 in
2044 2166 2236 2235 nobis;

635 2255 951 2312 indifferens
980 2266 1171 2312 natura
1217 2256 1342 2314 Filii
1390 2273 1514 2315 esse
1564 2258 1816 2315 credetur
1844 2274 1873 2313 a
1904 2258 2086 2327 Patre,
2116 2274 2238 2314 cum

634 2349 873 2420 Spiritus
924 2361 1173 2419 sanctus,
1204 2354 1294 2424 qui
1325 2361 1381 2408 et
1431 2351 1665 2423 Spiritus
1701 2353 1902 2408 Christi
1929 2363 1983 2407 et
2009 2352 2240 2423 Spiritus

635 2438 732 2498 Dei
761 2451 865 2511 est,
895 2458 985 2499 res
1028 2452 1234 2499 natura:
1261 2459 1384 2501 esse
1410 2445 1812 2502 demonstretur
1838 2446 2015 2501 unius.
2045 2446 2240 2516 Quau'o

635 2534 779 2589 nunc
804 2533 985 2603 igitur,
1016 2536 1291 2606 quomodo
1321 2553 1428 2593 non
1458 2554 1525 2595 ex
1571 2549 1761 2595 natura
1804 2556 1967 2595 unum
1995 2539 2164 2595 sunt?
2194 2541 2237 2595 Α

636 2636 788 2699 patre
827 2629 1070 2699 procedit
1112 2630 1345 2701 Spiritus
1374 2634 1617 2689 veritatis
1645 2652 1657 2688 :
1690 2650 1721 2690 a
1746 2634 1884 2691 Filio
1913 2636 2160 2702 mittitur,
2185 2644 2264 2697 et,

633 2721 832 2778 aFilio
863 2724 1077 2795 accipit.
1129 2724 1236 2782 Sed
1291 2728 1494 2794 omnia,
1545 2744 1666 2799 quae
1719 2728 1882 2785 habet
1907 2729 2086 2797 Pater,
2120 2730 2238 2786 Filii

634 2826 762 2872 sunt
782 2834 794 2871 :
813 2817 1081 2874 etidcirco
1093 2819 1182 2889 qui
1196 2819 1264 2875 ab
1278 2834 1343 2876 eo
1360 2821 1577 2893 accipit,
1598 2822 1694 2880 Dei
1711 2822 1941 2893 Spiritus
1958 2824 2120 2897 232
2133 2833 2236 2887 est,

633 2911 732 2967 sed
765 2911 905 2968 idem
928 2923 983 2970 et
1009 2913 1247 2986 Spiritus
1261 2913 1462 2972 Christi
1490 2925 1591 2973 est.
1626 2917 1732 2973 lies
1755 2926 1961 2974 natura:
1988 2917 2109 2973 Filii
2155 2928 2239 2975 est

632 3002 858 3078 (supple,
890 3005 1281 3078 Spiritus),sed
1295 3009 1482 3065 eadem
1507 3023 1595 3066 res
1622 3018 1678 3065 et
1708 3019 1914 3065 natura:
1938 3010 2110 3066 Patris
2130 3022 2232 3067 est.

630 3094 932 3154 Excitantis
953 3097 1227 3155 Christum
1257 3117 1286 3155 a
1315 3106 1542 3158 mortuis
1562 3103 1794 3173 Spiritus
1821 3111 1904 3159 est
1930 3119 1945 3169 ;
1969 3103 2065 3160 sed
2092 3103 2233 3160 idem

2346 1889 2414 1944 sti
2442 1898 2565 1956 est;
2597 1901 2652 1944 et
2679 1903 2800 1945 cum
2829 1888 2971 1959 quod
3001 1886 3205 1943 Christi
3235 1898 3339 1955 est,
3373 1888 3467 1944 Dei
3494 1898 3577 1943 est
3603 1906 3615 1941 :
3646 1904 3749 1943 non
3773 1897 3959 1960 potest

2346 1982 2491 2038 aliud
2513 1983 2637 2053 quid
2669 1983 2941 2038 diversum
2968 1981 3036 2054 (ι’)
3064 1982 3310 2037 Christus
3330 1996 3470 2048 esse,
3499 1996 3659 2052 quam
3685 1980 3824 2036 Deus
3842 1989 3957 2037 est.

2347 2076 2488 2131 Deus
2515 2077 2676 2147 igitur
2699 2074 2944 2131 Christus
2965 2072 3143 2148 est(5)
3160 2073 3242 2148 (g)
3261 2088 3399 2129 unus
3415 2087 3538 2128 cum
3559 2072 3668 2127 Deo
3692 2072 3955 2143 Spiritus.

2416 2170 2506 2227 28.
2540 2170 2723 2224 Ariani
2747 2187 2780 2224 α
2805 2168 3011 2239 Spiritu
3052 2176 3231 2223 sancto
3282 2167 3439 2221 alieni
3478 2165 3740 2222 Christum
3788 2163 3959 2219 Deum

2344 2272 2552 2337 negant,
2579 2272 2626 2318 et
2644 2273 2812 2318 tamen
2837 2261 3111 2316 colunt.—
3140 2260 3208 2316 Et
3239 2258 3373 2315 illud
3403 2258 3770 2330 evangelicum
3795 2273 3808 2311 :
3835 2254 3958 2329 Ego

2344 2365 2389 2410 et
2418 2354 2575 2409 Pater
2600 2371 2756 2410 unum
2791 2370 2970 2408 sumus
2998 2351 3207 2424 (Ioan.,
3239 2369 3296 2418 χ,
3325 2351 3440 2424 50),
3472 2350 3632 2408 docet
3660 2350 3958 2422 Apostolus

2350 2449 2611 2503 unitatem
2639 2461 2759 2502 esse
2788 2456 3016 2513 naturtc,
3041 2461 3146 2500 non
3170 2443 3524 2502 solitudinem
3549 2443 3785 2510 unionis,
3807 2443 3955 2498 scri-

2345 2540 2486 2595 beus
2516 2538 2811 2595 Corinthiis
2842 2557 2855 2593 :
2885 2537 3107 2608 PrOpter
3129 2538 3266 2608 quod
3289 2546 3460 2592 notum
3484 2538 3621 2611 facio
3642 2536 3803 2604 vobis,
3826 2537 3954 2608 quia

2345 2650 2494 2689 nemo
2551 2634 2602 2687 in
2637 2634 2840 2704 Spiritu
2873 2632 2966 2689 Dei
3020 2632 3102 2704 (It)
3155 2633 3279 2687 dicit
3332 2633 3606 2688 anathema
3630 2633 3712 2705 (6)
3743 2632 3948 2688 Iesum.

2346 2725 2535 2783 Scisne
2563 2742 2726 2790 nunc,
2757 2725 3032 2794 haeretica,
3068 2726 3119 2781 in
3173 2740 3281 2797 quo
3332 2726 3524 2796 Spiritu
3578 2724 3725 2782 dicas
3775 2725 3942 2782 Chri-

2343 2832 2486 2878 stum
2523 2831 2826 2878 creaturam
2848 2821 2891 2896 (I
2922 2821 3067 2885 Cor.,
3092 2837 3191 2886 xu,
3214 2820 3269 2893 5)
3300 2820 3323 2875 ?
3350 2820 3483 2877 Cum
3527 2821 3672 2875 enim
3709 2820 3764 2877 in
3808 2835 3946 2878 ana-

2343 2914 2582 2972 themate
2604 2917 2730 2982 sint,
2763 2915 2855 2987 qui
2873 2915 3181 2971 servierunt
3210 2922 3471 2972 creatura:
3489 2915 3649 2990 233
3680 2915 3745 2990 (i)
3767 2916 3953 2988 potius

2341 3026 2503 3082 quam
2525 3009 2765 3067 Creatori
2790 3009 2993 3082 (Rom.,
3016 3024 3055 3075 ι,
3076 3008 3194 3079 25);
3208 3006 3481 3065 Christum
3496 3015 3796 3064 creaturam
3814 3025 3955 3066 con-

2341 3104 2526 3171 litens,
2549 3103 2678 3175 quid
2703 3103 2779 3160 sis
2800 3102 3062 3173 intelligo,
3096 3102 3187 3174 qui
3217 3118 3323 3158 non
3354 3103 3568 3172 ignores
3592 3102 3719 3166 quin
3742 3102 3793 3158 in
3826 3118 3949 3158 ma-

631 3188 867 3258 Spiritus
892 3191 1091 3248 Christi
1125 3202 1209 3250 est
1234 3208 1264 3248 a
1310 3195 1541 3251 mortuis
1567 3195 1807 3250 excitati.
1838 3196 1893 3250 ln
1925 3196 2105 3268 aliquo
2128 3196 2228 3252 dii-
2256 3197 2302 3262 C
2334 3196 2531 3254 ledicto
2586 3197 2657 3251 sit
2707 3195 2897 3266 religio
2947 3206 3230 3251 creaturae.
3264 3194 3330 3248 Et
3368 3194 3494 3264 quid
3534 3203 3793 3266 sequatur
3844 3195 3947 3251 ad-

630 3280 773 3343 ferat
800 3285 1002 3342 Christi
1033 3296 1086 3342 et
1112 3286 1209 3342 Dei
1236 3296 1448 3355 natura,
1471 3306 1539 3344 ne
1568 3288 1759 3344 eadem
1791 3290 1894 3357 sit;
1918 3291 1964 3346 si
1992 3293 2235 3362 priestnri

635 3387 819 3453 potest
842 3390 900 3434 ut
926 3377 1179 3449 Spiritus,
1212 3380 1302 3450 qui
1332 3381 1431 3437 Dei
1459 3390 1564 3445 est,
1590 3398 1695 3437 non
1727 3384 1797 3438 sit
1824 3394 1880 3439 et
1901 3384 2124 3441 Christi.

700 3471 792 3528 27.
826 3469 955 3526 Filii
1001 3481 1050 3528 et
1101 3470 1275 3527 Patris
1318 3489 1423 3527 una
1459 3475 1600 3544 apud
1620 3491 1713 3532 nos
1760 3476 2109 3532 Itabitatio.—
2128 3478 2265 3536 Sed-

633 3574 708 3631 tc,
742 3565 1021 3629 hmretice,
1071 3564 1366 3632 furentem,
1394 3574 1449 3621 et
1495 3565 1686 3637 spiritu
1739 3568 2000 3625 doctrinae
2045 3573 2235 3627 morti-

630 3659 761 3716 fera:
788 3659 1176 3715 circumactum
1209 3667 1356 3713 tenet
1385 3666 1441 3714 et
1458 3668 1699 3716 coarctat
1722 3659 2042 3732 Apostolus,
2072 3663 2229 3720 Chri-

627 3760 772 3809 stum
804 3752 962 3809 nobis
989 3751 1394 3807 fundamentum
1446 3766 1654 3822 ponens
1704 3752 1831 3811 fidei
1886 3754 1931 3825 (Ι
1955 3754 2102 3823 Cor.,
2142 3773 2231 3824 tu,

629 3845 746 3916 ii),
773 3843 903 3900 dicti
946 3843 1107 3914 hujus
1136 3844 1353 3915 qucque
1390 3842 1645 3901 dominici
1705 3862 1810 3901 non
1869 3849 2121 3903 nescius:
2173 3849 2234 3907 Si

631 3939 746 4009 quis
775 3936 942 4013 diligit
966 3954 1062 4002 me,
1095 3946 1140 3991 et
1167 3936 1371 3991 verbum
1383 3952 1553 3991 meum
1568 3938 1785 3994 servabit
1812 3956 1832 3995 :
1859 3949 1907 3995 et
1924 3949 2069 4013 pater
2092 3957 2234 3998 meus

731 4082 754 4136 Ι

724 4151 761 4206 2

730 4226 761 4277 3

724 4293 759 4349 4

700 4431 779 4574 (a)
809 4431 973 4500 Editi,
1005 4440 1237 4504 excepto
1266 4433 1417 4500 Par.,
1450 4434 1630 4491 omnes
1665 4436 1891 4510 linguas.

723 4505 753 4559 b
805 4503 1146 4560 Prtelerimus
1173 4519 1298 4560 cum
1320 4513 1504 4563 vetere
1529 4522 1632 4561 ms.
1655 4505 1809 4563 Colb.
1838 4518 1891 4565 et

723 4503 774 4577 b)
805 4503 1146 4588 Praalerimus
1173 4519 1298 4588 cum
1320 4513 1504 4563 vetere
1529 4522 1632 4561 ms.
1655 4503 1809 4563 Colb.
1838 4518 1895 4565 et
1921 4509 2109 4588 Germ.
2139 4530 2230 4585 per

627 4587 869 4650 naturam
898 4576 991 4650 rei,
1042 4576 1272 4632 inversis
1302 4588 1502 4642 tamen,
1538 4589 1592 4633 ut
1624 4594 1768 4650 saepe
1797 4595 1894 4636 usu
1934 4584 2101 4649 venit,
2136 4576 2232 4640 vo-

626 4648 835 4704 cabulis
862 4648 982 4703 scil.
1010 4663 1130 4717 pro,
1158 4665 1248 4717 per
1268 4657 1466 4704 natura:
1494 4666 1621 4704 rem.
1639 4648 1879 4707 In'lihris
1908 4653 2029 4709 aliis
2060 4648 2226 4711 habe-

629 4727 715 4775 tur
741 4737 832 4790 per
861 4729 1103 4774 naturam
1151 4718 1272 4774 Dei.
1305 4718 1388 4773 Ab
1420 4720 1545 4775 hinc
1578 4735 1896 4790 reSponsum
1925 4725 1977 4780 in
2017 4741 2112 4782 eos
2139 4743 2231 4784 ac-

627 4791 1026 4918 :zommodatur,
1058 4790 1151 4862 qui
1201 4789 1464 4861 Spiritum
1490 4791 1595 4847 Dei
1611 4808 1725 4847 rem
1749 4802 1957 4850 natura:
1983 4810 2107 4854 esse
2134 4815 2231 4856 vo-

648 4872 762 4918 erit.

648 4872 762 4918 erit.

701 4932 777 5006 (c)
801 4933 936 4989 Hinc
965 4946 1152 5007 vocem
1203 4931 1352 4998 Iesu,
1382 4947 1595 4989 necnon
1623 4933 1803 4990 Iesum
1850 4948 1973 5007 post
2002 4938 2226 4998 verbum

626 5004 921 5072 excitantis,
955 5004 1272 5060 sustulimus
1295 5007 1615 5077 auctoritate
1637 5004 1901 5077 pctioruin
1928 5026 2057 5067 mss.

699 5077 780 5148 (ιι)
809 5076 1158 5152 Martinianus
1208 5075 1403 5152 codex,
1453 5075 1691 5152 comitatu
1725 5080 1930 5135 diversi.
1984 5084 2227 5152 Amplius

819 4080 927 4136 Sed
955 4088 1004 4135 et
1025 4081 1328 4147 apostolica.

816 4149 922 4208 Per
949 4159 1188 4206 naturam
1208 4150 1329 4205 Dei.

815 4221 1043 4279 Excitati
1062 4220 1208 4277 Iesu.
1242 4223 1388 4293 Mox,
1419 4224 1685 4283 excitantis
1702 4223 1904 4285 Iesum.

809 4293 1069 4350 Comitatu
1097 4293 1305 4349 diversi.

762 4083 785 4363 ἐ

530 5156 540 5164 ”
630 5147 815 5221 nescio
837 5151 961 5218 quid
994 5147 1429 5221 hahet_comitatu
1458 5150 1832 5217 diversitatnm,
1867 5163 2013 5221 puta,
2046 5147 2112 5209 an
2142 5172 2228 5210 ra-

628 5220 704 5275 tio
730 5217 891 5276 simul
947 5217 1197 5292 veniendi
1246 5221 1347 5274 sita
1387 5221 1458 5275 sit
1486 5223 1538 5275 in
1575 5224 1807 5292 quadam
1852 5217 2225 5285 diver'sitatum

625 5295 901 5362 congerie,
926 5307 993 5347 an
1023 5292 1075 5346 in
1108 5291 1314 5362 unitate
1340 5293 1585 5348 naturae?

701 5360 772 5437 (c)
804 5365 1038 5435 supple,
1089 5360 1322 5437 Spiritus
1349 5380 1368 5419 :
1400 5364 1533 5437 alias
1583 5364 2002 5424 cohabitationis
2046 5384 2225 5427 sacra-

627 5434 869 5494 mentum
894 5434 1004 5492 non
1025 5434 1148 5497 erit,
1166 5434 1269 5507 nisi
1291 5434 1400 5491 duo
1425 5436 1669 5493 habitent
1701 5441 1943 5507 persciiis
1959 5439 2221 5505 distincti.

625 5508 762 5565 Tum
792 5510 845 5566 in
877 5524 979 5566 ms.
1010 5507 1135 5580 vat.
1164 5506 1277 5580 bas.
1314 5524 1471 5580 neque
1512 5509 1575 5564 ab
1604 5506 1709 5567 alio
1737 5512 1967 5571 diversus
1993 5530 2049 5569 ίο
2076 5513 2220 5570 habi-

625 5590 804 5708 thtittoil'f
823 5587 1013 5667 posset
1062 5577 1189 5636 ferri
1241 5577 1473 5637 diuersus
1501 5583 1847 5648 cohabitator.
1891 5585 2034 5659 quod
2063 5585 2226 5647 habet

678 5671 739 5708 ar
766 5669 996 5708 imanus.

678 5656 996 5711 artinianus.

703 5724 770 5799 (ί)
795 5725 917 5782 Vat.
947 5725 1064 5804 has.
1089 5729 1260 5804 codex
1282 5727 1574 5804 et__Marliu.
1608 5728 1803 5787 Christi
1827 5746 1936 5788 esse
1958 5747 2113 5804 quam
2124 5728 2225 5791 Dei

630 5792 882 5852 cst":'non
915 5802 1042 5853 sunt
1072 5792 1387 5863 recipiendi.

2342 3300 2495 3347 verte
2531 3306 2544 3345 :
2574 3288 2643 3343 Et
2665 3305 2812 3343 nemo
2841 3297 3007 3361 potest
3033 3288 3200 3343 dicere
3227 3285 3508 3342 Dominum
3532 3286 3737 3352 Iesum,
3766 3289 3868 3344 nisi
3888 3288 3948 3343 in

2340 3382 2544 3454 Spiritu
2595 3391 2772 3435 sancto
2795 3380 2839 3452 (Ι
2862 3378 3007 3448 Cor.,
3043 3397 3138 3446 xu,
3168 3378 3246 3451 3).
3295 3377 3544 3436 Sentisne
3571 3380 3700 3450 quid
3729 3380 3821 3436 tibi
3844 3381 3945 3438 de—

2335 3475 2425 3541 sit,
2463 3474 2533 3547 (j)
2561 3472 2778 3530 Christo
2807 3472 3052 3544 negando
3076 3471 3221 3545 quod
3251 3487 3406 3528 suum
3421 3473 3548 3527 est?
3574 3472 3631 3528 Si
3660 3488 3758 3544 per
3781 3483 3944 3529 natu-

2337 3583 2453 3624 ram
2505 3568 2597 3621 Dei
2645 3564 2894 3622 Christus
2922 3565 3016 3620 tibi
3044 3565 3306 3620 Dominus
3346 3577 3449 3632 est,
3483 3563 3652 3620 habes
3680 3565 3942 3635 Spiritum

2338 3670 2582 3725 sanctum
2609 3676 2622 3713 :
2652 3659 2698 3715 si
2728 3674 2857 3713 vero
2879 3673 2973 3729 per
2996 3657 3306 3728 adoptivum
3336 3672 3534 3713 nomen
3564 3657 3653 3713 hic
3690 3658 3942 3715 dominus

2339 3753 2668 3824 est,Spiritu
2708 3764 2900 3809 sancto
2929 3766 3145 3819 carens,
3184 3751 3378 3822 spiritu
3407 3750 3611 3806 erroris
3638 3751 3895 3808 animaris
3922 3769 3937 3807 :

2340 3849 2465 3920 quia
2520 3861 2684 3903 nemo
2735 3846 2836 3903 nisi
2866 3846 2919 3901 in
2964 3845 3167 3916 Spiritu
3195 3852 3383 3900 sancto
3425 3843 3709 3899 Dominum
3754 3844 3941 3902 Iesum

2342 3940 2748 4016 potestdiecre.
2796 3939 2866 3995 Et
2907 3948 2961 3994 tu
3017 3948 3324 3996 creaturam
3380 3952 3503 3995 eum
3552 3940 3729 4011 potius
3776 3955 3938 4011 quam

2412 4084 2493 4230 (5)
2527 4085 2694 4142 Unius
2724 4100 2823 4156 pro
2837 4084 3099 4212 jjusdem.
3875 4153 3887 4165 .

2437 4160 2496 4226 6)
2517 4157 2667 4226 Iesu,
2700 4173 2807 4215 non
2876 4171 3036 4227 esum,
3059 4155 3114 4212 in
3141 4161 3327 4213 nostro
3355 4154 3563 4216 codice.
3609 4155 3755 4224 Mox,
3785 4153 3885 4210 diri

2437 4153 2496 4226 ϐ)
2517 4157 2667 4226 Iesu,
2700 4153 2807 4215 non
2837 4153 3036 4227 Iesum,
3059 4155 3114 4212 in
3141 4161 3327 4213 nostro
3355 4154 3563 4216 codice.
3609 4155 3755 4224 Mox,
3785 4153 3935 4224 diris,

2338 4244 2445 4289 non
2468 4231 2632 4287 dicas.

2256 4448 2312 4511 D
2370 4444 2722 4519 _7(g)1nmss.
2749 4441 2963 4500 Martio.
3008 4441 3201 4509 Carm,
3228 4437 3588 4509 Corh.,Prat.
3634 4446 3689 4497 et
3729 4439 3939 4512 aliquot

2334 4516 2477 4579 aliis,
2500 4518 2673 4571 unius.

2406 4586 2488 4660 (Ιι)
2523 4587 2757 4643 Verbum
2786 4588 2997 4658 loquens
3024 4585 3111 4640 hic
3138 4583 3345 4660 addunt
3369 4582 3520 4660 editi,
3540 4582 3813 4660 quodnon
3840 4583 3937 4642 ha.

2333 4655 2487 4722 bent,
2518 4659 2614 4714 lib.
2645 4674 2707 4724 ιι,
2742 4675 2795 4713 n.
2824 4655 2916 4723 54,
2949 4673 3122 4723 neque
3160 4656 3247 4711 hic
3272 4655 3576 4725 reperimus
3607 4656 3707 4712 nisi
3734 4656 3785 4712 in
3826 4670 3936 4713 uno

2332 4731 2642 4785 recentiore
2668 4745 2770 4783 ms.
2793 4728 2948 4784 Colb.
2981 4728 3104 4785 Mox
3136 4730 3189 4784 in
3216 4727 3429 4784 Martio.
3455 4736 3511 4784 et
3539 4727 3667 4783 aliis
3691 4730 3927 4785 nonnul-

2333 4800 2425 4866 lis,
2443 4800 2479 4854 J
2483 4819 2593 4865 esu,
2626 4816 2730 4855 non
2756 4799 2957 4856 Iesum.

2405 4871 2671 4945 (“Simili
2710 4873 2917 4928 ratione
2936 4871 3255 4929 Ambrosius
3278 4913 3295 4940 ,
3325 4871 3423 4927 lib.
3447 4886 3466 4927 ι
3492 4869 3738 4938 deFide,
3760 4870 3929 4945 9.416,

2331 4960 2388 4998 n.
2417 4942 2532 4999 104
2562 4961 2574 4998 :
2602 4943 2724 5015 Ipse
2764 4944 2964 5000 Paulus
3003 4952 3251 4998 creatura:
3294 4945 3484 4998 servire
3519 4958 3613 4997 nos
3653 4942 3885 5012 prohibet
3914 4957 3935 4998 :

2331 5014 2762 5085 quemndmodum
2797 5032 2915 5086 ergo
2941 5015 3144 5071 Christo
3164 5016 3274 5086 ipse
3313 5014 3541 5086 serviret,
3579 5015 3931 5069 sicreaturant

2331 5034 2762 5085 quemaamoaum
2797 5034 2851 5073 er
2887 5034 2915 5070 ο
2941 5034 3144 5071 ωιηδιο
3164 5034 3274 5086 ipse
3313 5034 3541 5077 serviret,
3579 5034 3633 5069 sr
3645 5034 3930 5069 creaturam

2331 5086 2593 5143 Christum
2623 5034 2883 5154 putaretig
2916 5087 2993 5141 Ex
3018 5102 3126 5156 quo
3146 5085 3419 5142 Concludit
3442 5103 3456 5140 :
3484 5086 3586 5141 Aut
3611 5087 3768 5158 igitur
3790 5086 3930 5140 desi-

2330 5168 2457 5213 nant
2476 5161 2643 5215 colere
2670 5176 2818 5229 quem
2859 5168 3147 5214 creaturam
3185 5158 3470 5229 appellant,
3493 5167 3583 5211 aut
3621 5157 3930 5212 desinant...

2330 5230 2500 5285 dicere
2536 5228 2823 5286 creaturam
2849 5248 2862 5283 :
2886 5239 2941 5285 et
2970 5245 3020 5285 c.
3048 5230 3134 5294 11,
3167 5247 3221 5285 u.
3248 5228 3316 5285 b9
3349 5248 3362 5283 :
3401 5229 3465 5285 Si
3493 5230 3721 5284 alienum
3745 5237 3931 5299 putant

2330 5300 2535 5367 Deum,
2574 5319 2667 5356 cur
2716 5302 2932 5357 adorant
2972 5301 3259 5356 eum?cum
3294 5310 3547 5369 scriptum
3588 5301 3654 5354 sit
3693 5316 3714 5355 .°
3748 5299 3930 5370 Neque

2330 5373 2571 5427 adorabis
2612 5372 2776 5428 Deum
2822 5374 3069 5428 alienum.
3121 5372 3267 5427 Idem
3309 5379 3685 5442 argumentum
3731 5370 3928 5427 adver-

2328 5460 2423 5500 sus
2447 5443 2678 5500 Arianos
2709 5454 2767 5500 ut
2790 5455 3053 5500 creatura:
3093 5444 3330 5500 cultores
3367 5443 3661 5500 coniiciunt
3687 5442 3930 5499 Athana-

2328 5516 2467 5589 sius,
2495 5515 2745 5589 'fsilius,
2771 5515 3064 5589 Gregorius
3082 5514 3267 5589 Nyss.,
3296 5525 3402 5589 etc:

2400 5587 2476 5664 (j)
2525 5587 2654 5644 Mss.
2682 5584 3077 5664 Carn.,'Co_lb.,
3126 5584 3922 5664 G_eriii._Christum__negando.

2327 5657 2552 5718 Planum
2581 5670 2663 5731 est
2691 5660 2934 5730 proxima
2956 5658 3199 5731 Apostoli
3229 5659 3390 5715 verba
3411 5658 3491 5731 sic
3518 5659 3585 5715 ab
3612 5657 3819 5731 Hilario
3842 5660 3927 5715 in-

2327 5732 2579 5804 tellecta:
2610 5729 2779 5804 Nemo
2806 5742 2970 5804 potest
3007 5729 3177 5790 dicere
3219 5737 3275 5791 et
3316 5730 3564 5791 conﬁteri
3593 5729 3777 5790 Iesum
3817 5747 3929 5789 esse

2326 5800 2626 5876 Dominum,
2651 5802 2771 5877 nisi,
2802 5800 2908 5863 etei
