4246 6260
291 390 413 446 257

1549 376 1638 434 DE
1681 370 2052 433 TRINITATE
2094 368 2298 429 LIBER
2338 366 2471 427 Vlll.

3503 359 3614 419 238

297 504 472 559 “cum
503 501 714 569 (Ιῖοοηει
746 496 1023 554 ἀοηὶῖηυηῖ
1069 495 1195 552 licet
1248 508 1585 566 "“nc‘lpansv
1616 496 1898 550 Dominum
1930 494 1981 554 Α
2005 509 2222 564 audistis
2249 509 2311 564 de
2337 524 2424 562 ore
2452 523 2583 571 meo,
2609 503 2862 574 Quoniam
2882 500 3111 558 Joannes
3139 497 3416 573 baptizavit
3447 512 3605 562 aqua,

299 608 486 652 tamen
541 611 663 650 esse
713 608 824 649 non
877 591 1205 661 dicis;quia
1257 590 1348 646 tibi
1402 586 1480 663 (τι)
1529 605 1593 645 cx
1639 591 1910 645 comnmni

298 703 504 759 genere
535 687 714 758 potius
745 693 799 740 et
846 683 1095 738 familiari
1146 683 1383 751 nomine,
1418 697 1575 753 quam
1625 698 1691 737 ex
1723 694 1910 737 natura

299 781 372 838 sit
407 780 690 835 Dominus.
717 776 824 834 Sed
859 776 937 850 (b)
965 791 993 829 a
1023 775 1190 830 Paulo
1219 774 1367 832 disce
1393 783 1659 830 naturam.

378 877 468 933 29.
504 875 802 931 Gratiarum
842 872 1140 929 divisiones.
1165 905 1234 916 —
1258 874 1512 944 Sequitur
1549 873 1692 929 enim
1722 891 1733 926 :
1768 873 1913 928 Divi—

301 970 477 1025 siones
504 981 677 1024 autem
709 971 962 1023 donorum
1001 978 1140 1034 sunt,
1173 968 1307 1021 idem
1336 978 1501 1022 autem
1531 967 1758 1035 Spiritus
1798 977 1911 1031 est;

304 1073 358 1118 et
392 1063 665 1118 divisiones
695 1062 1095 1115 ministeriorum
1126 1069 1264 1125 sunt,
1289 1072 1335 1114 et
1358 1061 1490 1113 idem
1506 1062 1612 1130 ipse
1631 1059 1910 1126 Dominus;

309 1165 366 1211 et
397 1155 666 1210 divisiones
699 1156 1053 1224 operatiouum
1092 1163 1210 1207 sunt
1231 1197 1244 1218 ,
1289 1153 1423 1208 idem
1455 1164 1622 1207 autem
1647 1151 1802 1216 Deus,
1826 1153 1914 1222 qui

308 1260 557 1319 aperatur
578 1248 745 1302 omnia
782 1247 832 1300 iu
855 1247 1106 1300 omnibus.
1137 1244 1420 1317 Unicuique
1449 1257 1614 1300 autem
1637 1246 1788 1299 datur
1803 1263 1913 1299 ma-

308 1341 579 1412 nifestatio
612 1340 831 1412 Spiritus
857 1339 953 1411 (c),
978 1341 1047 1394 ad
1075 1341 1128 1394 id
1156 1342 1292 1410 quod
1334 1342 1458 1396 utile
1499 1351 1570 1396 est
1595 1339 1757 1413 (Ibid.
1783 1343 1838 1406 4,
1866 1351 1913 1395 et

311 1439 507 1505 seqq.).
549 1432 605 1488 In
640 1434 886 1504 prsescnti
921 1447 1173 1488 sermone
1201 1432 1550 1503 quadrimoda
1591 1433 1913 1503 signiﬁcatio

312 1526 653 1598 intelligitur,
686 1541 807 1581 cum
839 1528 888 1581 in
924 1526 1189 1582 divisione
1221 1527 1482 1582 donorum
1515 1527 1652 1582 idem
1680 1527 1913 1598 Spiritus

313 1629 423 1685 est,
449 1631 506 1676 et
525 1620 578 1674 in
609 1619 878 1676 divisione
908 1619 1328 1675 ministeriorum
1353 1621 1490 1676 idem
1519 1623 1630 1691 ipse
1652 1621 1913 1676 Dominus

315 1722 430 1778 est,
461 1722 515 1768 et
539 1713 590 1768 in
620 1711 884 1769 divisione
911 1713 1282 1784 operationum
1315 1715 1456 1768 idem
1490 1715 1632 1770 Dens
1653 1724 1757 1779 est,
1783 1713 1910 1770 etin

316 1805 564 1862 utilitatis
593 1806 813 1862 datione
851 1807 1215 1862 manifestatio
1242 1807 1495 1877 Spiritus.
1524 1809 1701 1876 Atque
1733 1817 1788 1861 ut
1819 1808 1913 1861 da-

2013 620 2101 658 vos
2131 614 2300 657 autem
2329 602 2529 669 Spiritu
2567 611 2743 654 sancto
2776 598 3062 668 tiugemiui,
3095 611 3250 667 quem
3279 604 3327 646 et
3356 589 3618 658 accipietis

2013 713 2114 750 non
2143 706 2254 768 post
2298 695 2486 748 multos
2518 694 2609 748 hos
2645 694 2772 747 dies.
2834 691 2900 745 Et
2939 705 3151 746 rursum
3178 707 3190 742 :
3217 687 3322 744 Sed
3359 683 3620 755 accipietis

2013 788 2245 842 virtutem
2275 787 2660 856 superveniente
2693 784 2895 856 Spiritu
2935 792 3109 837 sancto
3155 781 3210 835 in
3251 796 3359 846 vos,
3389 787 3434 831 et
3476 774 3620 829 eritis

2013 880 2140 933 mihi
2159 889 2307 934 testes
2331 881 2381 932 iu
2407 877 2719 941 Jerusalem,
2744 885 2789 930 et
2817 877 2956 930 omni
2977 875 3186 939 ludam,
3207 883 3253 927 et
3281 868 3548 930 Samaria,
3575 873 3623 919 et

2012 972 2249 1042 usquead
2262 972 2498 1025 ultimum
2519 982 2667 1024 teme
2683 970 2822 1040 (Act.
2839 985 2875 1034 ι,
2891 967 2945 1034 4,
2964 978 3008 1023 et
3029 967 3184 1039 seq.).
3203 963 3625 1021 Promissionem

2014 1063 2214 1130 Patris,
2247 1080 2364 1134 qua:
2386 1064 2453 1120 de
2489 1080 2583 1120 ore
2617 1064 2734 1133 ejus
2755 1063 2935 1117 audita
2975 1073 3076 1129 est,
3114 1058 3413 1129 exspectari
3441 1056 3621 1126 jubet.

2015 1153 2174 1211 Certe
2195 1156 2356 1210 etiam
2379 1170 2521 1210 nunc
2544 1155 2659 1225 ejus
2680 1163 2916 1225 paternae
2939 1151 3317 1226 promissionis
3345 1147 3623 1218 eloquium

2014 1257 2118 1302 est.
2137 1247 2241 1302 Per
2256 1247 2350 1301 has
2366 1247 2525 1317 igitur
2537 1247 2789 1301 virtutum
2807 1244 3124 1300 elﬁcientias
3139 1241 3497 1298 maniiestatio
3510 1239 3626 1308 Spi-

2016 1339 2155 1394 ritus
2195 1348 2298 1394 est.
2325 1339 2508 1409 Neque
2529 1340 2671 1394 enim
2698 1341 2747 1393 in
2773 1341 2985 1394 occulto
3015 1321 3098 1392 es't
3137 1334 3371 1406 Spiritus
3398 1331 3624 1396 donum,

2016 1431 2109 1486 ubi
2151 1446 2330 1488 sermo
2383 1431 2664 1502 sapientizu
2694 1441 2796 1495 est,
2846 1442 2898 1486 et
2932 1430 3090 1486 verba
3121 1428 3243 1481 vitae
3287 1425 3579 1481 audiuntur
3611 1438 3626 1478 :

2015 1527 2105 1581 vel
2153 1526 2240 1582 ubi
2303 1525 2496 1581 divinae
2555 1525 2879 1594 cegnitionis
2924 1523 3144 1579 scicntia
3187 1529 3303 1586 est,
3357 1535 3424 1573 ne
3466 1531 3631 1586 pecu-

2020 1620 2147 1676 dum
2212 1620 2374 1676 modo
2450 1636 2547 1692 per
2603 1621 2992 1691 ignorationem
3051 1617 3180 1683 Dei,
3245 1615 3366 1669 vitm
3429 1618 3629 1667 nostra:

2019 1715 2329 1784 ignoremus
2361 1725 2634 1768 auctorem
2664 1731 2676 1765 :
2704 1715 2783 1768 vel
2816 1729 2906 1783 per
2936 1711 3094 1766 tidem
3128 1710 3243 1773 Dei,
3271 1724 3339 1764 ne
3367 1722 3472 1762 non
3509 1719 3630 1760 cre-

2016 1805 2208 1863 dentes
2250 1808 2595 1877 Evangelium
2651 1806 2768 1873 Dei,
2819 1819 2972 1861 extra
3023 1803 3376 1874 Evangelium
3418 1801 3510 1856 Dei
3559 1797 3632 1854 si-

323 1899 404 1956 tio
430 1899 676 1954 utilitatis
721 1900 775 1954 in
821 1899 1255 1956 manifest‘atione
1284 1899 1515 1970 Spiritus
1562 1909 1914 1966 nosceretur;
1947 1891 1995 1951 Β
2024 1915 2140 1954 mus
2177 1917 2189 1952 :
2221 1901 2304 1954 vel
2346 1915 2441 1969 per
2489 1901 2686 1953 donum
2737 1898 3094 1964 curationum,
3141 1907 3196 1952 ut
3231 1898 3458 1969 gratiam
3489 1896 3630 1972 ejus,

319 1992 588 2046 continuo
626 1991 923 2061 subjectum
962 2000 1086 2046 est:
1125 1991 1262 2046 lluic
1298 1984 1498 2062 quidem
1537 2009 1626 2061 per
1662 1992 1917 2062 Spiritum

320 2084 484 2138 datur
509 2101 673 2139 sermo
709 2085 998 2156 sapientiaz,
1039 2084 1132 2138 alii
1155 2095 1324 2139 autent
1362 2102 1529 2141 sermo
1571 2087 1797 2141 scientia:
1832 2104 1914 2141 se-

320 2179 549 2231 cundum
567 2178 796 2232 eumdem
823 2178 1096 2248 Spiritum,
1121 2178 1270 2232 alteri
1297 2189 1464 2232 autem
1492 2179 1620 2248 fides
1643 2177 1721 2251 (tl)
1753 2181 1804 2233 in
1834 2196 1917 2234 eo-

313 2269 434 2324 dem
460 2268 684 2339 Spiritu,
713 2271 804 2324 alii
825 2273 1014 2324 donum
1042 2270 1366 2325 curationum
1398 2271 1448 2325 in
1479 2271 1654 2325 eodem
1689 2271 1915 2340 Spiritu,

313 2362 412 2417 alii
457 2363 685 2433 operatio
724 2364 1004 2427 virtutum,
1051 2363 1143 2417 alii
1185 2363 1489 2434 prophetia,
1544 2364 1636 2417 alii
1679 2364 1920 2418 discretio

331 2456 664 2527 Spirituum,
706 2459 798 2512 alii
837 2475 1021 2530 genera
1066 2460 1360 2530 linguarum
1385 2502 1398 2526 ,
1430 2459 1521 2514 alii
1567 2461 1920 2532 interpretatio

310 2548 614 2618 linguarum
646 2547 805 2619 (Ibid.
829 2592 843 2616 ,
871 2550 904 2605 8
926 2560 972 2604 et
996 2551 1184 2622 seqq.).

394 2641 483 2695 50.
532 2641 764 2709 Spiritus
811 2643 1175 2712 manifestatio.
1204 2644 1364 2700 ——Et
1408 2645 1623 2716 quidem
1673 2645 1748 2713 id,
1777 2647 1919 2717 quod

315 2740 571 2801 quartum
599 2747 722 2787 esse
746 2732 999 2801 diximus,
1031 2735 1079 2789 id
1109 2746 1214 2800 est,
1246 2737 1296 2789 in
1329 2736 1547 2794 datione
1570 2739 1816 2794 utilitatis
1847 2740 1920 2812 (e)

316 2823 557 2894 Spiritus
580 2827 1087 2893 manilestationem,
1115 2829 1414 2884 absolutam
1433 2831 1590 2886 habet
1611 2832 1916 2903 intelligen-

318 2915 470 2971 tiam.
495 2916 660 2990 234
675 2918 1166 2976 Commemoratum
1190 2926 1332 2976 enim
1351 2932 1454 2984 est.
1482 2938 1579 2992 per
1599 2939 1730 2994 quas
1747 2925 1922 2980 datio-

318 3027 453 3067 num
478 3012 736 3066 utilitates
765 3013 880 3068 hinc
902 3025 1042 3069 esset
1077 3014 1312 3085 Spiritus
1336 3016 1722 3072 manifestatio.
1759 3019 1811 3073 In
1841 3019 1922 3074 hic.

321 3117 560 3174 namque
587 3105 910 3162 divisionum
953 3107 1241 3163 virtutibus
1274 3125 1378 3164 non
1412 3111 1614 3165 incerta
1648 3112 1772 3166 doni
1820 3114 1920 3167 hu-

317 3197 417 3268 jus
443 3199 682 3253 ostensio
707 3210 810 3266 est,
843 3200 911 3256 de
941 3215 1048 3271 quo
1077 3199 1338 3256 Dominus
1365 3203 1430 3256 ad
1459 3202 1749 3273 Apostolos
1773 3205 1922 3261 dixe-

2019 1993 2109 2062 qui
2143 1993 2258 2048 hanc
2288 1993 2494 2060 tribuit,
2521 1993 2892 2047 inlirmitatum
2922 1993 3202 2047 curatione
3227 1994 3630 2050 testemur:vel

2021 2099 2118 2155 per
2149 2087 2515 2155 operati0nem
2547 2086 2823 2150 virtutum,
2852 2095 2908 2140 ut
2935 2084 3074 2155 quod
3104 2085 3332 2155 agimus,
3366 2085 3459 2140 Dei
3507 2101 3629 2142 esse

2025 2176 2108 2251 (g)
2132 2178 2302 2234 virtus
2351 2179 2679 2250 intelligatur
2710 2195 2722 2232 :
2753 2179 2837 2234 vel
2888 2194 2982 2248 per
3027 2177 3387 2248 prophetiam,
3435 2187 3492 2232 ut
3535 2193 3632 2249 per

2028 2273 2290 2327 doctrinm
2322 2273 2728 2343 intelligentiam
2761 2271 3123 2342 intelligantur
3150 2287 3214 2326 ex
3247 2271 3360 2326 Deo
3388 2270 3586 2325 eruditi
3617 2287 3632 2328 :

2029 2365 2115 2419 vel
2164 2381 2258 2435 per
2304 2364 2686 2420 discretionem
2728 2364 3037 2434 spirituum,
3089 2377 3156 2417 ne
3201 2362 3371 2432 ignari
3431 2363 3624 2428 simus,

2025 2465 2215 2512 sancto
2242 2474 2307 2513 an
2337 2472 2592 2528 perverso
2620 2456 2811 2528 spiritu
2839 2457 2957 2526 quis
2987 2455 3237 2525 loquntur
3262 2472 3275 2508 :
3309 2455 3390 2510 vel
3420 2469 3514 2524 per
3534 2471 3628 2526 ge-

2026 2565 2155 2605 nera
2185 2551 2509 2620 linguarum,
2540 2561 2594 2605 ut
2621 2549 2699 2623 (h)
2729 2550 2781 2604 in
2814 2549 3024 2618 signum
3060 2547 3170 2602 dati
3195 2547 3426 2617 Spiritus
3457 2548 3632 2604 sancti

2035 2642 2336 2713 linguarum
2366 2661 2546 2698 sermo
2581 2644 2813 2697 donetur
2837 2641 2879 2715 (l
2912 2641 3031 2697 Cor.
3075 2656 3185 2708 xw,
3217 2639 3312 2712 6):
3349 2640 3428 2712 (t)
3451 2640 3534 2695 vel
3573 2640 3632 2696 in

2036 2737 2478 2805 interpretatione
2516 2735 2839 2806 linguarum,
2881 2750 2949 2791 ne
2989 2733 3322 2805 ignoratione
3348 2732 3481 2788 ﬁdes
3526 2745 3627 2788 au-

2025 2828 2285 2884 dientium
2315 2829 2666 2899 periclitetur,
2699 2841 2820 2882 eum
2862 2828 3096 2898 linguam
3131 2827 3502 2897 ignorantibus
3529 2826 3633 2880 litt-

2026 2940 2142 2994 gua:
2171 2925 2550 2994 interpretator
2580 2922 2828 2977 absolvit.
2859 2921 2916 2976 In
2957 2922 3040 2976 his
3080 2922 3240 2991 igitur
3284 2920 3535 2974 omnibus
3565 2918 3631 2974 ad

2027 3019 2308 3073 utilitatem
2335 3017 2626 3087 unicuique
2651 3016 2840 3072 divisis
2867 3015 3226 3071 manifestatio
3267 3015 3503 3085 Spiritus
3528 3023 3634 3083 est,

2031 3125 2127 3180 per
2169 3113 2265 3164 has
2307 3110 2515 3165 scilicet
2565 3109 2702 3164 data:
2749 3108 3036 3178 unicuique
3081 3107 3243 3181 235
3283 3106 3348 3178 (i)
3392 3105 3640 3162 utilitatis

2025 3203 2412 3259 admirationes
2441 3204 2586 3258 dono
2621 3203 2855 3272 Spiritus
2886 3218 2990 3256 non
3024 3201 3246 3257 latente.

323 3299 434 3356 rat,
477 3290 792 3360 praecipiens
833 3289 938 3358 his,
977 3308 1042 3346 ne
1090 3297 1154 3345 ab
1195 3291 1536 3364 Jerosolymis
1575 3296 1925 3365 discederent;
1953 3275 1998 3339 C
2103 3298 2193 3352 51.
2227 3297 2354 3352 [late
2381 3297 2516 3351 dona
2549 3298 2684 3351 alius
2729 3309 2879 3368 atque
2925 3297 3056 3350 alius
3097 3295 3340 3366 largitur,
3393 3303 3440 3349 et
3471 3303 3641 3349 tamen

329 3381 405 3455 (Γ)
426 3385 512 3437 sed
537 3393 840 3454 exspectate,
876 3385 1076 3455 inquit,
1119 3387 1512 3453 pronussiouem
1541 3386 1738 3455 Putris,
1764 3408 1920 3461 quam

409 3545 488 3618 (l)
530 3546 618 3602 Vel
644 3563 732 3618 per
771 3548 1255 3620 interpretationem,
1290 3550 1561 3619 quomodo
1595 3561 1752 3608 antea
1776 3552 1926 3611 disc-

325 3627 416 3674 rat
441 3635 528 3689 per
555 3619 730 3688 ﬁdem,
755 3637 844 3691 per
865 3619 1075 3689 denum,
1102 3638 1191 3692 per
1221 3623 1588 3692 operationem,
1612 3635 1741 3693 etc.,
1768 3629 1928 3698 paulo

411 3765 488 3836 la)
527 3764 754 3835 Optima:
800 3773 938 3819 notae
988 3780 1117 3820 mss.
1160 3764 1562 3833 Carn.,Germ.
1595 3783 1716 3823 cum
1761 3771 1932 3826 tribus

329 3837 679 3908 Colbertinis,
733 3853 796 3892 ea:
838 3838 1092 3890 communi
1126 3838 1296 3908 potius
1333 3849 1376 3891 et
1422 3839 1670 3908 familiari
1707 3844 1928 3898 nomine.

329 3907 491 3965 Unus
515 3910 839 3980 Sorbon._ea:
866 3907 1142 3974 communi,
1182 3907 1628 3980 generalipotius,
1676 3923 1778 3968 etc.
1812 3914 1928 3970 Vat.

331 3983 480 4063 basu
512 3991 568 4035 et
613 3978 826 4034 Martia.
861 3995 925 4033 ea:
965 3978 1318 4034 communione
1363 3978 1560 4052 generis
1603 3993 1649 4036 et
1678 3985 1932 4054 [antiliari

333 4068 562 4106 nomine.

418 4123 496 4194 (b)
529 4121 700 4192 Apud.
735 4121 825 4176 Er.
866 4132 915 4177 et
949 4123 1000 4176 in
1032 4139 1138 4178 uno
1163 4140 1264 4179 ms.
1293 4124 1464 4182 Vatic.
1488 4143 1519 4180 a
1552 4124 1722 4181 Paulo
1763 4137 1809 4181 et
1836 4125 1934 4182 Dei

335 4195 530 4268 spiritu
571 4197 621 4247 in
647 4211 704 4248 eo
735 4194 873 4268 disce
901 4207 1159 4268 naturam.
1195 4197 1349 4266 Apud
1379 4197 1526 4268 Lips.
1558 4206 1612 4250 et
1642 4198 1761 4252 Par.
1809 4214 1935 4254 nec-

339 4282 452 4321 non
497 4265 548 4319 in
591 4280 691 4319 ms.
737 4263 898 4318 Corb.
937 4277 990 4319 et
1015 4266 1214 4336 aliquot
1241 4263 1382 4332 aliis,
1428 4263 1457 4321 ri
1488 4268 1656 4321 Paulo
1687 4280 1732 4322 et
1763 4268 1860 4324 Dei
1890 4279 1935 4324 et

340 4338 576 4406 Spiritus
614 4337 666 4389 in
691 4353 753 4406 eo
794 4337 932 4389 disce
968 4347 1223 4392 naturam.
1256 4339 1311 4394 In
1355 4339 1527 4394 tribus
1555 4339 1707 4394 Colb.
1746 4352 1798 4395 ct
1831 4357 1935 4396 uno

341 4405 640 4464 SOrbon.-a
681 4405 848 4460 Paulo
881 4408 974 4461 Dei
997 4408 1253 4478 Spiritum
1281 4412 1332 4464 in
1361 4428 1440 4476 eo,
1480 4421 1526 4464 et
1562 4409 1655 4464 Dei
1681 4411 1818 4466 disce
1843 4430 1938 4465 ua-

341 4491 534 4534 turam.
557 4478 860 4553 Simplicius
885 4489 959 4546 et,
986 4490 1041 4532 ut
1065 4492 1338 4553 putamus.
1364 4483 1627 4537 sincerius
1657 4482 1813 4548 Bad.,
1841 4498 1936 4553 op-

342 4553 511 4606 timus
531 4552 697 4606 codex
727 4551 880 4605 Colb.
905 4567 1025 4607 cum
1052 4549 1238 4615 Carn.,
1272 4553 1740 4619 Martin.,Germ.,
1779 4549 1932 4609 Vind.

345 4602 1246 4680 striasaaasvsassessu
1269 4602 1935 4689 iszé'sttu'rsttniosea;
1965 4602 2020 4664 Ι)

343 4711 467 4768 qua:
499 4696 666 4768 ipsius
695 4695 764 4748 sit
791 4701 999 4760 natura,
1031 4707 1078 4749 cl
1105 4712 1264 4764 quam
1298 4715 1400 4751 tmn
1431 4714 1500 4752 ex
1535 4696 1940 4768 nuncupatione

345 4765 548 4828 solum.
573 4765 668 4820 sed
694 4781 818 4838 vere
857 4775 996 4838 etes
1027 4777 1211 4821 natura
1241 4768 1311 4823 sit
1349 4769 1608 4824 Dominus
1640 4787 1652 4823 :
1687 4765 1828 4838 quod
1863 4769 1944 4823 fu-

346 4840 562 4910 sissnme
605 4836 878 4910 probatur.
919 4835 1160 4910 Namque
1197 4839 1266 4892 ab
1307 4839 1430 4895 hinc
1478 4857 1646 4910 usque
1669 4835 1736 4894 ad
1787 4859 1839 4896 ιι.
1874 4840 1943 4895 55

345 4909 690 4964 demonsuat
730 4907 981 4980 llilarius,
1033 4909 1194 4980 alium
1237 4911 1454 4980 quidem
1494 4907 1612 4966 esse
1644 4911 1813 4966 Deum
1845 4911 1946 4965 Pa-

348 4990 514 5047 trem,
563 4981 726 5034 alium
756 4978 1038 5034 Dominum
1071 4978 1268 5035 Jesunf
1299 4980 1594 5046 Christum,
1645 4983 1737 5037 sed
1782 4999 1943 5036 unum

349 5060 533 5108 tamen
579 5052 858 5119 utriusque
903 5051 1188 5120 Spiritum,
1236 5068 1392 5107 unam
1435 5067 1556 5106 esse
1585 5053 1945 5119 divinitatem,

348 5125 509 5194 cujus
563 5125 738 5177 virtus
792 5137 856 5177 ac
900 5134 1089 5178 natura
1133 5123 1290 5178 donis
1334 5124 1444 5178 suis
1491 5123 1772 5178 t'nanil'esta
1837 5125 1946 5178 liat.

349 5196 546 5322 Eustea
576 5211 708 5250 vero
749 5195 984 5264 apertius
1022 5195 1258 5250 ostendit
1290 5195 1564 5251 Christum
1599 5205 1786 5250 natura
1832 5211 1954 5251 esse

401 5284 667 5322 ommum.

401 5284 667 5322 ormnum.

427 5358 501 5431 (τ)
535 5359 592 5415 In
630 5375 732 5414 ms.
764 5356 926 5414 Carn.
958 5357 1184 5428 Spiritus
1211 5359 1520 5415 tllumiuatio
1552 5359 1620 5414 ad
1664 5361 1951 5416 utilitatem.

353 5429 442 5487 Ita
475 5429 693 5502 quidem
745 5431 973 5486 habetur
1018 5431 1110 5486 lib.
1160 5447 1220 5494 tt,
1270 5449 1324 5486 ιι.
1359 5435 1449 5494 54,
1498 5433 1960 5489 consentientibus

356 5502 578 5572 scriptis
605 5503 762 5558 sinntl
802 5515 856 5558 et
893 5505 1106 5558 excusis
1139 5520 1150 5554 :
1185 5514 1239 5558 at
1262 5502 1348 5559 hic
1391 5505 1548 5560 aliter
1578 5505 1858 5574 legendum
1891 5505 1958 5559 li-

357 5587 490 5645 quet
518 5592 585 5631 ex
616 5577 890 5631 subuexis.

433 5669 518 5742 (ά)
563 5670 884 5742 δὶοίετψοο
932 5668 1464 5742 textusull'ragante
1502 5669 1696 5742 legitur
1745 5671 1835 5726 lib.
1886 5685 1954 5736 ll,

358 5755 417 5796 n.
451 5739 544 5807 3},
578 5753 632 5796 et
671 5739 758 5795 hic
793 5741 844 5795 in
894 5739 1187 5809 exemplari
1219 5739 1380 5795 Carn.
1417 5741 1504 5796 ubi
1539 5739 1588 5798 in
1641 5744 1853 5797 Martio.
1903 5743 1958 5795 in

360 5828 468 5867 uno
493 5814 697 5885 spiritu,
724 5814 774 5866 in
803 5812 924 5886 aliis
949 5823 1152 5886 autem,
1178 5813 1232 5866 in
1261 5811 1491 5886 eumdem
1519 5815 1799 5886 Spiritum.
1829 5814 1960 5869 Post

359 5883 537 5961 pauca
567 5897 777 5946 rursum
811 5883 1009 5956 vulgati
1037 5884 1123 5939 hic
1163 5899 1274 5954 prin
1297 5899 1357 5941 se
1388 5883 1623 5942 ferentes
1653 5887 1958 5954 interpreta-

2035 3410 2168 3449 uuus
2227 3392 2480 3464 Spiritus.
2527 3421 2599 3433 —
2645 3390 2844 3446 Tenuit
2895 3400 3077 3445 autem
3124 3389 3318 3446 beatus
3365 3389 3642 3461 apostolus

2036 3564 2178 3630 post,
2209 3556 2455 3612 absolvat.
2482 3554 2618 3613 Tum
2643 3554 2886 3625 inferius,
2913 3553 3148 3610 utilitatis
3171 3552 3548 3611 admirationis.

2039 3775 2108 3830 tio
2144 3793 2468 3844 sermonum,
2519 3791 2626 3831 non
2680 3776 2976 3847 linguarum
3008 3790 3026 3828 :
3056 3772 3359 3847 refutantur
3397 3787 3464 3828 ex
3508 3784 3642 3828 mss.

2039 3855 2183 3902 textu
2214 3865 2409 3920 graeco,
2443 3859 2496 3904 et
2521 3846 2768 3917 subjecta
2796 3846 3258 3917 interpretatione.

2113 3940 2180 4012 (e)
2207 3943 2360 4010 Apud
2395 3943 2516 3997 Par.
2552 3941 2765 4013 spiritus
2815 3939 3286 4013 manilestatiouuut
3310 3953 3330 3992 ,ο
3359 3935 3642 4013 mendose2

2040 4007 2208 4081 Magis
2242 4007 2480 4082 placeret
2519 4007 2867 4082 mani/estatio
2893 4026 2911 4065 :
2934 4007 3038 4082 sed
3084 4010 3544 4082 manifestationem
3575 4007 3643 4064 ad

2041 4081 2339 4153 proximum
2363 4086 2582 4140 verbum
2609 4081 2832 4138 diximus
2858 4081 3066 4138 referre
3094 4081 3240 4136 licet.

2112 4176 2180 4248 (Γ)
2213 4175 2372 4242 Editi,
2395 4177 2485 4248 sed
2508 4173 3037 4248 exspectarent._Tum
3069 4172 3218 4243 Lips.
3253 4182 3308 4228 et
3339 4173 3460 4227 Par.
3488 4188 3646 4248 quant

2043 4243 2261 4302 audistis
2302 4247 2481 4316 inquit.
2523 4243 2606 4301 At,
2635 4248 2686 4302 in
2729 4245 2979 4301 omnibus
3024 4260 3154 4300 mss.
3209 4243 3539 4313 exspectate:
3560 4243 3646 4299 cui

2042 4319 2207 4372 verbo
2231 4321 2280 4374 in
2307 4320 2476 4373 tribus
2503 4329 2708 4373 tantutn
2736 4319 2980 4387 proxime
3002 4317 3288 4385 subjicitur
3311 4317 3496 4387 inquit,
3522 4331 3644 4370 cum

2042 4405 2214 4459 neque
2246 4391 2352 4449 hic.
2386 4404 2561 4459 neque
2591 4401 2709 4458 post
2753 4399 2928 4444 exstet
2958 4390 3009 4442 in
3043 4388 3188 4443 aliis.
3219 4387 3340 4443 Mox
3372 4393 3423 4442 in
3455 4387 3642 4454 Colb.,

2043 4461 2226 4528 Carn.,
2252 4462 2490 4529 Martin.,
2522 4461 2709 4517 Germ.
2740 4459 3144 4529 baptizabimiui,
3171 4475 3276 4514 non
3301 4459 3588 4530 tingentini.

2119 4596 2196 4670 (g)
2252 4597 2317 4670 1n
2361 4596 2623 4668 vulgatis,
2669 4596 2871 4670 virtutis
2915 4594 3286 4670 intelligamus.
3333 4595 3468 4670 Tum
3501 4594 3644 4670 apud

2047 4667 2183 4724 Ball.
2199 4681 2251 4724 et
2280 4669 2372 4724 Er.
2396 4667 2474 4724 vel
2503 4685 2592 4739 per
2616 4669 2958 4741 prophetiam,
2990 4677 3045 4722 ut
3071 4667 3161 4738 per
3186 4668 3470 4722 doctrinam
3495 4667 3646 4722 intel-

2046 4743 2284 4795 liaamus.

2086 4759 2400 4884 9(all:;ut:.b85i.
2419 4814 2471 4866 in
2502 4828 2530 4866 a
2563 4825 2696 4868 mss.
2721 4808 2878 4867 Colb.
2911 4809 3122 4884 Martin.
3151 4818 3205 4865 et
3233 4807 3417 4866 Germ.
3441 4811 3575 4867 Tum
3596 4811 3650 4867 in

2049 4883 2371 4956 editisLdati
2400 4884 2652 4956 Spiritus,
2685 4885 2802 4938 sine
2827 4883 3012 4938 sancti.

2123 4955 2187 5028 (i)
2220 4955 2382 5023 Editi,
2446 4952 2682 5010 utilitatis
2723 4955 3216 5028 administrationes.
3266 4952 3486 5028 Rectius
3516 4969 3647 5011 mss.

2055 5026 2267 5081 summo
2291 5044 2580 5089 consensu,
2608 5028 2848 5081 utilitatis
2873 5027 3260 5087 admirationes.
3294 5026 3379 5080 vel
3405 5028 3654 5080 utilitates

2057 5099 2600 5169 admirationis:quia
2646 5100 2895 5152 nimirum
2945 5099 3147 5154 utilitas
3193 5097 3355 5153 modo
3403 5112 3509 5152 non
3555 5097 3653 5151 hu-

2061 5186 2220 5225 mano
2245 5172 2474 5239 prmstita
2507 5169 2920 5226 admirationem
2949 5171 3170 5236 excitat,
3200 5185 3262 5224 ac
3280 5169 3535 5240 Spiritus,
3561 5183 3653 5224 cu-

2057 5243 2144 5311 jus
2175 5241 2412 5294 subsidio
2454 5240 2749 5303 confertur,
2787 5242 3021 5295 divmam
3057 5242 3304 5296 virtutem
3336 5241 3511 5310 palam
3558 5241 3653 5296 deo

2061 5312 2252 5368 clarat.
2298 5311 2388 5367 Sic
2442 5311 2538 5366 lib.
2571 5327 2662 5379 vn,
2698 5328 2752 5366 n.
2790 5313 2845 5376 5,
2888 5311 3157 5368 Sabellius
3200 5313 3292 5367 Dei
3344 5314 3396 5367 in
3435 5311 3654 5368 Christo

2063 5393 2307 5438 naturam
2333 5399 2420 5454 per
2437 5391 2691 5453 gestorum
2714 5384 3106 5437 admirationem
3123 5383 3409 5454 agnovisse
3429 5385 3651 5448 dicitur;

2066 5466 2120 5511 et
2151 5455 2244 5510 lib.
2283 5456 2332 5509 in
2379 5454 2752 5509 Constantium
2788 5473 2840 5510 n.
2882 5455 2915 5508 8
2957 5454 3314 5522 prardicantur
3354 5454 3659 5509 admiratio-

2063 5543 2188 5580 num
2219 5544 2373 5594 opera
2393 5542 2572 5580 coram
2597 5525 2917 5580 venerandis
2947 5526 3238 5594 Martyrum
3266 5529 3480 5580 ossibus
3527 5541 3660 5580 con-

2063 5608 2262 5666 specta.
2283 5597 2520 5667 Denique
2543 5596 2596 5650 in
2622 5595 2758 5666 psal.
2786 5610 2898 5659 χει,
2919 5613 2972 5650 ιι.
2997 5597 3052 5659 4,
3080 5596 3164 5667 his
3204 5598 3399 5662 verbis,
3430 5610 3482 5650 ut
3505 5595 3662 5651 Crea-

2063 5671 2187 5724 toris
2221 5666 2444 5736 potestas
2468 5685 2556 5737 per
2602 5676 2856 5721 creaturae
2885 5666 3279 5720 admirationem
3309 5671 3476 5737 posset
3507 5667 3660 5721 intel-

2063 5741 2173 5812 ligi,
2202 5739 2301 5795 ista
2337 5741 2602 5795 habentur
2639 5753 2962 5812 synonyma,
2990 5747 3045 5792 ut
3067 5753 3157 5812 per
3180 5740 3313 5812 hanc
3339 5738 3662 5812 conspicabi-

2061 5810 2191 5868 lium
2217 5827 2429 5884 cperunt
2457 5811 2862 5890 magnitudinem
2884 5811 3041 5865 virtus
3071 5811 3181 5890 eius
3209 5811 3305 5890 qui
3332 5810 3440 5866 lucc
3464 5810 3664 5881 'operaa

2061 5891 2143 5940 tus
2173 5880 2678 5957 est'cognosceretur.
2707 5880 2774 5940 ν.
2806 5881 2902 5941 lib.
2925 5895 3004 5953 tu,
3026 5897 3083 5938 n.
3107 5880 3142 5936 5
3168 5889 3224 5938 et
3248 5882 3303 5937 6.
