4246 6260
307 326 421 392 361

1540 326 1628 387 ut:
1667 310 2041 389 ruimus
2070 308 2275 387 Licuit
2314 328 2450 389 vui.

3515 332 3623 395 269

310 460 441 514 trat,
466 448 708 505 membra
749 446 868 503 haec
892 446 1186 519 gratiarum
1226 446 1279 502 in
1305 445 1640 519 perfectione
1668 446 1763 521 (at.
1788 462 1912 519 per-
1939 449 1994 510 Α
2020 445 2129 502 Sed
2155 445 2303 502 nobis
2326 463 2463 501 unus
2493 444 2633 503 Deus
2671 455 2816 520 pater
2841 462 2903 503 ea:
2922 462 3021 516 quo
3048 448 3237 513 omnia,
3267 446 3345 519 t2)
3373 458 3421 503 et
3452 467 3542 505 nos
3571 453 3624 506 in

310 544 632 613 fectionem)
673 540 833 598 unius
862 541 1108 612 corporis
1131 541 1485 597 dividentem.

388 638 482 693 35.
530 634 872 705 Operationes
903 643 954 690 et
989 634 1273 690 ministeria
1301 633 1445 689 Deus
1486 634 1685 695 statuit.
1723 633 1919 690 Statuit

310 738 362 783 et
380 726 716 785 Christus.—-
728 726 842 783 Nisi
858 726 1001 782 forte
1020 740 1129 782 non
1144 726 1384 783 tenuisse
1414 726 1676 783 rationem
1698 725 1920 787 unitatis

312 823 375 879 in
408 838 474 879 eo
502 821 798 892 Apostolus
827 819 1199 885 existimatur,
1233 819 1375 890 quod
1406 819 1579 875 dixit:
1613 817 1682 874 Et
1711 817 1921 875 divisio-

313 934 410 973 nes
436 916 838 973 ministeriorum
855 923 993 978 sunt,
1017 912 1151 969 idem
1170 914 1280 983 ipse
1307 913 1598 979 Dominus;
1618 924 1672 968 et
1698 912 1923 967 diuisio—

316 1028 415 1066 nes
441 1010 795 1081 operationiiai
821 1017 962 1073 sunt,
996 1006 1131 1061 idem
1158 1016 1329 1061 autem
1366 1005 1506 1061 Deus
1559 1005 1622 1078 (l
1652 1004 1773 1061 Cor.
1822 1020 1918 1071 xu,

324 1104 388 1169 5,
417 1103 478 1176 6)
510 1119 525 1157 :
557 1110 619 1159 ut
658 1102 781 1172 quia
834 1100 1132 1157 ministeria
1162 1100 1232 1155 ad
1264 1100 1550 1157 [lanitium
1601 1098 1823 1164 retulit,
1867 1108 1923 1154 ei

315 1199 674 1269 operationes
702 1194 770 1252 ad
800 1195 970 1252 Deum
992 1234 1009 1260 ,
1054 1209 1164 1250 non
1194 1210 1357 1251 unum
1396 1204 1560 1266 atque
1604 1192 1837 1265 idipsum
1868 1192 1922 1249 in

317 1287 649 1345 ministeriis
700 1296 859 1359 atque
911 1286 1321 1358 Operationibus
1375 1286 1623 1343 videatur
1675 1284 1922 1356 intelligi.

315 1383 529 1453 Accipe
551 1396 713 1455 quam
743 1382 859 1439 haec
902 1381 1151 1439 membra
1199 1382 1633 1438 ministeriorum
1677 1380 1923 1436 membra

315 1476 700 1547 operatiunum
731 1485 881 1538 sunt,
910 1488 1034 1529 cum
1060 1473 1135 1530 ait
1160 1491 1173 1528 :
1214 1471 1318 1529 Vos
1355 1474 1479 1529 estis
1509 1489 1696 1541 corpus
1735 1470 1928 1528 Christi

315 1577 369 1622 st
394 1568 638 1625 membra.
669 1564 736 1621 Et
769 1567 1018 1635 quosdam
1046 1567 1250 1637 quidem
1280 1567 1451 1639 possit
1480 1564 1621 1621 Deus
1655 1565 1709 1620 in
1750 1565 1929 1621 Eccle-

316 1660 428 1724 sia,
468 1660 684 1731 primum
715 1658 987 1731 Apostoios
1012 1658 1203 1730 (Ibid,
1234 1658 1325 1727 27,
1357 1657 1453 1729 28)
1474 1700 1488 1722 ,
1520 1660 1574 1713 in
1622 1657 1819 1728 quibus
1845 1662 1931 1714 est

317 1752 547 1809 verbum
576 1750 893 1823 sapientia;
937 1751 1160 1807 secundo
1190 1752 1488 1824 prophetas,
1517 1752 1572 1806 in
1601 1752 1798 1822 quibus
1840 1760 1926 1807 est

2020 541 2136 613 ipso
2154 581 2167 604 ,
2192 550 2241 596 et
2281 556 2416 595 unus
2443 538 2700 595 Dominus
2726 540 2879 596 .lesus
2909 539 3142 597 Christus
3181 560 3271 613 per
3296 543 3461 616 238
3480 560 3627 613 quem

2022 632 2212 696 omnia,
2230 641 2276 686 et
2299 650 2391 687 nos
2402 649 2492 706 per
2503 632 2732 705 ipsum(l
2758 633 2874 687 Cor.
2898 649 3010 700 vni,
3031 634 3107 706 6).
3126 634 3191 689 Et
3203 650 3415 690 rursum
3442 654 3454 688 :
3484 634 3631 691 Urius

2022 726 2296 790 Dominus,
2324 744 2431 781 una
2439 726 2589 797 fides,
2610 743 2771 781 unum
2797 728 3067 800 baptisma.
3088 728 3236 784 Unus
3250 727 3391 785 Deus
3411 740 3461 783 et
3486 739 3631 801 pater

2023 822 2253 874 omnium
2283 821 2357 892 (e)
2389 833 2435 875 et
2462 838 2551 889 per
2580 838 2754 876 omnes
2775 830 2824 875 et
2846 821 2901 876 in
2920 822 3156 877 omnibus
3208 824 3353 878 nobis
3410 823 3629 897 (Epiros.

2023 927 2097 979 tv,
2153 911 2209 976 ὅ,
2268 912 2346 982 6).
2382 912 2486 968 Per
2514 913 2564 967 id
2596 914 2764 981 enim,
2798 916 2942 985 quod
2988 915 3190 971 dicitur
3215 932 3350 974 unus
3391 916 3531 973 Deus
3574 925 3631 974 et

2024 1022 2159 1060 unus
2187 1004 2439 1061 Dominus
2461 1049 2476 1073 ,
2514 1007 2627 1063 Deo
2658 1014 2866 1063 tantum
2889 1011 3043 1080 quasi
3071 1011 3162 1064 uni
3202 1010 3315 1066 Deo
3354 1011 3630 1082 proprium

2025 1097 2272 1169 deputari
2298 1099 2512 1156 videtur
2538 1108 2596 1155 ut
2615 1099 2760 1156 Deus
2786 1100 2858 1156 sit
2908 1117 2924 1155 i
2972 1117 3093 1156 cum
3145 1103 3448 1173 proprietas
3472 1105 3635 1159 unius

2033 1192 2102 1262 (Ι)
2144 1193 2479 1248 consortium
2532 1206 2641 1249 non
2696 1193 2930 1262 patiatur
2972 1193 3219 1250 alterius.
3253 1194 3299 1251 0
3324 1195 3484 1266 plane
3511 1213 3632 1253 rara

2027 1299 2090 1338 ac
2120 1283 2361 1341 diiiicilia
2390 1286 2781 1342 charismatum
2822 1286 2990 1351 dona,
3022 1296 3079 1343 et
3106 1302 3235 1344 vere
3265 1288 3318 1342 in
3350 1287 3452 1344 hac
3480 1290 3635 1345 utili-

2026 1383 2197 1433 tatum
2241 1377 2463 1434 datinne
2507 1377 2876 1434 manifestatio
2916 1379 3150 1449 Spiritus
3199 1382 3533 1436 constituta!
3566 1381 3637 1437 Et

2028 1467 2224 1525 merito
2271 1471 2357 1525 hic
2407 1470 2820 1527 dividendarum
2863 1472 3158 1543 gratiarum
3201 1473 3337 1529 ordo
3385 1481 3635 1529 servatus

2027 1571 2135 1627 est,
2168 1569 2227 1616 ut
2254 1562 2568 1633 principalis
2602 1574 2750 1619 esset
2777 1578 2957 1619 sermo
2989 1565 3305 1636 sapientiae;
3338 1581 3468 1622 vere
3488 1569 3633 1622 enim

2029 1651 2159 1709 illud
2185 1660 2287 1718 est,
2324 1652 2390 1708 Et
2417 1672 2563 1709 nemo
2594 1665 2756 1723 potest
2782 1656 2953 1711 dicere
2985 1655 3262 1713 Dominum
3288 1656 3491 1727 Iesum,
3537 1659 3637 1713 nisi

2028 1744 2083 1799 in
2111 1744 2314 1814 Spiritu
2341 1756 2515 1800 sancto
2540 1746 2583 1819 (ι
2608 1744 2726 1801 Cor.
2761 1764 2853 1812 xu,
2886 1750 2965 1819 5),
2996 1749 3118 1823 quia
3167 1747 3245 1822 (g)
3276 1750 3375 1804 nisi
3408 1766 3502 1819 per
3535 1750 3637 1806 hoc

314 1846 524 1906 donum
552 1846 826 1909 scicntia;
859 1845 1008 1901 tertio
1052 1846 1344 1919 magistros,
1377 1846 1430 1901 in
1461 1844 1655 1915 quibus
1681 1853 1767 1900 est
1795 1844 1926 1900 doc-
1959 1846 2009 1912 ﬁ
2033 1839 2313 1909 sapientia:
2341 1841 2566 1897 verbum
2597 1840 2846 1897 Christus
2888 1840 3150 1898 Dominus
3183 1860 3289 1899 non
3320 1855 3502 1913 posset
3550 1844 3637 1901 in-

314 1944 461 1999 trina
496 1941 657 2006 tidci;
687 1940 871 1997 deinde
900 1941 1141 2005 uirtutes,
1167 1941 1219 1994 in
1247 1941 1443 2011 quibus
1483 1952 1610 1995 sunt
1638 1939 1928 1994 curationes
2036 1929 2226 2002 telligi,
2254 1939 2365 1987 tum
2390 1931 2587 1988 deinde
2625 1948 2856 2002 sequens
2883 1944 3028 1990 esset
3066 1952 3246 1990 sermo
3275 1934 3549 2005 scientiae;
3580 1947 3638 1993 ut

312 2036 718 2104 inﬁrmitatem,
740 2032 1057 2093 auxiliorum
1068 2042 1359 2104 potestates,
1382 2032 1774 2105 gubernatioues
1802 2048 1927 2102 pro-

2034 2023 2175 2097 quod
2223 2026 2496 2097 sapimus,
2548 2026 2783 2081 scienter
2830 2025 3137 2097 loquamur,
3172 2029 3246 2083 ita
3281 2038 3338 2083 ut
3365 2028 3641 2101 sapiamus

313 2127 586 2199 phetales,
622 2137 677 2184 et
702 2126 782 2198 (ο)
810 2126 956 2185 dona
986 2143 1177 2199 genera
1206 2127 1508 2205 linguarum
1534 2127 1623 2183 vel
1665 2126 1926 2198 loquendi
2032 2121 2313 2193 sapientiae
2338 2120 2561 2176 verbum
2589 2138 2603 2173 :
2640 2120 2855 2176 tertium
2874 2134 3003 2175 vero
3026 2120 3229 2176 donum
3264 2122 3316 2179 iu
3340 2124 3445 2178 [ide
3460 2132 3637 2190 esset;

312 2220 406 2277 vel
428 2219 843 2290 interpretandi.
884 2218 1049 2276 Certe
1079 2218 1196 2275 haec
1243 2218 1504 2274 Ecclesiae
1534 2226 1587 2275 et
1628 2217 1925 2275 ministeria
2040 2217 2168 2288 quia
2199 2215 2288 2270 illa
2320 2213 2633 2287 principalia
2657 2222 2713 2269 et
2732 2215 3013 2285 superiora
3038 2214 3323 2271 utilitatem
3349 2216 3499 2279 doni,
3535 2214 3641 2277 nisi

322 2322 459 2371 sunt
487 2320 545 2367 et
571 2312 938 2382 operationes,
970 2311 1024 2369 in
1067 2310 1262 2381 quibus
1287 2318 1373 2366 est
1390 2325 1588 2382 corpus
1610 2310 1848 2377 Christi;
1875 2318 1934 2367 et
2036 2308 2114 2381 (Ιι)
2144 2307 2287 2364 Deus
2317 2307 2655 2372 crederetur,
2685 2303 2997 2371 amitterent
3032 2325 3049 2364 :
3085 2317 3141 2363 ut
3188 2324 3330 2364 nunc
3366 2307 3421 2364 in
3477 2309 3641 2380 hujus

326 2411 450 2462 hinc
481 2406 626 2464 Deus
655 2408 862 2467 statuit.
907 2405 1016 2463 Aut
1060 2406 1315 2475 prolitere
1361 2420 1468 2461 non
1519 2420 1616 2476 per
1656 2404 1931 2463 Christum
2032 2403 2249 2460 maximi
2278 2412 2332 2460 et
2362 2393 2709 2473 pulcherrimi
2741 2401 2872 2457 dicti
2914 2403 3200 2477 apostolici
3251 2415 3636 2472 sacramento,

310 2509 544 2567 statuta,
595 2501 718 2570 quia
748 2514 811 2554 ea
843 2501 983 2555 Deus
1012 2498 1219 2555 statuit.
1267 2498 1374 2554 Sed
1413 2498 1604 2557 audies
1636 2498 1810 2569 ipsum
1840 2497 1928 2555 di-
2033 2496 2303 2554 haareticis
2334 2497 2586 2553 omnibus
2627 2511 2728 2551 nec
2767 2498 2991 2551 Verbum
3040 2496 3324 2566 sapientia
3364 2510 3485 2566 est,
3532 2515 3635 2556 nec

314 2601 540 2649 contem
573 2610 586 2646 :
621 2590 908 2660 Unicuique
934 2601 1104 2646 autem
1132 2600 1367 2645 nostrum
1395 2592 1519 2645 data
1547 2600 1620 2645 est
1650 2592 1819 2664 gratia
1850 2608 1930 2648 se—
2032 2603 2212 2644 sermo
2242 2588 2486 2646 scientiae
2510 2631 2524 2652 ,
2557 2603 2660 2643 nec
2690 2587 2968 2659 religionis
2993 2586 3129 2643 ﬁdes
3151 2603 3166 2651 ;
3190 2588 3316 2658 quia
3354 2587 3640 2659 impietas,

316 2687 550 2740 cundum
582 2700 875 2740 mensuram
902 2684 1192 2739 donationis
1214 2683 1424 2738 Christi.
1458 2684 1522 2739 Et
1551 2685 1746 2740 iterum
1775 2684 1931 2763 γρηὶ
2032 2696 2152 2752 quae
2182 2696 2289 2736 non
2320 2680 2465 2751 capit
2495 2680 2931 2752 intelligentiam,
2966 2690 3122 2736 extra
3152 2682 3427 2745 sermonis
3458 2682 3643 2739 scien-

318 2778 618 2844 desccndit,
645 2778 755 2849 ipse
779 2789 854 2833 est
880 2779 967 2850 qui
995 2787 1042 2833 et
1080 2778 1309 2833 ascendit
1333 2793 1488 2846 super
1526 2794 1700 2835 omnes
1739 2780 1925 2846 caelos,

320 2879 379 2924 ut
409 2870 693 2941 adimpleat
718 2870 907 2924 omnia.
952 2868 1018 2924 Et
1036 2870 1148 2941 ipse
1176 2868 1315 2925 dedit
1348 2869 1595 2941 quosdam
1619 2869 1927 2941 Apostolus,

320 2964 578 3033 quosdam
599 2971 767 3017 autem
793 2962 1093 3035 praphetas,
1118 2961 1366 3032 quosdam
1392 2972 1561 3017 autem
1584 2962 1665 3036 (l)
1684 2961 1759 3035 (b)
1784 2978 1929 3018 evan-

320 3057 621 3128 gelizantcs,
648 3054 897 3125 quosdam
917 3064 1089 3110 autem
1113 3066 1346 3126 pastores
1372 3062 1418 3109 et
1440 3056 1691 3122 doctores,
1718 3054 1787 3109 ad
1814 3071 1931 3109 con-

322 3148 719 3203 summationem
752 3156 1068 3213 sanctorum,
1100 3145 1153 3200 in
1178 3162 1305 3214 opus
1325 3145 1595 3201 ministerii
1622 3144 1840 3219 (Ep/tes.
1873 3161 1928 3201 iv

322 3244 384 3303 τ,
413 3243 504 3307 l0,
528 3239 673 3312 etc).
704 3238 974 3310 Numquid
996 3238 1418 3294 ministeriorum
1442 3238 1579 3294 dona
1604 3255 1710 3293 non
1726 3237 1926 3294 Christi

322 3341 479 3400 sunt,
512 3349 635 3388 cum
661 3338 843 3388 tamen
874 3331 949 3402 (c)
978 3340 1032 3387 et
1060 3331 1156 3386 Dei
1188 3330 1328 3385 dona
1356 3331 1465 3386 sint
1487 3331 1513 3384 1

399 3426 492 3482 '54.
539 3424 741 3480 Paulus
777 3427 841 3479 de
878 3422 1041 3479 Patre
1071 3423 1246 3477 dicens
1276 3422 1441 3490 Deus,
1476 3424 1538 3480 de
1584 3420 1726 3478 Filio
1764 3423 1931 3479 Dom-

322 3534 468 3586 nus,
517 3534 617 3572 non
659 3517 897 3573 distth
936 3532 1024 3571 eos
1069 3525 1277 3570 natura.
1317 3545 1390 3557 ——
1416 3515 1524 3571 Sed
1554 3515 1635 3590 (ά)
1664 3516 1712 3572 si
1738 3516 1789 3572 id
1828 3517 1931 3574 sibi

324 3611 615 3682 usurpavit
642 3612 913 3680 impietas,
968 3618 1027 3665 ut
1064 3610 1188 3682 quia
1235 3610 1349 3676 ait,
1398 3611 1530 3664 idem
1576 3608 1831 3665 Dominus
1877 3622 1931 3667 et

320 3706 467 3761 idem
498 3701 635 3759 Deus
662 3703 707 3778 (Ι
738 3702 858 3759 Cor.
895 3719 975 3760 xu
998 3747 1013 3772 ,
1048 3703 1084 3760 5
1113 3742 1131 3769 ,
1183 3700 1267 3772 6),
1311 3718 1421 3761 non
1477 3705 1586 3761 sint
1626 3704 1683 3761 in
1722 3704 1929 3769 unitate

323 3810 542 3857 naturae
572 3816 585 3855 :
620 3798 910 3870 adjungam
953 3813 1097 3854 vero
1128 3797 1257 3855 huic
1294 3797 1664 3869 intelligentia
1694 3807 1835 3867 tum,
1869 3808 1930 3861 ut

321 3904 491 3963 putas
521 3892 756 3947 ﬁrmiora
787 3891 1057 3963 praesidia.
1107 3889 1229 3961 Ipse
1278 3892 1423 3947 enim
1462 3892 1755 3963 Apostolus
1804 3893 1926 3950 ait:

398 4029 483 4100 (Ι)
526 4028 896 4100 Eeangetistas.
922 4027 1091 4085 Paulo
1120 4034 1257 4098 post,
1292 4034 1341 4084 et
1374 4027 1695 4099 inoporantis
1718 4038 1769 4085 et
1812 4027 1931 4085 Dei.

324 4099 477 4165 nox,
504 4099 593 4155 sed
610 4099 685 4165 id,
714 4099 913 4155 omissa
946 4099 1205 4170 particula
1231 4100 1298 4156 si.

405 4215 496 4290 (α)
523 4216 645 4274 Vat.
673 4218 791 4290 bas.
821 4232 928 4290 ms.
955 4216 1091 4271 dona
1106 4214 1781 4290 gentium._Alii_nonn_ulli,
1809 4233 1937 4275 nec-

324 4287 439 4344 non
483 4289 627 4357 Lips.
658 4298 713 4345 et
742 4289 865 4343 Par.
897 4288 1031 4343 dona
1071 4287 1334 4357 generum.
1366 4287 1769 4349 Praeferendum
1811 4305 1933 4349 cum

326 4360 490 4426 Bad.,
525 4359 617 4415 Er.
643 4366 700 4415 et
724 4358 964 4428 pluribus
991 4358 1176 4430 probae
1202 4367 1343 4413 notae
1373 4376 1503 4413 mss.
1534 4362 1669 4415 dona
1690 4360 1835 4429 (scil.
1858 4360 1937 4416 vel

326 4432 578 4503 loquendi
602 4432 680 4485 vel
706 4434 1071 4502 interpretandi
1081 4435 1302 4503 )_genera
1332 4431 1655 4503 linguarum.

404 4501 484 4577 (b)
523 4501 745 4577 Carnut.
779 4501 948 4558 codex
972 4511 1026 4557 et
1064 4501 1278 4558 Martia.
1327 4501 1479 4560 utin
1518 4517 1698 4576 graeco
1746 4512 1931 4572 textu,

326 4574 691 4649 evangelista!-

2034 2773 2160 2827 tiam
2190 2779 2246 2831 et
2269 2782 2423 2828 extra
2450 2772 2851 2842 simplicitatem
2879 2771 3005 2829 tide'i
3038 2783 3141 2830 est.
3177 2772 3291 2830 Nec
3319 2775 3465 2831 enim
3495 2774 3645 2847 quis-

2032 2884 2193 2941 quam
2223 2869 2365 2941 quod
2398 2885 2502 2924 non
2534 2870 2696 2940 sapit,
2735 2867 2972 2942 loquitur
3009 2888 3022 2925 :
3056 2885 3157 2928 nec
3181 2872 3324 2943 quod
3351 2872 3497 2946 loqui
3535 2890 3644 2931 non

2036 2971 2233 3033 potest,
2268 2970 2445 3034 potest
2465 2964 2710 3019 credere.
2732 2960 2907 3020 Unum
2933 2965 3115 3036 itaque
3146 2964 3314 3021 Deum
3346 2966 3646 3038 Apostolus

2038 3055 2359 3123 praedicans,
2395 3065 2447 3111 et
2488 3071 2555 3112 ex
2586 3055 2731 3127 Lege
2779 3057 3028 3125 veniens,
3080 3066 3243 3131 atque
3292 3059 3345 3114 in
3396 3059 3648 3134 Evange-

2033 3144 2167 3201 lium
2201 3145 2404 3203 Christi
2425 3158 2674 3216 vocatus,
2699 3147 2955 3221 perfectae
2983 3148 3106 3205 tidei
3140 3151 3312 3207 tenuit
3338 3151 3645 3210 confessio-

2035 3253 2179 3294 nem.
2209 3238 2276 3293 Et
2304 3254 2373 3296 ne
2399 3239 2634 3311 aliquam
2682 3240 2952 3295 haereticis
2995 3241 3336 3299 occasionem
3362 3252 3637 3317 tamquam

2038 3331 2232 3385 incauti
2256 3331 2523 3386 sermonis
2546 3330 2866 3402 simplicitas
2892 3342 3195 3403 praistaret,
3219 3344 3279 3389 ut
3301 3336 3639 3413 nativitatem

2037 3422 2159 3479 Filii
2191 3438 2286 3494 per
2314 3424 2473 3478 unius
2494 3423 2589 3479 Dei
2620 3423 3062 3496 praedicationem
3113 3438 3377 3499 negarent
3407 3445 3423 3497 ;
3478 3445 3646 3487 unum

2037 3519 2209 3577 Deum
2233 3517 2336 3575 sub
2365 3517 2715 3588 proprietatis
2752 3518 3151 3588 signiﬁcatione
3193 3521 3482 3580 ceidessns
3522 3534 3643 3595 est,

2038 3610 2224 3667 dicens
2254 3611 2325 3667 ita
2358 3626 2373 3664 :
2406 3608 2557 3666 Unus
2598 3608 2738 3665 Deus
2766 3620 2989 3681 pater"
3015 3628 3116 3680 alio
3140 3614 3336 3682 omnia,
3377 3625 3426 3671 et
3464 3632 3559 3672 nos
3584 3617 3643 3673 in

2034 3704 2148 3776 ipso
2176 3703 2220 3776 (Ι
2245 3702 2366 3763 Cor.
2391 3718 2515 3771 viii,
2542 3702 2598 3774 li)
2631 3722 2646 3759 :
2672 3711 2732 3761 ut
2761 3705 2850 3775 qui
2890 3704 3036 3765 Deus
3058 3716 3163 3774 est,
3192 3716 3247 3764 et
3278 3716 3435 3777 pater
3457 3709 3651 3767 credes

2035 3808 2207 3857 retur.
2241 3798 2451 3865 Dehinc
2491 3798 2617 3866 quia
2645 3798 2848 3859 nudum
2879 3798 2981 3859 hac
3003 3838 3019 3866 ,
3049 3799 3107 3855 in
3153 3815 3319 3857 unum
3351 3802 3523 3863 Deam
3550 3819 3647 3876 pa.

2038 3899 2176 3947 trem
2209 3891 2455 3956 credere,
2487 3904 2593 3944 non
2629 3888 2916 3959 proliceret
2955 3889 3023 3944 ad
3065 3890 3329 3958 salutem;
3357 3892 3591 3964 subjecit
3625 3910 3641 3950 :

2112 4026 2193 4099 (2)
2235 4026 2300 4099 Et
2350 4043 2443 4080 nos
2488 4026 2778 4099 injpsum,
2811 4040 2933 4081 cum
2978 4041 3179 4099 graeco,
3225 4043 3350 4087 mox
3379 4031 3648 4090 omittitur

2037 4096 2234 4157 nomen
2259 4098 2516 4155 Christus.
2545 4096 2712 4152 Paulo
2743 4105 2887 4167 post,
2920 4096 3077 4153 unum
3102 4098 3430 4168 baptismum.

2043 4215 2257 4271 referri.
2300 4212 2437 4287 Hinc
2468 4212 2537 4269 ab
2565 4210 2698 4287 ipsis
2720 4211 2953 4287 quaerit,
2980 4229 3027 4287 7a
3073 4231 3181 4286 quo
3227 4215 3433 4287 Spiritu
3478 4219 3650 4283 velint

2043 4287 2184 4345 dona
2210 4284 2469 4356 spiritalia
2513 4283 2803 4360 proficisci.
2849 4283 3178 4360 Acdemiirn
3208 4283 3328 4345 iubs
3354 4306 3421 4347 eo
3449 4291 3647 4360 ρθιιάυ-

2042 4361 2138 4425 cit,
2171 4355 2458 4428 utinegare
2485 4372 2593 4413 non
2622 4357 2858 4429 valeant,
2891 4355 3194 4421 ministeria
3226 4361 3278 4415 in
3313 4355 3545 4425 Eccicsia
3573 4363 3648 4429 ita

2042 4445 2071 4484 a
2107 4431 2218 4485 Deo
2250 4444 2372 4484 esse
2401 4429 2596 4498 posita,
2637 4427 2879 4483 utetiam
2911 4444 2941 4483 a
2982 4430 3199 4487 Christo
3229 4432 3481 4488 dicantur
3515 4427 3650 4490 cun-4

2042 4502 2272 4566 stituta;
2324 4501 2569 4570 adeoque
2605 4498 2877 4570 Christum
2921 4515 2949 4554 a
2994 4500 3155 4556 Patre
3200 4517 3376 4567 neque
3422 4505 3648 4563 alterius

2043 4587 2167 4629 esse
2197 4568 2499 4645 potestatis,
2536 4568 2967 4654 neque‘alterius
2999 4579 3224 4654 natura.
3257 4574 3438 4654 Itaque
3487 4591 3650 4654 argu-

402 4640 486 4719 (σῖ
511 4643 651 4699 ΕιΙὶιὶ
681 4660 747 4701 ac
766 4646 945 4715 plures
975 4659 1107 4700 mss.
1141 4645 1526 4719 etinoperantis
1556 4644 1674 4701 Dei.
1708 4644 1931 4719 [lectius
1958 4640 2012 4701 D
2038 4640 2276 4719 mentum
2304 4660 2334 4719 a_
2363 4660 2509 4699 num.
2535 4640 2937 4719 29‘institutum
2962 4644 3028 4698 ad
3077 4644 3179 4700 hoc
3206 4640 3367 4719 valet;
3392 4640 3644 4719 utdona,

328 4716 489 4774 abest
516 4719 835 4789 imperantis
865 4733 893 4770 a
922 4717 1302 4787 praestantibus
1326 4734 1458 4773 mss.
1484 4720 1659 4785 Colh.,
1691 4716 1853 4785 Carn.
1884 4728 1940 4777 et

330 4789 520 4845 Germ.
565 4788 688 4842 cum
734 4790 1051 4859 respiciatur
1090 4803 1249 4857 supra
1271 4788 1467 4843 allatus
1488 4792 1732 4859 Apostoli
1761 4806 1776 4844 ι
1807 4790 1934 4845 Cor.

331 4876 431 4925 xit,
466 4859 561 4923 27,
614 4858 784 4919 locus.
838 4859 903 4914 Et
930 4859 1180 4929 quosdam
1211 4860 1417 4927 quidem
1460 4862 1629 4929 posuit
1660 4860 1813 4928 Deus,
1847 4862 1938 4917 ubi

330 4948 441 4987 non
467 4929 719 5000 adjicitur
744 4931 966 4986 verbum
997 4932 1292 4997 inaperans.
1324 4930 1490 5000 Cujus
1517 4932 1620 4986 loci
1653 4946 1935 5002 compara-

335 5004 488 5059 tione
541 5018 670 5061 cuin
724 5003 899 5061 altero
945 5003 1186 5073 ejusdem
1216 5004 1458 5072 Apostoli
1493 5002 1690 5072 Ephes.
1724 5019 1774 5057 iv
1797 5044 1812 5070 ,
1848 5004 1934 5069 ll,

332 5076 587 5145 proxime
611 5084 931 5139 memorato,
946 5075 999 5129 in
1013 5079 1322 5144 quoeadem
1339 5074 1766 5129 ministeriorum
1793 5076 1934 5132 dona

332 5144 365 5201 a
388 5144 611 5202 Christo
649 5145 855 5201 indulta
876 5160 1001 5203 esse
1024 5146 1368 5205 declaratur:
1408 5146 1520 5215 jam
1563 5146 1779 5200 tandem
1821 5146 1937 5200 cla-

333 5219 452 5287 rius
479 5215 788 5287 coniicitur,
817 5217 1094 5277 Christum
1123 5231 1246 5275 esse
1283 5218 1549 5275 donorum
1579 5215 1890 5286 largitorem
1914 5258 1931 5285 ,

372 5286 675 5371 reindeque
704 5304 1013 5371 unum_cum
1038 5287 1420 5371 PatreMDcum,
1449 5305 1613 5371 unum
1644 5289 1928 5371 Spiritum.

372 5301 675 5371 ruinaeque
704 5304 867 5355 unum
890 5304 1013 5344 cum
1040 5301 1199 5346 Patre
1230 5301 1420 5353 ticum,
1449 5305 1613 5347 unum
1644 5301 1928 5371 Spiritum.

333 5301 494 5429 good
533 5358 751 5430 quidem
785 5359 1116 5431 pedetentim
1147 5360 1328 5428 efﬁcit,
1362 5370 1435 5424 et,
1468 5364 1544 5419 uti
1578 5362 1733 5423 nobis
1779 5359 1933 5419 Vide.

337 5440 450 5501 tur,
481 5447 589 5488 non
619 5440 731 5493 tam
768 5447 834 5489 ex
868 5448 966 5489 sua
996 5449 1156 5501 quam
1185 5448 1254 5489 ex
1297 5435 1564 5490 sententia
1594 5432 1936 5489 adversario-

334 5519 484 5576 rum,
510 5502 706 5572 quibus
735 5503 977 5576 nonnihil
1008 5502 1249 5576 largitur,
1283 5514 1342 5561 ut
1366 5520 1577 5561 omnem
1600 5503 1686 5576 eis
1705 5503 1939 5576 evaden-

336 5574 396 5629 di
416 5568 619 5630 aditum
651 5575 886 5631 claudat.
920 5568 1157 5632 Primu'm
1197 5577 1342 5632 enim
1371 5578 1450 5632 eis
1477 5577 1617 5631 ultro
1643 5574 1736 5632 dat
1763 5568 1937 5642 Spiri-

338 5657 425 5700 tus
452 5649 617 5719 sancit
657 5661 791 5703 voce
818 5647 1142 5719 quandoque
1172 5647 1407 5719 Patrem,
1444 5646 1711 5719 interdum
1741 5645 1937 5715 Filium

336 5718 719 5800 εοιξρρι-ἰιιιιιι
786 5717 1068 5800 εειιιοιιιιιι
1112 5717 1632 5800 sigpifrgari.__Tum_
1676 5719 1937 5800 quaedam

338 5789 493 5845 Pauli
530 5789 717 5858 locos,
749 5805 887 5862 qum
930 5791 1024 5859 lib.
1056 5806 1129 5859 ιι,
1160 5788 1217 5847 ᾗί
1250 5791 1321 5849 55
1347 5799 1403 5862 et
1425 5790 1517 5862 54,
1567 5788 1636 5860 ad
1681 5788 1939 5862 Spiritum

336 5872 590 5919 sanetam
609 5856 821 5929 retulii,
845 5856 1299 5933 permittit'etiain
1318 5861 1387 5920 ad
1424 5856 1641 5920 Patroni
1664 5856 1942 5920 et'Filiuin

2042 4733 2161 4787 qua:
2194 4715 2425 4785 Spiritus
2444 4714 2626 4789 sancti
2659 4713 2814 4789 vulgo
2842 4728 3239 4789 nuncupantur,
3267 4715 3430 4789 totius
3458 4713 3647 4777 Trini;

2045 4784 2192 4855 tatis,
2224 4784 2288 4843 ac
2322 4785 2635 4843 nominatim
2686 4785 2857 4856 ipsius
2896 4784 3096 4841 Christi
3142 4802 3264 4844 esse
3306 4784 3646 4845 doceamur:

2043 4869 2099 4921 ut
2138 4858 2378 4927 quolibet
2406 4857 2565 4913 modo
2599 4857 2750 4911 Pauli
2779 4856 2941 4913 verba
2972 4860 3400 4923 interpretentur
3434 4860 3651 4918 haereti-

2041 4932 2107 4996 ci,
2140 4929 2206 4985 iis
2228 4938 2409 4986 tamen
2436 4929 2696 4984 naturalis
2720 4929 2770 4983 in
2802 4927 2960 4985 Patre
2993 4938 3045 4986 et
3070 4927 3212 4985 Filio
3238 4934 3415 4988 unitas
3436 4935 3640 4988 contire

2044 5013 2245 5064 metur,
2291 5001 2443 5068 Quod
2490 5000 2774 5070 Operosius
2822 4999 3306 5057 demonstrandum
3350 5003 3646 5060 duximus:

2049 5073 2250 5197 {initppe
2298 5074 2390 5144 qui
2439 5072 2770 5129 advertimus
2821 5072 3085 5137 Hilarium
3152 5090 3260 5129 non
3303 5075 3439 5132 satis
3489 5077 3649 5133 intel-

2070 5158 2268 5197 ecum.

2070 5148 2268 5199 ectu'm.

2136 5213 2192 5273 ά)
2235 5214 2502 5270 Particula
2531 5214 2577 5269 si
2601 5212 2875 5273 omittitur
2902 5214 2955 5270 in
2986 5229 3089 5270 ms.
3120 5214 3336 5271 Martia.

2133 5284 2185 5361 e)
2228 5284 2437 5361 Excusi
2467 5285 2555 5361 hic
2602 5284 2841 5361 addunt,
2872 5286 3001 5361 __qui
3047 5302 3209 5361 super
3239 5287 3419 5342 omnia
3456 5301 3478 5342 :
3522 5303 3648 5361 qua:

2039 5356 2204 5413 verba
2265 5372 2373 5432 non
2424 5357 2624 5413 habent
2664 5356 2825 5432 infra,
2872 5356 2971 5415 iih.
3020 5356 3314 5432 ;_t,'initio,
3361 5356 3652 5432 neque'hic

2039 5437 2253 5504 exstant
2277 5431 2328 5484 in
2345 5444 2472 5484 mss.
2495 5444 2721 5499 quorum
2750 5427 2803 5482 in
2820 5428 3111 5504 _non_nullis
3140 5445 3247 5504 pro
3260 5439 3306 5485 et
3332 5446 3425 5504 per
3448 5427 3626 5487 omnes

2040 5473 2253 5570 ῖὲέιῐῖἱῖ
2278 5473 3651 5576 'e'i"s'ii}ie‘r'"5§:{:52s',"iii”catinius}"aiiiéiii';"'¢}§ii

2044 5588 2200 5645 super
2232 5588 2424 5645 omnes.

2111 5640 2187 5716 ⁵(Ῑ)
2229 5640 2320 5716 Sic
2351 5660 2483 5716 mss.
2512 5642 2586 5702 At
2612 5641 2768 5716 editi,
2801 5642 3038 5707 unitatis.

2119 5647 2187 5783 Sf)
2229 5647 2320 5701 Sic
2351 5660 2483 5700 mss.
2512 5647 2586 5702 At
2612 5647 2768 5710 editi,
2801 5647 3038 5707 unitatis.

2119 5714 2197 5800 _g)
2234 5715 2389 5842 Apud
2420 5715 2542 5779 Par.
2570 5715 2909 5772 desideratur
2936 5715 3056 5771 nisi.
3090 5713 3215 5773 Mox
3260 5716 3317 5789 in
3346 5715 3469 5789 aliis
3487 5719 3652 5792 etiam

2119 5801 2180 5842 ll.
2214 5786 2280 5842 ha
2322 5796 2444 5842 etur
2473 5795 2656 5842 notest.
2686 5801 2792 5842 non
2816 5797 3002 5842 posset.

2253 5795 2444 5861 abetur
2472 5795 2656 5861 potest,
2686 5801 2792 5861 no_n
2815 5797 3002 5861 posset.

2048 5785 2186 5844 editi
2214 5785 2444 5915 hiabant};
2472 5795 2656 5861 potest,
2686 5801 2792 5844 n0n
2815 5797 3015 5916 fouet:
3195 5859 3210 5873 δ
3290 5785 3313 5789 ”
3392 5785 3395 5789 ⁷
3624 5788 3628 5792 ’

2122 5857 2201 5933 (Ii)
2266 5866 2496 5918 etustior
2521 5874 2554 5919 e
2578 5873 2713 5918 mss.
2733 5856 2812 5918 Co
2837 5859 2890 5919 b.
2917 5875 3017 5917 nisi
3051 5857 3309 5922 Dominus
3335 5861 3648 5921 crederetur.
