4246 6260
603 365 713 423 26⁸5

1828 356 2073 419 SANCTI
2100 355 2356 416 HlLARll
2395 356 2704 420 EPISCOPI

3802 358 3914 417 εω

608 480 678 535 Et
749 492 881 535 unus
933 477 1184 534 Dominus
1224 482 1397 535 noster
1450 476 1614 552 239
1657 476 1809 534 Iesus
1837 476 2071 534 Christus
2116 492 2207 547 per
2231 483 2283 541 Α
2310 478 2596 550 signiﬁcat,
2628 495 2737 536 non
2767 478 2835 535 ad
2861 478 3210 537 solitudinem
3241 476 3555 549 singularis,
3580 473 3674 532 sed
3705 474 3773 531 ad
3803 478 3915 547 spi-

606 591 753 646 quem
778 575 971 641 omnia,
1000 584 1048 629 et
1068 591 1160 629 nos
1196 589 1287 645 per
1310 574 1520 643 ipsum;
1550 573 1919 628 sinceritatem
1946 570 2068 626 ﬁdei
2111 583 2201 624 sa-

606 672 798 729 lutaris
825 673 878 728 in
906 673 1064 728 unius
1094 670 1192 727 Dei
1218 680 1276 728 et
1302 671 1357 726 in
1385 671 1546 726 unius
1582 667 1797 725 Domini
1825 666 2207 738 prmdicatione

606 765 987 823 demonstrans
1018 782 1035 824 :
1065 773 1125 823 ut
1159 764 1316 820 nobis
1341 772 1396 820 et
1424 779 1565 820 unus
1603 763 1747 819 Deus
1786 772 1956 834 pater,
1984 770 2042 818 et
2071 774 2209 815 unus

607 856 867 914 Dominus
892 857 1051 914 Jesus
1076 841 1326 914 Christus
1357 858 1411 914 in
1456 857 1564 915 ﬁde
1604 856 1681 930 (a)
1710 867 1878 913 esset.
1911 854 2029 911 Non
2060 854 2207 910 enim

605 949 809 1007 dictum
835 951 1114 1023 ignorabat
1159 968 1188 1006 a
1218 952 1451 1008 Domino
1484 969 1498 1006 :
1531 951 1658 1007 Htec
1699 961 1772 1006 est
1811 951 1945 1006 enim
1975 950 2211 1005 voluntas

607 1047 773 1116 patris
813 1048 938 1114 mei,
970 1058 1026 1103 ut
1071 1049 1235 1102 omnis
1279 1047 1369 1119 qui
1415 1049 1552 1103 videt
1593 1046 1824 1113 Filium,
1878 1055 1925 1100 et
1970 1044 2130 1099 credit
2158 1043 2214 1097 in

612 1156 730 1196 eum
757 1181 772 1207 ,
805 1141 987 1196 habeat
1016 1141 1171 1196 vitam
1206 1151 1453 1196 wternam
1478 1140 1661 1211 (Joan.
1691 1156 1766 1204 vr,
1796 1140 1913 1212 40).
1952 1138 2059 1195 Sed
2089 1136 2213 1192 ﬁdei

608 1232 993 1288 ecclesiastica:
1033 1232 1281 1289 ordinem
1309 1248 1537 1303 ponens,
1570 1243 1626 1289 et
1670 1233 1831 1289 ﬁdem
1883 1244 2127 1287 n05tram
2158 1229 2213 1285 in

609 1322 771 1380 Patre
798 1332 855 1381 et
884 1324 1022 1380 Filio
1048 1336 1314 1390 statuens,
1369 1323 1748 1397 inseparabilis
1778 1324 1921 1379 illius
1947 1331 2109 1393 atque
2134 1323 2217 1377 in-

609 1417 940 1475 dissolubilis
959 1418 1183 1475 unitatis
1213 1427 1268 1474 et
1295 1418 1416 1474 ﬁdei
1448 1428 1846 1475 sacramentum
1871 1418 2081 1472 locutus
2108 1420 2213 1484 est,

610 1511 802 1571 dicens
834 1531 849 1569 :
885 1512 1034 1569 Unus
1059 1510 1221 1581 Deus,
1246 1522 1296 1569 et
1316 1529 1452 1568 unus
1475 1510 1754 1568 Dominus.

682 1656 773 1714 55.
812 1656 875 1713 Si
911 1655 1144 1712 Christus
1183 1664 1401 1727 negatur
1426 1652 1563 1710 Deus
1582 1697 1597 1723 ,
1621 1653 1741 1727 quia
1764 1669 1897 1708 unus
1941 1649 2078 1708 Deus
2108 1647 2220 1705 Pa-

612 1757 689 1807 ter
703 1767 840 1819 ;nec
871 1748 1032 1805 Pater
1080 1745 1357 1817 Dominus,
1403 1748 1526 1819 quia
1576 1764 1712 1802 unus
1758 1744 2013 1800 Dominus
2068 1743 2220 1797 Chri-

612 1856 742 1903 stus.
793 1877 865 1888 —
920 1847 997 1900 Ac
1072 1844 1304 1915 primum
1359 1853 1510 1899 extra
1558 1841 1914 1913 apostolicum
1969 1837 2217 1909 spiritum

615 1939 826 2005 vivens,
851 1935 1132 1994 stultitiam
1163 1946 1331 2000 tuam,
1361 1932 1647 2000 baeretice,
1691 1931 1957 2002 intellige.
1989 1929 2045 1986 Si
2068 1930 2214 1985 enim

614 2031 1007 2104 professionem
1047 2029 1209 2085 unius
1237 2028 1331 2083 Dei
1363 2027 1429 2082 ad
1463 2025 1514 2082 id
1560 2015 1830 2097 usurpas,
1864 2040 1932 2079 ne
1968 2020 2217 2078 Christus

616 2123 758 2183 Deus
786 2125 891 2191 sit;
919 2124 1043 2195 quia
1074 2122 1164 2177 ubi
1193 2135 1330 2177 unus
1357 2127 1462 2188 est,
1498 2119 1773 2175 solitarius
1817 2119 1888 2174 sit
1912 2115 2218 2188 intelligen—

615 2218 739 2287 dus,
761 2229 815 2275 et
844 2217 920 2285 id,
950 2216 1027 2290 (b)
1055 2215 1199 2288 quod
1231 2231 1371 2271 unus
1401 2221 1505 2281 est,
1531 2213 1809 2285 proprium
1835 2210 1886 2267 ei
1908 2212 1975 2266 sit
2004 2226 2068 2266 ac
2098 2209 2216 2265 sin-

616 2312 808 2385 gulare
836 2312 929 2384 qui
959 2326 1098 2366 unus
1126 2319 1210 2366 est
1243 2328 1258 2367 :
1288 2308 1416 2380 quid
1444 2310 1511 2365 de
1550 2323 1619 2365 eo
1665 2306 2025 2378 proﬁteberis,
2072 2302 2219 2375 quod

612 2405 774 2464 Jesus
791 2406 1041 2464 Christus
1063 2419 1204 2460 unus
1225 2412 1311 2460 est
1334 2400 1638 2459 Dominus?
1665 2399 1722 2459 Si
1746 2398 1890 2456 enim
1921 2397 2217 2455 secundum

615 2510 690 2571 te,
733 2500 879 2573 quod
909 2514 1051 2556 unus
1094 2499 1254 2554 Pater
1279 2497 1422 2554 Deus
1449 2506 1554 2564 est,
1585 2493 1805 2550 Christo
1828 2507 1934 2549 non
1977 2492 2055 2565 (i)
2097 2489 2225 2546 reli-

614 2597 727 2670 quit
752 2606 812 2653 ut
844 2597 985 2652 Deus
1008 2595 1080 2650 sit
1106 2612 1119 2649 :
1147 2606 1372 2649 necesse
1412 2600 1519 2658 est,
1549 2599 1609 2646 ut
1636 2589 1799 2645 etiam
1839 2585 2139 2644 secundum
2168 2590 2223 2640 te

619 2707 761 2749 unus
790 2690 1052 2747 Dominus
1079 2687 1330 2743 Christus
1366 2685 1483 2741 Deo
1515 2698 1624 2739 non
1653 2684 1923 2753 relinquat
1952 2690 2008 2734 ut
2036 2677 2224 2734 Domi-

616 2799 719 2842 nus
748 2784 853 2849 sit;
888 2781 968 2856 (2)
994 2782 1118 2852 quia
1174 2777 1320 2850 quod
1348 2792 1488 2833 unus
1516 2784 1632 2842 est,
1691 2774 1967 2845 proprium
2008 2770 2058 2826 ei
2090 2768 2225 2825 velis

617 2892 740 2934 esse
764 2876 856 2947 qui
887 2890 1026 2930 unus
1056 2880 1171 2949 est.
1201 2871 1261 2928 Si
1295 2872 1477 2942 itaque
1507 2884 1671 2925 unum
1712 2866 2002 2923 Dominum
2039 2863 2227 2920 Chris-

619 2980 734 3027 tum
759 2984 880 3025 esse
908 2968 1069 3024 etiam
1101 2966 1273 3021 Deum
1314 2964 1571 3035 negabis,
1614 2977 1778 3017 unum
1809 2974 2023 3032 quoque
2052 2958 2223 3013 Deum

618 3073 829 3135 patrem
855 3076 979 3118 esse
1006 3059 1227 3130 negabis
1252 3067 1308 3112 et
1352 3057 1685 3111 Dominum:
1736 3061 1793 3109 et
1840 3051 1967 3122 quid
2013 3051 2118 3106 erit
2165 3052 2218 3104 in

620 3155 716 3213 Dei
760 3155 979 3220 virtute,
1028 3151 1131 3208 nisi
1175 3149 1442 3205 Dominus
1464 3156 1651 3214 eSI,et
1694 3147 1750 3202 in
1790 3143 2006 3199 Domini
2047 3152 2229 3212 potes-

2310 573 2448 629 ritus
2475 575 2734 629 unitatem
2758 590 2772 627 :
2804 573 2929 644 quia
2961 588 3097 628 unus
3123 573 3264 629 Deus
3297 572 3457 627 Pater
3480 581 3535 627 et
3563 586 3700 626 unus
3723 568 3916 626 Chris-

2312 677 2398 723 tus
2427 669 2704 736 Dominus,
2733 683 2854 724 cum
2884 675 3110 739 uterque
3136 673 3193 722 et
3242 666 3504 721 Dominus
3529 674 3586 720 et
3629 664 3775 720 Deus
3801 662 3913 732 sit,

2314 761 2477 836 2&0
2500 763 2635 818 duos
2661 771 2839 819 tamen
2867 762 2920 818 in
2947 762 3054 819 ﬁde
3080 772 3265 817 nostra
3296 774 3397 816 nec
3426 759 3559 816 deos
3587 756 3669 831 (ά)
3701 759 3917 830 patiun-

2314 867 2402 912 tur
2431 871 2553 913 esse
2588 871 2689 912 nec
2734 856 3007 912 dominos.
3051 854 3205 912 Unus
3248 853 3412 926 igitur
3440 854 3671 923 uterque
3699 863 3783 909 est
3818 860 3921 909 :ct

2316 964 2454 1004 unus
2476 964 2597 1004 cum
2624 949 2695 1005 sit
2718 959 2945 1020 uterque
2966 965 3072 1005 non
3105 948 3256 1004 solus
3287 957 3393 1003 est.
3425 945 3537 1003 Nec
3562 945 3709 1018 loqui
3734 959 3918 1001 sacra-

2317 1052 2558 1099 mentum
2597 1042 2721 1100 ﬁdei
2754 1043 2854 1098 nisi
2895 1028 3192 1115 apostolica
3221 1056 3355 1097 voce
3400 1039 3721 1110 poterimus.
3763 1037 3919 1096 Unus

2317 1147 2401 1194 est
2429 1138 2572 1195 enim
2600 1138 2760 1204 Dens,
2792 1146 2847 1194 et
2868 1152 3005 1192 unus
3028 1145 3111 1192 est
3136 1136 3398 1192 Dominus
3422 1152 3434 1189 ε
3460 1143 3514 1190 et
3534 1149 3632 1207 per
3671 1133 3747 1196 id,
3771 1130 3919 1205 quod

2318 1247 2457 1288 unus
2485 1239 2570 1287 est
2601 1231 2739 1286 Deus
2762 1240 2819 1286 et
2844 1243 2983 1285 unus
3012 1240 3096 1286 est
3136 1229 3420 1293 Dominus,
3464 1229 3515 1283 in
3549 1228 3661 1283 Deo
3684 1228 3916 1282 demon-

2318 1333 2519 1381 stratur
2544 1323 2613 1397 (e)
2639 1335 2693 1380 et
2718 1323 3008 1389 Dominus,
3039 1322 3183 1378 sicut
3216 1330 3274 1378 et
3302 1322 3442 1379 Deus
3472 1321 3552 1394 (5)
3578 1320 3919 1376 demonstra-

2318 1424 2408 1473 tur
2439 1418 2492 1473 in
2520 1417 2771 1473 Domino.
2804 1417 2872 1488 tr)
2904 1415 3021 1472 Non
3051 1424 3207 1472 tenes
3233 1416 3514 1475 unionem,
3545 1424 3604 1469 ut
3626 1414 3770 1470 Deus
3798 1414 3918 1468 sin-

2318 1509 2519 1582 gularis
2556 1509 2669 1565 sit:
2714 1524 2814 1564 ncc
2860 1516 3040 1565 tamen
3086 1507 3282 1564 dividis
3328 1505 3614 1577 spiritum,
3666 1518 3727 1561 ut
3766 1515 3920 1563 uter-

2322 1618 2428 1674 que
2460 1600 2540 1676 (g)
2591 1617 2697 1658 non
2738 1617 2878 1658 unus
2918 1603 3008 1657 sit.
3043 1600 3228 1671 Neque
3257 1599 3310 1654 in
3342 1613 3454 1655 uno
3481 1597 3596 1654 Deo
3622 1608 3677 1655 et
3715 1597 3768 1654 in
3809 1612 3923 1655 uno

2321 1695 2552 1751 Domino
2580 1696 2895 1751 discernere
2941 1694 3146 1766 poteris
3190 1703 3514 1764 potestatem
3548 1711 3562 1748 :
3594 1708 3661 1748 ne
3689 1692 3781 1765 qui
3810 1694 3927 1748 Do-

2322 1789 2500 1843 minus
2528 1796 2636 1857 est,
2665 1802 2769 1843 n0n
2796 1787 2866 1843 sit
2888 1796 2943 1843 et
2970 1788 3145 1854 Deus;
3173 1786 3262 1843 vel
3289 1785 3383 1857 qui
3410 1786 3556 1842 Deus
3580 1795 3686 1852 est,
3715 1800 3822 1841 non
3852 1785 3928 1841 sit

2248 1890 2296 1951 Β
2321 1890 2377 1937 et
2414 1881 2696 1937 Dominus.
2728 1880 2885 1937 Cavit
2913 1882 3058 1936 enim
3087 1880 3406 1950 Apostolus,
3450 1895 3549 1952 per
3573 1879 3789 1949 el0quia
3826 1893 3930 1934 no-

2318 1975 2548 2041 minum,
2595 1974 2731 2029 duos
2776 1973 2862 2029 vel
2909 1972 3043 2029 deos
3092 1972 3391 2045 praedicare
3431 1973 3518 2029 vel
3547 1971 3820 2029 dominos.
3858 1971 3931 2029 Et

2317 2068 2522 2127 idcirco
2548 2084 2679 2125 usus
2704 2077 2881 2126 esteo
2907 2084 3107 2141 genere
3130 2068 3415 2133 doctrinae,
3437 2078 3498 2125 ut
3525 2070 3577 2125 in
3607 2085 3715 2126 uno
3743 2068 3924 2125 Domi-

2320 2180 2391 2221 no
2423 2165 2502 2241 (6)
2530 2164 2751 2221 Christo
2782 2181 2944 2221 unum
2980 2164 3315 2234 signiﬁcaret
3339 2176 3394 2220 et
3422 2165 3615 2233 Deum,
3650 2176 3705 2221 et
3731 2166 3783 2220 in
3818 2178 3930 2221 uno

2322 2258 2435 2316 Deo
2484 2271 2638 2331 patre
2687 2275 2856 2315 unum
2906 2258 3243 2331 signiﬁcaret
3271 2268 3325 2314 et
3353 2257 3681 2326 Dominum;
3714 2256 3796 2331 (h)
3826 2273 3933 2314 nec

2326 2360 2505 2409 tamen
2556 2353 2638 2427 (7)
2669 2353 2889 2423 impiam
2934 2352 3089 2409 nobis
3135 2352 3202 2407 ad
3245 2351 3618 2424 perimendum
3667 2351 3933 2422 unigeniti

2323 2447 2418 2504 Dei
2464 2448 2803 2503 nativitatem
2848 2446 3132 2503 inveberet
3157 2447 3446 2515 unionem,
3473 2454 3531 2503 et
3557 2445 3771 2504 Patrem
3796 2461 3931 2518 pro-

2325 2538 2504 2598 fessus
2531 2550 2588 2598 et
2611 2540 2911 2598 Christum.

2399 2676 2489 2733 37.
2530 2675 2787 2734 Christum
2827 2695 2931 2735 non
2952 2678 3104 2735 modo
3130 2678 3429 2747 Dominum,
3456 2679 3546 2735 sed
3567 2688 3613 2733 et
3638 2674 3802 2734 Deum
3831 2678 3932 2734 do-

2328 2771 2433 2826 cuit
2465 2770 2686 2827 Paulus.
2710 2803 2782 2813 -
2817 2772 2931 2829 Nisi
2962 2772 3102 2830 forte
3130 2754 3397 2846 eo'nsque
3441 2774 3641 2829 ultima:
3668 2772 3931 2845 despera-

2327 2867 2489 2924 tionis
2512 2867 2660 2923 l'uror
2691 2869 2909 2924 audebit
2938 2884 3247 2940 erumpere,
3276 2877 3337 2924 ut
3362 2869 3488 2940 quia
3515 2869 3789 2924 Christum
3818 2868 3934 2924 Do-

2328 2961 2532 3018 minum
2582 2960 2878 3033 Apostolus
2917 2962 3135 3027 dixerit,
3183 2978 3346 3018 nemo
3386 2961 3532 3017 aliud
3565 2977 3686 3017 eum
3730 2972 3932 3027 printer

2328 3071 2488 3128 quam
2518 3057 2808 3112 Dominum
2836 3055 3039 3113 debeat
3065 3056 3351 3127 conﬁteri,
3383 3062 3438 3111 ct
3469 3054 3673 3112 habens
3715 3055 3931 3112 Domini

2331 3151 2738 3220 proprietatem,
2769 3165 2873 3204 non
2903 3149 3102 3206 habeat
3128 3151 3191 3223 (i)
3224 3152 3319 3207 Dei
3350 3152 3654 3207 veritatem.
3685 3148 3790 3206 Sed
3819 3164 3933 3205 non

622 3258 734 3304 tate
766 3244 844 3321 (ὅ)
877 3245 973 3318 (c),
1024 3243 1128 3300 nisi
1154 3243 1300 3298 Deus
1327 3252 1444 3309 est;
1477 3255 1598 3297 cum
1625 3250 1679 3296 et
1710 3238 1879 3294 Deum
1905 3236 1956 3291 id
1984 3234 2227 3307 perﬁciat
2262 3314 2296 3321 _
2331 3242 2542 3313 ignorat
2567 3241 2762 3297 Paulus
2781 3240 3056 3299 Christum
3090 3244 3283 3313 Deum,
3313 3244 3499 3301 dicens
3526 3263 3540 3300 :
3569 3244 3806 3310 Quorum
3833 3260 3933 3314 pa-

622 3359 745 3403 esse
769 3314 915 3414 quod
931 3314 1212 3397 Dominus
1239 3347 1346 3406 est,
1393 3344 1449 3393 et
1496 3334 1786 3391 Dominum
1829 3331 1883 3388 id
1928 3331 2226 3388 constituat
2252 3314 2298 3379 C
2330 3343 2451 3400 tres,
2483 3344 2532 3390 et
2574 3350 2639 3390 ea:
2677 3336 2862 3407 quibus
2904 3332 3174 3405 Christus,
3218 3338 3293 3410 (Is)
3322 3339 3409 3410 qui
3446 3348 3521 3394 est
3556 3354 3713 3410 super
3755 3338 3931 3393 omnia
3983 3375 3987 3378 ν

622 3453 744 3497 esse
770 3435 912 3509 quod
943 3435 1087 3490 Deus
1116 3432 1240 3490 est?

640 3614 645 3619 ι
696 3573 787 3632 '56.
850 3571 996 3630 Unus
1020 3578 1096 3628 est
1121 3579 1327 3638 uterque
1352 3567 1538 3639 spiritu
1557 3613 1573 3637 ,
1616 3583 1719 3622 non
1756 3578 1993 3639 persona.
2024 3594 2093 3606 —
2119 3562 2228 3620 Sed

626 3677 1024 3726 sacramentum
1050 3663 1180 3720 dicti
1209 3659 1467 3717 dominici
1502 3656 1797 3729 Aposmlus
1825 3665 2019 3713 tenens
2041 3698 2055 3722 ,
2083 3654 2229 3726 quod

627 3771 714 3822 est
757 3759 916 3834 :.Ego
957 3768 1006 3815 et
1048 3756 1207 3813 Pater
1252 3770 1414 3810 unum
1440 3768 1616 3809 sumus
1644 3749 1827 3823 (Joan,
1853 3764 1911 3817 ι,
1955 3746 2071 3820 '50),
2104 3748 2229 3804 dum

2334 3423 2476 3482 Deus
2500 3426 2677 3497 (Rom.
2708 3442 2762 3482 ιι
2781 3468 2796 3494 ,
2826 3427 2906 3501 5).
2937 3427 3057 3484 Non
3085 3429 3174 3486 hic
3200 3438 3451 3487 creatura
3481 3431 3533 3485 in
3557 3431 3730 3486 Deum
3761 3429 3935 3501 depu-

2336 3528 2519 3574 tatur:
2568 3520 2664 3576 scd
2691 3531 3066 3580 creaturarum
3107 3523 3252 3581 Deus
3279 3532 3384 3593 est,
3430 3525 3523 3596 qui
3551 3540 3716 3596 super
3747 3523 3932 3581 omnia

2333 3611 2476 3671 Deus
2506 3622 2610 3671 est.

2406 3752 2495 3810 58.
2536 3751 2790 3812 Distinxit
2827 3755 2979 3812 illum
3005 3774 3038 3812 a
3071 3757 3260 3828 Patre,
3291 3775 3396 3815 non
3421 3758 3618 3813 diuisit.
3657 3788 3731 3801 -—
3755 3755 3930 3826 Quam

627 3868 919 3930 utrumque
949 3869 1115 3912 unum
1158 3850 1467 3925 proﬁtetur,
1520 3862 1688 3904 unum
1719 3858 2008 3917 utrumque
2047 3843 2128 3916 (i)
2154 3843 2234 3900 sic
2333 3858 2467 3901 vero
2490 3860 2655 3918 super
2696 3849 2877 3905 omnia
2923 3849 3066 3908 Deus
3094 3849 3176 3924 (8)
3206 3861 3263 3909 et
3301 3850 3679 3923 inseparabilis
3702 3851 3777 3907 sit
3806 3849 3933 3922 (1):

700 3996 783 4070 (Ι)
825 3994 1110 4070 Relinquit.

723 4064 780 4137 τὶ)
827 4068 962 4136 Quia
990 4064 1127 4137 quod
1154 4078 1314 4119 unum
1337 4069 1434 4119 est.

723 4072 758 4126 τὶ
827 4072 962 4136 Quia
990 4072 1127 4137 quod
1154 4082 1159 4115 ι

700 4072 782 4214 ξδὲ
816 4138 1159 4214 Proprietate.

703 4199 788 4285 μ’)
827 4199 996 4268 Abest
1019 4209 1095 4263 sic
1122 4224 1152 4263 a
1180 4212 1367 4262 nostro
1395 4218 1497 4259 ms.
1532 4200 1701 4258 Paulo
1730 4206 1873 4272 post,
1905 4199 2099 4271 patitur
2130 4212 2228 4271 pro

632 4287 920 4359 patiuntur.

707 4355 789 4431 (5)
829 4352 1012 4431 [lectio
1037 4349 1240 4406 codicis
1259 4345 1591 4431 Velonensi‘s
1617 4345 1734 4400 hzec
1754 4350 1841 4399 est
1869 4361 1893 4428 ε,
1909 4342 2237 4431 demonstra-‘-

637 4415 727 4486 τιεί
747 4415 803 4483 in
836 4423 1080 4490 Domino,
1112 4432 1159 4478 et
1197 4437 1298 4478 uno
1323 4417 1436 4476 Deo
1468 4417 1627 4472 Patre
1652 4433 1813 4472 unum
1850 4415 2161 4488 signiﬁcaret
2188 4423 2237 4470 et

2336 3974 2634 4070 Dominum,
2666 3991 3223 4070 nonteneusunionem
3246 4032 3260 4057 ,
3283 4000 3340 4046 ut
3364 3989 3505 4047 Deus
3524 3990 3801 4065 singularis
3827 3990 3935 4070 sit;

2335 4071 2427 4110 nec
2447 4064 2616 4137 tamen
2644 4058 2876 4137 dividens
2894 4061 3152 4131 spiritum,
3183 4074 3237 4137 ut
3259 4078 3470 4137 uterque
3496 4058 3932 4119 non'unumsint.

2337 4129 2499 4206 paulo
2529 4138 2670 4206 post,
2699 4133 2883 4206 poterit
2916 4129 3013 4203 pro
3030 4135 3241 4206 poteris.

2412 4197 2495 4344 (6;
2533 4197 2661 4255 Jesu
2689 4197 2915 4259 Christo.

2438 4272 2469 4344 '_7
2537 4271 2790 4344 impium,
2819 4290 2915 4331 mo:

2438 4271 2495 4344 7)
2537 4271 2790 4357 lmpium,
2819 4279 3231 4403 moxyrolcessus
3255 4286 3348 4363 est.

2438 4342 2495 4403 8)
2534 4341 2605 4398 Et
2627 4346 2957 4403 inseparabile
2987 4366 3020 4403 a
3095 4358 3206 4403 utre
3230 4361 3295 4403 su
3325 4349 3348 4403 ε

2413 4341 2495 4415 (8)
2534 4341 2605 4398 Et
2627 4341 3020 4418 inseparabili‘a
3046 4341 3206 4406 Patre
3230 4351 3295 4406 sit
3325 4349 3548 4424 Spiritu.
3574 4355 3580 4360 ’

3806 4446 3813 4449 τ
3850 4435 3941 4450 -4-

733 4610 765 4649 a
826 4589 974 4660 Lips.
1004 4595 1057 4643 et
1083 4583 1209 4641 Par.
1240 4588 1404 4637 essent
1433 4596 1452 4635 :
1479 4572 1837 4634 renitentibus
1884 4572 2005 4629 aliis
2056 4572 2226 4629 libris.
2256 4574 2309 4636 D
2407 4574 2485 4650 (g)
2523 4575 2582 4632 In
2631 4548 2873 4648 Vulgatis
2907 4594 2971 4636 ac
3000 4579 3243 4652 pluribus
3293 4597 3424 4639 mss.
3472 4598 3575 4640 non
3619 4598 3779 4638 unum
3807 4582 3935 4639 sint.

708 4591 785 4738 ibi
827 4661 975 4738 υιειιε
1006 4656 1177 4738 codex
1204 4654 1376 4710 ναιίο-
1395 4646 2227 4738 vastatur:alteiﬁi’rttt-
2334 4647 3201 4738 l9,tierti2:.rnemresponsa
3220 4655 3490 4738 particula
3519 4662 3769 4738 negatae.
3799 4656 3935 4738 Rep-

827 4646 975 4719 Utius
1006 4656 1177 4715 codex
1204 4654 1376 4710 Vatic.
1408 4646 1955 4723 quodqunum.‘t\_lter
1994 4646 2227 4702 Sorbon.

638 4716 805 4795 bicet
827 4716 985 4795 intra,
1007 4728 1142 4802 quod
1170 4742 1307 4781 unus
1333 4716 1432 4778 est:
1454 4721 1646 4777 Verius
1674 4720 1726 4773 in
1750 4716 1893 4784 aliis,
1924 4732 2080 4784 unus,
2101 4730 2232 4786 qua-

636 4806 876 4951 suéﬁ:
900 4802 1250 4951 3311;133:338
1252 4803 1494 4948 (tigribus
1529 4877 1665 4918 mss.
1689 4856 2236 4951 proprietate-Malu-

639 4931 907 5011 mus'cum
929 4931 1153 5001 Garum.
1180 4931 1393 4995 Martin.
1417 4950 1482 4991 ac
1502 4933 1773 5014 nonnullis
1796 4931 1938 4997 aliis,
1962 4938 2234 5001 potestate;

637 5010 764 5082 cum
813 5020 900 5075 hic
935 5032 1040 5073 non
1071 5027 1179 5069 tam
1223 5017 1495 5082 spectetur
1537 5010 1874 5076 prOprietas,
1934 5016 2098 5071 quam
2142 5015 2237 5056 na-

610 5107 789 5238 ,ιυῖῗὸ
830 5163 912 5238 Ita
950 5173 1084 5217 mss.
1129 5154 1415 5229 potiores:
1450 5148 1539 5207 ubi
1587 5149 1641 5204 in
1684 5146 1897 5204 excusis
1938 5154 1993 5202 et
2035 5142 2239 5216 aliquot

640 5252 774 5299 mss.
804 5245 1017 5310 patitur.
1774 5292 1783 5303 .
1830 5291 1842 5303 .
1990 5288 2002 5301 .

713 5309 796 5385 (ei
826 5302 1151 5385 Panicum
1187 5308 1269 5368 ειν
1299 5303 1510 5385 suae}
1542 5288 2240 5385 iiiP‘ii‘Ji‘iLPSfﬂ‘f'ﬁff‘

641 5360 919 5448 ac‘eiiam;
939 5360 1270 5448 restituimus
1300 5360 1368 5448 ex
1389 5383 1522 5448 mss.
1553 5360 1649 5422 me
1661 5360 2239 5448 verbum’demonstqa-

644 5432 905 5511 inrideri;
915 5456 1091 5511 sonat,
1119 5442 1264 5514 quod
1292 5440 1629 5514 signiﬁcatur.
1661 5436 1727 5493 Et
1753 5438 2066 5505 plerumque
2096 5432 2235 5488 infra

641 5527 834 5585 eadem
861 5528 946 5579 est
968 5519 1117 5576 verbi
1139 5514 1304 5586 hujus
1327 5514 1426 5586 vis.

716 5576 998 5682 (bene...
1027 5576 1253 5682 siccet
1283 5585 1414 5682 βθεξ-
1580 5595 1686 5682 "0."
1716 5593 1843 5682 .'P§:.
1864 5576 1982 5682 Eia:-
2009 5576 2235 5682 ,ιξξξοηὶο

642 5643 1013 5743 ριέέῖίιιῘθ-ξίίἷ-
1033 5643 1418 5743 bic‘a'djiciunt,
1450 5664 1515 5743 ,πμ
1548 5652 1658 5743 (vel
1685 5654 1756 5743 et)
1770 5643 2111 5743 parteea
2130 5664 2235 5743 pq:

644 5718 1293 5807 ’ὲῦιῖιῖιιίεἱςηίῆιιιιῖ-ειΔ
1338 5718 1413 5785 ρι’
1438 5718 1746 5807 Domitiani.
1768 5721 1903 5807 qua:
1932 5720 2091 5807 verba
2128 5718 2234 5774 huc

643 5791 1081 5876 inaleinterjeé'ta
1101 5791 1423 5876 sinceriores
1444 5812 1577 5876 mss.
1599 5792 1957 5876 Colb.,Ca‘rn..
1972 5802 2026 5848 et
2045 5791 2229 5876 (ξενίη.

645 5863 1003 5952 Erinomae
1026 5887 1292 5944 suumque
1310 5870 1448 5928 intra
1469 5867 1646 5925 locum
1668 5874 1815 5925 recte
1837 5863 2104 5921 obtinent.

2334 4647 2393 4734 in
2418 4647 2646 4734 Martio;
2667 4647 2827 4705 unum
2844 4647 3201 4734 sint,_omissa
3227 4655 3490 4724 particula
3519 4662 3769 4734 negante.
3799 4656 3939 4734 ltec-

2340 4720 2528 4845 tiuslin
2558 4721 2680 4776 aliis
2707 4737 2815 4777 non
2844 4720 3118 4781 inferioris
3142 4720 3305 4794 notae,
3337 4744 3442 4783 non
3471 4720 3713 4796 unus'sit,
3742 4728 3939 4799 supple

2337 4808 2465 4861 spm
2489 4808 2568 4848 us.

2537 4881 2698 4951 Εάίιί,
2729 4901 2792 4966 ης
2822 4894 3011 4966 tamen,
3062 4904 3187 4945 mox
3233 4900 3356 4966 post
3391 4892 3624 4966 verbum
3674 4894 3940 4966 professus

2339 4954 2659 5024 adjicientes
2702 4959 3096 5015 substantivum
3128 4954 3346 5018 est-Ex
3390 4962 3492 5021 hoc
3534 4954 3782 5020 alterove
3818 4965 3940 5019 loco

2343 5042 2493 5082 num.
2523 5027 2614 5088 55.
2649 5029 2738 5083 ubi
2767 5031 2819 5084 in
2850 5030 2982 5087 edit.
3029 5033 3161 5089 Bad.
3190 5043 3247 5090 et
3275 5037 3663 5092 vetustioribus
3700 5049 3834 5091 mss.
3862 5038 3943 5091 le-

2341 5114 2469 5170 gere
2490 5109 2574 5174 est
2595 5101 2831 5174 impium.
2861 5119 2968 5174 non
3008 5105 3242 5174 impiam,
3278 5122 3477 5164 nomen
3501 5108 3708 5163 unionis
3731 5105 3940 5163 Hilario

2342 5172 2625 5229 masculini
2651 5174 2866 5243 generis
2889 5173 3054 5231 fuisse
3082 5172 3440 5248 auspicamur.

2413 5263 2574 5338 (i)]n
2596 5267 2816 5337 antiquo
2859 5267 3049 5326 codice
3094 5267 3332 5327 Colbcrt.
3393 5270 3605 5328 Domini
3654 5273 3937 5328 ceritatem.

2342 5335 2612 5417 Proxime,
2634 5335 2825 5417 habens
2838 5338 3051 5417 Domini
3071 5343 3463 5417 proprietatem,
3484 5344 3536 5417 id
3551 5356 3658 5409 est,
3676 5360 3799 5400 cum
3815 5360 3944 5417 pro-

2342 5409 2518 5534 ﬂrium
2561 5409 2614 5465 ei
2646 5410 2717 5465 sit
2746 5425 2868 5467 esse
2900 5409 3205 5475 Dominum,
3237 5416 3360 5486 quia
3400 5409 3522 5472 scil.
3551 5432 3690 5472 unus
3720 5409 3829 5472 est:
3861 5415 3942 5470 Et

2384 5494 2447 5534 oc
2473 5482 2697 5534 forsitan
2722 5482 2845 5534 loco
2866 5498 3049 5534 suom.
3081 5503 3133 5534 n.
3163 5484 3252 5534 35‘-
3280 5502 3380 5534 nm
3406 5497 3673 5534 maiestate-
3708 5488 3940 5534 nosilum

2384 5494 2447 5534 oc
2473 5482 2697 5559 forsitan
2722 5482 2845 5538 loco
2866 5498 3049 5559 supra,
3080 5503 3133 5539 η.
3163 5482 3380 5557 ὄὸξριοο
3406 5497 3675 5559 potestate,
3708 5488 3942 5559 positum

2340 5561 2458 5607 erat
2488 5554 2798 5624 praprietate
2831 5571 2845 5608 :
2872 5556 2968 5611 sed
2992 5573 3100 5612 non
3130 5573 3225 5628 par
3252 5554 3410 5616 ratio.

2413 5645 2485 5725 (j)
2527 5646 2585 5701 In
2615 5646 2805 5704 codice
2830 5647 2947 5706 Vat.
2976 5649 3094 5707 bas.
3120 5666 3185 5708 ac
3213 5651 3407 5710 Martio
3435 5652 3526 5711 hic
3562 5654 3836 5725 adjicitur,
3858 5669 3943 5709 se-

2340 5721 2567 5772 cundum
2594 5735 2819 5775 carnem.
3094 5768 3099 5771 _

2414 5787 2492 5871 _(_k)
2532 5787 2611 5846 Ita
2636 5791 2887 5871 melioris
2918 5805 3058 5871 notae
3104 5798 3354 5871 mss._At
3394 5797 3539 5871 apud
3577 5797 3711 5856 Bad.
3744 5806 3801 5857 et
3844 5796 3942 5858 Er.

2339 5877 2373 5918 a
2398 5861 2554 5918 Patre
2567 5862 2754 5936 spiritu
2775 5879 2796 5922 :
2820 5865 2963 5937 apud
2989 5865 3139 5940 Lips.
3163 5878 3221 5927 et
3245 5868 3369 5928 Par.
3392 5861 3635 5928 a'Patris
3662 5871 3866 5944 spiritu.
