4246 6260
341 303 458 362 265

1559 301 1645 358 DE
1684 299 2060 359 TRlNl’l‘ATE
2088 299 2290 358 LIBER
2323 299 2459 357 Vlll.

3538 300 3650 362 266

338 420 508 475 Patre
548 414 805 486 Spiritus,
845 413 994 472 dis’ce
1023 414 1186 471 etiam
1217 414 1321 470 hoc
1362 414 1480 487 ipso
1526 415 1595 471 de
1643 432 1752 488 quo
1799 432 1941 473 nunc
1968 418 2022 480 Α
2049 418 2239 473 clarat.
2268 417 2510 488 Namque
2538 422 2659 487 post
2688 413 2815 469 illud
2855 413 3163 470 divitiarum
3190 420 3245 468 et
3268 412 3552 487 sapientia:
3592 427 3650 474 et

342 513 520 582 agitur
558 507 806 579 Apostoli
837 506 1001 562 dicto.
1032 506 1326 563 COIersSUS
1374 508 1515 563 enim
1563 525 1726 564 unum
1774 510 1943 564 Deum

342 614 555 674 patrem
584 618 652 657 cx
683 617 791 673 quo
821 600 1002 655 omnia
1037 609 1181 663 sunt,
1215 609 1271 656 et
1316 616 1479 655 unum
1522 600 1807 655 Dominum
1859 600 1947 655 Je-

340 712 463 752 sum
491 694 770 751 Christum
792 709 885 763 per
911 708 1071 764 quem
1094 693 1272 747 omnia
1293 709 1504 760 :quzero
1522 692 1647 764 quid
1668 692 1951 748 diversita-

344 789 690 851 tisattulerit,
704 788 891 844 dicens
907 802 973 842 ex
990 783 1265 859 2411)υο
1280 787 1479 850 omnia,
1496 796 1549 842 et
1566 801 1663 857 per
1673 784 1945 841 Christum

345 881 529 938 omnia
548 880 591 952 (l
616 879 854 947 Comm,
879 878 979 951 6)?
1001 884 1153 935 Anne
1179 877 1253 951 (α)
1278 878 1445 949 possit
1473 879 1551 951 (I)
1578 877 1895 949 separabilis
1918 894 1949 933 a

345 990 409 1031 se
432 982 637 1028 natura:
653 981 709 1029 et
728 970 949 1042 spiritus
977 970 1200 1042 intelligi
1217 985 1284 1025 ex
1306 986 1434 1040 quo,
1466 980 1520 1025 et
1544 985 1808 1041 perquem
1835 984 1952 1024 om-

351 1065 682 1122 niaTOmnia
711 1064 856 1121 enim
882 1079 977 1134 per
1000 1062 1194 1119 Filium
1215 1078 1282 1119 ex
1306 1062 1473 1118 nihilo
1496 1063 1851 1119 substiterunt
1868 1070 1954 1129 ,et

350 1159 422 1216 ad
455 1160 621 1216 Deum
644 1174 706 1213 ea:
735 1173 837 1227 quo
863 1156 1060 1223 omnia,
1087 1154 1153 1210 ad
1176 1154 1371 1210 Filium
1401 1169 1528 1210 vero
1552 1171 1647 1227 per
1669 1170 1819 1223 quem
1844 1170 1954 1209 om-

354 1255 447 1309 nia
476 1251 765 1324 Apostolus
809 1251 882 1323 (b)
915 1250 1118 1306 retulit.
1151 1249 1218 1304 Et
1247 1264 1353 1305 non
1392 1249 1608 1304 invenio
1637 1248 1763 1319 quid
1794 1247 1951 1303 dill'e-

356 1357 466 1413 rat,
512 1362 634 1401 ctuti
664 1359 758 1416 per
782 1353 1069 1413 utrumque
1089 1357 1226 1413 opus
1246 1340 1318 1398 sit
1345 1342 1561 1398 virtutis
1581 1340 1849 1413 ejusdem.
1897 1341 1952 1398 Si

353 1442 502 1498 enim
531 1439 600 1495 ad
634 1438 1001 1495 universitatis
1027 1437 1382 1493 substantiam
1415 1435 1688 1507 proprium
1717 1451 1781 1491 ac
1805 1433 1956 1490 sulti-

356 1536 510 1594 ciens
538 1536 806 1593 creaturis
839 1543 987 1591 esset
1025 1531 1169 1605 quod
1199 1549 1263 1588 ex
1292 1532 1406 1587 Deo
1432 1542 1589 1597 sunt;
1617 1528 1744 1599 quid
1773 1527 1959 1585 habuit

356 1630 697 1689 necessitatis
729 1642 1079 1692 memorasse,
1110 1624 1252 1697 quod
1292 1641 1412 1696 qua:
1439 1640 1508 1680 ex
1538 1625 1650 1679 Deo
1675 1633 1820 1689 sunt,
1862 1637 1959 1690 per

361 1723 636 1779 Christum
667 1721 801 1789 sint,
833 1720 934 1776 nisi
960 1718 1102 1790 quod
1127 1734 1291 1775 uuum
1320 1716 1462 1773 idem
1491 1727 1574 1772 est
1598 1758 1613 1781 ,
1647 1731 1745 1785 per
1768 1713 1959 1769 Chris-

2056 511 2298 567 scientia:
2326 511 2421 565 Dei
2447 519 2801 579 protestatum
2823 508 3165 579 profundum,
3190 507 3271 581 (4)
3301 519 3355 564 et
3383 510 3652 565 inserata-

2053 602 2237 657 l)ilitun
2300 602 2627 672 judiciurum
2694 602 2996 657 coofessatn
3050 600 3122 674 (Ῑ)
3184 602 3652 673 inintelligeutiatn

2060 695 2264 768 (Rom.,
2296 714 2372 763 xi,
2403 699 2520 767 55).
2544 707 2599 752 et
2624 696 3134 766 ininvesugabilium
3163 698 3369 752 viarum
3406 697 3656 754 demons-

2059 801 2250 847 tratam
2271 792 2939 863 ignorationemJtumame
2963 799 3139 845 tamen
3156 789 3278 846 fidei
3300 805 3428 846 usus
3450 790 3652 859 officio,

2057 883 2203 939 hunc
2228 883 2488 938 honorem
2509 883 2956 953 investigabilium
2981 890 3036 936 et
3057 881 3653 956 inscrutabiliumgaz

2056 977 2363 1034 celestium
2390 983 2851 1032 sacramentorum
2875 974 3143 1045 profundo
3161 973 3415 1042 reddidit,
3437 976 3654 1031 dicens:

2060 1071 2316 1138 Quoniam
2337 1086 2400 1125 ea:
2422 1070 2557 1141 ipso,
2590 1079 2635 1123 et
2666 1085 2755 1138 per
2775 1069 2945 1138 ipsum
2970 1109 2985 1135 ,
3018 1078 3065 1123 et
3093 1067 3147 1121 in
3178 1068 3291 1139 ipso
3312 1078 3431 1124 sunt
3457 1070 3651 1136 omnia,

2054 1161 2156 1232 ipsi
2179 1162 2346 1233 gloria
2367 1163 2420 1215 in
2446 1161 2636 1215 sarcula
2666 1160 2741 1233 (g)
2768 1177 2915 1215 amen
2947 1158 3136 1234 (Ibid.,
3164 1161 3255 1231 56)
3285 1179 3298 1213 ς
3330 1160 3379 1216 id
3417 1177 3557 1217 nunc
3585 1162 3654 1218 ad

2057 1254 2218 1309 unius
2245 1261 2452 1308 naturrc
2487 1252 2935 1325 significationem
2963 1253 3230 1321 referens,
3257 1253 3527 1325 quodnon
3554 1254 3655 1311 nisi

2058 1361 2193 1417 opus
2217 1346 2374 1401 unius
2399 1347 2571 1418 possit
2601 1361 2721 1402 esse
2745 1356 2974 1401 natura‘.

2130 1441 2221 1496 59.
2250 1438 2506 1512 Epilogus
2529 1454 2549 1495 :
2593 1456 2656 1494 ea:
2683 1439 2945 1511 praedictis
2971 1438 3130 1494 Pauli
3158 1440 3285 1495 locis
3306 1439 3432 1510 quid
3455 1443 3664 1512 confec-

2060 1542 2166 1587 tum
2192 1534 2278 1587 sit.
2306 1561 2376 1572 —
2397 1531 2532 1587 Cum
2557 1530 2699 1587 enim
2728 1531 3041 1603 specialiter
3065 1531 3176 1587 Deo
3204 1530 3255 1586 id
3287 1530 3662 1602 adscripserit,

2060 1636 2119 1682 ut
2146 1642 2211 1681 ex
2234 1641 2300 1682 eo
2341 1626 2521 1681 omnia
2548 1642 2562 1689 ;
2619 1633 2674 1682 et
2698 1625 2974 1697 proprium
3004 1624 3226 1681 Christo
3251 1625 3506 1681 detulerit
3536 1668 3550 1688 ,
3605 1634 3668 1682 ut

2062 1733 2158 1788 per
2186 1732 2308 1773 eum
2337 1717 2550 1781 omnia;
2583 1722 2638 1770 et
2666 1730 2808 1771 nunc
2837 1716 3011 1770 honor
3034 1715 3128 1770 Dei
3158 1717 3247 1782 sit,
3275 1716 3417 1786 quod
3448 1732 3514 1773 ex
3541 1716 3665 1787 ipso

365 1825 478 1871 tum
500 1830 619 1872 esse
645 1822 700 1871 et
720 1829 785 1868 ex
811 1812 927 1867 Deo
948 1811 1111 1866 esse?
1140 1809 1247 1866 Sed
1276 1807 1731 1880 quemadmodum
1753 1803 1825 1879 (ε)
1852 1805 1959 1860 Do-
1989 1820 2038 1881 Β
2062 1817 2119 1866 et
2163 1825 2259 1879 per
2285 1810 2460 1878 ipsum
2490 1816 2547 1864 et
2575 1808 2627 1862 in
2655 1808 2774 1879 ipso
2802 1808 2909 1862 sint
2937 1809 3114 1863 omnia
3146 1826 3160 1876 ;
3186 1816 3242 1863 et
3284 1823 3403 1864 cum
3432 1808 3667 1880 Spiritus

357 1909 570 1965 minum
594 1917 651 1964 et
692 1906 861 1963 Deum
892 1905 1107 1975 utrique
1153 1918 1360 1968 eorum,
1393 1909 1454 1957 ut
1498 1909 1742 1955 mutuum
1783 1907 1957 1963 esset,

356 2002 693 2071 adscriptum
739 2008 860 2055 est:
892 1998 964 2053 ita
1004 2013 1069 2052 ea:
1094 2013 1191 2067 quo
1231 2003 1286 2051 et
1334 2010 1423 2065 per
1441 2010 1590 2065 quant
1631 1993 1859 2048 relatum
1891 1990 1960 2047 ad

359 2106 654 2166 utrumque
676 2103 782 2159 est,
809 2102 863 2149 et
883 2091 951 2147 ad
977 2085 1739 2166 demonstrationemunitatis
1762 2085 1959 2140 utrius-

360 2206 494 2262 que,
524 2205 623 2245 nec
647 2187 716 2243 ad
761 2184 1171 2257 intelligentiam
1203 2181 1515 2253 singularis.
1544 2180 1659 2236 Non
1712 2188 1857 2251 patet
1892 2177 1960 2234 ad

318 2352 325 2357 τ
360 2282 709 2339 occasionem
742 2278 1030 2350 impietatis
1065 2275 1144 2350 (Ξ)
1171 2275 1339 2346 ipsius
1373 2274 1449 2348 (tl)
1499 2289 1712 2339 sermo,
1744 2281 1800 2328 et
1831 2287 1964 2343 apo-

364 2377 561 2434 stolica
591 2374 724 2430 lides
751 2389 856 2428 non
885 2380 968 2427 est
995 2380 1148 2427 extra
1176 2366 1574 2440 praedicationis
1600 2365 1961 2437 diligentiam.

367 2466 469 2525 His
516 2468 658 2524 enim
704 2481 767 2522 se
808 2464 1098 2521 verborum
1146 2460 1566 2534 proprietatibus
1602 2458 1967 2531 temperavit,

366 2562 566 2634 quibus
595 2575 696 2616 nec
740 2558 875 2615 duos
923 2557 1055 2613 deos
1094 2556 1488 2627 intelligeretur
1523 2554 1851 2626 significare,
1877 2568 1971 2609 ne-

368 2670 480 2725 que
508 2653 720 2709 unicum
745 2669 758 2705 :
802 2649 931 2707 dam
962 2659 1018 2707 et
1045 2648 1296 2704 unionem
1321 2648 1644 2714 detestatur,
1677 2661 1779 2704 nec
1825 2660 1975 2718 sepa-

372 2759 459 2806 rat
482 2744 888 2813 unitatem,boc
918 2746 1060 2802 enim
1083 2760 1147 2800 ea:
1169 2759 1271 2813 quo
1294 2742 1485 2802 omnia.
1506 2751 1561 2798 e’t
1578 2758 1667 2812 per
1692 2757 1841 2812 quem
1863 2756 1974 2795 om-

375 2841 485 2909 nia,
522 2840 649 2896 licet
678 2854 786 2894 non
833 2836 1160 2910 singularem
1208 2836 1662 2891 constitueretin
1708 2841 1977 2905 potestate

373 2935 615 2999 virtutis,
644 2948 749 2987 non
775 2940 953 2986 tamen
983 2930 1256 2985 diversum
1280 2929 1684 2984 demonsuaret
1713 2926 1793 2999 (5)
1823 2928 1877 2982 in
1901 2926 1976 2999 (e)

374 3024 670 3084 efﬁcientia
701 3039 716 3091 ;
760 3038 882 3078 cum
912 3038 974 3077 ea:
992 3038 1094 3094 quo
1122 3021 1294 3075 omnia
1317 3060 1333 3087 ,
1378 3028 1433 3075 et
1470 3035 1560 3089 per
1591 3034 1739 3090 quem
1784 3018 1977 3086 omnia,

379 3117 621 3190 ejusdem
688 3125 895 3172 naturae
955 3114 1022 3170 ad
1098 3113 1151 3170 id
1212 3112 1611 3169 demonstraret
1678 3122 1977 3169 auctorem.

2068 1901 2162 1956 Dei
2191 1901 2334 1957 idem
2364 1901 2435 1954 sit
2462 1912 2514 1956 et
2540 1900 2773 1970 Spiritus
2799 1898 3036 1965 Christi;
3075 1900 3161 1955 vel
3201 1915 3322 1957 cum
3352 1902 3432 1973 (lt)
3469 1903 3521 1956 in
3561 1902 3669 1958 mi-

2067 1994 2293 2050 nisterio
2324 1992 2535 2049 Domini
2556 2003 2605 2048 et
2632 1990 2712 2064 (5)
2736 1994 2790 2047 in
2816 1993 3133 2062 operatione
3150 1994 3243 2051 Dei
3273 1995 3506 2065 Spiritus
3529 2012 3670 2054 unus

2067 2095 2322 2157 operetur
2348 2096 2403 2141 et
2422 2084 2645 2153 dividat,
2675 2100 2781 2141 non
2805 2095 3031 2156 possunt
3057 2103 3161 2142 non
3185 2104 3349 2145 unum
3366 2105 3509 2158 esse,
3532 2106 3672 2163 quo-

2068 2195 2190 2237 rum
2218 2178 2430 2250 propria
2463 2178 2621 2234 unius
2649 2190 2816 2245 sunt;
2846 2194 2969 2235 cum
3009 2179 3061 2235 in
3089 2180 3281 2237 eodem
3314 2182 3539 2239 Domino
3584 2184 3675 2241 Fi-

2070 2271 2164 2336 lio,
2192 2279 2248 2326 et
2277 2272 2329 2325 in
2358 2269 2551 2327 eodem
2584 2272 2692 2327 Deo
2719 2271 2876 2326 Patre
2897 2312 2915 2339 ,
2965 2287 3106 2328 unus
3140 2281 3302 2345 atque
3330 2274 3475 2332 idem
3503 2276 3676 2346 Spiri—

2074 2373 2158 2419 tus
2187 2362 2266 2436 (6)
2297 2364 2349 2419 in
2377 2361 2439 2435 (i)
2467 2362 2659 2419 eodem
2684 2362 2888 2433 Spiritu
2914 2372 3106 2420 sancto
3124 2364 3394 2430 dividens.
3422 2369 3675 2426 universa

2073 2459 2336 2531 perficiat.
2369 2459 2412 2512 0
2437 2457 2632 2530 dignus
2663 2458 2754 2514 ille
2791 2473 3107 2529 magnorum
3153 2468 3205 2514 et
3253 2461 3555 2519 cmlesdum
3586 2479 3676 2519 ar-

2072 2566 2331 2608 canorum
2353 2549 2707 2612 conscientia.
2746 2558 2800 2606 et
2825 2560 3135 2621 assumptus
3175 2561 3506 2610 secretorum
3533 2555 3677 2612 divi-

2075 2658 2269 2699 norum
2293 2641 2606 2711 electusque
2630 2641 2924 2711 particeps,
2945 2656 3009 2696 ea
3038 2640 3150 2711 ipsa
3176 2642 3246 2716 (j)
3274 2643 3448 2699 illiciti
3473 2646 3680 2715 eloquii

2074 2737 2291 2793 silentio
2321 2734 2630 2791 necessario
2661 2744 2866 2801 tacens,
2898 2743 2954 2790 et
2981 2750 3110 2790 vere
3138 2736 3431 2807 Apostolus
3454 2736 3677 2809 Christi,

2077 2830 2219 2902 quali
2244 2829 2492 2885 humanae
2519 2826 2894 2899 perversitatis
2921 2827 3131 2899 ingenia
3157 2828 3392 2885 absoluti
3414 2832 3685 2889 sermonis

2079 2923 2166 2980 sui
2196 2922 2582 2994 praedicatione
2608 2920 2897 2985 conclusit,
2931 2936 3095 2976 unum
3126 2921 3339 2978 Patrem
3390 2924 3559 2980 Deum
3585 2966 3599 2990 ,
3628 2934 3686 2982 et

2080 3032 2245 3074 unum
2278 3014 2562 3069 Dominum
2593 3012 2777 3069 Jesum
2808 3011 3083 3067 Christum
3129 3014 3469 3081 confitendo;
3503 3025 3561 3071 ut
3603 3017 3687 3074 in-

2086 3117 2168 3164 ter
2190 3106 2307 3161 haec
2332 3105 2412 3179 (7)
2442 3119 2541 3160 nec
2569 3103 2707 3159 duos
2733 3102 2811 3175 (lt)
2839 3102 3123 3173 quisquam
3152 3105 3325 3175 possit
3348 3106 3643 3176 prtedicare
3665 3148 3685 3179 ,

379 3208 685 3281 Utrumque
708 3217 889 3264 autem
916 3204 1159 3278 ejusdem
1197 3214 1401 3261 natura:
1428 3204 1706 3277 proprium
1737 3221 1859 3264 esse
1883 3206 1979 3263 de-
2008 3197 2053 3262 C
2087 3216 2263 3273 neque
2291 3200 2507 3254 unicum
2543 3214 2556 3253 :
2588 3211 2711 3251 eum
2742 3205 2920 3251 tamen
2953 3196 3042 3267 qui
3072 3210 3182 3253 non
3213 3198 3402 3254 unicus
3430 3207 3551 3267 est,
3579 3214 3690 3256 non

455 3344 542 3488 (5;
569 3343 865 3416 Separabili
889 3360 922 3398 a
945 3358 1001 3397 se
1025 3350 1211 3398 natura
1236 3352 1284 3397 et
1301 3342 1511 3413 spiritu.

455 3417 518 3487 (2
569 3415 698 3471 Pius
718 3431 909 3472 sermo.
941 3414 1109 3471 Paulo
1138 3422 1279 3486 post,
1308 3425 1362 3469 ut
1389 3431 1483 3471 nec

455 3414 542 3487 (2)
569 3414 698 3471 Pius
718 3431 909 3472 sermo.
941 3414 1109 3471 Paulo
1138 3422 1279 3486 post,
1308 3425 1362 3469 ut
1389 3431 1483 3471 nec
1514 3414 1647 3471 duos
1674 3428 1772 3485 pro
1797 3414 1982 3486 quibus

387 3505 480 3544 nec
509 3489 656 3544 duos.

466 3558 547 3630 (3)
574 3559 641 3630 in
668 3558 954 3630 eﬁicientia:
982 3566 1251 3630 potestate.

490 3561 547 3630 3)
574 3559 641 3613 In
668 3558 954 3630 eﬁicientia:
1019 3566 1251 3614 otestate.

458 3558 543 3705 ξι)
568 3629 636 3684 Et
682 3576 1322 3686 inetscrutarilium.Mox
1372 3638 1420 3683 et
1470 3628 1982 3701 ininvestigabilium,

460 3763 667 3837 (a)Ms.
694 3736 859 3821 aliis.
885 3764 954 3820 ab
989 3764 1221 3837 antiqua
1249 3780 1410 3837 manu
1447 3764 1723 3828 secunda.
1772 3765 1987 3837 possint.

388 3836 599 3894 Deinde
624 3838 695 3910 _in
725 3838 961 3910 excusis,
988 3836 1350 3910 separabilisa
1379 3852 1433 3892 se
1460 3846 1646 3891 natura
1674 3845 1719 3890 et
1754 3836 1987 3910 spiritus.

388 3910 450 3967 ln
472 3907 724 3964 omnibus
749 3908 864 3964 fere
888 3924 1017 3965 mss.
1043 3907 1323 3977 'separabili
1350 3927 1383 3963 a
1407 3924 1462 3963 se
1480 3918 1667 3962 natura
1686 3917 1732 3961 et
1754 3907 1942 3977 spiritu
1972 3924 1986 3962 :

430 3980 589 4036 uibus
609 3980 785 4035 verbis
805 3978 966 4035 (larn.
985 3979 1425 4049 praepositionem
1440 3980 1494 4033 in
1513 3979 1792 4047 prael‘txam
1809 3979 1989 4035 habet.

430 3997 589 4036 uinus
609 3997 785 4035 verbis
805 3997 966 4035 harn.
985 3997 1425 4049 prarpostnouem
1440 3997 1494 4033 τη
1513 3997 1792 4047 praeuxam
1809 3997 1989 4035 naues.

390 3997 685 4122 gequimur
716 4050 1013 4122 exemplar
1065 4050 1187 4107 Vat.
1226 4050 1343 4106 bas.
1390 4050 1640 4121 quamvis
1668 4061 1991 4106 casterorum

392 4121 685 4180 lectionem
711 4121 852 4177 haud
884 4121 1027 4177 aliud
1050 4132 1331 4178 saltantem
1358 4138 1463 4176 non
1493 4136 1831 4190 rt-Spuatnus.

469 4194 549 4266 (ὁ)
581 4193 747 4266 Editi,
776 4194 1025 4266 retulerit.
1054 4192 1245 4266 Melius
1273 4208 1402 4248 mss.
1431 4193 1626 4247 retulit.
1659 4192 1775 4247 llas
1796 4206 1990 4259 voces,

395 4283 463 4323 ea:
489 4263 593 4336 quo
613 4265 786 4336 omnia
804 4306 819 4330 ,
850 4264 916 4319 ad
946 4264 1194 4331 Patrem,
1223 4263 1355 4319 istas
1377 4280 1536 4336 vero,
1570 4280 1663 4333 per
1689 4279 1842 4333 quem
1881 4281 1995 4336 om-

396 4335 524 4403 nia,
552 4336 620 4391 ad
666 4335 859 4391 Filium
905 4336 1157 4396 retulisse
1186 4335 1481 4406 Apostolus
1527 4342 1828 4390 enarratur.
1873 4335 1997 4390 Mox

397 4409 533 4466 Bad.
559 4416 616 4463 et
636 4406 890 4473 Er.,cum
910 4416 1184 4476 utrumque
1209 4406 1448 4478 apposuit
1469 4406 1594 4476 (duo
1614 4420 1743 4461 mss.
1769 4422 1885 4461 cum
1908 4422 1999 4478 per

397 4492 675 4552 utrumque
699 4478 958 4552 opposuit)
980 4479 1186 4552 virtutis
1202 4476 1435 4552 ejusdem
1458 4492 1477 4533 :
1497 4478 1788 4552 _n_tendose.

475 4550 550 4625 (ε)
575 4547 861 4625 Vat."bas.
893 4547 996 4625 ms.
1028 4565 1118 4621 per
1149 4547 1451 4625 Dominum.
1496 4549 1765 4605 Malumus
1792 4547 2001 4619 simpli-

399 4620 540 4680 citer
566 4620 865 4687 Dominum,
897 4620 1061 4677 tacito
1087 4622 1254 4677 verbo
1276 4637 1401 4676 esse.

477 4691 558 4768 (Δ)
594 4692 733 4748 Editi
762 4701 988 4761 excepto
1002 4693 1139 4768 ⁸Ριῃς.
1172 4707 1294 4768 eum
1326 4693 1531 4768 aliquot
1549 4705 1686 4768 _mss.
1714 4692 1851 4768 pius.
1895 4691 2001 4768 Be-

404 4762 643 4822 tinemus
671 4778 793 4819 cum
820 4763 1206 4819 vetustioribus
1251 4762 1457 4831 ipsius,
1511 4763 1564 4818 id
1588 4772 1672 4818 est
1713 4762 1955 4833 Apestoli
1987 4779 2001 4815 :

410 4837 504 4894 ubi
537 4836 773 4906 pessime
799 4837 852 4890 in
879 4850 1009 4891 mss.
1045 4835 1164 4889 Vat.
1201 4835 1339 4896 bas.,
1361 4850 1488 4906 suae.

480 4904 557 4978 (ε)
589 4905 669 4961 lta
695 4906 1066 4978 castigatiores
1105 4920 1266 4978 (mss:
1294 4904 1437 4978 Editi
1469 4919 1619 4969 vero,
1644 4905 1698 4960 in
1728 4905 2008 4976 efﬁcientia:

406 4976 693 5053 potestates
718 4976 935 5053 Martiu.
971 4993 1075 5053 ms.
1094 4977 1151 5031 in
1179 4976 1472 5053 efﬁcientia:
1503 4985 1824 5053 potestatem.

484 5050 557 5124 (Ῑ)
585 5049 750 5124 Bad.,
769 5046 989 5124 Parsac
1021 5046 1382 5124 plures'mss.,
1402 5047 1800 5124 intelligentiam
1816 5046 2015 5124 :easti-

406 5117 608 5195 gan't'ur
622 5135 689 5195 ex
716 5122 828 5195 Er.,
861 5119 1005 5195 Lips.
1024 5117 1086 5175 et
1106 5117 1422 5195 mss._Corb.
1445 5117 1828 5195 Mox_’reposuit
1850 5119 2015 5195 Eras-

410 5188 535 5251 fnus
559 5190 1063 5262 ininvestigabilium,
1088 5206 1210 5247 cum
1240 5191 1293 5262 in
1317 5205 1450 5246 mss.
1477 5197 1533 5245 et
1558 5188 1691 5244 Bad.
1728 5192 2012 5262 exst_etin-

409 5259 812 5334 vestigabiliumi
836 5260 919 5334 l_lli
948 5276 1123 5317 tamen
1164 5260 1488 5334 sullragatnr
1515 5275 1660 5334 unus
1695 5274 1797 5315 ms.
1827 5259 2009 5327 Colb.,

412 5337 512 5394 lib.
542 5331 604 5400 x,
637 5350 693 5389 n.
725 5333 815 5389 69.
852 5331 961 5404 Usu
994 5347 1154 5404 porro
1173 5331 1258 5389 vel
1286 5331 1457 5404 abusa
1480 5333 1790 5404 experimur
1811 5347 2007 5404 nomen

410 5404 789 5476 investigabilis
817 5403 924 5476 vim
951 5403 1195 5476 obtinere
1224 5403 1478 5476 negandi,
1508 5403 1752 5475 quamvis
1785 5403 2008 5460 verbum

415 5474 726 5547 investigare
757 5475 951 5547 habeat
977 5474 1301 5547 afﬁrmandi.

488 5544 661 5621 (g)th
681 5546 959 5603 veterrimi
984 5562 1113 5604 mss.
1135 5545 1260 5603 Vat.
1277 5549 1414 5613 bas.,
1427 5544 1604 5621 C_olb.,
1622 5545 1858 5621 Martia,
1873 5555 2008 5615 ete.,

419 5618 796 5678 consentiente
822 5628 979 5675 sacro
1004 5627 1151 5675 textu
1173 5632 1351 5690 graeco
1381 5628 1436 5673 et
1459 5618 1645 5673 latino.
1674 5624 1745 5675 At
1773 5619 1828 5674 in
1849 5633 2014 5677 excu-

420 5691 523 5757 sis,
544 5691 735 5748 stecula
754 5690 1063 5745 seculorum
1085 5733 1101 5758 ,
1143 5688 1345 5745 oinisso
1370 5706 1540 5746 amen.

494 5761 576 5837 (lt)
606 5762 663 5818 In
682 5761 905 5837 duobus
932 5761 1279 5837 mss._Col_b.,
1323 5777 1438 5837 ptio
1458 5761 1676 5837 liemig.
1701 5772 1755 5820 et
1782 5760 2016 5837 Theod.,

421 5829 647 5891 rel‘c'um
676 5833 730 5889 in
754 5834 1036 5889 ministerio
1056 5832 1287 5905 Spiritus
1313 5829 1548 5907 Domini,
1568 5844 1617 5891 et
1629 5829 1699 5889 'in
1723 5832 2021 5907 operatione

716 5928 997 5995 PATROL.
1065 5926 1150 5991 X.

2126 3337 2596 3415 uodgpraztnlimus
2626 3336 2895 3415 superiori
2924 3335 3184 3408 lectioni,
3234 3339 3687 3415 investigabilium.

2137 3412 2296 3469 einde
2324 3408 2871 3481 imperscrutubilium.

2163 3485 2241 3554 (5)
2274 3482 2342 3554 In
2380 3482 2568 3554 spiritu
2596 3481 2711 3554 Dei.

2190 3558 2247 3621 6)
2271 3553 2339 3610 In
2369 3570 2426 3609 eo
2458 3552 2661 3622 Spiritu
2686 3561 2887 3608 sancto.

2190 3626 2242 3699 7)
2272 3624 2383 3682 Nec
2408 3621 2536 3679 duos
2558 3621 2695 3680 Deos
2722 3626 2989 3696 quisquam
3013 3635 3201 3698 posset.

2101 3764 2331 3837 Spiritus
2359 3763 2458 3818 Dei
2489 3763 3044 3837 Spiritusunus,etc.,
3068 3780 3189 3837 qua:
3218 3765 3400 3832 lectio,
3423 3764 3588 3823 etiam
3625 3767 3696 3829 ad

2100 3833 2321 3907 liinbutn
2352 3850 2454 3889 ms.
2487 3833 2649 3889 Corb.
2689 3836 2758 3890 ab
2784 3834 3002 3907 antiqua
3052 3833 3215 3891 manu
3242 3837 3533 3905 adscripta.
3586 3854 3698 3897 non

2101 3906 2350 3977 displicet
2380 3906 2484 3962 hoc
2505 3920 2691 3968 sensu,
2719 3914 2780 3961 ut
2817 3906 2943 3963 licet
2972 3908 3022 3961 in
3050 3907 3365 3964 ministeriis
3394 3909 3700 3968 dividendis

2103 3978 2336 4049 Spiritus
2362 3980 2433 4032 sit
2454 3977 2702 4043 Domini,
2744 3985 2800 4033 et
2840 3978 3192 4050 inflargienda
3222 3982 3539 4050 operatione
3568 3982 3697 4050 Spi-

2103 4050 2394 4122 ritusDei,
2438 4064 2579 4122 unus
2610 4059 2788 4122 tamen
2816 4049 3048 4122 Spiritus
3092 4060 3148 4106 et
3170 4049 3430 4122 operetur
3471 4060 3529 4107 et
3554 4053 3694 4110 divi-

2101 4121 2213 4193 dat.
2244 4121 2301 4177 ln
2314 4121 2614 4193 vetustiore
2626 4117 2778 4193 Coll).
2805 4136 3012 4193 necnon
3031 4117 3460 4187 Martin.,Caru.,
3480 4123 3696 4193 (ierim,

2102 4192 2463 4253 Vind.,Corb.
2489 4205 2538 4261 et
2573 4206 2680 4247 uno
2706 4189 2911 4257 Vatic.,
2930 4209 3046 4247 eum
3071 4193 3125 4247 in
3149 4194 3434 4249 ministerio
3464 4189 3694 4261 Domini,

2099 4273 2146 4319 et
2175 4265 2230 4336 in
2255 4263 2461 4335 Spiritu
2488 4259 2589 4317 Dei
2619 4261 2849 4336 Spiritus
2872 4280 3025 4318 unus.
3054 4263 3137 4336 E_x
3173 4266 3370 4336 quibus
3400 4266 3541 4335 apud
3573 4259 3696 4321 Par.

2102 4333 2333 4408 positum
2356 4346 2469 4408 est,
2501 4351 2615 4408 eum
2665 4334 2724 4408 in
2750 4336 3038 4408 titinisterio
3065 4333 3298 4397 Domini,
3329 4348 3379 4391 et
3435 4333 3489 4390 in
3511 4354 3702 4408 opera-
3760 4344 3769 4348 ’

2102 4403 2238 4461 tione
2269 4403 2385 4473 Dei,
2417 4416 2465 4460 et
2493 4407 2547 4459 in
2576 4404 2782 4472 Spiritu
2811 4403 2912 4477 Dei
2943 4406 3172 4477 Spiritus
3205 4424 3358 4462 unus.
3389 4403 3700 4465 Lectieuem

2138 4493 2261 4531 nam
2294 4491 2614 4532 revocamus
2639 4491 2703 4530 ex
2735 4475 2858 4548 aliis
2880 4475 3020 4548 edit.
3039 4488 3089 4532 et
3120 4477 3390 4548 aliquibus
3412 4494 3544 4534 mss.
3571 4496 3703 4534 eon-

2105 4546 2319 4603 lirmant
2350 4548 2466 4620 haec
2494 4563 2655 4620 fnum.
2686 4547 2752 4620 .51
2780 4563 2793 4599 :
2824 4546 3168 4617 Apprehende
3189 4546 3225 4620 ί
3254 4550 3300 4602 si
3326 4559 3490 4620 potes.
3525 4549 3703 4604 Domi-

2026 4617 2082 4678 D
2107 4637 2228 4673 num
2268 4620 2323 4672 in
2351 4619 2601 4673 divisione
2628 4618 3047 4685 ministeriorum,
3098 4629 3145 4673 et
3175 4617 3338 4673 Deum
3369 4621 3423 4673 in
3451 4620 3704 4675 diuisione

2106 4690 2462 4759 operatiouum
2485 4692 2620 4744 hunc
2646 4690 2885 4744 eumdem
2906 4706 3061 4744 unum
3083 4705 3195 4746 esse
3217 4690 3494 4761 Spiritum,
3519 4698 3565 4745 et
3588 4692 3704 4747 ino-

2108 4776 2390 4833 perautem,
2422 4772 2471 4833 et
2493 4772 2640 4830 prout
2666 4761 2772 4833 pult
2801 4761 3127 4817 dividentem.

2181 4835 2245 4904 (i)
2274 4833 2431 4902 Bad.,
2463 4832 2558 4906 Er.
2588 4843 2642 4906 et
2662 4830 2810 4906 Lips.
2832 4834 2895 4906 in
2917 4834 3091 4888 eodem
3118 4834 3345 4906 Spiritu.
3367 4834 3698 4890 sinesancto.

2110 4903 2337 4977 Carnul.
2376 4904 2547 4960 codex
2568 4945 2582 4971 ,
2608 4905 2663 4958 in
2694 4903 2898 4973 Spiritu
2923 4916 3119 4977 sancto,
3153 4903 3271 4961 Sine
3300 4906 3498 4977 eadem,
3546 4906 3703 4977 cujus

2111 4976 2262 5033 vocis
2282 4988 2390 5032 tres
2420 4977 2614 5034 littera:
2644 4976 2972 5048 posteriores
2994 4975 3048 5031 in
3089 4979 3310 5048 antiquo
3333 4974 3490 5033 Cotb.
3524 4974 3703 5047 prisco

2114 5056 2571 5118 moreexpuuctte
2592 5056 2737 5118 sunt,
2774 5047 2825 5118 id
2852 5058 2955 5114 est,
2989 5053 3199 5118 punctis
3224 5047 3487 5118 Lsuhjeetis
3511 5063 3704 5118 super-

2114 5117 2590 5192 ﬂutein‘dicanlur.
2623 5116 3021 5192 Updebiartiri.
3046 5129 3101 5175 et
3129 5120 3221 5175 alii
3242 5116 3371 5175 mss.
3404 5135 3569 5192 prOpc
3584 5116 3707 5176 om-

2114 5205 2214 5246 nes
2244 5188 2464 5253 habent,
2492 5190 2547 5243 in
2576 5205 2634 5243 eo
2660 5187 2864 5257 Spiritu
2890 5201 3087 5246 sancto.
3404 5187 3419 5190 “
3505 5187 3515 5221 ῖ

2188 5257 2260 5333 (j)
2291 5260 2403 5334 l_loc
2429 5268 2688 5334 est,_quae
2716 5270 2841 5315 sunt
2868 5260 3043 5318 illiciti
3072 5261 3293 5334 eloquii.
3322 5276 3417 5334 seu
3449 5278 3572 5334 qua:
3597 5278 3705 5319 non

2114 5329 2248 5388 licet
2270 5331 2473 5402 eloqui.
2509 5329 2594 5387 Ne
2613 5346 2744 5386 vero
2772 5334 2967 5402 legeris
2987 5348 3110 5389 cum
3147 5329 3270 5389 cod.
3307 5332 3422 5388 Vat.
3453 5329 3567 5390 has.
3601 5336 3710 5390 illi-

2115 5404 2217 5457 cita
2245 5401 2434 5472 eloqui,
2467 5416 2605 5458 neve
2628 5401 3102 5472 deindeprmferas
3130 5418 3253 5460 cum
3292 5404 3450 5459 Vind.
3498 5420 3710 5462 necnon

2117 5474 2251 5530 Bad.
2285 5485 2339 5530 et
2359 5473 2478 5541 Er.,
2505 5482 2754 5541 statuens,
2786 5474 2870 5529 vel
2896 5490 3018 5530 cum
3042 5491 3150 5532 uno
3175 5475 3328 5533 Colb.
3359 5491 3576 5547 parens,
3611 5492 3710 5549 pro

2117 5555 2310 5601 tacens.

2194 5616 2269 5689 (lt)
2293 5615 2350 5671 In
2372 5615 2495 5689 eoid.
2520 5613 2651 5689 Vat.
2670 5615 2814 5681 bas.,
2835 5616 3072 5689 Martin.,
3112 5618 3342 5689 aliisque
3368 5616 3581 5674 duobus
3612 5617 3720 5675 Van

2124 5686 2215 5744 tie.
2249 5688 2378 5742 duos
2410 5688 2549 5762 deos.
2591 5686 2760 5762 Abest
2801 5688 2869 5743 ab
2907 5687 3031 5744 aliis
3059 5690 3180 5745 deos
3207 5707 3227 5745 :
3258 5686 3390 5747 'cum
3432 5706 3537 5762 qua
3581 5703 3719 5762 voce

2123 5774 2474 5834 suppressum
2499 5758 2798 5834 intelligere
2818 5770 2901 5820 est
2923 5770 3011 5816 aut
3032 5762 3287 5830 dominos,
3315 5758 3463 5834 puta,
3480 5777 3572 5819 nec
3590 5760 3722 5823 duos

2126 5830 2250 5890 deos
2276 5842 2366 5889 aut
2393 5830 2647 5888 dominos.
