4246 6260
618 316 724 374 267

1837 308 2086 370 SANCTI
2125 307 2385 367 HILARII
2426 308 2735 372 EPISCOPI

3815 329 3923 389 268

618 439 673 493 in
701 438 837 495 duos
858 439 1176 510 proﬁceret;
1202 452 1302 496 nec
1339 440 1430 512 qui
1456 439 1563 494 duo
1606 453 1716 495 non
1754 449 1902 506 sunt,
1937 439 2214 495 solitarius
2241 430 2296 491 Δ
2318 433 2631 489 scansionem
2671 437 2722 491 in
2751 436 2960 510 caelum)
3005 454 3126 512 quae
3153 454 3452 514 corporeus
3490 442 3544 500 in
3574 445 3778 504 mundo
3809 465 3926 507 nta-

619 540 806 602 posset
834 533 1088 604 intelligi;
1115 540 1171 588 et
1197 531 1337 588 inter
1361 531 1476 588 haec
1518 531 1809 601 perlectam
1850 530 2050 588 Christi
2080 531 2221 586 nati-

618 626 841 684 vitatem
869 636 1021 694 pater
1041 626 1443 684 demonstratus
1467 626 1814 683 ostenderet!

687 719 778 776 40.
815 717 1089 774 Htereticis
1119 735 1213 775 nec
1241 719 1390 790 ﬁdes,
1423 736 1514 776 nec
1543 737 1660 789 spes
1682 762 1696 786 ,
1729 735 1821 774 nec
1847 719 2120 791 baptisma.
2146 748 2218 760 —

618 812 907 869 Extendite
936 827 1078 868 nunc
1102 813 1338 869 vibratas
1373 813 1547 869 sibilis
1575 813 1804 885 linguas,
1835 812 2072 869 haeretici
2103 827 2218 868 ser-

618 916 827 975 pentes,
878 905 991 961 sive
1018 905 1216 962 Sabelli
1244 949 1258 973 ,
1307 907 1422 962 sive
1480 906 1741 971 Photine,
1790 907 1905 962 sive
1935 905 2029 976 qui
2074 921 2216 961 nunc

611 1010 918 1057 creaturam
947 1015 1066 1056 esse
1097 1001 1431 1072 unigenitum
1451 1001 1620 1056 Deum
1655 1000 1979 1072 praedicatis.
2023 1000 2218 1057 Audiet

613 1112 778 1152 unum
810 1095 980 1152 Deum
1035 1103 1276 1165 patrem,
1327 1095 1570 1165 quisquis
1614 1102 1774 1166 negat
1821 1093 2030 1148 ﬁlium:
2087 1093 2216 1164 quia

611 1204 734 1245 cum
767 1188 927 1244 Pater
952 1202 1061 1243 non
1083 1187 1185 1242 nisi
1218 1202 1314 1259 per
1345 1187 1514 1242 ﬁlium
1540 1194 1691 1256 pater
1728 1187 1820 1251 sit,
1854 1185 2026 1241 Filius
2051 1184 2214 1259 25.3

611 1297 708 1352 per
740 1282 796 1338 id
822 1281 1156 1354 signiﬁcatur
1183 1282 1237 1336 in
1279 1281 1456 1337 Patre.
1505 1280 1606 1350 Qui
1637 1294 1769 1336 vero
1815 1279 2076 1336 unitatem
2121 1295 2214 1335 na-

611 1385 747 1432 tura:
779 1373 1139 1431 indifferentis
1165 1373 1302 1428 Filio
1330 1373 1540 1439 adimit,
1570 1382 1864 1443 cognoscat
1904 1387 2069 1427 unum
2101 1370 2212 1427 Do-

609 1470 815 1524 minum
863 1467 1048 1524 Jesum
1094 1465 1392 1522 Christum.
1453 1465 1563 1521 Nisi
1610 1467 1754 1522 enim
1808 1480 1904 1536 per
1949 1465 2211 1519 unitatem

610 1560 844 1632 Spiritus
865 1575 1004 1614 unus
1025 1567 1108 1614 est
1137 1559 1417 1622 Dominus,
1438 1557 1550 1614 Deo
1574 1559 1709 1628 patri
1741 1571 1845 1612 non
1876 1557 2214 1628 relinquetur

605 1663 667 1709 ut
697 1654 958 1710 Dominus
977 1654 1068 1709 sit.
1100 1651 1172 1707 At
1222 1652 1314 1723 qui
1356 1651 1426 1708 de
1454 1660 1698 1722 tempore
1727 1662 1890 1722 atque
1928 1666 1994 1706 ex
2045 1664 2212 1707 carne

2326 539 2461 582 nens
2492 526 2706 584 locutus
2736 540 2838 587 est.

2394 621 2483 676 42.
2518 619 2692 678 Filius
2722 625 2945 680 hominis
2972 627 3128 682 vitam
3149 636 3396 684 cateruam
3424 633 3549 699 dat,
3584 633 3705 704 quia
3748 635 3927 708 signa-

2324 724 2406 769 tus
2431 731 2462 768 ο
2489 713 2666 772 Patre.
2689 747 2760 758 -—
2788 717 3012 774 Dixerat
3039 721 3184 778 enim
3210 723 3264 777 in
3293 722 3598 795 Evangeliis
3622 725 3920 786 Dominus:

2321 805 2486 881 244
2535 809 2833 880 Operamini
2863 828 3052 880 escam,
3086 830 3187 868 non
3213 831 3326 886 quae
3371 815 3583 884 interit,
3638 819 3730 874 sed
3754 838 3926 877 escam

2319 917 2436 971 quae
2464 911 2725 972 permanet
2753 904 2805 958 in
2835 904 2989 960 vitam
3014 916 3260 962 aeternam
3284 949 3298 975 ,
3331 926 3485 981 quam
3533 912 3676 983 ﬁlius
3702 913 3924 973 hominis

2319 994 2459 1050 dabit
2489 996 2649 1051 vobis.
2685 996 2836 1053 Hunc
2865 1001 2999 1054 enim
3032 999 3192 1056 Pater
3219 1000 3299 1075 (ά)
3329 994 3551 1074 signavit
3576 1003 3734 1062 Deus.
3761 1005 3924 1064 Dixe-

2267 1131 2280 1136 ς
2317 1102 2439 1146 runt
2463 1093 2620 1164 igitur
2648 1094 2716 1147 ad
2736 1110 2890 1149 eum:
2921 1095 3061 1161 Quid
3086 1097 3354 1167 faciemus,
3383 1109 3439 1152 ut
3465 1115 3736 1169 operemur
3765 1119 3926 1172 Opera

2324 1181 2453 1241 Det?
2479 1184 2547 1239 Et
2569 1187 2702 1240 dixit
2721 1186 2827 1241 illis
2852 1204 2870 1243 ε
2895 1187 3010 1242 Hoc
3029 1201 3106 1245 est
3133 1207 3264 1256 opus
3289 1188 3405 1257 Dei,
3433 1201 3487 1246 ut
3511 1193 3734 1248 credatis
3760 1193 3842 1263 (i)
3869 1195 3925 1247 in

2316 1279 2536 1351 eum(e),
2562 1296 2710 1348 quem
2739 1281 2873 1335 misit
2902 1281 2992 1335 ille
3019 1281 3225 1353 (Joan.,
3247 1298 3320 1350 vt,
3343 1283 3414 1339 27
3441 1293 3486 1338 et
3514 1285 3697 1356 seqq.).
3731 1285 3925 1341 Sacra-

2318 1379 2561 1425 mentum
2593 1379 2648 1426 et
2669 1373 3065 1443 corporationis
3094 1381 3150 1429 et
3169 1373 3467 1430 divinitatis
3497 1389 3609 1430 sua:
3650 1375 3913 1432 Dominus

2317 1478 2619 1535 exponens,
2647 1465 2770 1521 lldei
2803 1481 3021 1537 quoque
3049 1476 3248 1522 nostra;
3274 1475 3329 1523 et
3353 1467 3471 1538 spei
3513 1468 3815 1525 doctrinam
3840 1469 3924 1526 lo-

2315 1568 2471 1616 cutus
2491 1569 2577 1616 est
2595 1576 2608 1613 :
2634 1569 2694 1615 ut
2714 1573 2893 1616 escam
2922 1577 3030 1615 non
3058 1561 3417 1618 iutereuntem
3438 1605 3452 1628 ,
3479 1562 3575 1618 sed
3602 1578 3922 1634 permanen-

2316 1658 2424 1708 tem
2457 1652 2508 1707 in
2537 1659 2799 1708 aeternum
2826 1667 3203 1724 Operaremur,
3237 1663 3294 1709 ut
3316 1653 3456 1711 hanc
3475 1655 3800 1711 aeternitatis
3823 1671 3914 1713 es-

603 1746 798 1802 Filium
827 1746 1084 1816 deputat,
1111 1753 1410 1818 cognoscat
1441 1745 1566 1816 quia
1622 1759 1718 1814 per
1744 1760 1869 1802 eum
1919 1744 2118 1812 omnia,
2154 1753 2212 1801 et
2313 1757 2430 1799 cam
2481 1742 2600 1800 dari
2630 1746 2786 1802 nobis
2816 1760 2844 1801 a
2876 1747 2986 1804 ﬁlio
3017 1746 3254 1804 hominis
3276 1749 3741 1817 meminissemus,
3773 1758 3831 1806 ut
3857 1750 3922 1806 ﬁ-

602 1857 701 1896 nos
738 1856 836 1911 per
870 1841 1088 1912 ipsum;
1139 1847 1193 1894 et
1233 1848 1387 1896 extra
1420 1837 1496 1911 (a)
1545 1847 1788 1908 tempora
1837 1838 1906 1892 sit
1965 1836 2209 1894 condens
2237 1825 2285 1890 Β
2313 1836 2446 1894 lium
2481 1839 2713 1895 hominis
2738 1842 3005 1912 signatum
3035 1856 3065 1895 a
3095 1841 3208 1898 Deo
3235 1853 3389 1912 patre
3412 1843 3694 1911 sciremus,
3724 1855 3784 1900 ut
3813 1843 3920 1900 hoc

601 1931 786 1987 omnia
817 1929 1190 2002 intemporalis
1217 1929 1579 1985 immensitas.
1626 1929 1695 1983 Et
1727 1929 1933 1984 interea
1959 1928 2206 2000 relegat,

603 2024 729 2094 quia
758 2039 861 2078 una
886 2038 1011 2093 spes
1043 2021 1346 2078 vocationis
1369 2029 1489 2086 est,
1542 2031 1598 2076 et
1627 2036 1790 2076 unum
1821 2021 2086 2091 baptisma
2112 2063 2128 2088 ,
2151 2029 2208 2077 et

599 2117 734 2174 ﬁdes
761 2133 884 2173 una.
913 2117 979 2173 Et
1015 2125 1137 2187 post
1163 2116 1278 2172 haec
1305 2115 1598 2170 adversans
1651 2115 2018 2186 prmdicationi
2063 2117 2208 2187 Apo-

596 2211 724 2279 stoli
752 2212 870 2281 ipse
893 2210 1182 2266 anathema
1225 2210 1575 2276 constitutus,
1608 2223 1731 2264 cum
1762 2209 2005 2277 aliterjex
2038 2225 2206 2266 sensu

596 2317 696 2360 suo
721 2302 918 2374 sapiat,
953 2317 1056 2360 nec
1082 2310 1322 2368 vocatus,
1357 2315 1460 2356 nec
1484 2300 1785 2370 baptizatus
1813 2309 1917 2368 est,
1946 2317 2045 2358 nec
2072 2301 2205 2358 ﬁde-

593 2399 662 2456 lis
693 2419 708 2456 :
748 2400 872 2469 quia
901 2400 953 2454 in
986 2412 1095 2453 uno
1121 2397 1232 2453 Deo
1273 2406 1456 2466 patre,
1486 2406 1539 2452 et
1580 2396 1632 2449 in
1663 2411 1770 2450 uno
1815 2395 2046 2452 Domino
2072 2397 2201 2452 .lesu
2241 2441 2249 2448 ε

599 2492 825 2550 Christo
853 2492 1010 2547 unius
1037 2491 1153 2560 spei
1180 2500 1341 2560 atque
1373 2489 1624 2559 baptismi
1654 2487 1788 2544 ﬁdes
1819 2505 1922 2544 una
1967 2489 2056 2544 sit.
2088 2487 2198 2544 Nec

590 2585 960 2641 doctrinarum
981 2581 1268 2638 diversitas
1296 2580 1353 2635 in
1385 2580 1467 2635 his
1497 2594 1558 2636 se
1579 2594 1701 2635 esse
1727 2580 1927 2651 poterit
1953 2582 2195 2652 gloriari,

588 2694 709 2752 quae
741 2676 898 2734 unius
946 2686 1001 2734 et
1025 2677 1121 2732 Dei
1149 2686 1204 2732 et
1227 2675 1442 2730 Domini
1472 2683 1527 2731 et
1554 2676 1669 2746 spei
1714 2685 1769 2732 et
1795 2675 2048 2748 baptismi
2090 2678 2199 2733 sint

589 2781 649 2831 et
677 2772 820 2829 ﬁdei.

663 2866 755 2922 Μ.
787 2860 948 2920 Fides
970 2864 1036 2919 de
1066 2862 1224 2918 Patre
1249 2873 1295 2918 et
1325 2859 1488 2918 Filio.
1512 2893 1586 2904 —
1609 2861 1727 2920 Una
1759 2863 1920 2934 igitur
1946 2863 2082 2920 ﬁdes
2112 2873 2196 2921 est

588 2959 805 3018 Patrem
829 2960 882 3015 in
913 2958 1050 3014 Filio
1081 2969 1136 3014 et
1168 2959 1360 3015 Filium
1408 2960 1460 3014 in
1492 2959 1652 3015 Patre
1676 2975 1773 3030 per
1816 2961 2192 3032 inseparabilis

587 3064 795 3112 natura:
827 3053 1088 3108 ttnitatem
1120 3053 1386 3116 conllteri,
1419 3065 1526 3106 non
1560 3049 1866 3119 confusam,
1899 3052 1994 3108 sed
2024 3053 2193 3110 indis-

581 3157 789 3204 cretam
818 3163 830 3199 :
863 3159 1036 3216 neque
1067 3145 1413 3215 permixtam,
1445 3142 1540 3198 sed
1596 3141 1992 3200 indiﬁerentem
2019 3163 2032 3212 ;
2093 3162 2190 3204 ue-

2314 1946 2437 1988 esse
2467 1947 2605 2004 opus
2652 1933 2750 1990 Dei
2793 1948 3173 2001 nosceremus,
3217 1934 3442 1992 credere
3490 1936 3541 1991 in
3585 1952 3709 1992 eum
3753 1951 3916 2008 quem

2313 2024 2571 2080 misisset.
2624 2025 2692 2080 Et
2739 2024 2862 2097 quis
2911 2035 3015 2092 est,
3068 2041 3228 2098 quem
3270 2027 3430 2083 Pater
3472 2026 3666 2083 misit?
3709 2027 3917 2100 Nempe

2310 2132 2471 2186 quem
2501 2119 2912 2190 signavitDeus.
2940 2118 3007 2175 Et
3027 2121 3148 2191 quis
3164 2131 3268 2189 est,
3288 2135 3446 2191 quem
3477 2120 3709 2192 signavit
3732 2120 3914 2176 Deus?

2309 2207 2479 2266 Filius
2525 2211 2713 2282 utique
2746 2212 3007 2278 hominis,
3062 2228 3240 2270 escam
3270 2214 3479 2269 scilicet
3511 2213 3756 2283 praebens
3784 2214 3911 2268 vita:

2307 2313 2547 2360 ueterum.
2569 2307 2637 2361 Et
2657 2307 2746 2377 qui
2778 2306 2994 2363 tandem
3025 2317 3169 2374 sunt,
3202 2308 3400 2379 quibus
3431 2307 3638 2378 praebet
3661 2303 3910 2378 cautim

2307 2395 2387 2452 Illi
2413 2413 2644 2468 namque
2691 2399 2780 2470 qui
2803 2399 3171 2470 operabuntur
3191 2414 3370 2456 escam
3391 2417 3497 2456 non
3521 2401 3903 2456 intereuntem.

2303 2489 2482 2562 Atque
2527 2491 2598 2545 ita
2629 2505 2750 2561 qua:
2781 2507 2945 2562 opera
2975 2507 3116 2548 esca!
3143 2500 3226 2548 est
3246 2533 3261 2556 ,
3293 2491 3483 2548 eadem
3534 2493 3778 2563 operatio
3807 2489 3904 2549 Dei

2303 2593 2406 2651 est,
2451 2585 2502 2639 in
2535 2600 2658 2639 eum
2683 2585 2893 2641 scilicet
2913 2584 3210 2640 credidisse
3235 2601 3394 2656 quem
3439 2585 3604 2640 misit.
3647 2584 3753 2641 Sed
3783 2585 3900 2641 haec

2301 2676 2540 2747 loquitur
2590 2676 2730 2732 ﬁlius
2784 2675 3041 2733 hominis.
3099 2677 3168 2732 Et
3216 2677 3488 2748 quomodo
3540 2692 3719 2733 escam
3776 2679 3901 2734 vita:

2299 2778 2520 2826 aeternae
2566 2770 2710 2825 lilius
2756 2771 2994 2826 hominis
3021 2769 3214 2825 dabit?
3242 2769 3350 2828 Sed
3381 2779 3777 2826 sacramentum
3803 2785 3896 2826 sa-

2297 2862 2424 2920 lutis
2455 2878 2566 2919 sua:
2608 2863 2818 2930 nescit,
2863 2863 2954 2933 qui
2983 2863 3156 2918 nescit
3195 2863 3363 2919 ﬁlium
3413 2861 3646 2918 hominis
3675 2863 3896 2918 dantem

2295 2969 2476 3012 escam
2510 2957 2564 3011 in
2604 2957 2770 3012 vitam
2801 2954 2882 3030 (2)
2924 2954 3002 3026 (ς)
3032 2963 3289 3011 aeternam
3316 2997 3330 3021 ,
3361 2971 3390 3010 a
3427 2955 3540 3012 Deo
3580 2966 3732 3027 patre
3769 2968 3894 3010 esse

2293 3047 2587 3120 signatum.
2619 3048 2717 3104 Hic
2739 3063 2881 3104 nunc
2906 3062 3116 3120 quaero,
3145 3047 3240 3120 qui
3275 3046 3490 3104 tandem
3522 3045 3893 3118 intelligentiae

2293 3160 2486 3201 sensus
2511 3147 2603 3212 sit,
2635 3144 2804 3200 ﬁlium
2831 3143 3067 3199 hominis
3089 3157 3116 3197 a
3150 3142 3312 3199 Patre
3341 3144 3610 3214 signatum
3637 3141 3792 3198 Deo?

579 3255 688 3312 que
733 3239 1095 3294 cohaerentem
1124 3278 1138 3302 ,
1195 3235 1291 3291 sed
1332 3238 1684 3292 exsistentem
1716 3253 1730 3302 ;
1776 3252 1952 3309 neque
2001 3240 2262 3299 incou-U
2361 3238 2452 3295 45.
2484 3235 2624 3293 Deus
2647 3254 2931 3292 sermonem
2950 3252 3102 3291 suum
3120 3237 3289 3291 sensui
3317 3243 3490 3291 nostro
3515 3233 3888 3289 accommodat.

579 3341 904 3390 summatum
931 3372 946 3398 ,
975 3329 1068 3387 sed
1121 3327 1434 3400 perfectam.
1475 3327 1739 3384 Nativitas
1762 3339 1846 3386 est
1875 3332 2042 3396 enim,
2074 3349 2184 3390 non

581 3423 778 3481 divisio
805 3439 820 3490 ;
851 3431 906 3479 et
931 3422 1073 3478 ﬁlius
1099 3431 1203 3490 est,
1234 3437 1342 3476 non
1383 3421 1641 3492 adoptio;
1684 3431 1740 3476 et
1766 3422 1910 3479 Deus
1937 3434 2043 3493 est,
2073 3441 2181 3483 nOn

586 3518 816 3574 creatio.
866 3517 1052 3586 Neque
1079 3517 1304 3571 alterius
1335 3516 1549 3586 generis
1577 3516 1720 3572 Deus
1760 3527 1864 3585 est,
1896 3520 1994 3575 sed
2021 3520 2180 3578 Pater

577 3622 631 3668 et
659 3612 830 3667 Filius
855 3627 1018 3666 unum
1049 3617 1176 3664 sunt
1206 3626 1219 3664 :
1263 3624 1370 3664 nou
1400 3609 1546 3664 enim
1575 3609 1828 3666 innovata
1873 3621 1957 3668 est
1987 3622 2176 3671 natura

573 3703 850 3761 nascendo
881 3745 897 3772 ,
951 3711 1010 3758 ut
1075 3703 1146 3758 ab
1220 3701 1444 3772 originis
1490 3716 1604 3756 suae
1654 3703 1986 3774 proprietate
2031 3717 2180 3764 esset

570 3799 771 3855 aliena.
804 3795 882 3872 (b)
911 3797 1083 3851 Tenet
1112 3795 1252 3850 hanc
1272 3795 1453 3867 itaque
1484 3797 1755 3852 manentis
1787 3798 1839 3853 in
1869 3797 2029 3855 Patre
2051 3800 2178 3857 Filii

571 3898 628 3948 et
651 3890 826 3946 Patris
854 3889 907 3944 in
933 3885 1072 3944 Filio
1097 3887 1277 3954 ﬁdem,
1311 3903 1475 3942 unum
1500 3887 1670 3943 Deum
1689 3897 1894 3958 patrem
1925 3899 1980 3946 et
2008 3907 2172 3949 unum

570 3981 860 4038 Dominum
903 3979 1176 4036 Christum
1205 3979 1310 4034 sibi
1339 3993 1462 4034 esse
1508 3981 1800 4049 Apostolus
1826 3982 2169 4052 praedicans:

567 4087 690 4129 cum
719 4073 771 4127 in
802 4071 1030 4146 Domino
1054 4070 1271 4126 Christo
1297 4079 1352 4124 et
1378 4069 1523 4126 Deus
1551 4079 1719 4134 esset,
1749 4080 1805 4128 et
1830 4073 1882 4127 in
1923 4073 2035 4130 Deo
2078 4091 2170 4146 pa-

569 4175 654 4221 tre
676 4173 822 4220 esset
859 4173 913 4218 et
947 4161 1248 4228 Dominus;
1278 4173 1332 4218 et
1361 4178 1524 4217 unum
1576 4174 1719 4218 esset
1749 4173 1974 4236 uterque
2021 4167 2170 4238 quod

568 4257 712 4313 Deus
747 4265 852 4322 est,
875 4265 931 4310 et
959 4269 1122 4308 unum
1154 4263 1302 4309 esset
1331 4265 1560 4325 uterque
1584 4255 1728 4324 quod
1754 4256 2015 4313 Dominus
2035 4268 2120 4315 est
2148 4277 2163 4314 :

563 4348 688 4417 quin
719 4348 794 4419 (c)
840 4344 1213 4416 imperfectum
1255 4355 1309 4401 et
1331 4344 1464 4412 Deo,
1512 4345 1614 4400 nisi
1647 4346 1907 4403 Dominus
1933 4349 2048 4417 sit,
2110 4361 2165 4407 et

561 4442 796 4499 Domino
840 4439 1171 4512 intelligatur
1213 4454 1374 4506 esse,
1427 4440 1528 4494 nisi
1556 4439 1698 4496 Deus
1743 4441 1831 4496 sit.
1878 4444 2052 4514 Atque
2089 4445 2162 4500 ita

2284 3328 2334 3383 F
2337 3333 2455 3385 ilius
2486 3330 2699 3401 (aqualis
2742 3328 2914 3384 Patri.
2969 3327 3112 3384 Deus
3153 3338 3228 3384 est
3267 3328 3666 3399 incompositus.
3708 3355 3781 3369 --
3809 3327 3890 3384 Ac

2284 3423 2520 3493 primum
2546 3423 2802 3492 cognosci
2833 3428 3048 3490 oportet
3097 3419 3266 3476 Deum
3299 3437 3406 3474 non
3436 3420 3570 3486 sibi,
3601 3417 3700 3476 sed
3731 3418 3887 3474 nobis

2285 3515 2547 3584 locutum,
2579 3524 2632 3572 et
2659 3516 2711 3570 in
2731 3524 2934 3571 tantum
2955 3514 3022 3569 ad
3055 3511 3464 3586 intelligentiam
3497 3517 3737 3574 nostram
3769 3511 3887 3570 elo-

2283 3609 2395 3678 quii
2427 3607 2510 3664 sui
2530 3616 2861 3678 temperasse
2881 3621 3215 3670 sermonem,
3246 3614 3508 3677 quantum
3529 3604 3888 3675 comprehen-

2281 3699 2412 3756 dere
2441 3700 2507 3754 ad
2535 3698 2880 3756 sentiendum
2913 3707 3122 3754 naturze
3169 3707 3367 3753 nostrae
3395 3695 3476 3770 (5)
3497 3695 3701 3766 opossit
3738 3694 3885 3750 inﬁr-

2284 3794 2466 3848 mitas.
2494 3792 2735 3864 Namque
2749 3807 2871 3849 cum
2893 3793 3140 3862 superius
3154 3791 3462 3860 increpatus
3481 3804 3512 3844 a
3533 3787 3735 3844 Judazis
3755 3786 3890 3844 fuis-

2278 3895 2384 3953 set,
2414 3901 2509 3941 cur
2539 3901 2600 3942 se
2644 3885 2905 3957 aequalem
2937 3885 3070 3952 Deo,
3116 3881 3282 3938 ﬁlium
3328 3897 3387 3938 se
3409 3880 3508 3936 Dei
3539 3879 3842 3951 proﬁtendo
3862 3919 3881 3946 ,

2277 3976 2496 4034 fecisset
2525 3975 2732 4050 (Joan.,
2765 3993 2820 4045 v,
2851 3976 2978 4048 i8);
3021 3973 3379 4047 responderat
3405 3973 3586 4028 omnia
3624 3987 3716 4038 se,
3760 3985 3886 4043 qua

2275 4070 2672 4137 faceretPater,
2704 4069 2882 4126 facere
2913 4068 3102 4141 (lbid.,
3141 4067 3208 4124 19
3241 4076 3285 4121 et
3312 4069 3479 4139 seqq.)
3506 4083 3520 4132 ;
3550 4077 3605 4122 et
3633 4079 3796 4121 omne
3818 4078 3881 4120 se

2274 4181 2303 4220 a
2333 4165 2495 4220 Patre
2515 4165 2770 4236 adeptum
2788 4179 2912 4220 esse
2932 4161 3227 4234 judicium;
3249 4163 3414 4217 etiam
3435 4175 3516 4228 se,
3541 4168 3604 4214 ut
3629 4158 3840 4215 Patrem
3857 4199 3875 4227 ,

2274 4257 2673 4314 honorandum.
2696 4257 2762 4313 Et
2780 4257 2834 4312 in
2859 4257 2942 4311 his
2960 4255 3234 4320 omnibus,
3261 4253 3542 4326 professus
3559 4260 3685 4308 ante
3704 4250 3788 4322 (Δ)
3815 4265 3879 4307 se

2271 4350 2440 4406 ﬁlium
2475 4350 2575 4424 (It),
2608 4349 2756 4404 Patri
2788 4357 3172 4419 exaequaverat
3203 4346 3432 4411 honore,
3465 4353 3754 4417 potestate,
3784 4357 3878 4399 na-

2269 4453 2408 4500 tura.
2447 4444 2649 4498 Dehinc
2675 4442 2891 4498 dixerat
2917 4483 2931 4506 ,
2967 4439 3262 4496 utPatrem
3293 4440 3457 4495 vitam
3485 4440 3538 4493 in
3563 4453 3622 4492 se
3651 4436 3871 4500 habere,

561 4552 687 4593 cum
718 4543 946 4606 uterque
989 4547 1125 4587 unus
1164 4540 1269 4598 est,
1295 4540 1352 4588 et
1379 4547 1517 4587 unus
1550 4533 1886 4604 signiﬁcatur
1915 4536 1966 4590 in
2013 4545 2162 4592 utro-
2266 4539 2340 4594 ita
2360 4554 2483 4594 eum
2503 4536 2642 4592 Filio
2655 4538 2816 4591 vitam
2844 4536 2896 4590 in
2914 4533 3291 4591 sehubendam
3309 4529 3734 4605 dedisse(Ibid.,
3755 4531 3868 4600 26):

556 4646 682 4703 que,
709 4639 763 4685 et
794 4644 900 4683 non
927 4636 1011 4681 est
1039 4635 1264 4697 uterque
1294 4626 1414 4681 sine
1434 4642 1542 4679 uno
1567 4643 1580 4692 ;
1613 4635 1719 4680 non
1742 4629 1964 4682 excedit
1991 4644 2156 4684 evan-
2184 4629 2240 4691 D
2265 4630 2318 4686 iu
2351 4645 2455 4700 quo
2486 4629 2885 4700 signiﬁcaverat
2925 4637 3132 4682 natura;
3159 4626 3402 4698 ejusdem
3441 4640 3536 4697 per
3558 4638 3874 4680 sacran'ten-

552 4722 777 4795 geliczun
833 4718 1268 4788 praedicationem
1324 4717 1614 4786 Apostolus
1652 4716 1876 4785 docens,
1933 4733 2031 4774 nec
2078 4721 2158 4777 lo—

549 4829 723 4886 quens
772 4812 825 4867 in
856 4808 1023 4866 Paulo
1046 4806 1294 4864 CltriStus
1315 4807 1561 4864 diversus
1581 4807 1651 4862 ab
1677 4806 1765 4862 his
1784 4815 1869 4864 est
1885 4808 2028 4882 (post
2046 4813 2114 4866 ad
2131 4842 2150 4856 -

730 4977 1008 5104 %ternam
1035 5044 1193 5102 deest
1211 5043 1265 5101 in
1287 5059 1391 5100 ms.
1420 5045 1621 5102 Veron.
1685 5019 1701 5036 ’

2268 4732 2380 4778 tum
2413 4721 2706 4776 nativitatis
2752 4720 3036 4776 unitatem.
3078 4719 3182 4777 Per
3224 4719 3276 4775 id
3305 4720 3488 4784 enim,
3526 4717 3669 4790 quod
3712 4719 3871 4773 habet

2267 4815 2451 4881 Pater,
2485 4813 2547 4886 (i)
2581 4815 2756 4885 ipsum
2794 4813 2941 4870 illum
2963 4811 3127 4886 245
3154 4812 3479 4884 signiﬁcavit
3502 4810 3555 4866 in
3587 4806 3864 4881 habendo}

2358 4979 2416 5050 5)
2456 4979 2651 5035 Posset.
2686 4978 2826 5050 Mox,
2857 4979 3161 5050 increpitus.

2358 4981 2393 5035 5
2456 4979 2651 5035 Posset.
2686 4979 2826 5047 Mox,
2857 4979 3064 5050 increpit

2333 4979 2416 5125 έιῖ
2450 5052 2700 5122 Seﬁlium
2728 5049 2928 5118 Patris,
2955 5060 3064 5108 etc.

2245 5213 2300 5265 iu
2332 5209 2574 5276 Martin.,
2616 5219 2671 5264 ut
2702 5210 2924 5264 credatis
2950 5225 3085 5274 eum,
3137 5208 3190 5264 in
3218 5207 3339 5264 aliis
3362 5249 3378 5275 ,
3433 5217 3490 5264 ut
3515 5207 3734 5264 credatis
3760 5210 3807 5264 ei
3837 5222 3858 5264 :

2245 5280 2385 5335 infra
2412 5292 2596 5337 autem
2627 5283 2679 5335 in
2704 5281 2980 5346 omnibus,
3012 5281 3218 5334 credere
3246 5282 3298 5335 in
3327 5296 3461 5335 eum.

611 5353 684 5425 (ὁ)
715 5352 806 5408 Sic
831 5347 960 5407 inss.
1014 5349 1154 5406 Editi
1185 5363 1316 5405 vero
1347 5347 1434 5405 hic
1457 5389 1472 5414 ,
1526 5359 1701 5406 tenens
1728 5366 1748 5406 .°
1801 5365 1865 5406 ac
1907 5359 2089 5423 postea
2115 5393 2130 5420 ,
2245 5423 2280 5425 ὴ
2318 5351 2390 5425 (Γ)
2424 5353 2571 5421 Lips,
2605 5362 2658 5407 et
2683 5352 2832 5417 Par.,
2865 5353 2971 5406 illis
3001 5367 3215 5418 nempe;
3244 5363 3296 5425 et
3326 5367 3452 5406 mox
3478 5349 3769 5409 cum‘Bad.
3797 5361 3854 5409 et

540 5423 806 5495 praedicat.
1139 5494 1142 5495 ν
1507 5489 1538 5495 _
1982 5493 1990 5495 4
2242 5423 2381 5495 Erg,
2404 5439 2518 5494 qua:
2546 5425 2777 5492 operatio
2797 5439 2931 5479 esca!
2959 5441 2978 5478 .°
3011 5423 3367 5480 renitentibus
3401 5437 3533 5478 mss.

610 5496 684 5568 (c)
716 5495 856 5550 Editi
883 5537 900 5561 ,
955 5494 1307 5566 imperfectum
1335 5502 1467 5548 esset
1496 5489 1645 5560 Deo;
1693 5501 1747 5549 et
1776 5509 1924 5560 mox,
1957 5493 2134 5548 deesse
2315 5494 2392 5568 (g)
2416 5489 2595 5568 Abest
2619 5506 2864 5568 cateruam
2901 5511 2933 5568 ρ
2965 5496 3240 5566 plerisque
3274 5509 3403 5568 mss.

536 5564 634 5637 pro
664 5564 768 5620 esse
794 5582 811 5620 :
833 5564 1162 5636 castigantur
1189 5569 1513 5637 auctoritate
1541 5581 1673 5637 mss.
1747 5636 1757 5637 ί
1999 5635 2010 5637 ᾗ
2313 5564 2393 5637 (It)
2425 5564 2592 5637 Editi,
2624 5582 2676 5620 se
2702 5565 2870 5634 ﬁlium
2895 5564 3072 5620 Patris
3101 5582 3120 5620 :
3146 5564 3511 5622 emendantur
3533 5579 3604 5622 ex
3639 5579 3770 5623 mss.

601 5637 679 5708 (ιι)
706 5639 760 5692 In
789 5635 1062 5708 plerisque
1088 5636 1363 5690 veteribus
1391 5637 1562 5699 libris,
1585 5636 1933 5707 signiﬁcavit:
1963 5635 2126 5694 libra—
2261 5706 2268 5708 Α
2315 5635 2375 5706 (i)
2418 5636 2472 5690 ln
2516 5638 2770 5706 vulgatis,
2797 5640 2963 5708 ipsum
2993 5638 3126 5692 illud
3149 5639 3430 5708 signiﬁcat.
3463 5639 3536 5693 At
3566 5639 3617 5694 in
3661 5648 3846 5693 vetus-

527 5706 730 5763 riorutn
757 5706 939 5780 lapsus
963 5723 1028 5763 ex
1054 5708 1313 5780 adﬁnitate
1332 5721 1524 5780 vocum
1551 5706 1714 5762 etiam
1744 5708 1795 5761 in
1825 5709 1971 5775 prius
1999 5710 2122 5763 vul-
2230 5706 2467 5780 tioribus
2499 5708 2685 5780 libris:
2719 5706 2889 5778 ipsum
2911 5709 3060 5763 illum
3090 5706 3418 5780 significavit.
3451 5709 3589 5764 Tum
3613 5725 3681 5765 ex
3707 5725 3838 5768 mss.

522 5780 660 5853 gatis
693 5769 831 5853 intra
847 5793 953 5832 non
979 5777 1154 5853 semel
1175 5778 1454 5853 repetitus.
1482 5778 1539 5832 In
1559 5793 1762 5848 graeco,
1785 5769 2114 5853 ἐὰφρᾲγισσν.
2225 5776 2352 5853 Υαι.
2381 5778 2520 5843 bns.,
2549 5769 2788 5853 Martini,
2807 5781 3018 5853 duobus
3045 5769 3200 5837 Cbl'h.
3227 5769 3288 5838 et
3311 5796 3419 5836 uno
3449 5780 3838 5853 Surbonssub-

514 5845 550 5919 ξ
594 5849 664 5921 (c)
691 5847 769 5906 ita
793 5847 1013 5904 Caruut.
1055 5845 1225 5902 codex
1261 5845 1590 5918 suﬁraganté
1612 5845 1892 5919 graecum?
1917 5845 1989 5908 ὃ-ὦ.
2041 5854 2116 5908 At
2215 5849 2438 5921 jicimus
2481 5853 2534 5907 in
2565 5852 2797 5908 habendo
2821 5894 2836 5922 ,
2868 5851 3076 5932 adjecta
3107 5853 3366 5924 particula
3419 5854 3494 5922 in,
3523 5867 3645 5926 quae
3674 5852 3830 5910 deest

615 5210 691 5284 (η)
722 5210 848 5266 Post
901 5219 1131 5292 tempora
1153 5248 1168 5274 ,
1204 5205 1402 5262 frustra
1447 5204 1666 5262 additur
1713 5207 1768 5264 in
1796 5206 1985 5264 codice
2016 5208 2135 5265 bas.

543 5281 694 5355 Vat.,
722 5281 1045 5355 temporalis:
