4246 6260
602 329 706 386 271

1817 315 2060 376 SANCTI
2099 312 2355 375 HILARII
2396 311 2703 373 EPISCOPI

3800 304 3910 362 27?.

603 457 728 498 cum
785 441 840 496 in
886 438 1059 496 forma
1089 438 1184 495 Dei
1235 444 1417 500 esset,
1479 446 1667 508 quaero
1715 434 1842 506 quid
1896 433 2197 490 manserit?
2227 434 2274 496 Α
2302 431 2649 501 coimaginari
2675 429 2845 500 possit
2861 426 2926 483 ad
2954 425 3231 498 speciem?
3272 425 3458 497 Imago
3485 423 3629 482 enim
3672 422 3908 479 formam

604 544 858 591 utrumne
886 533 938 588 in
971 542 1162 587 natura
1194 530 1292 585 Dei
1323 571 1338 595 ,
1382 545 1502 600 quze
1524 529 1860 600 signilicatur
1910 529 1961 583 in
2008 526 2201 597 gloria,

618 625 702 698 (1)
731 622 1068 694 Cbristus(a)
1094 622 1323 693 Spiritus
1357 621 1684 687 fuerit;cum
1709 620 1760 675 in
1783 621 1954 690 gloria
1987 620 2079 674 Dei
2113 635 2206 689 pa-

605 719 705 772 tris
736 715 985 772 Christus
1015 714 1174 772 Jesus
1199 757 1213 782 ,
1243 711 1295 770 id
1322 723 1426 779 est,
1459 714 1531 786 (b)
1563 714 1724 770 homo
1757 724 1910 768 natus
1939 712 2206 768 exstabit?

679 807 768 863 47.
813 807 952 863 Deus
979 824 1134 874 unus,
1169 823 1270 862 non
1301 808 1507 862 unicus.
1555 837 1627 848 -—
1676 806 1848 863 Tenet
1872 807 1922 862 in
1955 805 2206 862 omnibus

607 903 801 959 beatus
851 900 1146 968 Apostolus
1200 900 1324 954 ﬁdei
1375 900 1706 970 evangelicae
1763 899 2204 955 indemutabilem

606 993 1075 1064 praedicationem,
1108 991 1267 1065 24⁵1
1300 992 1369 1046 ita
1400 993 1686 1047 Dominum
1714 992 1900 1048 Jesum
1929 992 2206 1047 Christum

609 1086 778 1142 Deum
803 1085 1126 1156 praedicans,
1151 1094 1208 1140 ut
1237 1100 1410 1154 neque
1431 1099 1527 1153 per
1555 1085 1780 1140 alterius
1801 1085 2016 1155 generis
2036 1085 2204 1140 Deum

611 1177 665 1232 in
694 1178 828 1233 deos
854 1176 990 1233 duos
1020 1177 1152 1233 ﬁdes
1198 1176 1493 1248 apostolica
1519 1177 1812 1248 depereat,
1861 1192 2036 1248 neque
2065 1179 2209 1232 inse-

614 1270 872 1339 parabilis
914 1285 943 1327 a
973 1269 1134 1327 Patre
1163 1269 1334 1325 Filius
1357 1271 1502 1325 Deus
1539 1271 1684 1326 unici
1714 1268 1786 1342 (c)
1823 1285 1887 1326 ac
1919 1269 2210 1340 singularis

611 1361 711 1416 Dei
744 1362 1071 1432 praedicandi
1095 1361 1436 1418 occasionem
1465 1362 1684 1432 impiam
1711 1362 1969 1432 prtebeat.
2012 1362 2209 1419 Dieens

611 1456 778 1522 enim,
803 1457 855 1510 in
877 1460 1046 1527 [arma
1076 1456 1189 1523 Dei,
1217 1465 1266 1510 et
1294 1457 1348 1510 in
1377 1455 1545 1526 gloria
1565 1454 1662 1510 Dei
1689 1457 1874 1527 patris,
1905 1472 2081 1528 neque
2105 1455 2210 1512 dif-

611 1549 756 1604 ferre
779 1548 982 1616 docuit,
1019 1565 1195 1619 neque
1225 1565 1333 1604 non
1376 1549 1726 1605 exsistcntcm
1756 1564 1856 1605 nos
1895 1549 2210 1606 existimare

616 1640 885 1711 permisit.
947 1640 1078 1695 Nam
1110 1642 1198 1712 qui
1233 1642 1284 1696 in
1319 1642 1490 1696 forma
1521 1642 1613 1697 Dei
1658 1651 1764 1707 cst,
1815 1657 1991 1712 neque
2027 1641 2080 1696 in
2131 1640 2212 1696 al-

613 1744 786 1791 terum
822 1735 988 1790 Deum
1022 1734 1270 1806 prolicit,
1323 1750 1500 1806 neque
1553 1734 1714 1791 etiam
1763 1736 1879 1805 ipse
1929 1751 2035 1790 non
2071 1735 2211 1790 Deus

2308 541 2535 583 necesse
2562 535 2646 581 est
2673 524 2791 596 ejus
2816 522 3025 588 reddat,
3059 521 3210 591 cujus
3235 532 3287 575 et
3314 521 3490 590 imago
3521 528 3625 574 est.
3685 518 3787 584 Qui
3818 533 3912 570 vo-

2307 621 2426 675 lunt
2455 629 2636 675 autem
2667 618 2890 674 alterius
2925 615 3145 686 generis
3187 613 3238 668 iu
3269 612 3409 668 Filio
3459 628 3584 668 esse
3635 620 3910 674 naturam,

2307 712 2642 770 constituant
2683 709 2987 780 cujusmodi
3018 707 3215 762 Filium
3265 704 3552 774 imaginem
3582 717 3705 760 esse
3729 703 3914 757 invisi-

2309 806 2435 862 bilis
2467 805 2563 861 Dei
2612 805 2798 860 velint.
2839 802 2995 858 Anne
3046 814 3364 870 corpoream
3387 839 3400 865 ,
3431 808 3486 854 et
3512 796 3910 867 contemplabi-

2309 899 2416 956 lem
2443 942 2457 966 ,
2507 907 2564 954 et
2593 900 2668 954 ex"
2693 899 2825 953 locis
2863 898 2915 951 in
2941 895 3057 951 loca
3086 905 3234 948 motu
3265 894 3591 964 incessuque
3611 892 3914 947 circumva-

2308 993 2471 1062 gam?
2534 991 2876 1046 Meminerint
2921 1000 3097 1044 tamen
3129 988 3234 1060 (ι’),
3280 986 3581 1043 secundum
3616 985 3909 1054 Evangelia

2309 1097 2360 1141 et
2390 1085 2711 1156 prOphetas.
2752 1093 2809 1140 et
2837 1084 3110 1139 Christum
3157 1081 3406 1151 spiritum
3448 1089 3505 1135 et
3529 1079 3698 1134 Deum
3741 1078 3908 1148 spiri-

2312 1185 2448 1233 tum.
2513 1177 2614 1244 Qui
2641 1175 2806 1249 248
2827 1176 2870 1230 si
2907 1174 3358 1230 circumscribent
3387 1173 3531 1228 hunc
3552 1173 3800 1242 Spiritum
3834 1171 3914 1241 (g)

2312 1270 2584 1326 Christum
2618 1269 2887 1324 formabili
2907 1277 2962 1323 et
2987 1268 3255 1338 corporali
3289 1266 3489 1331 modo;
3537 1280 3646 1320 non
3678 1263 3784 1319 erit
3826 1265 3914 1318 in-

2311 1363 2544 1419 visibilis
2575 1362 2671 1417 Dei
2697 1361 2777 1434 (h)
2805 1362 2982 1433 imago
3008 1374 3327 1432 corporeus,
3366 1374 3467 1415 nec
3494 1355 3757 1414 indeﬁniti
3793 1371 3918 1427 spe-

2313 1457 2428 1512 cies
2452 1454 2678 1510 deﬁnita
2708 1453 3035 1509 moderatio.

2374 1547 2476 1605 .49.
2511 1546 2696 1619 Imago
2722 1544 2819 1601 Dei
2849 1555 2925 1600 est
2945 1586 2960 1610 .
3008 1554 3261 1616 quatenus
3287 1545 3332 1600 ei
3360 1544 3552 1598 divina:
3578 1551 3780 1597 natura!
3809 1540 3917 1597 vir-

2314 1650 2415 1696 tus.
2447 1670 2518 1682 -—
2545 1639 2652 1696 Sed
2683 1654 2858 1710 neque
2884 1637 3148 1693 Dominus
3189 1636 3459 1694 incertum
3485 1635 3746 1706 reliquit,
3811 1632 3917 1700 Qui

2314 1750 2394 1789 me
2418 1735 2565 1800 vidit,
2598 1733 2721 1786 vidit
2746 1743 2795 1785 et
2823 1731 3034 1785 Patrem
3062 1729 3242 1801 (Joan.
3273 1745 3384 1796 xw,
3414 1728 3473 1798 9)
3495 1745 3526 1796 ;,
3557 1743 3733 1796 neque
3773 1726 3919 1795 Apo-

612 1834 728 1882 est:
761 1825 884 1897 quia
917 1840 1017 1882 nec
1045 1825 1292 1896 separari
1319 1834 1496 1896 potest
1517 1841 1546 1879 a
1580 1826 1674 1879 Dei
1697 1825 1895 1890 forma,
1919 1840 2043 1881 cum
2067 1823 2120 1878 in
2153 1841 2216 1881 ea
2245 1829 2294 1891 B
2325 1826 2498 1882 stolns
2526 1825 2695 1880 tacuit
2720 1825 2897 1896 qualis
2927 1832 3106 1886 esset,
3149 1822 3254 1889 Qui
3274 1831 3348 1877 est
3371 1822 3542 1892 imago
3573 1819 3668 1874 Dei
3691 1816 3924 1873 invisibi-

613 1921 723 1988 sit;
756 1935 856 1977 nec
877 1920 969 1992 qui
1000 1921 1050 1974 in
1086 1919 1178 1974 Dei
1209 1928 1293 1975 est
1323 1919 1513 1984 forma,
1572 1933 1679 1973 non
1705 1918 1851 1973 Deus
1881 1927 1984 1974 cst.
2063 1917 2216 1974 Sicut

612 2015 704 2084 qui
749 2015 803 2069 in
850 2015 1020 2084 gloria
1055 2013 1148 2067 Dei
1175 2022 1293 2077 est,
1351 2029 1458 2068 non
1498 2022 1677 2083 potest
1705 2012 1848 2068 aliud
1893 2028 2016 2069 esse
2053 2029 2214 2082 quam

617 2107 761 2161 Deus
797 2115 917 2172 est;
962 2115 1016 2162 et
1046 2104 1176 2160 dum
1219 2105 1272 2159 in
1317 2105 1487 2176 gloria
1521 2104 1614 2159 Dei
1648 2105 1791 2160 Deus
1823 2114 1943 2172 est,
1992 2107 2216 2161 alterius

615 2199 714 2253 Dei
741 2205 904 2267 atque
931 2213 959 2250 a
995 2197 1104 2253 Deo
1135 2196 1334 2253 diversi
1365 2213 1470 2254 non
1520 2197 1685 2252 habet
1737 2198 2212 2270 prmdicationem;

613 2290 739 2362 quia
772 2305 869 2361 per
915 2289 989 2356 id,
1032 2290 1176 2361 quod
1228 2291 1482 2361 ingloria
1532 2290 1622 2345 Dei
1658 2299 1776 2358 est,
1809 2307 1876 2348 ex
1921 2307 1986 2347 eo
2025 2293 2080 2347 in
2119 2308 2215 2348 cu-

611 2384 703 2455 jus
729 2383 897 2454 gloria
924 2391 1009 2442 est
1032 2425 1045 2447 ,
1103 2382 1268 2438 habet
1315 2383 1366 2436 in
1399 2396 1458 2438 se
1488 2382 1736 2438 naturale
1763 2381 1904 2453 quod
1941 2383 2087 2438 Deus
2111 2394 2214 2438 est.

686 2475 780 2530 48.
823 2473 1056 2530 Christus
1086 2483 1141 2530 ut
1165 2475 1333 2545 imago
1359 2471 1479 2540 Dei,
1512 2490 1615 2528 non
1643 2473 1858 2528 alterius
1889 2485 1964 2530 est
1994 2487 2212 2530 naturte.

542 2622 547 2626 _
616 2596 688 2609 --
715 2566 833 2623 Non
868 2567 1239 2637 periclitatur,
1288 2582 1385 2636 per
1415 2567 1597 2634 plures
1629 2565 2043 2636 prmdicationes
2085 2566 2219 2622 ﬁdes

617 2675 750 2727 una,
773 2675 842 2716 ne
867 2673 972 2714 una
1009 2658 1101 2712 sit.
1147 2657 1490 2728 Evangelista
1517 2658 1664 2713 enim
1695 2657 1899 2712 dictum
1928 2673 1957 2712 a
1991 2658 2220 2714 Domino

615 2752 918 2817 docuerat,
965 2750 1066 2815 Qui
1094 2766 1174 2803 me
1203 2751 1348 2816 vidit,
1382 2750 1507 2804 vidit
1534 2759 1583 2804 et
1615 2749 1827 2804 Patrem
1867 2750 2048 2824 (Joan.
2106 2767 2218 2816 xtv,

616 2845 696 2918 9).
760 2845 869 2901 Sed
907 2844 1166 2914 numquid
1217 2843 1408 2898 doctor
1448 2844 1690 2914 gentium
1731 2844 1929 2899 Paulus
1969 2846 2220 2900 virtutem

621 2938 751 2993 dicti
779 2935 1039 2992 dominici
1066 2945 1158 2991 aut
1180 2935 1470 3006 ignoravit,
1505 2944 1600 2990 aut
1625 2937 1810 3000 tacuit,
1840 2936 2030 2991 dicens
2068 2955 2081 2990 :
2121 2936 2222 3003 Qui

618 3039 696 3084 est
723 3030 893 3100 imago
920 3024 1018 3081 Dei
1047 3025 1316 3081 invisibilis
1347 3025 1567 3100 (Coloss.
1605 3043 1642 3093 ι,
1674 3025 1806 3098 15)ἳ
1837 3027 2112 3100 Interrogo
2143 3027 2222 3101 (d)

620 3133 803 3178 utrum
843 3119 1075 3174 visibilis
1129 3118 1306 3188 imago
1349 3127 1436 3174 est
1465 3119 1753 3175 invisibilis
1783 3119 1910 3176 Dci:
1953 3127 2009 3175 et
2042 3129 2217 3174 utrum

2321 1922 2384 1976 lis
2425 1919 2648 1992 (Coloss.
2683 1934 2724 1984 ι,
2772 1919 2884 1988 15).
2932 1915 3193 1972 Dominus
3241 1917 3387 1971 enim
3428 1914 3660 1977 dixerat,
3711 1911 3773 1968 Si
3813 1927 3924 1966 non

2321 2013 2457 2084 facio
2487 2027 2644 2081 opera
2669 2010 2831 2082 patris
2856 2010 2974 2074 mei,
3017 2008 3178 2062 nolite
3201 2007 3328 2062 mihi
3358 2006 3566 2061 credere
3597 2003 3774 2075 (Joan.
3808 2019 3921 2070 va,

2319 2106 2388 2162 57
2423 2109 2480 2177 ),
2527 2105 2654 2160 hinc
2686 2104 2860 2160 videri
2885 2104 2935 2158 in
2969 2119 3027 2159 sc
3058 2103 3273 2158 Patrem
3302 2101 3506 2156 docens
3527 2141 3540 2166 ,
3585 2099 3728 2170 quod
3756 2113 3924 2170 Opera

2322 2199 2440 2268 ejus
2483 2196 2766 2261 efﬁceret;
2818 2206 2874 2251 ut
2902 2195 3180 2250 intellecta
3223 2202 3430 2250 natura“:
3467 2193 3638 2248 virtus
3674 2201 3923 2247 naturam

2324 2289 2617 2344 intellectae
2663 2287 2877 2343 virtutis
2919 2287 3264 2352 ostenderet,
3311 2302 3430 2356 per,
3457 2283 3600 2352 quod
3629 2283 3926 2354 Apostolus

2321 2381 2461 2437 hanc
2486 2381 2774 2452 imaginem
2799 2381 2894 2434 Dei
2927 2396 3047 2436 eSse
3079 2379 3422 2450 signiﬁcans,
3462 2378 3560 2444 ait,
3594 2377 3657 2450 (i)
3707 2378 3811 2444 Qui
3837 2385 3912 2432 est

2321 2475 2493 2545 imago
2516 2472 2612 2527 Dei
2642 2471 2912 2527 invisibilis
2938 2513 2952 2537 ,
3003 2471 3370 2544 primogenitus
3411 2472 3576 2524 omnis
3619 2481 3870 2524 creatura:
3897 2484 3919 2534 ,'

2323 2567 2443 2638 quia
2483 2566 2536 2619 in
2581 2567 2698 2635 ipso
2729 2565 2802 2638 (j)
2848 2564 3123 2618 constituta
3167 2572 3287 2618 sunt
3318 2563 3494 2616 omnia
3523 2562 3577 2615 in
3619 2562 3760 2617 cmlis
3798 2561 3925 2614 etin

2325 2668 2481 2721 terra,
2511 2656 2732 2712 visibilia
2761 2667 2808 2712 et
2833 2656 3131 2724 invisibilia,
3193 2657 3299 2712 sive
3335 2656 3553 2725 Thmui,
3587 2656 3691 2711 sive
3720 2653 3931 2710 Princi-

2324 2762 2473 2824 patus
2490 2791 2505 2817 ,
2530 2752 2635 2805 sive
2659 2749 2949 2805 Potestates
2974 2791 2988 2814 ,
3022 2751 3125 2804 sive
3152 2749 3539 2804 Dominationes
3564 2791 3579 2815 ,
3631 2749 3804 2803 omnia
3833 2764 3928 2818 per

2325 2847 2497 2916 ipsum
2527 2855 2572 2899 et
2599 2845 2652 2898 in
2683 2845 2794 2915 ipso
2820 2844 3027 2898 condita
3053 2853 3172 2898 sunt
3196 2885 3212 2912 ,
3263 2853 3310 2897 et
3337 2844 3448 2915 ipse
3477 2851 3549 2898 est
3577 2852 3695 2898 ante
3719 2857 3921 2907 omnes,

2325 2947 2374 2991 et
2401 2939 2570 2992 omnia
2599 2936 2678 3007 (lt)
2704 2937 2802 3009 ipsi
2826 2945 3098 3000 constant,
3147 2945 3192 2990 et
3234 2935 3344 3005 ipse
3382 2945 3460 2990 est
3495 2945 3651 3004 caput
3695 2933 3928 3004 corporis

2327 3031 2596 3099 Ecclesiae,
2627 3033 2714 3102 qui
2736 3041 2811 3086 est
2841 3031 3066 3093 initium,
3094 3029 3470 3101 primogenitus
3499 3045 3564 3084 ex
3591 3029 3823 3093 mortuis,
3870 3037 3928 3082 ut

2328 3126 2471 3196 ﬁeret
2515 3126 2570 3179 in
2610 3125 2845 3179 omnibus
2886 3125 2998 3195 ipse
3024 3125 3303 3194 primatum
3325 3134 3542 3190 tenens;
3579 3124 3701 3194 quia
3728 3123 3783 3176 in
3810 3122 3923 3193 ipso

623 3214 866 3270 inﬁnitus
885 3213 1027 3268 Deus
1059 3211 1132 3284 (ε)
1168 3227 1263 3283 per
1280 3210 1468 3267 formie
1487 3211 1910 3283 circumscripta:
1932 3212 2218 3284 imaginem
2249 3227 2294 3291 ρ
2329 3220 2640 3292 complacuit
2681 3236 2882 3274 omnem
2919 3218 3289 3290 plenitudinem
3334 3219 3397 3290 (ι)
3427 3218 3700 3286 habitare,
3746 3225 3794 3272 et
3842 3231 3933 3287 per

621 3380 624 3383 ·
696 3355 774 3429 (i)
811 3355 867 3411 In
897 3355 1086 3412 codice
1115 3353 1314 3410 Veron.
1349 3352 1582 3408 Christus
1604 3367 1632 3406 a
1685 3351 1856 3423 prima
1885 3367 2072 3421 manu,
2121 3353 2216 3410 sed
2255 3355 2493 3412 secunda
2523 3355 2730 3428 antiqui
2760 3354 3114 3411 amanuensis
3145 3352 3453 3411 emendavit
3476 3353 3691 3411 Christi.

701 3497 777 3570 (a)
820 3496 986 3570 Editj,
1033 3495 1228 3551 Christi
1273 3495 1527 3570 spiritus;
1559 3493 1947 3570 renitentibus
1997 3495 2224 3570 potiori-

623 3563 726 3626 bus
756 3563 888 3624 mss.
934 3569 1102 3624 Porro
1127 3563 1420 3636 opponitur
1446 3563 1692 3620 Christus
1725 3563 2011 3636 Spiritus,‘
2036 3567 2086 3622 id
2114 3577 2220 3634 est,

623 3641 800 3711 qualis
831 3640 929 3694 fuit
954 3650 1079 3695 ante
1101 3633 1438 3711 assumptum
1469 3636 1766 3711 hominem,
1787 3633 2002 3711 Christo
2019 3633 2222 3711 homini

620 3707 732 3783 jam
767 3711 929 3767 iacto.
983 3711 1058 3765 Ita
1105 3713 1220 3764 haec
1241 3709 1502 3783 _qu:e5tio,
1533 3707 1627 3761 lib.
1659 3721 1738 3783 Ill,
1771 3709 1968 3783 n.__i_9:
2022 3709 2224 3775 Quazris

624 3777 884 3851 quomodo
915 3783 1196 3836 secundum
1229 3777 1486 3851 Spiritum
1514 3787 1664 3851 natus
1694 3778 1759 3830 sit
1793 3777 1984 3851 Filius,
2038 3791 2226 3849 aperte

625 3849 920 3925 apponitur
947 3855 1031 3908 isti
1045 3872 1086 3925 ελ
1138 3849 1344 3925 Quaeris
1369 3849 1626 3925 quomodo
1653 3850 1966 3925 secundum_
1967 3853 2224 3925 hominem

625 3921 779 3981 natus
800 3928 887 3980 sit.
917 3925 1006 3979 Sic
1031 3923 1284 3978 Clemens
1309 3921 1471 3991 Papa,
1497 3921 1657 3989 epist.
1675 3935 1732 3987 ιι,
1757 3937 1805 3991 c.
1845 3930 1897 3986 9,
1924 3921 1988 3975 T.
2028 3939 2043 3976 I
2078 3924 2224 3978 Cott-

627 3997 718 4052 cil.
751 4013 807 4068 p.
839 3996 972 4052 186:
1004 3994 1160 4049 Iesus
1181 3990 1416 4068 Christus
1441 4032 1456 4056 ,
1501 3991 1718 4068 inquit,_
1749 3990 2009 4068 Dominus
2033 4004 2224 4068 noster,

629 4069 715 4138 qui
739 4063 831 4122 nos
859 4068 1095 4132 servavit,
1123 4080 1240 4118 cum
1272 4065 1493 4134 primum
1521 4074 1647 4118 esset
1679 4063 1932 4134 Spiritus,
1961 4081 2082 4120 caro
2111 4066 2225 4135 [ac-

635 4151 718 4192 tus
742 4148 835 4193 est.

703 4210 783 4281 (b)
827 4209 880 4263 lu
913 4222 1013 4262 ms.
1043 4207 1159 4281 bas.
1187 4206 1312 4281 Vat.
1333 4203 1755 4281 dcsidcraturjd
1772 4206 2056 4281 est_homo:
2085 4207 2228 4277 apud

631 4276 773 4339 Bad.‘
797 4288 978 4334 autem
1001 4287 1056 4332 et
1084 4279 1173 4332 Er.
1201 4277 1424 4332 verbum
1458 4286 1627 4329 natus.
1671 4276 1807 4335 Tttm
1840 4277 1986 4346 Lips.
2015 4287 2071 4332 ct
2100 4276 2222 4333 Par.

631 4362 758 4424 post
802 4351 893 4405 Er.
944 4349 1224 4424 retinuere
1273 4356 1702 4424 exstaretarum
1750 4351 1890 4424 apud
1932 4349 2226 4424 Bad.etin

633 4419 767 4480 inse.
801 4421 1120 4477 concinnius
1151 4419 1362 4487 legatur
1389 4419 1627 4480 exstabit.
1685 4431 1741 4474 ut
1769 4421 1930 4489 paulo
1983 4430 2108 4476 ante
2138 4422 2222 4476 di-

635 4505 780 4552 ctum
813 4501 898 4548 est
916 4491 1156 4546 manebit.
1201 4491 1255 4544 lu
1283 4491 1608 4561 memoriam
1625 4491 1988 4546 revocandum
2015 4508 2079 4547 ex
2103 4508 2222 4561 cap.

635 4568 672 4622 4
700 4568 752 4620 in
777 4563 965 4618 Matth.
995 4581 1048 4616 ιι.
1085 4564 1152 4618 14
1173 4605 1187 4629 ,
1217 4562 1358 4634 quod
1390 4561 1543 4616 Jesus
1585 4560 1809 4616 Domino
1839 4575 2014 4617 nostra
2043 4560 2226 4619 nomen

634 4654 701 4693 ea:
721 4651 935 4706 corpore
956 4645 1048 4690 est.

2330 3497 2495 3553 Corb.
2530 3496 2786 3554 secundis
2815 3497 2960 3552 curis
2983 3496 3252 3566 adjectum
3277 3507 3358 3553 est
3389 3537 3403 3559 .
3447 3494 3592 3551 unde
3633 3503 3690 3550 et
3729 3494 3780 3551 in
3812 3494 3932 3552 aliis

2333 3570 2589 3625 obtinuit.
2666 3569 2751 3624 Nil
2779 3569 3272 3638 olticitadjectum;
3315 3584 3435 3624 cum
3461 3566 3708 3639 proxime
3735 3583 3930 3636 sequa-

2335 3649 2442 3704 tur,
2477 3641 2576 3706 Qut
2602 3642 2646 3696 si
2671 3641 3110 3706 circumscribent,
3137 3652 3265 3704 etc.,
3284 3656 3461 3710 neque
3488 3641 3711 3694 omnino
3742 3654 3931 3695 neces-

2335 3714 2534 3766 Sarium
2564 3722 2669 3779 est,
2724 3721 2785 3766 ut
2821 3713 2988 3782 liquet
3018 3727 3082 3765 ex
3115 3711 3198 3765 his
3226 3727 3374 3765 num.
3409 3713 3519 3782 49.7
3562 3710 3634 3763 Ac
3668 3727 3730 3764 ne
3751 3711 3934 3781 [arma

2335 3784 2504 3852 potius
2531 3824 2545 3848 ,
2591 3799 2740 3853 quam
2768 3781 2968 3837 natura:
2996 3785 3168 3852 imago
3191 3799 3320 3847 esse,
3345 3792 3454 3837 etc.
3482 3781 3563 3836 Ex
3606 3785 3803 3851 quibus
3847 3783 3934 3836 in-

2338 3853 2628 3924 telligitur,
2675 3869 2796 3909 eam
2842 3854 2947 3910 dici
2982 3859 3161 3923 forma:
3183 3854 3459 3926 imaginem
3484 3895 3500 3920 ,
3531 3869 3652 3922 quae
3691 3863 3933 3926 externa;

2335 3923 2542 3978 tantum
2587 3926 2773 3995 ligurm
2818 3926 3056 3996 speciem
3098 3923 3480 3995 reprwéentet,
3525 3926 3683 3995 eique
3727 3923 3933 3995 opponi

2332 3996 2606 4066 imaginem
2640 4008 2853 4050 naturae.

2405 4065 2474 4137 (Γ)
2513 4067 2991 4139 Ριιειίρειιιιειιιτιιιι
3019 4075 3218 4131 tamen,
3254 4065 3406 4122 solus
3434 4067 3607 4123 codex
3631 4067 3794 4139 Cara.
3830 4067 3932 4122 ad-

2329 4138 2468 4208 jicit,
2495 4156 2586 4208 per
2613 4138 2808 4193 Filium
2837 4142 3009 4212 omnia
3032 4157 3050 4192 :
3101 4139 3277 4212 minus
3330 4139 3395 4212 ad
3445 4155 3581 4194 rem.
3624 4138 3929 4212 Responsio

2334 4213 2592 4278 proxima:
2619 4212 2902 4280 qumstioni
2930 4211 3044 4265 htec
3074 4220 3181 4276 est,
3213 4209 3487 4265 Christum
3522 4226 3627 4265 non
3656 4209 3778 4267 esse
3803 4226 3926 4266 cor-

2335 4295 2553 4353 porcam
2586 4284 2874 4352 imaginem
2898 4322 2915 4348 ,
2950 4293 3006 4336 ut
3041 4295 3165 4352 pote
3186 4282 3274 4353 qui
3304 4283 3527 4350 spiritus
3558 4293 3642 4338 est
3662 4323 3679 4351 ,
3728 4297 3923 4353 quem-

2331 4352 2623 4408 admodum
2657 4355 2796 4408 Deus
2829 4363 2980 4420 pater
3009 4363 3093 4409 est
3122 4352 3368 4422 spiritus.

2407 4424 2486 4495 (g)
2536 4424 2679 4478 Editi
2703 4432 2933 4494 excepto
2978 4425 3102 4478 Par.
3147 4425 3397 4478 omittunt
3431 4423 3712 4481 Christum.
3789 4425 3927 4482 Tum

2330 4495 2650 4619 aptzerips.
2684 4505 2738 4551 et
2767 4495 2890 4550 Par.
2920 4495 3268 4551 substitutum
3298 4503 3381 4550 est
3407 4497 3638 4567 formati,
3691 4512 3789 4568 pro
3819 4497 3930 4568 {or-

2331 4582 2412 4619 ma
2449 4583 2462 4618 ι
2491 4584 2529 4619 ι.

2331 4582 2529 4620 mnum.

2403 4637 2483 4708 (h)
2514 4638 2589 4692 lla
2619 4637 2874 4693 meliores
2911 4653 3042 4708 mss.
3076 4637 3217 4708 quod
3247 4637 3600 4692 conﬁrmatur
3628 4637 3714 4694 his
3743 4639 3834 4695 lib.
3860 4655 3923 4707 ιι,

710 4707 782 4780 (c)
813 4701 1110 4777 Exemplar
1161 4705 1323 4761 Carn.
1375 4721 1435 4758 ac
1481 4705 1698 4759 solitarii
1741 4701 1878 4757 Dei:
1925 4702 2066 4758 haud
2119 4705 2227 4762 alio
2250 4731 2305 4792 Ι)
2334 4701 2482 4791 num.
2509 4709 2542 4763 5
2575 4727 2586 4763 :
2624 4708 2968 4791 incorporeus
3006 4701 3168 4763 Paier
3200 4721 3275 4764 est
3307 4726 3325 4763 :
3365 4710 3410 4792 si
3441 4708 3611 4792 Filius
3645 4701 3926 4792 secundum

637 4795 826 4836 SOIISII.

636 4867 649 4890 ‘-
711 4850 791 4921 (d)
830 4847 986 4919 Apud
1019 4848 1147 4921 Bad.
1180 4858 1353 4921 utrum
1378 4846 1593 4921 visibilis
1622 4843 2074 4921 Deusnethutrum,
2095 4856 2229 4914 etc.,

639 4917 792 4977 locus
820 4917 1059 4974 mutilus.
1096 4918 1152 4972 In
1181 4918 1300 4972 aliis
1331 4917 1486 4981 edit.,
1519 4928 1694 4970 utrum
1718 4917 1930 4971 visibilis
1960 4917 2130 4987 imago
2154 4931 2229 4975 est

635 4991 905 5046 invisibilis
935 4988 1033 5043 Dei
1062 4989 1217 5043 Deus.
1251 4987 1502 5044 Abundat
1525 5002 1628 5042 vox
1654 4988 1810 5054 Deus,
1848 5003 2023 5056 neque
2052 5001 2230 5046 exstat

639 5065 694 5118 in
725 5077 854 5117 mss.
894 5062 1016 5115 llam
1048 5061 1396 5130 interrogatio
1427 5059 1600 5127 pulsat
1631 5060 1881 5123 Ariauos,
1910 5061 1998 5128 qui
2031 5060 2222 5117 Filium

640 5135 784 5188 Patri
841 5132 1159 5202 iumqualem
1205 5132 1328 5184 inde
1374 5131 1760 5200 argulabantur
1791 5173 1804 5195 ,
1857 5131 1998 5200 qttod
2032 5130 2222 5188 Filium

640 5204 934 5270 visibilem,
961 5203 1172 5258 Patrem
1201 5202 1524 5256 invisibilctn
1552 5205 1732 5274 animo
1761 5203 2057 5272 ﬁngerent:
2091 5219 2223 5274 quo-

642 5291 762 5330 rum
804 5291 867 5331 ea
910 5275 979 5330 de
1016 5291 1076 5330 rc
1102 5274 1291 5329 deliria
1323 5274 1522 5342 sigillat
1567 5272 1917 5344 Augustinus,
1963 5274 2056 5328 lib.
2085 5272 2123 5329 ιι
2151 5275 2220 5330 de

644 5347 793 5401 Trin.
819 5361 868 5401 c.
902 5345 968 5401 M
989 5388 1003 5408 ,
1046 5358 1098 5400 et
1128 5347 1303 5401 Serm.
1335 5359 1427 5409 vn,
1461 5361 1515 5398 n.
1545 5345 1610 5399 4.
1656 5345 1764 5398 Hoc
1806 5361 1968 5415 porro
1997 5344 2084 5401 hic
2118 5347 2220 5401 sibi

643 5419 760 5471 vult
785 5427 968 5474 noster
994 5417 1262 5472 Hilarius:
1289 5415 1395 5470 Vos
1416 5415 1506 5485 qui
1530 5415 1741 5472 Patrem
1769 5417 2112 5480 invisibilem,
2140 5416 2224 5471 Fi-

643 5489 774 5542 lium
807 5488 1070 5544 visibilem
1104 5487 1288 5551 vultis,
1327 5487 1602 5557 interrogo
1643 5499 1819 5541 utrum
1865 5489 1953 5557 qui
1995 5489 2222 5542 visibilis

642 5569 747 5622 est,
801 5560 892 5614 Dei
922 5559 1203 5614 invisibilis
1231 5560 1404 5628 imago
1431 5574 1551 5614 esse
1585 5561 1769 5628 possit.

716 5631 786 5702 (c)
829 5632 884 5686 In
937 5630 1205 5701 vulgatis.
1275 5647 1367 5702 per
1411 5631 1629 5700 formam
1692 5630 2132 5702 circumscriptam
2174 5639 2219 5686 et

640 5700 937 5772 imaginem.
1013 5700 1068 5756 Iit
1115 5700 1341 5757 vetustis
1385 5701 1783 5770 exemplaribus
1805 5701 1958 5756 Colb.
1981 5700 2000 5766 ,
2033 5700 2218 5766 Carn.,

647 5773 832 5854 Germ.
861 5789 924 5854 ac
945 5773 1186 5854 pluribus
1209 5774 1348 5840 aliis,
1382 5789 1472 5854 per
1496 5777 1677 5854 [argue
1701 5775 1996 5854 imaginem,
2021 5773 2222 5854 omisso

653 5842 817 5899 verbo
847 5842 1279 5915 circumscriptte:
1325 5843 1467 5912 quod
1495 5842 1549 5898 in
1578 5842 2022 5910 MartinJexstat,
2059 5854 2111 5898 et
2168 5846 2220 5900 in

2335 4780 2574 4850 spiritum
2600 4781 3015 4852 ciscumscriptus
3033 4792 3102 4853 est
3119 4797 3357 4853 corpore,
3385 4781 3489 4846 iam
3512 4783 3800 4853 incorporei
3821 4800 3924 4838 non

2333 4862 2408 4905 est
2441 4854 2606 4924 [arma
2634 4867 2931 4924 corporeus.
2973 4854 3041 4905 At
3064 4852 3117 4906 in
3144 4852 3372 4922 vulgatis
3392 4892 3406 4914 ,
3440 4853 3609 4923 imago
3633 4852 3880 4923 corporea
3905 4869 3927 4909 :

2334 4937 2396 4977 ac
2426 4921 2623 4978 deinde
2652 4921 2794 4993 apud
2815 4921 2956 4995 Bad.
2985 4963 3000 4995 ,
3049 4940 3139 4977 nec
3175 4921 3440 4991 indeﬁnite
3469 4921 3663 4990 species
3693 4921 3927 4995 deﬁnita:

2331 4995 2658 5067 moderatio;
2712 5005 2766 5050 et
2811 4993 2864 5067 in
2914 4993 3055 5048 edit.
3099 4996 3240 5062 aliis,
3295 5011 3387 5048 nec
3415 4995 3684 5064 inde/inita
3727 4993 3924 5067 species

2330 5065 2541 5136 tle/inita
2580 5066 2884 5120 moderatio.

2405 5135 2467 5207 (i)
2521 5140 2787 5209 Autiquus
2830 5136 3012 5209 codex
3035 5137 3220 5209 “Colb.
3264 5151 3327 5209 ac
3378 5137 3566 5194 Germ.
3619 5139 3789 5209 prima
3824 5140 3916 5196 illa

2328 5209 2509 5270 verba,
2569 5208 2669 5275 Qui
2713 5218 2785 5262 est
2823 5207 2992 5279 imago
3024 5207 3118 5262 Dei
3146 5207 3446 5275 invisibilis,
3498 5227 3602 5264 non
3623 5207 3919 5278 habentes,

2327 5279 2446 5401 al‘iis
2501 5280 2720 5361 forsitan
2758 5279 3086 5336 sinceriores
3119 5289 3264 5336 sunt.
3305 5279 3413 5335 Sed
3455 5281 3591 5336 nihil
3621 5291 3780 5338 uocet
3803 5283 3922 5338 haec

2327 5365 2377 5401 Ω(
2403 5362 2577 5401 100110.

2327 5362 2577 5416 aujcctto.

2401 5420 2476 5493 (j)
2515 5420 2572 5474 lu
2601 5435 2701 5475 ms.
2735 5419 2899 5477 Carn.
2935 5423 3021 5477 hic
3049 5438 3148 5492 pro
3178 5423 3457 5477 constituta
3476 5434 3634 5491 sunt,
3706 5433 3761 5481 et
3791 5439 3914 5480 mox

2332 5507 2429 5560 pro
2471 5494 2677 5546 comlita
2705 5504 2819 5547 sunt
2845 5536 2859 5557 ,
2907 5503 3088 5549 exstat
3129 5503 3298 5564 creata
3321 5506 3460 5548 sunt.
3515 5495 3703 5552 Graece
3740 5497 3916 5564 primo

2330 5564 2450 5617 loco
2479 5565 2758 5632 pra-fertur
2794 5563 3018 5629 ἐκτίσθη,
3059 5566 3229 5622 altero
3267 5563 3516 5622 ἔκτισται.

2397 5631 2489 5711 (Ιξ)
2523 5634 2684 5701 Editi,
2739 5638 2791 5711 in
2819 5638 2929 5706 ipso
2968 5647 3218 5711 constant,
3261 5638 3470 5692 favente
3491 5653 3650 5710 graec.
3686 5641 3734 5693 ἐν
3771 5640 3916 5711 αὖτῷ

2329 5708 2625 5772 συνέστηκε,
2665 5707 2758 5762 sed
2807 5709 3162 5764 renitentibus
3188 5725 3319 5764 tnss.

2399 5777 2462 5860 (1)
2496 5777 2550 5832 Ιιι
2578 5794 2680 5860 ms.
2710 5778 2875 5860 Cara.
2910 5781 3086 5860 hichet
3112 5781 3271 5847 infra,
3322 5780 3914 5860 plenitudinentdivini-

2331 5849 2446 5903 tatis
2468 5866 2486 5902 :
2516 5852 2602 5906 cui
2634 5849 2779 5906 favet
2822 5851 2950 5908 illud
3001 5851 3094 5909 lib.
3123 5867 3212 5922 ιιι,
3243 5868 3298 5908 ιι.
3323 5849 3398 5908 15
3431 5869 3451 5908 .·
3475 5851 3614 5920 Quid
3649 5850 3793 5909 Filio
3819 5853 3910 5909 de-
