4246 6260
345 345 467 401 273

1565 344 1653 401 DE
1690 344 2064 403 TBINITATE
2096 341 2302 403 LIBER
2341 344 2476 403 VIII.

3554 350 3662 408 274

342 458 859 531 ipsumreconciliari
873 459 1046 513 omnia
1066 458 1120 513 in
1142 474 1255 515 eum
1280 458 1502 532 (Coloss.
1524 473 1563 526 t,
1593 458 1663 516 I5
1684 469 1731 514 et
1761 460 1947 533 seqq.).
1977 461 2032 543 ᾼ
2058 458 2202 516 idem
2233 461 2622 533 primogenitus
2651 460 2717 517 ad
2746 460 3103 519 aeternitatem
3127 470 3232 529 est,
3285 471 3343 518 ut
3370 463 3457 518 cui
3490 464 3653 534 spirl‘

349 552 478 610 Pera
503 550 695 608 borum
742 552 904 622 igitur
950 566 1175 622 operum
1214 552 1471 608 virtutem
1512 551 1692 624 imago
1720 552 1818 608 Dei
1848 561 1953 609 est.

346 643 488 701 Nam
536 643 725 715 utique
765 642 1115 699 invisibilium
1144 643 1405 700 Conditor
1444 658 1552 699 non
1580 653 1664 699 est
1693 644 1749 699 in
1768 658 1832 700 ea
1860 658 1957 699 na-

352 747 490 793 turre
516 737 866 805 necessitate,
890 745 951 793 ut
968 736 1256 793 invisibilis
1278 738 1372 794 Dei
1402 738 1579 809 imago
1603 737 1836 793 visibilis
1863 737 1954 794 sit.

347 831 433 889 Ac
459 845 526 887 ne
548 831 737 885 forma:
768 830 969 900 potius,
999 846 1159 901 quam
1183 840 1393 886 natura:
1416 830 1592 901 imago
1620 844 1743 887 esse
1762 829 1840 903 (l)
1869 831 1954 885 iu-

352 924 720 994 telligeretur;
780 922 984 979 idcirco
1024 922 1313 980 invisibilis
1340 924 1433 979 Dei
1471 925 1647 995 imago
1672 932 1757 981 est
1780 967 1794 991 ,
1854 940 1950 981 na-

351 1025 474 1073 tura
503 1018 558 1073 in
580 1032 646 1072 eo
674 1016 773 1072 Dei
804 1032 900 1087 per
924 1026 1133 1073 natura:
1160 1033 1273 1073 suae
1296 1020 1550 1074 virtutem
1580 1018 1951 1091 intelligenda,

352 1109 434 1184 (a)
465 1126 574 1167 non
606 1111 862 1167 invisibili
889 1111 1173 1183 qualitate.

426 1206 516 1262 50.
562 1204 664 1273 Qui
717 1204 1112 1276 primogenitus,
1155 1205 1244 1274 qui
1291 1206 1575 1274 primatum
1625 1206 1680 1259 in
1724 1204 1956 1260 omnibus

348 1309 553 1357 tenens.
579 1329 652 1343 —
678 1299 1074 1370 Primogenitus
1109 1299 1294 1370 itaque
1332 1300 1509 1356 omnis
1536 1308 1803 1357 creatura:
1830 1308 1914 1354 est
1932 1340 1946 1366 ,

345 1392 477 1465 quia
531 1393 584 1447 in
641 1392 764 1463 ipso
808 1400 991 1447 creata
1033 1391 1216 1447 omnia
1266 1401 1409 1447 sunt.
1471 1391 1542 1447 Et
1587 1407 1656 1447 ne
1703 1391 1847 1463 quod
1894 1391 1950 1447 in

342 1488 467 1557 ipso
497 1495 677 1541 creata
702 1485 881 1540 omnia
913 1493 1058 1550 sunt,
1079 1500 1184 1540 non
1212 1484 1278 1540 ad
1308 1486 1483 1555 ipsum
1534 1485 1814 1556 quisquam
1855 1500 1952 1540 au-

345 1577 504 1635 deret
527 1577 756 1645 rel'erre,
779 1578 876 1645 ait,
912 1577 1100 1632 Omnia
1122 1592 1212 1649 per
1250 1578 1420 1648 ipsum
1448 1587 1498 1633 et
1522 1577 1577 1632 in
1602 1578 1717 1646 ipso
1744 1578 1950 1633 condita

342 1682 471 1728 sunt
492 1714 508 1739 ,
548 1684 593 1727 et
620 1672 734 1745 ipse
765 1681 840 1727 est
865 1669 1032 1744 249
1058 1681 1178 1726 ante
1202 1686 1398 1739 omnes,
1428 1682 1477 1727 et
1502 1673 1674 1726 omnia
1699 1672 1800 1743 ipsi
1826 1688 1950 1727 con-

342 1778 488 1822 stant
515 1765 647 1839 (1b.,
673 1766 784 1839 i7).
819 1767 1008 1821 Omnia
1042 1765 1225 1837 itaque
1252 1767 1354 1837 ipsi
1384 1774 1659 1834 constant,
1691 1766 1781 1835 qui
1820 1774 1947 1823 ante

2064 553 2188 609 talia
2211 554 2433 618 debent,
2465 553 2538 627 (f)
2590 554 2642 610 in
2697 555 3059 627 primogenito
3111 564 3313 621 creata,
3346 554 3491 628 quod
3549 571 3666 612 ma-

2060 654 2260 711 neant;
2284 646 2335 701 ei
2356 654 2410 702 et
2436 645 2669 702 humana
2684 646 2938 717 debeant,
2962 648 3103 720 quod
3122 648 3174 703 in
3201 647 3564 720 primogenito
3589 663 3659 705 ex

2059 740 2290 796 mortuis
2319 749 2674 796 renascantur
2701 751 2926 798 aeterna.
2986 740 3107 812 Ipse
3136 751 3219 796 est
3246 742 3389 797 enim
3422 742 3658 809 initium,

2059 834 2148 904 qui
2177 849 2298 889 cum
2328 835 2467 889 ﬁlius
2497 836 2588 899 sit,
2623 836 2797 908 imago
2827 836 2905 909 (g)
2934 845 3054 901 est;
3092 835 3169 910 (2)
3196 853 3318 893 cum
3345 836 3521 907 imago
3550 845 3656 903 est,

2059 925 2155 981 Dei
2186 934 2287 983 est.
2354 926 2750 997 Primogenitns
2797 943 3012 998 quoque
3041 926 3124 1001 (It)
3173 929 3351 983 omnis
3382 938 3651 984 creatura:

2058 1029 2161 1084 εει,
2194 1018 2482 1074 continens
2505 1018 2559 1073 in
2590 1033 2651 1074 se
2682 1019 3050 1075 universitatis
3076 1020 3382 1077 exordium.
3439 1020 3509 1077 Et
3537 1036 3661 1076 rur-

2059 1126 2176 1167 sum
2209 1113 2324 1182 ipse
2349 1120 2511 1180 caput
2536 1112 2781 1183 corporis
2806 1112 3065 1168 Ecclesia:
3089 1122 3174 1169 est
3190 1154 3205 1179 ,
3242 1121 3298 1169 ει
3326 1114 3659 1184 primogeni-

2061 1214 2146 1260 tus
2172 1219 2239 1260 ex
2269 1205 2517 1267 mortuis,
2554 1215 2611 1258 ut
2636 1204 2689 1260 in
2719 1204 2971 1259 omnibus
3011 1214 3192 1261 teneat
3221 1205 3338 1276 ipse
3358 1205 3423 1279 (i)
3464 1205 3661 1276 prima-

2057 1306 2190 1353 tum.
2235 1297 2301 1352 Et
2320 1296 2444 1368 quia
2471 1297 2653 1353 omnia
2683 1297 2731 1352 ei
2756 1304 3028 1363 constant,
3086 1297 3141 1352 in
3187 1297 3304 1369 ipso
3331 1297 3652 1368 complacita

2057 1392 2336 1465 plenitudo
2365 1393 2650 1459 consistit;
2702 1392 2830 1448 dum
2854 1393 2906 1447 in
2928 1407 2996 1449 eo
3020 1407 3119 1463 per
3144 1393 3321 1463 ipsum
3350 1392 3420 1465 (ί)
3444 1393 3497 1448 in
3531 1408 3656 1448 eum

2055 1487 2475 1543 reconciliantur
2511 1486 2718 1555 omnia,
2748 1486 2802 1542 in
2825 1501 2934 1557 quo
2965 1501 3063 1557 per
3093 1487 3269 1558 ipsum
3301 1488 3355 1543 in
3386 1487 3505 1559 ipso
3533 1501 3655 1543 om-

2053 1581 2141 1636 nia
2173 1590 2300 1637 sunt
2326 1588 2530 1637 creata.

2124 1675 2214 1730 5|.
2246 1674 2427 1745 Imago
2455 1673 2553 1729 Dei
2579 1685 2672 1742 est,
2701 1683 2951 1744 quatenus
2988 1674 3160 1730 omnia
3195 1675 3249 1729 in
3289 1690 3348 1730 eo
3394 1686 3654 1733 creantur.

2052 1765 2330 1822 Creatio‘ut
2344 1766 2692 1821 reconciliatio
2715 1776 2762 1821 et
2788 1766 2962 1821 Patris
2983 1775 3029 1822 et
3053 1765 3183 1822 Filii
3200 1776 3293 1822 est.
3312 1798 3384 1808 —
3399 1767 3656 1825 Sentisne

339 1859 523 1916 omnia
551 1867 653 1926 est,
689 1861 825 1915 etin
853 1874 961 1930 quo
991 1860 1169 1913 omnia
1198 1867 1344 1913 sunt.
1398 1858 1465 1913 Et
1489 1858 1604 1913 lucc
1632 1858 1847 1927 quidem
1873 1858 1940 1915 ad
1973 1861 2020 1922 Β
2043 1859 2155 1929 jam
2203 1858 2332 1931 quid
2396 1859 2465 1913 sit
2517 1874 2640 1914 esse
2694 1858 2980 1930 imaginem
3037 1860 3172 1915 Dei?
3224 1860 3413 1916 Creari
3467 1862 3656 1929 utique

338 1954 573 2010 exordia
600 1954 870 2024 pertinent
896 1964 1290 2008 creaturarum.
1330 1951 1599 2008 Cteterum
1635 1951 1710 2026 (ὁ)
1741 1953 1810 2007 ob
1832 1953 1944 2007 dis-

337 2048 717 2120 pensationem
763 2047 1010 2118 corporis
1060 2047 1233 2103 nostri
1275 2048 1387 2101 ait:
1436 2045 1504 2101 Et
1549 2048 1662 2117 ipse
1686 2054 1759 2101 est
1788 2055 1943 2119 caput

336 2140 572 2212 corporis
599 2138 881 2205 Ecclesite,
932 2141 1028 2212 qui
1071 2152 1146 2194 est
1188 2140 1397 2193 initium
1423 2180 1438 2207 ,
1479 2139 1851 2211 primogenitae
1879 2155 1942 2195 ea:

335 2234 555 2288 mortuis
584 2274 600 2300 ,
648 2242 705 2287 ut
732 2233 876 2303 ﬁeret
917 2234 971 2286 in
1015 2232 1251 2287 omnibus
1276 2233 1388 2303 ipse
1416 2232 1695 2303 primatum
1730 2240 1942 2300 tenens;

334 2327 461 2394 quia
489 2327 542 2381 in
568 2326 685 2395 ipso
714 2325 1024 2397 complacuit
1053 2342 1255 2381 omnem
1291 2325 1658 2399 plenitudinem
1686 2326 1937 2393 habitare,

334 2428 387 2474 et
420 2434 513 2490 per
559 2419 731 2489 ipsum
758 2419 933 2473 omnia
957 2418 1283 2474 reconciliari
1326 2420 1382 2474 in
1412 2436 1526 2474 eum
1564 2417 1758 2492 (Ibid,
1796 2420 1863 2477 18
1890 2428 1940 2476 et

332 2510 525 2585 seqq.).
544 2513 798 2570 Reddidit
821 2515 1109 2584 Apostolus
1129 2514 1465 2585 spiritalibus
1490 2515 1562 2589 (c)
1585 2516 1939 2573 sacramentis

330 2619 634 2677 corporeas
658 2606 1022 2676 operationes.
1062 2605 1307 2678 Namque
1335 2608 1427 2679 qui
1475 2608 1652 2679 imago
1675 2609 1771 2664 Dei
1799 2609 1938 2665 invi-

332 2699 513 2756 sibilis
537 2707 640 2763 est,
673 2698 754 2769 (ἀ)
808 2709 863 2755 ει
918 2700 1034 2771 ipse
1059 2707 1142 2756 est
1168 2710 1331 2771 caput
1362 2702 1608 2772 corporis
1638 2701 1895 2758 Ecclesia:
1920 2719 1934 2757 :

332 2802 394 2850 et
421 2792 514 2864 qui
546 2792 938 2865 primogenitus
970 2793 1145 2848 omnis
1174 2801 1437 2849 creaturae
1466 2803 1549 2849 est
1576 2835 1592 2859 ,
1650 2793 1793 2851 idem
1826 2795 1936 2850 ini-

332 2887 495 2953 tium,
527 2886 922 2958 primogenitus
952 2902 1017 2942 ex
1050 2887 1278 2944 mortuis
1309 2896 1393 2942 est
1420 2904 1433 2943 :
1480 2896 1540 2943 ut
1578 2888 1632 2943 in
1683 2889 1938 2945 onmibus

335 2989 520 3039 teneat
550 2982 863 3054 primatum,
896 2981 1023 3037 dum
1057 2981 1216 3037 nobis
1246 2980 1318 3055 (e)
1352 2996 1553 3054 corpus
1583 2993 1687 3051 est,
1718 2986 1808 3054 qui
1837 2983 1935 3040 Dei

332 3074 516 3148 imago
565 3084 687 3144 est;
743 3074 873 3131 dum
923 3076 1015 3148 qui
1056 3075 1446 3147 primogenitus
1501 3083 1768 3133 creatura
1822 3086 1931 3148 est,

2048 1952 2228 2007 omnia
2275 1950 2354 2023 (5)
2399 1951 2455 2006 in
2496 1950 2572 2024 (lt)
2609 1965 2675 2007 eo
2719 1966 2816 2022 per
2856 1968 2999 2006 cum.
3027 1949 3160 2008 Cum
3192 1953 3246 2009 in
3293 1968 3360 2009 eo
3399 1963 3657 2011 creantur

2048 2045 2250 2106 omnia.
2277 2044 2518 2117 intelligo
2544 2046 2707 2100 etiam
2733 2059 2857 2100 eum
2881 2046 3034 2115 cujus
3060 2046 3237 2117 imago
3266 2058 3349 2102 est
3373 2056 3653 2105 creantem

2046 2138 2101 2194 in
2134 2153 2202 2194 eo
2245 2139 2449 2194 omnia.
2480 2136 2613 2193 Cum
2662 2148 2840 2192 autem
2882 2152 3005 2209 quae
3038 2141 3089 2193 in
3137 2153 3204 2194 eo
3246 2146 3523 2207 creantur,
3556 2155 3655 2209 per

2046 2231 2222 2303 ipsum
2250 2238 2537 2296 creantur;
2571 2231 2627 2285 in
2649 2230 2750 2285 boc
2776 2244 3011 2301 quoque,
3037 2230 3126 2301 qui
3156 2230 3335 2301 imago
3361 2238 3465 2296 est,
3498 2237 3654 2284 natu-

2047 2344 2163 2384 ram
2189 2326 2307 2399 ejus
2334 2326 2491 2396 cujus
2522 2326 2701 2397 imago
2731 2333 2812 2381 est
2844 2324 2907 2398 (l)
2955 2325 3133 2381 inesse
3163 2324 3327 2398 250
3354 2338 3651 2396 cognosce.

2046 2420 2151 2479 Per
2185 2436 2245 2477 se
2268 2420 2412 2477 enim
2438 2429 2624 2487 creat,
2656 2435 2779 2493 quae
2808 2419 2861 2474 in
2894 2420 3011 2489 ipso
3049 2427 3340 2475 creantur:
3372 2419 3531 2474 sicuti
3554 2433 3654 2489 per

2044 2516 2220 2588 ipsum
2244 2514 2666 2571 reconciliantur
2696 2514 2749 2569 in
2779 2527 2848 2569 eo
2874 2511 3077 2569 omnia.
3109 2510 3246 2567 Cum
3279 2512 3332 2566 in
3361 2525 3429 2567 eo
3458 2526 3653 2566 recon-

2043 2608 2317 2675 ciliantur,
2344 2615 2583 2677 paterna:
2614 2606 2668 2661 in
2696 2619 2763 2660 eo
2790 2604 2889 2675 (in)
2924 2603 3150 2659 unitatis
3169 2600 3521 2672 apprehende
3550 2617 3651 2658 na-

2044 2711 2221 2757 turam
2251 2698 2694 2756 reconciliantem
2725 2697 2827 2753 sibi
2856 2698 2909 2752 in
2935 2712 3002 2753 eo
3023 2696 3225 2753 omnia.
3248 2692 3381 2750 Cum
3406 2709 3503 2766 per
3520 2708 3648 2751 eum

2042 2794 2465 2851 reconciliantur
2492 2792 2695 2857 omnia,
2730 2791 2905 2860 ipsum
2941 2790 3088 2847 Patri
3120 2790 3560 2847 reconciliantem
3594 2791 3648 2846 in

2040 2902 2100 2943 se
2130 2887 2311 2943 omnia
2334 2902 2456 2959 qua:
2481 2900 2575 2958 per
2595 2900 2655 2940 se
2681 2882 3068 2940 reconciliabat
3094 2884 3359 2955 intellige.
3385 2881 3477 2937 Ait
3500 2881 3645 2936 enim

2038 2981 2182 3039 idem
2214 2978 2750 3053 Apostolus:0tnnia
2779 2989 2949 3034 autem
2983 2995 3013 3032 a
3044 2976 3174 3040 Deo.
3189 2978 3276 3050 qui
3302 2973 3648 3030 reconciliavit

2036 3092 2130 3132 nos
2169 3076 2264 3134 sibi
2309 3093 2400 3151 per
2441 3074 2724 3142 Christum,
2768 3083 2816 3130 et
2853 3074 2993 3132 dedit
3022 3073 3167 3130 nobis
3196 3071 3278 3147 (η)
3307 3068 3646 3126 ministerium

410 3239 1094 3330 (1).!!!‘st’issmrim'9
1116 3239 1631 3330 ηρξιπμξφξῆεξδίέξ
1655 3241 1920 3330 editae
1950 3264 1995 3330 c
2033 3240 2304 3330 inriti“?
2331 3256 2435 3325 ηρη
2457 3240 2688 3330 referet;

335 3311 479 3369 Cum
501 3312 587 3369 bis
612 3311 805 3369 confer
822 3327 943 3384 quae
970 3314 1219 3383 leguntur
1241 3312 1477 3384 librorttt,
1511 3327 1657 3366 num.
1689 3312 1748 3379 5,
1775 3313 1923 3368 scili-

336 3395 460 3453 cet,
509 3385 598 3456 qui
652 3384 707 3440 in
746 3382 1035 3439 substantia
1060 3382 1394 3451 conspicabili
1420 3383 1694 3455 imaginem
1722 3395 1925 3440 natura:

334 3528 471 3584 erat,
500 3518 555 3572 in
582 3532 683 3589 quo
706 3518 1089 3589 complacuerat
1116 3532 1317 3571 omnem
1355 3517 1725 3587 plenitudinem
1750 3518 1938 3573 diuini-

336 3592 459 3646 tatis
497 3589 773 3646 habitare?
815 3589 947 3644 Vide
985 3599 1039 3644 et
1082 3604 1230 3644 num.
1276 3589 1340 3642 l7
1392 3589 1635 3659 ejusdem
1673 3590 1819 3645 libri.

409 3660 492 3733 (α)
540 3660 662 3715 Vat.
688 3661 805 3733 bas.
834 3674 964 3733 ms.,
1017 3659 1428 3733 nonuinvisjbilis
1449 3662 1712 3733 qualitate.
1776 3661 1929 3730 BNL,

332 3735 425 3789 sed
448 3730 552 3788 non
578 3731 793 3787 visibilis
822 3732 1095 3803 qualitate.
1123 3731 1241 3803 Er.,
1276 3730 1428 3803 Lips.
1460 3740 1513 3786 et
1538 3732 1740 3803 aliquot
1773 3748 1930 3799 mss.,

333 3821 439 3860 non
468 3804 660 3858 eisibili
687 3801 955 3871 qualitate.
1057 3801 1249 3857 Verius
1292 3802 1414 3857 Par.
1448 3818 1569 3858 cum
1610 3801 1928 3873 petioribns,

332 3894 441 3932 non
469 3874 721 3930 inuisibili
748 3873 1031 3946 qualitate:
1067 3875 1168 3946 boc
1196 3884 1300 3946 est,
1321 3873 1618 3946 invisibilis
1643 3876 1729 3930 illa
1756 3876 1931 3946 imago

333 3948 564 4015 intelligi
614 3963 720 4002 non
762 3944 928 4001 debet
974 3945 1027 3999 in
1075 3944 1330 3999 invisibili
1365 3948 1624 4015 qualitate
1662 3947 1787 4011 sita,
1832 3944 1929 4001 sed

330 4024 388 4075 in
424 4020 548 4089 ipsa
594 4018 889 4073 substantia
930 4030 995 4071 ac
1030 4025 1221 4070 natura
1261 4016 1385 4070 Dei:
1431 4019 1574 4083 quia,
1616 4018 1690 4089 uti
1734 4018 1829 4073 lib.
1870 4034 1925 4082 ν,

332 4106 391 4148 n.
429 4088 485 4155 ’5,
537 4090 737 4144 dicitur
759 4130 775 4153 ,
818 4102 1018 4143 naturte
1045 4089 1207 4141 uirtus
1236 4098 1443 4157 prestat
1474 4102 1537 4143 ac
1580 4088 1769 4158 probat
1792 4089 1928 4142 ueri—

334 4175 513 4218 tatem.
560 4160 673 4216 Nec
720 4160 939 4214 dubium
985 4171 1066 4214 est
1109 4158 1329 4218 imagini
1373 4159 1447 4213 illi
1484 4160 1722 4214 divinam
1752 4160 1930 4216 inesse

334 4175 513 4218 tatem.
560 4174 673 4216 NEC
720 4174 939 4214 autnum
985 4174 1066 4214 CSI
1109 4174 1329 4285 Imilng
1374 4174 1447 4213 llll
1484 4174 1722 4214 (“Villam
1752 4175 1927 4216 messe

331 4239 633 4299 virtutem,
683 4232 767 4288 cui
809 4231 987 4285 omnia
1044 4245 1205 4285 crean
1253 4232 1264 4283 i
1315 4239 1552 4299 potestas
1574 4233 1641 4286 ab
1672 4232 1927 4300 Apostolu

333 4306 670 4360 attribuitur.
730 4301 914 4373 Imago
940 4303 1110 4371 itaque
1135 4301 1262 4364 illa,
1311 4312 1372 4355 ut
1426 4301 1618 4357 notitia
1669 4303 1813 4358 illius
1860 4318 1927 4359 ex

332 4377 628 4433 Ambrosio
649 4417 665 4441 ,
701 4375 793 4431 lib.
820 4390 835 4428 ι
861 4377 926 4428 dc
957 4373 1089 4428 Fide
1114 4387 1166 4428 c.
1198 4374 1253 4439 7,
1277 4373 1606 4440 suppleatur.
1631 4390 1733 4429 non
1755 4373 1930 4429 uultus

332 4459 407 4503 est
429 4447 747 4519 corporalis,
794 4462 899 4499 non
947 4446 1080 4515 fucis
1117 4445 1429 4519 composita,
1476 4461 1577 4499 non
1625 4448 1800 4519 ceris;
1840 4445 1933 4500 sed

332 4514 560 4587 δίθηρὶρῷ
584 4519 650 4572 de
674 4515 850 4589 Dcot
879 4514 1081 4589 egressa
1104 4515 1165 4569 de
1194 4514 1373 4589 Patre,
1407 4531 1647 4589 expressa
1675 4517 1737 4571 de
1767 4519 1926 4589 fonte.

336 4589 404 4645 Et
428 4586 553 4654 post
576 4605 740 4659 pauca
769 4607 783 4643 :
824 4586 1005 4662 biiugo
1040 4587 1138 4662 ista
1164 4588 1350 4642 veritas
1376 4597 1470 4653 est,
1518 4588 1687 4655 imago
1719 4586 1818 4642 ista
1836 4591 1931 4662 ju-

333 4663 474 4717 stitia
501 4656 599 4726 est,
638 4662 809 4729 imago
840 4661 935 4715 ista
956 4656 1053 4713 Dei
1067 4659 1251 4731 uirtus
1290 4668 1402 4731 est;
1450 4675 1553 4714 non
1580 4670 1753 4727 muta,
1809 4656 1933 4731 q'uia

333 4733 546 4789 verbum
567 4742 677 4799 est;
732 4728 836 4785 non
866 4728 1195 4795 insensibilis,
1225 4729 1345 4799 quia
1373 4730 1625 4800 sapientia
1650 4741 1726 4787 est
1749 4748 1768 4796 ;
1822 4728 1932 4787 non

334 4805 531 4868 inanis,
568 4808 690 4870 quia
712 4808 872 4857 virtus
893 4810 1004 4864 est;
1040 4817 1143 4854 non
1169 4815 1355 4863 uacua,
1392 4804 1514 4870 quia
1553 4805 1658 4856 vita
1699 4812 1792 4865 est.
1824 4812 1932 4858 etc.

408 4873 483 4949 (ὁ)
522 4873 585 4932 In
624 4883 838 4931 vetusto
873 4873 1060 4930 codice
1088 4872 1245 4928 Colb.
1284 4886 1348 4927 ac
1375 4872 1594 4941 Germ.,
1630 4873 1691 4929 ob
1720 4875 1942 4947 disposi-

335 4948 550 5004 tionem.
1826 4948 1827 4953 η

408 5020 485 5090 (ε)
531 5018 671 5074 Editi
722 5024 951 5090 excepto
999 5015 1156 5077 ΡΜ..
1199 5015 1517 5090 spiritalibus
1543 5026 1943 5090 _sacramentunt

336 5085 815 5160 concorporationis
853 5085 1026 5160 (Lips.
1064 5087 1483 5159 corporationis).
1531 5085 1795 5159 Namque,
1831 5099 1937 5144 etc.

337 5157 561 5219 Rectius
602 5176 733 5216 mss.
778 5157 1102 5229 spiritalibus
1125 5157 1492 5221 sacramentis,
1522 5170 1655 5229 etc.,
1687 5157 1800 5215 'ltoc
1829 5168 1940 5228 est,

338 5233 772 5304 operationibus,
801 5247 928 5304 quze
950 5229 1251 5304 spiritalem
1280 5244 1343 5284 ac
1363 5230 1604 5304 divinam
1628 5228 1825 5287 Chrisﬁ
1848 5246 1944 5287 na-

337 5300 515 5361 turam
547 5300 831 5375 spectant;
850 5301 1127 5372 subiunxit
1153 5317 1274 5371 quae
1310 5300 1377 5357 ad
1407 5316 1731 5373 corpoream
1760 5312 1816 5359 et
1842 5305 1944 5360 bu-

337 5393 553 5434 manam
584 5378 835 5431 attinent.

409 5449 492 5522 (d)
536 5447 767 5510 Escusi,
792 5447 924 5522 ipse,
953 5445 1073 5503 sine
1104 5453 1188 5522 et,
1217 5444 1360 5514 quod
1393 5446 1482 5503 Itic
1524 5448 1704 5517 aptius
1737 5447 1948 5522 signiti-

336 5516 430 5578 cat
469 5516 786 5577 naturarum
814 5516 890 5573 in
942 5531 1044 5574 uua
1090 5516 1388 5587 eademque
1437 5516 1668 5589 persona
1720 5516 1946 5576 dis'tinc-

337 5595 561 5650 tionem.

408 5664 484 5739 (ε)
524 5664 600 5719 Ita
628 5676 1010 5739 omnesprope
1033 5659 1500 5739 mss.,__quomodo
1530 5677 1731 5739 supra,
1760 5663 1943 5739 n._52,

335 5731 526 5808 cgn‘p'us
543 5739 773 5808 omnium
790 5731 1041 5789 Christus
1064 5731 1410 5808 praedicatur.
1437 5733 1509 5808 ᾼι
1537 5731 1798 5790 incoilice
1826 5734 1943 5808 bas.

337 5800 461 5866 Vat.
490 5817 547 5864 et
576 5804 793 5862 Martia.
835 5800 1144 5873 corporeus,
1189 5804 1243 5859 iu
1280 5802 1410 5858 edit.
1442 5800 1589 5872 Pa'r.,
1625 5800 1942 5874 corporalis,

339 5881 395 5936 iu
424 5880 545 5936 aliis
572 5876 978 5946 roncorporalis.

2102 3313 2180 3383 (2)
2219 3313 2350 3368 Cum
2367 3312 2559 3382 imago,
2588 3310 2687 3367 Dei
2709 3319 2806 3366 est.

2101 3382 2182 3459 (5)
2225 3383 2296 3440 In
2317 3400 2375 3440 eo
2408 3395 2457 3441 et
2482 3399 2575 3457 per
2603 3399 2738 3439 eum.

2111 3518 2179 3593 (l)
2221 3519 2355 3576 Tres
2377 3533 2509 3574 mss.
2540 3517 2695 3593 Coll).
2732 3518 2788 3573 in
2814 3515 3178 3587 primogenita,
3208 3514 3643 3593 mendoseLMex

2036 3590 2093 3647 in
2120 3586 2336 3657 aliquot
2357 3590 2777 3654 recentioribus,
2816 3586 2923 3644 nec
2958 3586 3064 3643 non
3094 3586 3233 3657 apud
3265 3586 3356 3642 Er.
3396 3601 3451 3644 et
3480 3586 3637 3657 B-‘td.,

2035 3663 2153 3717 vita:
2201 3672 2537 3718 renascantur
2580 3670 2782 3716 wterna:
2810 3676 2829 3715 :
2858 3660 3037 3714 minus
3062 3658 3311 3730 sincere.
3364 3658 3643 3730 Spirttalia

2037 3734 2341 3805 intelligere
2372 3745 2455 3789 εει
2485 3733 2709 3805 angelos
2749 3731 2833 3787 vel
2865 3731 3029 3805 etiam
3060 3728 3310 3805 bomines
3343 3728 3639 3785 secundum

2035 3800 2774 3868 animaingumana'atttem
2820 3802 3011 3856 saltem
3058 3800 3339 3870 hominum
3385 3814 3638 3870 corpora.

2034 3875 2226 3945 Angeli
2256 3875 2451 3932 debent
2482 3874 2697 3945 Christo
2722 3873 2861 3944 quod
2876 3879 3120 3945 maneant
3139 3869 3241 3945 ,Aid
3266 3881 3350 3926 est
3372 3912 3398 3945 ,_
3414 3869 3529 3945 noli
3551 3871 3640 3945 in-

2037 3942 2262 4002 tereant.
2298 3947 2367 4003 Ut
2391 3947 2537 4000 enim
2576 3942 2742 4001 docet
2765 3943 3106 4005 Ambrosius,
3138 3942 3236 3997 lib.
3264 3957 3321 3997 ιιι
3366 3942 3435 3997 de
3470 3942 3637 4008 Fide,

2034 4033 2086 4075 c.
2114 4020 2150 4075 5
2175 4035 2190 4074 :
2223 4035 2315 4073 nec
2338 4017 2564 4089 Angelus
2584 4016 2891 4089 immortalis
2916 4024 2986 4067 est
3014 4013 3341 4089 naturaliter,
3366 4018 3518 4089 cujus
3542 4016 3643 4069 int-

2033 4091 2326 4145 mortalitas
2354 4089 2410 4142 in
2423 4085 2699 4142 'voluntate
2718 4097 2791 4142 est
2815 4085 3092 4142 Creatoris.

2105 4159 2184 4235 (g)
2228 4162 2302 4216 Ita
2343 4174 2475 4235 mss.
2510 4158 2790 4235 nisiqund
2833 4157 2887 4235 in
2915 4155 3179 4235 pluribus
3210 4156 3367 4213 deest
3406 4155 3638 4226 primum

2033 4228 2173 4288 illud
2205 4242 2301 4287 est.
2342 4234 2409 4288 At
2450 4232 2500 4285 in
2539 4228 2772 4302 vulgatis
2815 4228 3155 4285 desideratur
3183 4238 3479 4300 praeterea,
3524 4244 3641 4283 cum

2034 4306 2209 4359 imaao
2237 4314 2334 4359 est.

2109 4320 2859 4449 l(1:1)”territantinsetaliquot
2880 4370 3157 4449 veteribus
3183 4370 3339 4449 libris
3376 4371 3644 4449 omittitur

2037 4442 2224 4503 omnis.
2285 4445 2442 4514 Quod
2497 4445 2584 4499 hic
2634 4442 2894 4514 brevius,
2949 4442 3031 4497 sic
3094 4442 3385 4514 exponitur
3440 4443 3644 4499 clarius
3696 4470 3701 4475 ι

2038 4518 2253 4590 Fragm.
2294 4513 2371 4581 II,
2406 4535 2460 4572 n.
2492 4517 2562 4590 50
2594 4534 2607 4571 :
2640 4513 2847 4569 Idcirco
2879 4513 3246 4590 primogenitus
3286 4514 3452 4590 omnis
3499 4529 3645 4590 crea-

2038 4584 2187 4654 turti,
2211 4590 2331 4661 quia
2365 4590 2420 4643 in
2454 4587 2630 4643 eodem
2651 4589 2768 4661 jam
2798 4602 2830 4638 a
2869 4584 3125 4661 principio
3162 4586 3387 4661 omnium
3411 4600 3525 4654 qua:
3551 4588 3641 4661 ef-

2040 4654 2267 4733 fecturus
2319 4670 2466 4729 erat,
2517 4654 2691 4715 omnia
2746 4654 3132 4730 generationum
3184 4654 3331 4709 initia
3395 4654 3644 4710 constite-

2039 4744 2178 4789 runt.

2113 4804 2376 4879 (i)__Apud
2414 4802 2548 4879 Bad.
2581 4815 2637 4858 et
2681 4800 3109 4879 E_r.,_pri_matunt
3138 4797 3345 4879 capitis:
3379 4797 3448 4879 In
3476 4811 3583 4879 uno
3612 4813 3645 4855 e

2044 4868 2350 4933 ms.'Vat'ic.
2386 4877 2660 4947 primatum
2686 4868 2952 4928 charitatis
2971 4887 2990 4926 :
3016 4869 3306 4942 glossema.
3328 4868 3386 4927 In
3408 4869 3559 4926 Colb.
3590 4879 3647 4926 et.

2042 4948 2255 5012 Germ.,
2289 4957 2453 5003 teneat
2482 4949 2751 5015 primatus.

2115 5022 2185 5091 (j)
2217 5020 2273 5075 In
2293 5011 2539 5088 vulgatis,
2562 5018 2678 5091 etin
2700 5032 2834 5071 eum.
2853 5015 3019 5091 Abest
3044 5011 3305 5091 particula
3328 5022 3374 5068 et
3391 5013 3460 5067 ab
3474 5014 3650 5091 omni-

2047 5083 2311 5147 bus'tnss.
2343 5083 2410 5146 1ιῖ
2429 5089 2672 5161 pluribus
2693 5101 2870 5161 autem
2906 5083 3251 5161 desideratur
3274 5085 3336 5161 in_
3363 5100 3500 5139 eum.
3528 5083 3648 5140 Non

2088 5178 2272 5218 rorsus
2297 5157 2549 5230 displicet
2572 5176 2692 5214 cum
2721 5158 2875 5214 Colb.
2907 5168 2961 5214 et
2982 5157 3168 5230 Germ.
3201 5171 3290 5223 per
3315 5157 3486 5230 ipsum
3511 5173 3650 5230 eum.

2088 5178 2272 5218 rorsus
2297 5178 2549 5230 UISpIICCI
2572 5178 2692 5214 CUI"
2721 5178 2875 5214 ΏυΙυο
2907 5178 2961 5214 et
2982 5178 3168 5214 herm.
3201 5178 3290 5223 per
3316 5178 3486 5224 Ipsum
3511 5178 3650 5212 eum.

2048 5178 2241 5289 Bostea
2287 5232 2448 5287 iidem
2497 5244 2628 5286 mss.
2679 5231 2733 5284 in
2775 5245 2867 5298 eo,
2917 5243 3016 5298 pro
3058 5229 3113 5282 in
3163 5242 3283 5298 quo.
3314 5226 3451 5282 Tum
3481 5228 3652 5297 editi,

2048 5307 2333 5380 per_ips_um
2357 5303 2616 5380 et.in_ipso
2644 5318 2663 5358 :
2692 5296 2782 5355 ubi
2808 5296 3071 5380 particula
3100 5307 3148 5353 et
3174 5296 3381 5380 abestna
3402 5311 3541 5380 tnss.

2121 5367 2196 5449 (1ίὶ
2229 5372 2447 5438 Excusi,
2479 5367 2534 5428 in
2556 5388 2615 5426 eo
2641 5383 2686 5427 et
2718 5367 2825 5442 per'
2846 5388 2983 5427 eum.
3002 5370 3153 5449 _Tum
3186 5382 3287 5424 ms.
3318 5367 3655 5449 Colb.,__cttm

2054 5450 2111 5504 in
2128 5440 2249 5505 eum
2270 5453 2596 5510 recreantur;
2620 5453 2674 5499 et
2694 5440 2841 5515 mox,
2863 5458 2981 5515 quae
2997 5444 3050 5497 in
3072 5456 3189 5497 eum
3211 5449 3468 5497 creantur.
3493 5440 3657 5499 Utro-

2056 5535 2161 5593 que
2193 5523 2312 5593 lo_co
2343 5516 2691 5593 babet_etiam
2720 5513 2936 5593 Martio.
2968 5514 3021 5569 in
3047 5530 3184 5593 eum.

2129 5591 2193 5664 (l)
2235 5589 2471 5645 Verbum
2488 5588 2686 5664 inesse,
2728 5586 2873 5664 quod
2913 5585 2967 5641 in
2999 5587 3146 5655 prius
3180 5584 3413 5664 vulgatis
3438 5583 3655 5664 desideﬁ

2054 5657 2205 5719 ratur
2250 5668 2435 5717 exstat
2488 5658 2543 5714 in
2602 5657 2854 5713 omnibus
2906 5671 3041 5712 mss.
3096 5666 3151 5712 at
3198 5663 3453 5728 corrupte
3504 5658 3558 5711 in
3601 5657 3657 5711 se

2052 5749 2178 5790 €888.
3285 5778 3292 5793 .

2150 5808 2221 5874 nt)
2258 5804 2360 5874 “Er.
2387 5811 2444 5860 et
2466 5798 2617 5874 Lips.
2649 5800 2873 5874 vittatis,
2899 5798 3008 5859 duo
3029 5810 3169 5863 mss.
3196 5798 3562 5874 nativitatis._j'
3619 5809 3645 5869 ςε

2150 5808 2221 5874 nt)
2317 5819 2360 5857 r.
2387 5811 2444 5860 et
2466 5805 2617 5873 Lips.
2649 5805 2850 5867 virtutis
2899 5805 3008 5859 duo
3029 5810 3169 5863 mss.
3196 5805 3497 5854 nativitatis.
3535 5805 3562 5863 ζ·
3619 5809 3645 5869 ξε

2125 5805 2207 5948 in)
2248 5805 2378 5932 igni.
2412 5868 2536 5933 cum
2567 5875 2671 5931 ins.
2708 5870 2829 5930 Vat.
2858 5841 2976 5929 bas.
3006 5871 3326 5939 mysterium,
3368 5868 3654 5928 mendose.
