4246 6260
612 322 719 380 2ῗῦ

1826 323 2077 380 SANCTI
2115 323 2373 383 lllLARll
2414 323 2721 382 EHSCOPI

3813 332 3917 389 ξεἳό

612 437 1083 505 reconciliationis;
1115 438 1359 507 quoniam
1382 437 1591 508 quidem
1624 436 1765 495 Deus
1797 440 1987 494 eratin
2010 438 2216 496 Christo
2243 441 2295 503 Α
2323 455 2450 505 uno,
2481 450 2535 496 et
2559 448 2732 495 totum
2758 455 2785 494 a
2816 449 2950 509 toto,
2982 440 3152 498 Deum
3182 449 3239 498 et
3264 441 3459 509 ﬁlium,
3490 456 3668 514 neque
3696 442 3794 513 per
3820 463 3922 501 na—

615 534 863 588 mundum
906 532 1246 589 reconcilians
1273 530 1370 586 sibi
1401 530 1448 605 (Ι
1472 528 1595 586 Cor.
1620 547 1676 596 v,
1708 532 1799 598 18,
1854 531 1971 603 19).
2016 529 2220 592 Confer

615 642 739 685 cum
788 627 871 682 his
913 641 1074 687 omne
1118 626 1449 698 evangelicae
1498 625 1622 681 ﬁdei
1661 636 2081 681 sacramentum.
2114 624 2217 693 Qui

615 720 762 775 enim
787 717 1001 774 videtur
1031 716 1085 772 in
1115 718 1262 783 viso,
1295 719 1384 788 qui
1423 722 1681 786 operatur
1711 718 1763 773 in
1804 726 2093 787 operante,
2126 717 2219 787 qui

612 811 851 881 loquitur
874 810 927 865 in
973 809 1266 880 loquente,
1299 808 1440 866 idem
1472 808 1525 865 in
1555 807 1946 865 reconciliante
1973 809 2219 866 reconci-

608 902 711 958 liet
752 901 948 975 (Joen.
980 918 1092 968 xrv,
1144 902 1200 967 9,
1229 900 1340 974 l0).
1377 903 1444 958 Et
1470 901 1676 958 idcirco
1707 902 1759 957 in
1793 917 1861 959 eo
1885 912 1941 958 et
1979 916 2075 972 per
2095 916 2218 957 eum

614 995 988 1053 reconciliatio
1031 1005 1148 1063 est,
1200 996 1322 1067 quis
1373 1010 1471 1065 per
1519 995 1920 1053 indifferentem
1970 1002 2218 1052 naturam

614 1087 777 1143 Pater
796 1087 851 1142 in
881 1102 949 1145 eo
979 1103 1226 1154 manens,
1258 1089 1517 1145 mundum
1547 1089 1648 1144 sibi
1672 1090 1787 1160 ipse
1813 1103 1911 1160 per
1938 1103 2062 1145 eum
2084 1098 2140 1145 et
2166 1088 2219 1143 in

614 1195 684 1238 eo
710 1178 789 1253 (tt)
819 1181 1263 1241 reconciliatione
1290 1180 1575 1238 reddebat.

685 1274 777 1331 53.
812 1273 1068 1331 Unitatent
1109 1290 1255 1333 suom
1294 1291 1412 1330 eum
1454 1273 1618 1330 Patre
1652 1290 1807 1345 quant
1856 1274 2019 1344 potuit
2049 1274 2222 1343 aptius

613 1364 850 1423 Christus
879 1367 1180 1425 declaravit.
1212 1397 1282 1410 —--
1311 1367 1609 1424 Consulens
1642 1367 1820 1438 itaque
1858 1368 2108 1422 lnunante
2136 1366 2219 1421 in-

615 1463 858 1521 ﬁrmitati
891 1463 1031 1518 Deus
1061 1479 1169 1519 non
1208 1464 1412 1521 incerta
1442 1462 1732 1519 verborum
1778 1461 2023 1517 nuditate
2057 1460 2219 1517 (idem

613 1556 820 1611 docuit.
850 1555 1096 1627 Namque
1123 1571 1245 1611 cum
1267 1556 1523 1613 credendi
1556 1558 1936 1612 necessitatem
1962 1554 2091 1612 dicti
2117 1553 2222 1611 do-

620 1649 804 1706 minici
839 1649 1135 1705 auctoritas
1173 1649 1286 1703 sola
1315 1657 1626 1718 praestaret,
1660 1658 1839 1704 tamen
1868 1661 2088 1705 sensum
2118 1662 2221 1702 no-

614 1749 790 1799 strum
834 1754 930 1811 per
965 1741 1379 1812 intelligentiam
1407 1740 1568 1796 edita:
1601 1741 1829 1797 rationis
1856 1742 2089 1796 instituit
2118 1759 2132 1795 ε
2165 1749 2221 1796 ιιι

2322 534 2588 589 tivitatem
2618 532 2763 589 Patri
2794 532 3063 590 ademisse
3090 536 3165 607 (e)
3192 534 3334 606 quod
3379 544 3551 591 totum
3594 544 3712 603 est,
3743 551 3926 610 neque

2320 623 2425 679 hoc
2450 623 2627 695 ipsum
2666 634 2839 680 totum
2874 642 2982 681 non
3018 641 3205 683 secum
3253 627 3530 683 nascendo
3560 628 3822 686 tenuisse.
3857 632 3926 689 Et

2320 715 2565 787 quisquis
2594 715 2648 770 in
2691 717 2793 772 hae
2819 716 3151 773 inﬁdelitatis
3191 719 3417 775 stultitia
3444 718 3799 790 detinebitur,
3829 734 3924 779 aut

2319 807 2634 864 intimorum
2664 816 2921 872 sectator,
2952 820 3046 864 aut
3072 810 3314 880 gentium
3338 818 3446 867 est.

2392 900 2483 959 55.
2511 902 2784 972 Sapientia
2804 902 3049 957 humana.
3067 903 3453 960 Elementorum
3473 906 3653 960 mundi
3667 914 3715 960 et
3732 904 3926 962 Christi

2323 995 2618 1049 discrimen.
2642 1023 2716 1035 —
2741 992 2808 1050 Ut
2830 1004 3010 1049 autem
3036 994 3240 1051 dictum
3268 995 3481 1051 Domini
3519 997 3787 1067 intelligas
3817 1011 3926 1068 quo

2323 1085 2400 1141 ait
2428 1102 2443 1140 :
2478 1084 2664 1141 Omnia
2692 1101 2807 1152 ante
2850 1085 3025 1141 Patris
3067 1096 3217 1152 sinit,
3248 1104 3362 1145 utea
3406 1100 3567 1156 sunt;
3596 1088 3847 1158 Apostoli
3870 1098 3926 1146 et

2321 1178 2629 1236 doctrinam
2669 1190 2725 1236 et
2765 1179 2925 1236 ﬁdem
2984 1180 3135 1237 disce
3178 1180 3451 1237 dicentis;
3494 1182 3672 1238 Videte
3704 1199 3771 1237 ne
3811 1184 3926 1255 quis

2323 1291 2413 1332 vos
2456 1276 2665 1331 seducet
2705 1292 2799 1349 per
2834 1275 3218 1348 philosophiam
3244 1286 3294 1333 et
3336 1276 3542 1333 incitent
3575 1276 3927 1345 deceptionent

2322 1368 2604 1425 secundum
2641 1368 2971 1425 traditionem
3011 1368 3308 1433 hostium,
3350 1368 3635 1425 secundum
3678 1369 3928 1427 oleum

2324 1462 2523 1526 mundi,
2554 1471 2605 1517 et
2630 1477 2735 1516 non
2762 1460 3043 1517 secundum
3083 1459 3343 1517 Christum
3367 1478 3386 1516 :
3414 1462 3534 1532 quia
3558 1463 3616 1515 in
3641 1462 3756 1534 ipso
3777 1462 3930 1518 inlut-

2324 1556 2450 1613 bitat
2479 1556 2567 1627 (2)
2596 1558 2762 1611 omnis
2803 1557 3068 1627 plenitudo
3103 1556 3386 1613 diuinitatis
3424 1556 3769 1629 eorpouls'ter
3804 1556 3931 1631 (Co—

2324 1647 2452 1704 loss.
2486 1663 2558 1716 ιι,
2613 1648 2671 1714 8,
2720 1647 2800 1721 ε).
2851 1648 2931 1705 De
2960 1648 3163 1704 mundo
3184 1657 3289 1718 est,
3334 1646 3405 1721 (1)
3432 1657 3490 1704 ει
3515 1648 3787 1707 doctrinas
3830 1649 3931 1706 bo-

2326 1737 2533 1797 minum
2573 1738 2746 1810 sapit,
2795 1749 2851 1795 et
2897 1738 3250 1811 philosophias
3298 1740 3485 1809 praeda
3523 1751 3643 1811 est,
3681 1741 3931 1812 quisquis

616 1831 673 1890 id
705 1831 849 1902 quod
876 1832 1088 1897 dixerat
1119 1849 1133 1885 :
1172 1831 1280 1902 Ego
1306 1842 1356 1887 et
1381 1830 1541 1887 Pater
1569 1847 1729 1887 unum
1756 1848 1931 1886 sumus
1958 1830 2139 1902 (Joan.
2166 1848 2223 1903 ι,
2255 1831 2306 1893 Β
2329 1829 2604 1888 Christum
2635 1846 2825 1886 verum
2856 1831 3024 1886 Deum
3056 1832 3259 1899 nescit,
3290 1830 3535 1902 quisquis
3568 1832 3620 1887 in
3650 1847 3719 1888 eo
3755 1832 3932 1904 pleni—

614 1924 735 1996 30),
764 1940 863 1995 per
881 1940 1099 1981 causam
1129 1925 1302 1995 ipsam
1326 1926 1550 1981 unitatis
1569 1930 1831 1996 expositae
1850 1939 2223 1983 posceremus.

617 2016 818 2075 Dioeus
839 2019 989 2075 enim
1019 2033 1078 2073 se
1105 2032 1203 2088 per
1231 2019 1542 2090 loquentem
1573 2017 1752 2089 loqui,
1784 2026 1841 2073 et
1868 2033 1967 2090 per
1995 2033 2228 2089 operan-

617 2118 726 2166 tem
755 2110 992 2181 operari,
1018 2118 1074 2165 et
1095 2124 1190 2180 per
1205 2110 1539 2180 iudicantem
1557 2110 1823 2180 judicare.
1853 2120 1909 2165 et
1931 2124 2028 2180 per
2052 2111 2226 2165 visum

620 2203 817 2272 videri,
851 2212 905 2261 et
935 2219 1035 2274 per
1060 2204 1503 2261 reconciliantem
1533 2202 1618 2277 (ι)
1644 2203 2000 2261 reconciliare
2031 2201 2142 2275 (b),
2172 2212 2229 2261 et

619 2312 843 2357 manere
870 2313 929 2353 se
956 2298 1012 2355 in
1038 2311 1107 2353 eo
1135 2297 1230 2369 qui
1264 2297 1318 2353 in
1350 2312 1411 2355 se
1439 2305 1687 2353 maneret
1713 2313 1726 2350 :
1762 2311 1948 2368 quaero
1973 2311 2081 2367 quo
2121 2296 2228 2352 alio

621 2389 690 2447 ad
717 2388 1092 2460 intelligentia:
1122 2397 1323 2445 nostra:
1361 2403 1582 2446 sensum
1612 2388 1971 2459 expositionis
2005 2401 2120 2442 sum
2150 2387 2227 2443 uti

622 2484 865 2554 patuerit
892 2482 965 2559 (ε)
994 2484 1205 2554 aptiorc
1235 2497 1511 2551 sermone,
1543 2491 1603 2538 ut
1631 2499 1796 2537 unum
1818 2496 1940 2539 esse
1963 2481 2230 2553 intellige-

621 2588 834 2643 rentur,
867 2593 1026 2647 quam
1061 2578 1198 2644 isto,
1230 2592 1339 2648 quo
1376 2592 1472 2649 per
1498 2576 1798 2635 nativitatis
1829 2578 2144 2644 veritatem,
2175 2585 2231 2637 et

620 2680 832 2727 natum
858 2673 1123 2727 unitatem
1141 2711 1156 2737 ,
1200 2670 1463 2742 quidquid
1501 2669 1672 2729 Filius
1697 2678 1883 2741 ageret
1908 2684 1973 2725 ac
1993 2669 2227 2739 diceret,

621 2766 676 2823 id
704 2770 761 2823 in
779 2766 914 2823 Filio
934 2766 1095 2823 Pater
1114 2775 1169 2823 et
1190 2765 1507 2837 loqueretur
1525 2774 1581 2821 et
1599 2766 1852 2834 gereret?
1875 2763 1993 2821 Non
2018 2774 2101 2819 est
2127 2763 2233 2831 hoc

618 2861 804 2930 itaque
849 2871 1062 2917 naturae
1090 2859 1168 2931 (ά)
1199 2875 1229 2915 a
1270 2872 1332 2916 se
1359 2860 1589 2926 alienae,
1632 2873 1812 2930 neque
1856 2872 1952 2929 per
1992 2858 2231 2914 creatio-

2331 1924 2573 1981 tudinem
2614 1923 2913 1981 divinitatis
2954 1925 3186 1995 ignorat.
3228 1924 3470 1980 Humana
3510 1940 3668 1982 mens
3696 1925 3800 1982 hoc
3839 1941 3933 1982 so-

2330 2016 2441 2075 lum
2464 2015 2609 2087 sapit
2625 2014 2773 2085 quod
2798 2015 3068 2086 intelligit,
3088 2025 3148 2072 et
3167 2014 3399 2071 mundus
3427 2015 3530 2072 hoc
3550 2024 3757 2073 tantum
3783 2017 3934 2088 quod

2333 2118 2512 2180 potest
2560 2107 2771 2176 credit,
2820 2108 3119 2167 secundum
3173 2109 3564 2169 elementorum
3610 2120 3832 2168 murras
3877 2111 3934 2170 id

2332 2210 2540 2259 tantum
2585 2200 2845 2271 possibile
2880 2202 3235 2271 existimans,
3265 2202 3409 2273 quod
3439 2214 3532 2260 aut
3561 2203 3801 2272 videret,
3835 2213 3935 2263 aut

2332 2302 2542 2363 ageret.
2565 2292 2848 2353 Elementa
2870 2293 3017 2349 enim
3039 2294 3223 2349 mundi
3244 2310 3316 2351 ex
3339 2295 3506 2353 nihilo
3528 2297 3891 2354 substiterunt
3913 2315 3931 2356 :

2330 2384 2496 2460 252
2521 2385 2615 2441 θεά
2644 2384 2894 2442 animus
2922 2386 3000 2460 (g)
3040 2402 3148 2445 non
3174 2386 3243 2443 de
3274 2402 3379 2444 non
3407 2388 3774 2447 substantibus
3811 2405 3934 2447 ma-

2331 2488 2427 2537 net
2455 2479 2560 2553 (h),
2588 2495 2689 2537 nec
2707 2480 2873 2551 cmpil
2903 2482 2971 2538 ad
2999 2482 3286 2554 originem,
3305 2483 3400 2541 sed
3431 2483 3698 2555 originem
3728 2483 3797 2541 ab
3822 2485 3936 2542 ori-

2330 2574 2459 2644 gine
2492 2574 2722 2646 sumpsit
2760 2582 3041 2633 arternatn.
3093 2575 3375 2633 Elementa
3423 2577 3569 2634 enim
3616 2577 3801 2635 mundi
3839 2588 3936 2639 aut

2333 2665 2572 2723 inanima
2596 2674 2746 2734 sunt,
2767 2675 2863 2723 aut
2883 2666 2951 2729 ad
2980 2667 3215 2725 animum
3244 2662 3592 2740 proiecerunt
3613 2686 3628 2724 :
3650 2669 3746 2727 sed
3770 2668 3935 2727 Ebrio

2332 2769 2447 2819 stus
2468 2761 2575 2817 vita
2597 2769 2703 2828 est,
2728 2775 2796 2817 ex
2817 2761 2931 2818 Deo
2950 2763 3165 2820 vivente
3187 2763 3242 2819 in
3264 2765 3533 2820 viventem
3556 2763 3723 2820 Deum
3747 2772 3929 2821 natus.

2333 2852 2618 2911 Elementa
2659 2854 2844 2911 mundi
2882 2870 2914 2911 a
2962 2856 3076 2911 Deo
3120 2863 3250 2912 sunt
3289 2854 3570 2922 instituta,
3622 2871 3731 2913 non
3783 2854 3935 2913 Dens

623 2967 751 3007 nem
779 2950 940 3023 351
979 2951 1034 3007 in
1069 2950 1239 3009 Deum
1269 2960 1599 3021 comparatus
1621 2989 1636 3016 ,
1664 2966 1843 3021 neque
1873 2964 1941 3007 ex
1984 2950 2231 3021 portione
2329 2959 2455 3005 sunt
2481 2967 2494 3003 :
2527 2948 2776 3007 Christus
2797 2965 2864 3006 ex
2893 2949 3007 3007 Deo
3034 2950 3177 3007 Deus
3197 2949 3303 3007 hoc
3329 2958 3498 3007 totum
3528 2957 3615 3007 est
3639 2950 3756 3022 ipse
3781 2949 3933 3020 quod

623 3042 720 3099 Dei
751 3045 802 3097 in
844 3043 1014 3099 Deum
1054 3050 1228 3108 natat;
1262 3043 1357 3099 sed
1397 3040 1637 3111 perfecta
1671 3042 1951 3099 nativitate
1977 3043 2029 3097 in
2058 3041 2230 3103 Deum
2333 3042 2476 3107 Deus
2500 3049 2606 3097 est.
2638 3040 2925 3099 Elemeuta
2954 3042 3140 3098 mundi
3168 3055 3293 3097 cum
3319 3042 3461 3099 intra
3487 3042 3632 3106 sint,
3671 3057 3777 3098 non
3805 3059 3935 3113 pos,

624 3136 919 3206 perfectum
964 3135 1160 3205 genita:
1213 3136 1544 3199 divinitatis,
1596 3135 1753 3205 cujus
1802 3135 1917 3191 ha-c
1967 3136 2227 3193 naturalis
2334 3146 2462 3190 sunt
2492 3134 2555 3208 (i)
2584 3151 2613 3189 a
2644 3150 2704 3191 se
2729 3146 2943 3191 exetare
2966 3153 3033 3190 ne
3073 3136 3215 3191 intra
3244 3138 3353 3190 sint
3377 3154 3391 3192 :
3418 3137 3587 3192 Deum
3616 3137 3718 3191 sub
3747 3152 3931 3191 sacra-

623 3231 972 3284 conscientiae
1017 3228 1208 3283 ﬁducia
1256 3237 1369 3293 est,
1405 3238 1461 3281 nt
1504 3229 1689 3283 dicat:
1722 3228 1839 3300 Ego
1874 3229 1928 3282 in
1968 3228 2146 3297 Patre,
2179 3239 2226 3285 et
2255 3212 2301 3276 (ἶ
2333 3234 2517 3283 mento
2545 3229 2603 3284 in
2632 3244 2693 3284 se
2736 3228 2943 3284 habens
2969 3227 3223 3285 Christus
3260 3228 3312 3283 in
3350 3229 3462 3284 Deo
3498 3235 3605 3285 est.
3646 3228 3928 3284 Elementa

624 3320 788 3376 Pater
814 3322 869 3374 in
899 3337 977 3373 me
1002 3318 1184 3393 (Joan.
1220 3337 1326 3384 λιν,
1359 3320 1445 3391 ll)
1477 3336 1492 3375 :
1521 3328 1578 3375 et
1607 3330 1821 3374 rursum
1848 3337 1864 3376 :
1898 3319 2086 3395 Omnia
2112 3338 2229 3394 qua:

625 3414 804 3468 Patris
833 3423 983 3476 sunt,
1017 3431 1126 3467 mea
1153 3424 1271 3467 sunt
1304 3412 1483 3485 (Joan.
1520 3429 1627 3479 tm,
1662 3410 1773 3485 15).
1810 3410 1952 3468 Nihil
1989 3416 2133 3469 enim
2176 3415 2227 3471 ei

623 3520 690 3562 ex
714 3505 826 3560 Deo
846 3504 1027 3568 deest,
1055 3520 1161 3575 quo
1185 3514 1448 3575 operante
1473 3512 1527 3558 et
1553 3504 1805 3575 loquente
1831 3513 1886 3560 et
1915 3507 2052 3572 viso,
2083 3505 2227 3565 Dens

623 3609 677 3654 et
700 3607 956 3673 operatur
985 3606 1040 3653 et
1059 3590 1300 3669 loquitur
1320 3603 1373 3653 et
1400 3596 1630 3652 videtur.
1656 3596 1771 3651 Non
1793 3608 1917 3651 sunt
1937 3598 2045 3652 duo
2071 3597 2223 3670 (sup-

628 3690 739 3761 ple,
777 3686 980 3748 naturis
1021 3688 1275 3762 distincti)
1318 3689 1370 3744 in
1417 3687 1576 3743 unius
1614 3689 1701 3744 vel
1743 3688 2097 3757 operatione,
2140 3688 2225 3746 vel

620 3796 895 3848 sermone,
913 3781 996 3837 vel
1019 3780 1158 3835 visu.
1179 3780 1292 3836 Nec
1309 3780 1587 3837 solitarius
1606 3779 1752 3837 Deus
1770 3791 1873 3846 est,
1902 3782 1993 3851 qui
2020 3780 2074 3836 in
2096 3796 2229 3851 ope-

620 3883 777 3929 rante
796 3886 848 3928 et
876 3873 1133 3946 loquente
1158 3880 1212 3928 et
1232 3872 1348 3927 viso
1376 3870 1511 3935 Deo,
1543 3872 1688 3929 Deus
1713 3880 1771 3928 et
1790 3881 2045 3943 operatus
2068 3883 2122 3928 et
2146 3874 2226 3928 lo-

617 3975 779 4025 cutus
803 3974 861 4023 et
887 3966 1034 4023 visus
1060 3966 1149 4022 sit.
1184 3964 1298 4023 Hoc
1329 3965 1568 4023 Ecclesia
1600 3965 1849 4036 intelligit
1871 4008 1885 4033 ,
1913 3965 2019 4022 hoc
2044 3968 2222 4038 Syna-

619 4074 755 4131 goga
778 4075 885 4114 non
907 4058 1100 4125 credit,
1133 4058 1239 4115 hoc
1262 4058 1605 4130 philosophia
1628 4073 1736 4116 non
1757 4060 1934 4130 sapit,
1963 4076 2129 4117 unum
2153 4076 2223 4119 ex

686 4210 771 4351 ξι)
816 4210 1183 4274 Recanciliari;
1212 4223 1362 4275 mox,
1394 4223 1712 4276 permanere.

712 4284 767 4350 οὶ)
813 4285 939 4338 Haec
969 4292 1051 4336 est
1079 4281 1237 4336 lectio
1264 4280 1472 4351 codicis
1502 4279 1712 4333 Verona

712 4278 767 4350 οὶ)
813 4285 939 4338 Haec
969 4292 1051 4336 est
1079 4281 1237 4336 lectio
1268 4280 1472 4335 codicis
1502 4278 1862 4345 Veronensis;
1902 4293 2024 4334 nam
2053 4289 2216 4337 antea

614 4350 880 4427 plenitudo
914 4353 1218 4408 divinitatis.
1243 4350 1466 4419 Graece,
1493 4356 1599 4408 πᾶν
1620 4353 1683 4406 τὸ
1705 4352 1959 4429 πλήρωμα
1980 4366 2076 4415 τίς
2103 4351 2215 4410 θεό-

687 4469 768 4546 (a)
810 4471 1067 4546 Erasmus
1095 4466 1418 4546 conjcclavit
1443 4466 1730 4536 legendum
1760 4481 1883 4546 esse
1907 4464 2216 4546 reconcilio-
2239 4468 2294 4529 D
2319 4466 2610 4546 let-tionem
2636 4478 2795 4546 quam
2825 4471 3124 4546 sequuntur
3152 4460 3230 4535 Cy

616 4536 728 4628 turn
749 4536 770 4601 ἓ
800 4541 940 4628 quod
969 4536 1234 4628 esinde‘a
1272 4536 1455 4605 Lipsio
1483 4548 1759 4609 arreptum
1781 4579 1796 4606 ,
1830 4538 1883 4593 in
1928 4538 2049 4593 aliis
2079 4537 2213 4597 edit.

616 4612 881 4678 obtinuit,
915 4612 1274 4670 renitentibus
1300 4626 1433 4666 mss.

686 4682 857 4760 (b)__ln
883 4684 1132 4760 vulgatis,
1153 4679 1527 4760 reconciliari:
1545 4688 1821 4760 corrupte.
1850 4679 1971 4760 Mox
2004 4678 2055 4732 in
2083 4693 2212 4760 mss.

612 4749 885 4814 bas.'Vat.
919 4749 1227 4817 etvbiartin.
1275 4753 1362 4824 qui
1407 4752 1462 4807 in
1487 4767 1540 4806 se
1580 4753 1693 4821 ipse
1721 4758 1981 4818 maneret,
2031 4749 2217 4806 addito

612 4828 743 4900 ipse.

713 4898 760 4963 c)
802 4895 966 4959 Editi,
995 4892 1262 4965 apertiori.
1294 4890 1625 4965 Concinnins
1655 4903 1785 4965 mss.
1813 4891 2031 4963 aptiora.

711 4970 766 5040 d)
807 4969 938 5023 Bad.
990 4964 1046 5040 et
1091 4966 1185 5022 Er.
1224 4964 1962 5040 cumsecentioribusmss.
2016 4972 2212 5040 naturte

610 5030 781 5111 specie
808 5055 935 5111 a_se
971 5039 1204 5105 alienae;
1249 5033 1548 5111 acgdeinde
1592 5047 1713 5111 c_uut
1766 5030 1909 5103 Lips.
1955 5035 2212 5091 omittunt

612 5105 793 5182 neque.
827 5109 1025 5169 Natura
1057 5125 1151 5182 per
1178 5106 1583 5182 creationem_itt
1613 5105 1782 5161 Deum
1804 5116 2208 5182 comparataea

613 5177 719 5264 est,
750 5196 873 5253 qua:
899 5177 1078 5238 creata
1110 5178 1263 5242 licet,
1283 5195 1355 5264 ‘ex.
1384 5178 1611 5264 qna‘da‘m
1644 5186 1822 5233 tamen
1856 5177 2208 5248 praerogativa

615 5246 717 5308 sibi
748 5246 1028 5324 comparat
1055 5262 1216 5324 atque
1246 5246 1450 5309 obtinet
1476 5246 1572 5305 Dei
1602 5264 1822 5324 nomen.

689 5324 759 5395 (e)
802 5314 1033 5395 Ex'cusi,
1075 5314 1214 5392 quod
1255 5328 1386 5395 totus
1424 5330 1544 5395 est:
1583 5314 1968 5395 reluctantibus
2007 5319 2209 5395 volgi:

611 5384 715 5453 bus
742 5384 928 5452 'libris.
978 5384 1139 5450 Pater
1180 5408 1300 5448 cum
1343 5390 1414 5449 sit
1442 5388 1659 5462 aliquod
1703 5400 1904 5458 totum,
1935 5402 2057 5462 post
2086 5384 2207 5446 Filii

611 5467 949 5522 nativitatem
984 5472 1259 5535 permanet
1291 5462 1418 5535 illud
1442 5476 1607 5521 ontne
1635 5461 1777 5535 quod
1803 5461 1947 5529 erat,
1973 5466 2156 5533 utpote
2177 5474 2206 5515 a

611 5552 721 5609 quo
748 5537 892 5609 nu_lla
925 5552 1047 5607 pars
1072 5534 1278 5609 divulsa
1308 5534 1397 5609 sit.

689 5607 762 5680 (ι’)
804 5607 897 5663 Er.
925 5602 1054 5680 post
1085 5604 1241 5680 Bad.,
1291 5606 1378 5680 qui
1412 5605 1700 5680 doctrinam
1739 5602 2005 5680 hominum
2048 5603 2206 5680 sapit.

611 5675 751 5736 Par."
775 5688 894 5748 post
927 5675 1073 5745 Lips.
1105 5684 1152 5731 et
1179 5678 1244 5732 de
1268 5675 1501 5731 doctrina
1540 5677 1807 5732 hominum
1835 5675 1980 5748 sapit
2000 5691 2020 5730 :
2045 5676 2211 5748 casti-

615 5759 743 5817 gant
776 5744 918 5809 'mss.
958 5744 1114 5818 Quod
1152 5747 1277 5805 inde
1305 5751 1568 5818 sequitur,
1607 5754 1737 5817 puta
1773 5744 2211 5818 etuPltilosopItia

620 5814 798 5889 praeda
841 5827 952 5885 est,
985 5814 1185 5875 indicio
1226 5826 1312 5874 est
1362 5814 1471 5873 lion
1514 5814 1750 5890 ignotam
1801 5814 2000 5873 Hilario
2045 5814 2210 5872 fuisse

2332 3322 2517 3378 mundi
2545 3334 2667 3378 cum
2696 3336 2761 3377 ex
2791 3335 2853 3378 se
2877 3321 2961 3377 sui
2984 3322 3197 3391 generis
3225 3328 3492 3394 generant
3511 3321 3578 3376 ad
3605 3320 3762 3376 vitam
3781 3361 3798 3386 ,
3831 3328 3931 3391 per

2332 3413 2644 3484 corporales
2694 3413 2909 3482 quidem
2962 3414 3241 3483 passiones
3282 3412 3617 3485 praebentes
3671 3424 3731 3467 se
3777 3408 3928 3467 initia

2332 3503 2587 3558 nascendi
2608 3520 2624 3570 ;
2644 3513 2902 3559 ceterum
2924 3521 3030 3559 non
3052 3505 3235 3559 insunt
3257 3506 3378 3581 viva
3397 3504 3515 3572 ipsa
3538 3501 3882 3559 nascentilms
3908 3521 3924 3561 :

2332 3595 2509 3651 omnis
2576 3611 2706 3651 vero
2768 3597 3123 3671 corporaliter
3187 3596 3466 3670 plenitudo
3524 3594 3816 3650 divinitatis
3871 3595 3925 3650 in

2329 3687 2547 3744 Christo
2571 3696 2677 3747 est.

2403 3781 2496 3837 54.
2539 3780 2640 3848 Qui
2674 3780 2958 3836 diuinitatis
2985 3781 3251 3853 plenitudo
3278 3782 3333 3836 in
3357 3779 3564 3837 Christo
3590 3780 3926 3852 corporaliter

2330 3872 2538 3928 habitet.
2570 3902 2641 3914 --
2664 3873 2739 3928 .Et
2766 3872 3064 3945 interrogo.
3092 3873 3246 3944 cujus
3277 3873 3332 3931 in
3365 3889 3433 3928 eo
3470 3872 3771 3929 divinitatis
3802 3871 3922 3943 ple.

2328 3969 2515 4024 nitudo
2536 3967 2661 4025 est?
2689 3967 2820 4038 Qum
2841 3969 2886 4023 si
2914 3984 3019 4025 non
3047 3967 3220 4026 Patris
3246 3976 3325 4024 est
3349 4011 3360 4032 .
3392 3978 3554 4041 quem
3583 3964 3714 4023 mihi
3752 3965 3923 4023 Deum

2326 4062 2490 4119 alium
2517 4061 2675 4117 unius
2700 4061 2798 4118 Dei
2828 4060 2989 4118 fallax
3014 4060 3335 4134 pradicator
3364 4058 3629 4131 imponis,
3652 4060 3808 4128 cuius
3833 4060 3923 4114 di-

2320 4228 2497 4269 entes.
2541 4205 2633 4262 Sic
2671 4203 2810 4262 infra
2841 4204 3078 4260 Hilarius
3115 4204 3213 4270 ait,
3244 4205 3407 4263 omnis
3443 4219 3560 4258 vero
3585 4204 3921 4272 corporaliter

2323 4278 2588 4351 plenitudo
2626 4278 2907 4351 divinitatis
2940 4276 2995 4330 in
3035 4273 3242 4351 Christo
3269 4286 3363 4330 est.
3400 4274 3678 4351 Sic‘etiatu
3728 4276 3921 4347 legitur

2326 4346 2420 4406 lib.
2450 4368 2491 4416 t,
2518 4365 2667 4406 num.
2695 4349 2754 4417 8,
2786 4363 2888 4405 nec
2918 4364 3023 4403 non
3055 4347 3150 4403 lib.
3183 4362 3283 4413 xu,
3311 4362 3459 4402 num.
3490 4346 3582 4403 20.

3270 4460 3453 4534 rlanus
3472 4461 3630 4534 epist.
3655 4480 3750 4533 ιιι,
3774 4474 3825 4522 ει
3853 4467 3920 4524 de

2322 4477 2610 4522 lectionem
2636 4478 2795 4536 quam
2825 4477 3124 4531 sequuntur
3152 4477 3453 4587 uyprtanus
3472 4477 3630 4534 epist.
3655 4480 3750 4533 ιιι,
3774 4477 3825 4522 ει
3853 4477 3914 4524 de

2322 4538 2472 4609 Dono
2496 4537 2798 4609 patientiae,
2830 4530 3181 4609 Ambrosius,
3250 4533 3386 4609 ιιι.)
3416 4535 3510 4609 Δ(Ιε
3569 4534 3730 4609 Fide,
3777 4548 3824 4609 c.
3860 4538 3914 4609 5,

2322 4600 2683 4679 Hieronymus
2717 4608 2768 4659 in
2806 4617 2926 4675 Cap.
2956 4620 3006 4679 tv
3036 4605 3195 4674 epist.
3236 4605 3301 4679 διά
3334 4600 3465 4679 (ἶιὶΙ.Δ
3497 4600 3747 4676 proximo
3767 4600 3917 4679 Apul

2319 4678 2443 4741 διοιὶ
2491 4674 2641 4751 loco,
2677 4690 2772 4745 pro
2809 4693 2876 4751 ne
2916 4677 3028 4746 quis
3058 4692 3145 4731 vos
3174 4674 3383 4751 seducat
3403 4717 3417 4741 ,
3450 4674 3689 4751 legentes
3720 4674 3919 4751 nequis

2320 4764 2408 4809 vos
2430 4744 2773 4822 deprtcdetur,
2804 4744 3217 4822 laveittegrteco
3242 4744 3559 4822 συλαγογῶὒ.
3588 4744 3725 4822 lino,
3753 4744 3843 4805 Illi.
3875 4767 3914 4815 ι,

2323 4836 2377 4876 n.
2420 4816 2505 4883 15,
2534 4832 2655 4875 eum
2698 4818 2767 4873 iis
2803 4819 2929 4874 facit
2967 4816 3201 4889 'rlilarius
3242 4821 3356 4889 ipse
3381 4816 3608 4889 legens,
3650 4818 3824 4889 Videte
3853 4836 3918 4878 ne

2319 4893 2434 4961 quis
2464 4906 2550 4947 vos
2587 4890 2793 4962 spoliet.
2824 4888 3083 4962 Alterius
3107 4888 3284 4944 tamen
3332 4888 3578 4947 lectionis
3622 4888 3917 4962 antiquitas

2321 4960 2468 5035 patet
2487 4980 2549 5018 ex
2573 4960 2925 5035 Tertulliani),
2948 4960 3271 5035 apudquem
3288 4961 3379 5016 lib.
3404 4963 3472 5017 de
3505 4960 3911 5020 Praescrfﬂtcr.

2321 5024 2375 5090 ῖι.
2409 5034 2465 5098 ’7,
2494 5040 2690 5095 exstat,
2732 5024 2998 5086 Videte'ne
3017 5024 3236 5101 quis-vos
3256 5034 3641 5088 circumveniat.

2395 5104 2471 5179 {9)
2516 5104 2665 5177 Apud
2699 5102 2862 5179 Bad,
2894 5119 2994 5157 non
3023 5104 3085 5179 de
3122 5102 3486 5179 substantibus.
3519 5104 3574 5159 Ιιι
3599 5106 3731 5163 edit.
3760 5104 3912 5179 alils,

2318 5172 2504 5233 non'de
2523 5172 2838 5233 obstantibus
2860 5190 2880 5230 :
2902 5172 3154 5229 utendum
3176 5174 3317 5244 quod
3340 5175 3602 5244 Castigant
3625 5194 3754 5232 mss.
3774 5172 3912 5235 Tum

2315 5248 2531 5321 Lipsius
2563 5263 2660 5321 pro
2706 5255 2908 5311 monet,
2961 5246 3139 5316 posuit
3175 5247 3764 5321 matmtl‘vetbumque
3810 5247 3915 5321 huc

2315 5314 2709 5376 reiinnit'Par.
2755 5314 3116 5373 contra‘mss.
3167 5314 3349 5371 ﬁdem.
3384 5315 3600 5374 Videsis
3648 5314 3825 5377 notam
3868 5320 3908 5375 l'.

2314 5391 2498 5463 pugni
2515 5391 2573 5463 e7
2603 5388 2745 5463 (not.
2781 5387 2817 5442 h
2843 5387 3082 5463 conﬂi}
3110 5398 3297 5463 nostra:
3324 5386 3621 5463 editionis).

2423 5428 2435 5442 .
2472 5405 2498 5444 1
2516 5405 2569 5445 εΗ
2603 5405 2745 5462 (ηοι.
2781 5405 2817 5442 ιι
2843 5405 2944 5445 σοι.
2972 5405 3082 5442 222
3110 5405 3297 5442 ηοεινω
3324 5405 3621 5463 eatttonts}.

2383 5405 2471 5532 ῗΙι)
2509 5460 2585 5515 lta
2616 5460 2851 5535 potiores
2873 5458 2993 5513 cod.
3026 5458 3140 5512 Vat.
3166 5458 3283 5535 bas.
3313 5457 3705 5535 ,ralter_Vatic.,
3728 5459 3909 5535 Colb.,

2315 5528 2541 5603 αεὶ-ιιι,
2560 5528 2664 5585 etc.
2692 5528 2800 5585 Alii
2825 5544 2976 5597 vero,
3006 5530 3268 5603 neeccepit
3295 5534 3358 5584 ab
3381 5531 3597 5603 origine.

2387 5602 2453 5673 (i)
2493 5602 2546 5659 Id
2578 5613 2682 5667 est,
2704 5618 2821 5673 non
2856 5612 3079 5673 possun_t
3111 5600 3247 5655 intra
3278 5601 3437 5657 simul
3462 5600 3522 5657 ct
3569 5612 3723 5658 extra
3754 5617 3907 5671 esse;

2315 5671 2441 5728 cum
2465 5683 2654 5728 contra
2679 5672 2927 5727 Christus
2961 5672 3011 5727 in
3043 5671 3154 5728 Deo
3183 5675 3450 5729 exsistens
3480 5673 3640 5729 simul
3665 5685 3718 5730 et
3740 5674 3910 5732 Deum

2314 5744 2368 5800 in
2394 5759 2454 5799 se
2492 5745 2698 5799 habens
2740 5743 2878 5799 intra
2903 5742 3069 5801 simul
3091 5752 3145 5799 et
3171 5755 3321 5802 extra
3347 5742 3561 5803 Patrem
3589 5756 3787 5807 exstet.
3823 5746 3911 5807 Vl-

2314 5815 2460 5873 desis
2484 5813 2696 5872 initium
2727 5813 2821 5870 lib.
2855 5830 2930 5871 ut.
