4246 6260
338 316 459 373 277

1562 315 1652 372 DE
1690 313 2065 376 TRINITATE
2103 317 2309 377 LIBER
2346 319 2439 377 IX.

3549 335 3655 394 278

337 429 588 487 vinitatis
619 427 900 501 plenitudo
927 427 1133 486 habitet
1162 430 1216 487 in
1249 429 1509 488 Christo?
1536 429 1596 486 Si
1615 443 1747 488 vero
1774 429 1948 488 Patris
1973 434 2028 496 Α
2053 432 2336 504 Christus,
2367 446 2452 494 est
2478 445 2532 495 et
2561 437 2866 497 inhabitans
2893 440 2945 497 in
2974 454 3042 499 eo
3065 442 3366 503 divinitatis
3389 459 3646 521 corpora-

337 531 450 591 est,
480 521 651 579 edoce
679 521 955 593 quomodo
994 522 1351 594 corporaliter
1391 522 1510 580 haec
1543 523 1598 579 in
1649 538 1716 580 eo
1747 522 1954 580 habitet

337 617 643 689 plenitudo.
668 616 726 673 Si
749 619 895 673 enim
918 616 1192 687 corporali
1217 616 1378 673 modo
1399 617 1616 674 Patrem
1643 617 1694 672 in
1715 615 1855 672 Filio
1870 617 1948 689 (a)

337 709 557 776 credis;
615 710 780 766 Pater
830 710 884 765 in
940 709 1080 766 Filio
1149 709 1400 768 habitans
1451 726 1558 767 non
1614 711 1849 767 exstabit
1896 710 1953 767 in

337 815 488 858 sese.
519 802 598 874 (1)
626 801 683 858 Si
706 816 858 870 vero,
894 801 1037 872 quod
1062 815 1146 859 est
1173 803 1384 875 potius,
1417 804 1775 875 corporaliter
1802 805 1856 859 in
1886 817 1953 860 eo

341 911 573 952 manens
596 896 674 967 (b)
695 895 952 952 divinitas
975 906 1184 953 naturae
1213 897 1266 952 in
1301 913 1369 954 eo
1395 898 1492 954 Dei
1517 914 1582 954 ex
1612 899 1724 954 Deo
1751 898 1956 968 signiﬁ-

339 996 435 1045 cat
464 990 786 1056 veritatem;
814 992 942 1044 dum
979 991 1030 1044 in
1057 1005 1124 1046 eo
1166 991 1311 1046 Deus
1332 998 1445 1054 est,
1481 1006 1586 1046 non
1617 1001 1708 1046 aut
1742 1006 1842 1062 per
1866 991 1952 1046 di-

343 1085 656 1152 gnationem
683 1092 776 1137 aut
796 1098 893 1154 per
916 1082 1274 1148 voluntatem,
1307 1083 1402 1138 sed
1423 1098 1520 1154 per
1545 1085 1952 1155 generationem

341 1190 511 1232 verus
530 1185 585 1231 et
606 1185 748 1230 totus
771 1174 846 1249 (c)
879 1177 1152 1248 corporali
1182 1178 1481 1232 secundum
1527 1194 1588 1233 se
1620 1179 1955 1249 plenitudine

342 1283 614 1334 manens;
647 1269 772 1324 dum
802 1269 944 1340 quod
975 1270 1091 1340 ipse
1121 1279 1237 1336 est,
1276 1270 1328 1325 id
1359 1274 1521 1326 etiam
1566 1287 1661 1341 per
1696 1271 1952 1327 nativita-

346 1370 460 1417 tem
487 1362 583 1416 Dei
617 1363 670 1416 in
695 1361 864 1416 Deum
897 1360 974 1434 (2)
1001 1372 1186 1418 natum
1220 1363 1301 1435 (ά)
1327 1374 1440 1430 est;
1473 1380 1650 1435 neque
1676 1365 1952 1420 diversum

340 1465 437 1508 aut
467 1453 726 1510 diﬂ‘erens
752 1455 955 1524 aliquid
986 1453 1040 1510 in
1066 1456 1180 1512 Deo
1201 1463 1306 1522 est,
1329 1473 1488 1526 quam
1517 1456 1569 1513 id
1592 1459 1732 1528 quod
1755 1472 1952 1526 corpo-

339 1548 531 1603 raliter
561 1548 768 1604 habitet
792 1547 850 1604 in
892 1547 1142 1616 Christo;
1173 1560 1228 1605 et
1263 1551 1524 1621 quidquid
1570 1549 1649 1623 (5)
1689 1550 1955 1607 inhabitet

342 1641 723 1712 corporaliter,
753 1643 806 1698 id
835 1643 1010 1715 ipsum
1033 1644 1328 1701 secundum
1355 1645 1648 1701 divinitatis
1676 1655 1759 1701 est
1780 1647 1954 1717 pleni-

343 1735 586 1792 tudinem
614 1753 628 1788 :
659 1736 789 1806 quid
817 1738 1050 1792 humana
1077 1739 1343 1794 sectaris?
1367 1741 1530 1812 353
1557 1741 1682 1812 quid
1711 1741 1948 1796 inanium

2053 527 2179 584 liter
2198 529 2495 600 plenitudo.

2125 621 2217 678 56.
2247 622 2379 688 Quae
2403 626 2468 679 sit
2491 623 2742 682 habitatio
2767 629 3076 699 corporalis.
3106 628 3269 704 Cujus
3296 629 3383 690 sit.
3413 664 3486 676 --
3514 633 3648 693 Etsi

2053 729 2267 786 quartis
2295 732 2415 788 quas
2456 718 2527 774 sit
2569 721 2829 776 habitatio
2857 724 3190 794 corporalis;
3237 727 3480 800 intellige
3520 731 3649 802 quid

2054 807 2127 863 sit
2155 807 2298 880 loqui
2319 809 2374 866 in
2407 813 2658 884 loquente
2673 853 2688 881 ,
2715 815 2846 870 etin
2869 815 2986 872 viso
3005 817 3199 888 videri,
3221 829 3279 876 et
3307 820 3362 876 in
3389 834 3651 894 operante

2056 901 2266 969 Operari
2292 942 2306 966 ,
2337 904 2474 958 etin
2516 904 2626 961 Deo
2654 904 2860 973 Deum,
2911 916 2966 964 et
2992 925 3058 964 ex
3092 918 3203 966 toto
3240 920 3443 981 totum,
3488 925 3545 971 et
3585 932 3653 973 ex

2057 1010 2165 1050 uno
2192 1011 2356 1050 unum
2382 1013 2397 1052 :
2425 1007 2479 1052 et
2508 999 2578 1052 ita
2605 1000 2905 1070 corporalis
2932 1001 3229 1059 divinitatis
3260 1007 3648 1076 plenitudinem

2056 1101 2406 1158 recognosce.
2439 1089 2508 1144 Et
2529 1092 2683 1162 cujus
2714 1092 2831 1148 haec
2860 1092 3156 1152 divinitatis
3193 1102 3549 1170 corporaliter
3576 1105 3654 1160 in-

2055 1179 2307 1238 habitans
2331 1184 2607 1251 plenitudo
2635 1187 2737 1251 sit,
2784 1201 3060 1244 memento
3088 1192 3405 1261 Apostolum
3437 1213 3543 1252 non
3576 1208 3655 1254 ta-

2055 1289 2180 1330 cere
2205 1275 2471 1332 dicentem
2493 1295 2508 1333 :
2531 1277 2613 1332 Ea
2634 1280 2791 1347 enim,
2817 1297 2932 1351 qua:
2955 1283 3234 1340 invisibilia
3261 1296 3380 1341 sunt
3401 1292 3543 1361 ejus,
3573 1291 3652 1364 (It)

2056 1384 2088 1421 a
2119 1369 2480 1422 constitutione
2515 1372 2724 1436 mundi,
2769 1388 2859 1442 per
2894 1389 2954 1427 ea
2979 1391 3096 1444 qua:
3137 1379 3276 1447 facta
3305 1387 3456 1446 sunt,
3505 1382 3656 1438 intel-

2059 1461 2188 1515 lecta
2231 1463 2619 1532 conspiciuntur
2639 1472 2834 1518 asterna
2860 1482 3059 1536 quoque
3093 1470 3204 1538 ejus
3234 1471 3392 1524 uirtus
3435 1485 3484 1526 et
3520 1475 3654 1529 divi-

2056 1552 2192 1606 nitas
2227 1551 2404 1625 (Rom.
2441 1569 2480 1620 ι,
2513 1553 2625 1626 ‘20).
2671 1554 2843 1625 Hujus
2873 1556 3053 1626 itaque
3074 1558 3328 1616 divinitas
3363 1561 3428 1634 (i)
3455 1577 3654 1635 corpo-

2057 1645 2185 1701 ralis
2217 1645 2269 1699 in
2300 1642 2517 1700 Chrism
2537 1655 2648 1712 est,
2695 1661 2802 1701 non
2831 1662 2896 1702 ex
2941 1661 3122 1719 parte,
3153 1651 3250 1706 sed
3301 1662 3447 1722 tota;
3479 1670 3653 1727 neque

2057 1739 2232 1810 portio
2259 1748 2344 1793 est
2363 1781 2378 1806 ,
2408 1739 2502 1794 sed
2535 1739 2845 1809 plenitudo:
2886 1740 2959 1796 ita
2999 1745 3356 1814 corporaliter
3385 1762 3611 1806 manens
3637 1792 3652 1816 ,

339 1826 721 1896 deceptiouum
747 1828 1301 1886 doctrinisinhazres?
1322 1832 1452 1902 quid
1477 1831 1605 1886 mihi
1633 1830 1794 1887 τίσει-ε
1815 1847 1948 1887 una-
1975 1829 2024 1890 B
2055 1841 2110 1886 ut
2132 1845 2298 1885 unum
2327 1833 2439 1884 sint
2463 1845 2479 1896 ;
2528 1830 2602 1884 ita
2632 1845 2798 1885 unum
2838 1841 2986 1899 sunt,
3031 1843 3089 1888 ut
3115 1848 3148 1889 a
3169 1833 3280 1891 Deo
3309 1851 3417 1892 non
3439 1838 3654 1895 dili‘erat

340 1919 669 1989 nimitatem,
702 1923 1046 1978 concordiam
1063 1965 1078 1989 ,
1119 1923 1462 1982 creaturam?
1488 1923 1775 1981 Plenitudo
1802 1924 1945 1980 divi-

339 2012 528 2068 nitatis
551 2013 604 2068 in
628 2012 845 2070 Christo
873 2023 958 2071 est
979 2017 1355 2087 corporaliter.

410 2107 505 2164 55.
550 2106 700 2162 Alius
727 2107 994 2176 habitans,
1027 2110 1161 2164 alius
1188 2109 1473 2178 habitatio;
1515 2114 1769 2182 perfectus
1807 2121 1948 2167 uter-

336 2215 435 2270 que
464 2198 625 2256 Deus.
660 2199 945 2258 —Tenuit
963 2211 1145 2258 autem
1165 2203 1327 2259 etiam
1357 2204 1408 2258 in
1441 2203 1543 2261 hoc
1567 2204 1855 2275 Apostolus
1877 2204 1942 2259 li-

338 2295 428 2350 dei
455 2308 570 2350 suae
601 2295 774 2367 legem
799 2337 816 2365 ,
847 2305 908 2352 ut
931 2299 1288 2369 corporaliter
1321 2300 1372 2354 in
1398 2296 1616 2356 Christo
1643 2300 1946 2357 inhabitare

337 2389 733 2462 plenitudinem
762 2390 1060 2448 divinitatis
1101 2391 1325 2450 doceret
1350 2412 1364 2449 :
1393 2391 1476 2466 (Δ)
1508 2409 1576 2450 ne
1599 2393 1667 2448 ad
1690 2395 1945 2451 unionem

337 2482 416 2552 (ε)
445 2482 666 2553 impiam
690 2482 813 2538 ﬁdei
835 2497 1017 2539 sermo
1037 2484 1356 2552 decideret,
1387 2500 1489 2541 nec
1510 2484 1578 2540 ad
1600 2486 1823 2542 alterius
1851 2503 1948 2543 na-

338 2584 479 2629 tura
502 2574 916 2645 intelligentiam
946 2574 1092 2632 furor
1116 2576 1450 2646 irreligiosus
1479 2589 1807 2648 erumperet.
1842 2579 1949 2634 Ha-

336 2665 518 2722 bitans
543 2667 685 2722 enim
725 2669 778 2724 in
807 2667 1024 2724 Christo
1051 2669 1329 2738 plenitudo
1358 2670 1654 2726 divinitatis
1691 2687 1948 2741 corpora-

338 2758 487 2825 liter,
515 2773 615 2815 nec
643 2759 930 2832 singularis
967 2777 1068 2817 nec
1094 2762 1411 2832 separabilis
1437 2771 1554 2819 est:
1577 2763 1704 2820 dum
1731 2763 1815 2838 (5)
1848 2780 1949 2822 nec

350 2850 417 2923 (ί)
443 2866 508 2908 se
561 2854 758 2922 patitur
784 2871 814 2910 a
845 2856 1116 2924 corporali
1144 2857 1476 2926 plenitudine
1503 2859 1803 2929 corporalis
1834 2860 1950 2930 ple-

339 2945 533 3000 nitudo
571 2945 827 3014 discerni,
857 2961 959 3004 nec
989 2947 1238 3005 habitans
1277 2949 1531 3005 divinitas
1555 2967 1617 3006 ea
1647 2952 1759 3021 ipsa
1791 2952 1949 3007 intel-

341 3037 433 3110 ligi
466 3047 639 3109 potest
667 3054 785 3096 esse
810 3041 1108 3098 divinitatis
1136 3043 1416 3101 habitatio.
1464 3045 1730 3115 Atqueita
1760 3044 1948 3102 Chris-

342 3139 430 3186 tus
451 3141 554 3198 est,
575 3139 636 3187 ut
653 3134 1010 3202 corporaliter
1030 3135 1309 3205 plenitudo
1332 3136 1627 3193 divinitatis
1651 3138 1702 3192 in
1724 3136 1942 3194 Christo

339 3222 444 3290 sit;
495 3227 572 3280 sic
619 3240 748 3282 vero
788 3228 840 3282 in
881 3225 1101 3284 Christo
1139 3230 1209 3284 sit
1249 3229 1545 3286 divinitatis
1592 3226 2018 3302 corporaliterC

343 3319 655 3390 plenitudo,
687 3323 817 3377 utin
838 3337 906 3379 eo
932 3323 1237 3380 inhabitans
1260 3324 1338 3398 (g)
1375 3325 1651 3395 plenitudo
1678 3342 1784 3381 non
1801 3325 1946 3382 aliud

342 3413 683 3485 intelligatur
710 3429 832 3471 esse
881 3432 1044 3486 quam
1076 3417 1346 3474 Christus.
1379 3418 1584 3474 Furare
1631 3432 1766 3490 quas
1797 3419 1947 3474 voles

339 3506 628 3562 verborum
652 3508 1006 3576 occasiones,
1049 3517 1104 3565 et
1152 3510 1437 3581 irreligiosi
1481 3511 1684 3582 ingenii
1730 3511 1948 3566 aculeos

341 3598 542 3654 excita.
571 3598 849 3656 Ementire
893 3601 1085 3657 saltem
1129 3600 1283 3672 cujus
1323 3602 1598 3672 plenitudo
1650 3603 1948 3658 divinitatis

339 3689 396 3746 in
442 3689 660 3748 Christo
714 3692 978 3750 inhabitet
1017 3692 1182 3767 255
1233 3693 1605 3766 corporaliter.
1654 3694 1751 3752 Est
1800 3695 1947 3752 enim

407 3884 494 3948 ti)
534 3883 635 3941 Sin
665 3900 804 3942 sero.

436 3955 471 4010 2
535 3955 708 4012 Natus
737 3967 831 4014 est.

407 3954 493 4101 i3;
530 4025 816 4084 Inhabitat.

530 4025 816 4084 Inhabitat.

409 4177 490 4261 (τε)
534 4178 664 4234 Bad-
695 4179 890 4261 etEt,
912 4182 1160 4261 recludis.
1192 4181 1340 4261 Lips.
1365 4181 1566 4261 et_.Par.
1596 4193 1718 4237 cum
1747 4190 1935 4261 recen-

333 4249 740 4331 tioribusmsa.
766 4252 988 4309 claudis.
1026 4255 1097 4310 At
1135 4257 1187 4310 in
1217 4249 1530 4331 potioribus
1570 4266 1701 4331 mss.
1732 4250 1933 4331 credis“.

334 4323 424 4395 vel
454 4322 650 4395 credes.
687 4323 776 4380 Sic
803 4338 987 4395 Supra,
1028 4343 1174 4381 num.
1213 4325 1306 4390 24,
1341 4335 1399 4380 ut
1425 4325 1634 4380 Patrem
1667 4324 1736 4378 ita
1765 4329 1818 4376 et
1842 4319 1935 4395 Fi-

334 4393 469 4446 lium
502 4391 704 4466 dictum
745 4391 883 4451 esse'
907 4397 1165 4466 Spiritum
1199 4398 1537 4459 observatur,
1570 4411 1631 4448 ne
1659 4393 1936 4466 secundum

334 4465 633 4527 corporales
655 4467 831 4520 modos
849 4468 922 4521 ita
942 4463 1106 4524 inesse
1133 4467 1330 4523 Filium
1354 4470 1409 4523 in
1441 4466 1599 4520 Patre
1619 4466 1696 4520 vel
1728 4463 1938 4518 Patrem

333 4535 388 4590 in
415 4533 563 4590 Filio
589 4537 934 4593 crederemus.

410 4649 484 4722 (ὁ)
530 4649 651 4706 Val.
695 4651 813 4707 bas.
861 4653 1031 4709 codex
1053 4697 1068 4721 ,
1101 4655 1369 4710 divinitate
1390 4670 1410 4709 :
1440 4653 1601 4710 male.
1621 4653 1739 4708 Mox
1779 4651 1934 4717 Bad.,

334 4723 429 4797 Er.
460 4735 514 4777 et
566 4723 712 4792 Lips.
736 4765 752 4790 ,
783 4726 1042 4797 signiﬁcat
1083 4729 1346 4782 unitatem.
1396 4725 1564 4797 Magis
1609 4728 1934 4795 placetcum

337 4796 461 4851 Par.
492 4803 549 4848 et
569 4809 699 4850 mss.
722 4796 1022 4852 ueritatem:
1052 4809 1107 4852 ut
1128 4799 1460 4854 divinitatem
1490 4796 1544 4852 in
1569 4797 1786 4854 Christo
1811 4810 1936 4850 cor-

335 4864 598 4941 poraliter
625 4876 931 4941 manentem
967 4871 1350 4941 interpretetur
1374 4868 1429 4924 S.
1457 4869 1659 4925 Doctor
1689 4877 1934 4941 naturam

335 4935 435 4993 Del
462 4952 592 4992 vere
619 4951 680 4992 ac
701 4935 1130 4995 substantialiter
1162 4941 1217 4995 in
1246 4956 1313 4996 eo
1344 4951 1672 4995 manentem.
1701 4939 1774 4993 Ita
1799 4937 1936 4990 Ter-

337 5009 600 5064 tullianus
623 5008 884 5067 adversus
917 5013 1102 5078 Prax.,
1136 5030 1190 5066 n.
1225 5014 1278 5076 7,
1314 5011 1402 5066 ubi
1431 5011 1601 5066 dixit:
1635 5011 1765 5078 Quis
1804 5009 1938 5062 enim

335 5080 542 5159 negabit
571 5079 736 5159 Deum
763 5097 950 5159 corpus
977 5100 1115 5146 esse,
1132 5086 1236 5159 etsi
1259 5082 1402 5137 Deus
1429 5082 1655 5159 Spiritus
1689 5091 1762 5159 est
1779 5121 1793 5145 ,
1823 5089 1937 5159 sta-

336 5151 432 5224 tim
465 5151 640 5224 innuit
677 5151 866 5224 corpus
899 5156 1000 5208 hoc
1028 5171 1086 5209 se
1113 5155 1347 5220 dixisse,
1388 5151 1527 5224 quad
1562 5169 1666 5208 non
1713 5151 1782 5224 sit
1823 5151 1941 5204 sine

335 5219 645 5278 substantia
665 5263 680 5286 ,
722 5219 848 5278 dum
887 5225 1103 5295 subiicit
1126 5242 1140 5279 :
1173 5223 1279 5280 Sed
1306 5235 1352 5279 et
1380 5219 1655 5278 invisibilia
1685 5221 1776 5276 illa
1799 5235 1940 5291 qua:-

337 5310 557 5364 cumque
583 5303 736 5358 sunt,
784 5297 968 5350 habent
1011 5298 1152 5365 apud
1185 5296 1350 5350 Deum
1394 5307 1440 5349 et
1481 5311 1627 5348 suum
1671 5309 1853 5363 corpus
1897 5301 1944 5346 et

338 5381 489 5438 suam
517 5366 759 5433 formam,
787 5384 875 5430 per
903 5383 1017 5438 qua:
1055 5368 1150 5422 soli
1177 5367 1288 5422 Deo
1310 5365 1530 5421 visibilia
1554 5377 1674 5420 sunt
1707 5382 1723 5438 .f
1751 5376 1943 5435 quanto

339 5437 506 5510 magis
532 5437 672 5507 quod
701 5449 764 5491 ea
802 5437 963 5510 ipsius
992 5440 1272 5494 substantia
1303 5440 1526 5510 missum
1547 5449 1650 5502 est,
1684 5437 1792 5510 sine
1827 5439 1946 5510 sub-

341 5506 534 5563 stantia
582 5524 684 5561 non
731 5506 866 5564 erit!
903 5510 1024 5576 Quo
1053 5524 1216 5566 sensu
1264 5510 1354 5564 lib.
1381 5511 1448 5564 dc
1493 5508 1665 5564 Carne
1711 5506 1945 5572 Christi,

346 5594 404 5651 ri.
439 5579 524 5642 Η,
551 5579 802 5645 dixerit,‘
832 5579 994 5635 Omne
1019 5581 1155 5650 quod
1191 5591 1285 5644 est,
1315 5597 1498 5649 corpus
1522 5589 1594 5634 est
1620 5580 1701 5634 sui
1731 5578 1951 5651 generis.

350 5648 503 5704 Nihil
532 5662 604 5704 est
635 5651 986 5722 incorporale,
1017 5648 1118 5707 nisi
1143 5652 1279 5724 quod
1305 5648 1520 5724 nonest.
1547 5648 1960 5722 Neque'obscn-

347 5737 488 5794 rum;
515 5731 597 5775 est
627 5737 826 5791 corpus
876 5724 966 5779 hic
992 5725 1060 5777 ab
1106 5723 1308 5778 Hilario
1353 5723 1454 5778 dici
1477 5764 1492 5788 ,
1531 5725 1672 5794 quod
1706 5724 1919 5794 plenum
1944 5764 1960 5794 ρ

349 5792 492 5865 quod
522 5807 717 5849 verum
769 5809 832 5850 ac
886 5795 1240 5865 sulistantiale
1282 5804 1383 5849 est.
1430 5792 1564 5864 Quo'
1586 5801 1793 5865 spectat
1832 5792 1967 5865 illud

357 5863 411 5920 in
443 5865 584 5936 psal.
624 5877 814 5936 cant,
843 5880 899 5924 ιι.
928 5864 1004 5924 26
1029 5885 1041 5922 :
1074 5865 1325 5924 Ctrterum
1355 5863 1489 5923 nunc
1507 5863 1735 5940 perfecta
1748 5863 1975 5920 exsulta-

2048 1923 2226 1987 Deus;
2251 1921 2323 1976 ita
2346 1919 2663 1978 indili‘erens
2686 1936 2716 1977 a
2747 1921 2860 1978 Deo
2887 1921 3052 1988 Deus,
3078 1933 3136 1980 ut
3156 1929 3453 1999 perlectum
3478 1930 3649 1986 Deum

2050 2015 2121 2089 (j)
2153 2012 2491 2070 substituerit
2513 2013 2751 2084 perfecta
2776 2013 3062 2082 nativitas;
3093 2017 3162 2072 ita
3193 2028 3375 2076 autem
3407 2023 3648 2092 perlecta

2053 2107 2306 2163 nativitas
2346 2106 2636 2174 subsistat,
2667 2105 2788 2177 quia
2838 2107 2893 2161 in
2924 2107 3036 2164 Deo
3073 2124 3144 2166 ex
3175 2110 3285 2168 Deo
3307 2122 3436 2171 nato
3460 2129 3655 2188 corpo-

2050 2201 2239 2258 raliter
2265 2199 2566 2256 divinitatis
2590 2197 2856 2255 inhabitet
2885 2201 3182 2270 plenitudo.

2394 2356 2580 2430 255,
2607 2357 2772 2430 256
2803 2357 3007 2415 LIBER
3043 2359 3292 2420 NONUS.

2049 2475 2305 2530 Asscrtam
2327 2472 2582 2544 superiori
2605 2473 2735 2527 libro
2753 2472 2930 2528 Patris
2951 2484 2997 2530 et
3017 2474 3145 2530 Filii
3166 2476 3544 2546 indiﬁ'erentem
3562 2497 3656 2536 na-

2122 2577 2291 2624 turam
2343 2567 2588 2623 adversus
2644 2567 3002 2624 harreticorum
3043 2569 3242 2644 objecta
3291 2581 3464 2630 tuetur
3500 2586 3655 2646 atque

2121 2661 2416 2730 conﬁrmat.
2459 2660 2647 2716 Allatis
2685 2661 2841 2730 hujus
2869 2661 2944 2714 rei
2972 2664 3174 2733 gratia,
3224 2681 3351 2736 quas
3378 2667 3458 2722 illi
3484 2671 3658 2738 obiec-

2124 2762 2266 2818 tant,
2295 2751 2578 2824 Scripturis
2614 2752 2852 2821 quadam
2901 2751 3144 2810 Hilarius
3162 2759 3332 2830 jactat
3357 2763 3653 2832 responsio-

2125 2861 2250 2900 num
2277 2845 2476 2902 semina
2497 2886 2509 2910 ,
2545 2845 2714 2914 primo
2741 2846 2992 2916 genuinos
3024 2845 3420 2920 Scripturarum
3439 2871 3618 2912 sensus
3636 2898 3651 2922 ,

2123 2957 2224 2994 non
2254 2957 2316 2994 ca:
2351 2956 2410 2995 eo
2431 2941 2568 3011 quod
2595 2939 2746 2994 verba
2772 2942 2911 2996 nuda
2949 2950 2995 2995 et
3024 2959 3058 2997 α
3086 2945 3283 2998 ueteris
3321 2946 3524 3002 divulsa
3566 2966 3654 3004 so-

2122 3043 2281 3101 nant,
2343 3034 2433 3088 sed
2480 3048 2544 3087 ea
2578 3034 2989 3089 antecedentibus
3033 3045 3082 3090 et
3141 3041 3570 3108 consequentibus
3604 3049 3657 3098 et

2121 3143 2185 3182 ea;
2211 3126 2416 3180 dicendi
2460 3125 2633 3180 causis
2659 3141 2769 3180 esse
2802 3126 3150 3196 expetendos:
3175 3128 3360 3184 deinde
3392 3129 3654 3187 Christum

2123 3235 2185 3275 ea;
2211 3220 2368 3274 unitis
2415 3219 2469 3272 in
2499 3218 2723 3288 idipsum
2752 3234 2916 3288 neque
2959 3228 3128 3274 tamen
3176 3223 3408 3293 confusis
3453 3225 3654 3280 naturis

2121 3327 2227 3366 rem
2250 3327 2407 3366 unam
2427 3318 2478 3366 et
2499 3309 2727 3365 eamdem
2768 3326 2910 3375 esse;
2940 3311 3014 3366 ita
3037 3311 3174 3367 enim
3201 3313 3352 3368 illum
3379 3313 3517 3369 dicta
3540 3333 3654 3388 ges-

2121 3412 2271 3474 taque
2302 3419 2398 3458 sua
2439 3418 2638 3474 semper
2676 3411 2986 3472 temperasse
3007 3443 3024 3469 ,
3054 3411 3106 3458 ut
3143 3414 3190 3458 et
3223 3401 3321 3458 Dei
3351 3415 3398 3460 et
3425 3403 3652 3462 hominis

2118 3495 2285 3566 ﬁlium
2323 3510 2432 3549 sese
2477 3493 2796 3548 declararet:
2825 3504 3084 3565 postremo
3121 3495 3486 3568 distinguenda
3538 3514 3650 3554 esse

2119 3605 2234 3662 qua:
2270 3588 2402 3643 dixit
2442 3599 2532 3642 aut
2559 3587 2714 3659 gessit
2759 3588 2991 3643 nondum
3035 3587 3210 3657 homo,
3233 3605 3349 3660 qua:
3361 3591 3478 3662 jam
3497 3592 3650 3648 homo

2119 3685 2430 3754 marituma,
2473 3699 2588 3755 qua
2626 3683 2956 3739 immortalis.
3002 3683 3142 3740 Hinc
3185 3684 3410 3742 duarum
3437 3685 3491 3740 in
3544 3704 3648 3743 uno

2121 3881 2203 3954 (4)
2230 3879 2300 3954 Et
2325 3896 2390 3935 ne
2407 3879 2476 3934 ad
2505 3877 2746 3954 unionem
2770 3875 3006 3948 impium.

2121 3882 2178 3954 (4
2230 3881 2300 3935 Et
2325 3881 2476 3935 nead
2505 3881 2703 3933 unionet

2117 3881 2203 4025 (5i
2228 3951 2340 4008 Nec
2365 3949 2703 4022 separabitur.

2042 4171 2178 4226 tione
2188 4165 2528 4230 exsultantes,
2553 4178 2657 4219 non
2674 4178 2784 4234 spe,
2814 4163 2904 4219 sed
2927 4163 3137 4220 ueritate
3151 4180 3173 4233 ;
3200 4180 3303 4221 non
3325 4163 3381 4220 in
3401 4165 3644 4239 imagine,

2040 4242 2130 4299 sed
2154 4253 2386 4310 corpore.

2115 4313 2187 4385 (ο)
2225 4306 2446 4385 Excusi,
2474 4307 2757 4377 corporalis
2786 4306 3067 4362 secundum
3097 4309 3177 4364 sui
3215 4309 3589 4380 plenitudinem
3618 4327 3636 4365 :

2044 4382 2402 4440 emendantur
2422 4395 2487 4433 ex
2512 4392 2641 4433 mss.

2116 4455 2196 4527 (ά)
2235 4451 2376 4527 Editi
2405 4451 2806 4527 exceptoi‘ar"
2824 4459 2974 4506 natus
2991 4458 3098 4527 _es_t.
3123 4449 3258 4506 Tum
3274 4452 3497 4527 __Bad._et
3523 4453 3642 4527 Cn,

2043 4521 2202 4594 neque
2228 4525 2482 4594 diversum
2505 4530 2594 4594 aut
2617 4521 2836 4576 diuisum
2858 4532 2947 4578 aut
2967 4521 3210 4588 differens
3229 4524 3429 4588 aliquid
3456 4526 3507 4578 in
3529 4522 3642 4578 Deo

1960 4629 2015 4689 1)
2041 4591 2182 4651 υεω
2204 4604 2319 4689 “es:
2348 4591 2631 4689 “flatile
2658 4609 2779 4689 €91“
2812 4594 3123 4689 εῖέξὲξ-εὲιίξξι
3144 4595 3360 4689 erit.
3377 4594 3641 4689 ‘ii‘.°“.€f"‘

2044 4666 2377 4738 corporaliter
2396 4663 2631 4738 _.‘tabit_et,
2662 4673 2793 4738 εξιοἋ
2818 4663 2913 4738 ubi
2955 4666 3006 4717 in
3025 4679 3176 4738 A_tns_s.
3209 4681 3363 4736 quam
3390 4663 3477 4730 id,
3508 4675 3643 4738 e_tc.,

2047 4733 2148 4794 hoc
2178 4749 2280 4801 est,
2315 4737 2366 4790 in
2396 4735 2508 4789 Deo
2540 4735 2696 4790 Patre
2722 4733 2852 4789 nihil
2879 4741 2963 4789 est
2990 4734 3132 4789 aliud
3155 4776 3170 4799 ,
3198 4733 3358 4805 quam
3405 4735 3546 4806 quod
3589 4738 3643 4792 in

2045 4809 2261 4865 Christo
2285 4806 2660 4876 corporaliter.

2118 4881 2190 4954 (e)
2213 4879 2486 4954 “iubas.
2529 4893 2666 4954 ms._,
2696 4877 2909 4933 Martin.
2940 4887 2994 4933 et
3023 4877 3229 4949 aliquot
3265 4877 3358 4954 alii
3384 4878 3642 4954 ,_impius.

2045 4949 2210 5008 Vetus
2256 4949 2410 5007 Colb.
2454 4964 2575 5004 cum
2609 4949 2792 5005 Germ.
2834 4961 2891 5003 ut
2936 4963 3220 5021 supra,7n.
3265 4950 3356 5016 56,
3406 4951 3642 5021 impium.

2047 5024 2237 5078 Postea
2269 5024 2322 5078 in
2355 5022 2628 5092 plerisque
2657 5021 2940 5092 decederet,
2972 5037 3078 5075 non
3111 5020 3386 5076 decideret.

2120 5094 2192 5167 (ι’)
2222 5094 2278 5149 In
2310 5108 2437 5167 mss.
2475 5091 2684 5167 hiartin.
2734 5101 2792 5167 et_
2819 5091 2938 5146 Vat.
2986 5091 3102 5167 bas.
3136 5109 3228 5167 nec
3254 5101 3563 5167 separatur;
3591 5101 3649 5150 et

2048 5162 2220 5232 intra,
2266 5183 2356 5220 nec
2379 5164 2724 5232 discernitur,
2778 5162 2900 5218 loco
2947 5164 3098 5220 verbi
3157 5164 3419 5220 discerni:
3469 5165 3648 5222 minus

2047 5253 2196 5293 vere.

2123 5307 2196 5378 (g)
2220 5306 2374 5378 Apud
2410 5305 2562 5370 Bad.,
2592 5303 2684 5360 Er.
2707 5316 2758 5360 et
2789 5305 2936 5376 Lips.
2975 5306 3315 5362 desideratur
3345 5306 3610 5378 plenitudo
3630 5324 3650 5363 :

2051 5376 2170 5451 quae
2191 5378 2276 5432 hic
2305 5377 2610 5451 declaratur
2635 5392 2739 5451 non
2759 5378 2901 5432 aliud
2925 5393 3046 5451 esse
3071 5418 3098 5451 ε
3110 5393 3270 5451 quam
3297 5378 3439 5451 quod
3465 5376 3654 5436 Chris-

2054 5447 2141 5506 t'us
2170 5457 2271 5505 est.
2306 5447 2424 5502 Mox
2456 5461 2574 5501 cum
2608 5450 2810 5520 optitno
2852 5448 3037 5502 codice
3063 5447 3216 5510 Colb.
3251 5447 3419 5520 magis
3451 5451 3654 5520 placuit

2057 5463 2141 5506 tus
2170 5463 2271 5505 est.
2306 5463 2424 5502 Mox
2456 5463 2574 5501 cum
2608 5463 2810 5571 optimo
2852 5463 2980 5502 εοαιι

2057 5523 2246 5588 excita,
2277 5535 2434 5588 quam
2466 5533 2586 5572 cum
2613 5533 2641 5571 a
2671 5520 2734 5588 iis
2761 5521 2980 5588 exagita.

2135 5591 2212 5663 (lt)
2234 5587 2586 5663 ’Carnutettsis
2607 5587 2777 5644 codex
2802 5631 2816 5663 ,
2847 5587 2880 5644 ὰ
2921 5599 3158 5663 creatura
3196 5590 3376 5646 mundi
3393 5635 3430 5663 ,Α
3457 5605 3595 5646 unus
3623 5597 3658 5649 ὃ

2069 5659 2236 5718 Valic.
2272 5679 2302 5714 a
2323 5659 2611 5714 conditione
2652 5662 2869 5714 mundi:
2909 5677 3014 5716 non
3042 5662 3148 5718 alio
3176 5679 3360 5718 sensu.
3391 5659 3657 5718 Constitu-

2070 5735 2138 5789 tio
2171 5732 2307 5788 idem
2332 5743 2486 5786 sonat
2509 5732 2598 5786 lib.
2631 5746 2704 5794 st,
2731 5746 2785 5785 η.
2816 5731 2903 5787 16.

2146 5804 2216 5887 (ᾗ).
2237 5803 2357 5887 Yat.
2389 5802 2508 5887 bas.
2536 5817 2638 5887 ms.
2667 5816 2790 5887 cum
2817 5803 3036 5887 Martia.
3069 5802 3426 5887 corporaliter.

2154 5877 2222 5950 (j)
2254 5876 2364 5933 lloc
2389 5883 2508 5943 est,
2543 5873 2922 5933 subsistentem
2949 5873 3209 5934 etiecerit.
