4246 6260
582 302 691 360 279

651 415 855 474 Christo
902 428 1203 476 naturarum
1232 421 1419 477 veritas
1442 420 1630 489 diﬂ'use
1653 422 1956 477 adstruitur.

587 506 687 564 His
713 510 895 582 positis
916 552 931 576 ,
964 512 1031 566 ad
1058 513 1284 583 primum
1314 512 1669 567 htereticorum
1709 512 1964 587 objectum
1993 554 2010 582 ,
2046 515 2186 583 Quid

656 602 895 659 medicis
919 602 1118 659 bonum
1140 603 1163 658 ἲ
1187 603 1358 670 Nemo
1387 604 1559 661 bonus
1581 648 1595 672 ,
1626 607 1728 662 nisi
1752 622 1890 663 unus
1915 608 2076 677 Deus,
2108 627 2190 665 re-

654 696 1073 769 ponitChristnm
1105 700 1184 755 his
1208 696 1370 773 rerbis
1398 717 1501 756 non
1527 701 1653 756 boni
1683 714 1774 758 aut
1825 705 2065 775 magistri
2096 722 2189 761 no-

654 809 769 848 men
790 807 1047 864 respuere,
1070 794 1158 847 sed
1180 796 1291 867 ejus
1312 792 1683 864 reprehendere
1707 796 1885 866 ﬁdem,
1908 798 1997 868 qui
2018 798 2187 867 ipsum

654 887 825 942 Deum
849 902 950 941 non
973 885 1206 952 credens,
1237 887 1313 941 sic
1333 897 1499 942 tamen
1527 902 1880 963 nuncuparet;
1922 893 2026 946 imo
2074 909 2185 948 sese

650 981 818 1036 Deum
839 996 901 1034 ac
920 980 1220 1051 magistrum
1240 981 1433 1047 testari,
1463 997 1576 1034 cum
1599 998 1653 1037 se
1672 985 1899 1053 sequenti
1931 984 2185 1039 cmlestem

653 1076 952 1130 thesaurum
973 1074 1265 1144 pollicetur.
1284 1073 1419 1128 Tum
1439 1074 1669 1145 pluribus
1687 1078 2001 1134 demonstrat
2017 1078 2185 1135 Chris'

651 1176 781 1235 tum,
806 1166 1108 1237 ubicumque
1139 1166 1306 1222 Deum
1332 1184 1487 1223 unum
1504 1171 1776 1242 prtedicat,
1803 1189 1857 1226 se
1876 1173 2034 1227 alium
2066 1174 2184 1243 qni-

650 1260 767 1316 dem
794 1278 825 1314 a
847 1258 1006 1316 Patre
1036 1302 1052 1327 ,
1084 1277 1189 1315 non
1207 1271 1376 1317 tamen
1406 1263 1621 1319 alterius
1643 1276 1841 1320 natura:
1864 1266 2178 1338 signiﬁcare.

584 1351 854 1426 Objectum
879 1351 1097 1406 alterum
1122 1393 1137 1418 ,
1181 1363 1238 1409 ut
1265 1355 1441 1410 sciant
1461 1364 1513 1411 te
1551 1357 1725 1412 solum
1754 1375 1937 1414 verum
1968 1360 2137 1416 Deum
2164 1405 2178 1428 ,

647 1454 703 1501 ct
732 1460 890 1516 quem
925 1445 1117 1502 misisti
1147 1445 1331 1503 Jcsum
1354 1445 1651 1515 Christum,
1674 1466 1738 1505 ea:
1756 1454 2107 1523 superioribus
2123 1472 2184 1509 ac

652 1538 962 1593 continuatis
978 1539 1156 1595 huicce
1176 1538 1288 1594 loco
1299 1539 1464 1595 uerbis
1484 1541 1657 1596 diluit.
1684 1541 1784 1598 Ubi
1799 1547 1931 1598 enim
1950 1543 2184 1601 Christus

647 1628 827 1701 (Joan.
861 1631 973 1700 xw}
1014 1629 1188 1684 docuit
1242 1629 1455 1687 Patrem
1488 1633 1542 1687 in
1570 1650 1624 1688 se
1647 1651 1773 1698 esse,
1800 1637 1854 1690 in
1877 1653 1931 1692 se
1949 1639 2184 1709 loquente

540 1721 554 1734 ⁸
647 1722 811 1793 loqui,
834 1722 890 1776 in
919 1739 976 1777 se
997 1732 1243 1793 operante
1271 1726 1502 1795 operari,
1524 1726 1576 1780 in
1599 1741 1651 1781 se
1679 1729 1786 1781 uiso
1815 1729 1975 1784 uideri
1997 1729 2178 1798 (Joan.

1815 308 2056 365 SANCTI
2099 308 2358 367 HILARII
2393 309 2701 369 EPISCOPI

3785 310 3896 370 230

2210 429 2259 488 Α
2355 425 2496 483 solus
2524 426 2672 481 illum
2714 423 2857 483 Filio
2906 444 3007 484 non
3055 438 3225 485 tacet:
3270 431 3429 485 nescit
3470 439 3641 486 autem
3686 424 3892 498 Filius,

2367 523 2488 592 quia
2534 523 2663 578 nulli
2687 525 2891 579 revelat.

2363 706 2523 778 257
2556 707 2603 760 l.
2635 706 2791 761 Libro
2821 707 3087 778 superiore
3112 707 3236 780 quid
3259 710 3567 781 confectum.
3596 707 3735 776 Quid
3763 725 3890 763 con-

2291 803 2534 866 fututum.
2562 832 2630 842 —
2656 801 2975 857 Tractantes
2997 803 3279 872 superiore
3307 804 3445 859 libro
3470 803 3537 859 de
3566 803 3895 861 indill‘erenti

2291 902 2481 947 natura
2518 894 2610 950 Dei
2642 895 2810 965 patris
2834 906 2887 949 et
2915 895 3005 950 Dei
3031 893 3149 961 lilii,
3176 907 3230 951 et
3263 895 3315 951 id
3346 894 3490 966 quod
3527 894 3730 952 dictum
3757 907 3842 952 est
3872 936 3892 964 ,

2290 984 2403 1056 Ego
2422 995 2470 1040 ct
2487 984 2652 1041 Pater
2675 1003 2833 1041 unum
2856 1004 3031 1043 sumus
3047 986 3228 1060 (.loan.
3252 1005 3305 1053 x,
3321 987 3435 1059 58),
3459 987 3898 1045 demonstrantes

2288 1093 2398 1133 non
2423 1076 2491 1133 ad
2521 1078 2823 1135 solitarium
2855 1080 3024 1134 Deum
3053 1079 3339 1150 proﬁcere,
3375 1080 3468 1135 sed
3498 1081 3580 1152 (l)
3609 1081 3677 1136 ad
3705 1082 3888 1136 unita-

2291 1182 2397 1227 tem
2427 1173 2506 1243 (a)
2536 1172 2845 1229 indiscreta:
2874 1172 3608 1243 secundumgenerationem
3632 1172 3889 1229 divinita-

2289 1265 2390 1330 tis;
2421 1265 2549 1320 dum
2577 1280 2751 1337 neque
2771 1265 2992 1321 aliunde
3016 1281 3177 1337 qnam
3200 1280 3265 1320 ex
3291 1265 3404 1321 Deo
3431 1264 3576 1321 Deus
3598 1275 3758 1321 natus
3780 1275 3885 1332 est,

2287 1367 2343 1414 et
2387 1374 2451 1414 ex
2484 1359 2596 1415 Deo
2623 1360 2768 1415 Deus
2800 1375 2906 1414 non
2936 1371 3115 1427 potest
3159 1374 3266 1414 non
3309 1359 3359 1414 id
3399 1374 3522 1416 esse
3563 1359 3710 1431 quod
3750 1360 3894 1417 Deus

2287 1462 2371 1508 est
2402 1468 2417 1507 :
2447 1453 2856 1523 percursisque,
2885 1453 2987 1508 etsi
3026 1468 3135 1507 non
3164 1452 3436 1517 omnibus,
3472 1462 3655 1509 tamen
3692 1452 3761 1509 ad
3803 1455 3889 1508 in-

2288 1545 2640 1616 telligentiam
2668 1543 3068 1601 sufﬁcientibus
3095 1543 3365 1600 dictorum
3396 1543 3705 1601 divinorum
3728 1554 3895 1617 atque

2285 1637 2710 1708 apostolicornm
2744 1636 3106 1704 testimoniis,
3142 1636 3338 1705 quibus
3376 1636 3756 1709 inseparabilis
3797 1652 3894 1693 na-

2288 1738 2405 1784 tura
2436 1743 2503 1784 ac
2531 1740 2769 1800 p0testas
2809 1729 2987 1785 Patris
3012 1744 3077 1785 ac
3109 1729 3234 1785 Filii
3265 1730 3584 1794 docebatur,
3625 1744 3798 1801 usque
3824 1730 3892 1785 ad

646 1813 978 1887 xw).laudat
995 1816 1151 1886 ﬁdem
1173 1816 1534 1890 Apostolorum
1551 1836 1605 1875 se
1619 1822 1859 1876 exitionis
1879 1828 2082 1878 nomine
2103 1841 2187 1880 ve—
2215 1830 2264 1890 B
2291 1823 2434 1878 hunc
2458 1824 2775 1894 apostolica:
2803 1823 2927 1880 ﬁdei
2970 1823 3147 1879 locum
3194 1822 3460 1891 venimus,
3494 1838 3602 1894 quo
3632 1824 3709 1879 ait
3737 1841 3751 1876 :
3793 1822 3888 1878 Vi-

645 1924 702 1963 re
721 1924 786 1963 ea:
808 1906 919 1963 Deo
935 1921 1113 1983 natum
1134 1910 1484 1981 credentium,
1506 1929 1568 1967 ac
1587 1915 1790 1970 tandem
1811 1914 1990 1987 (locu.
2023 1917 2179 1992 xvn),

646 2002 893 2056 honorem
913 2003 987 2056 ita
1006 2017 1040 2056 a
1065 2001 1226 2059 Patre
1246 2004 1489 2075 postulat,
1516 2017 1573 2061 ut
1594 2008 1814 2064 vicissim
1836 2008 2183 2069 honoraturus

643 2094 710 2148 sit
753 2094 1131 2162 honorantem;
1176 2096 1251 2150 ita
1274 2107 1573 2162 potestatem
1596 2102 1815 2173 accipit,
1846 2114 1971 2158 utet
2023 2107 2183 2176 possit

643 2187 784 2240 omni
815 2187 961 2241 carni
1006 2188 1164 2242 vitam
1186 2199 1431 2245 internum
1455 2190 1639 2261 largiri
1663 2234 1679 2260 ,
1710 2210 1802 2248 nec
1817 2195 2001 2251 habeat
2030 2198 2183 2268 quid-

641 2294 795 2348 quam
822 2279 993 2334 minus
1021 2295 1052 2333 a
1074 2278 1270 2337 Patre:
1289 2282 1369 2338 his
1395 2284 1629 2339 omnibus
1653 2286 1891 2342 indicans
1906 2304 1959 2344 se
1979 2305 2041 2344 ea:
2072 2289 2184 2347 Pa-

640 2379 718 2425 tre
738 2377 934 2437 natum,
960 2381 1138 2426 etcum
1161 2389 1218 2427 eo
1239 2384 1423 2430 natura
1444 2393 1625 2432 unum.
1653 2376 1851 2434 Deinde
1870 2397 1935 2436 ea:
1950 2383 2181 2453 ipsismet

646 2462 859 2533 objectis
885 2464 1048 2521 verbis
1068 2467 1274 2537 con/icit
1293 2466 1553 2523 Christum
1575 2487 1607 2524 a
1630 2469 1788 2527 Patre
1812 2489 1914 2529 non
1935 2490 2181 2545 separan-

643 2555 768 2611 dum
802 2572 912 2611 esse
930 2567 1140 2625 natura,
1162 2560 1252 2630 qui
1285 2576 1388 2614 non
1408 2564 1727 2632 separandus
1752 2575 1825 2619 est
1862 2566 1995 2633 ﬁde,
2025 2583 2182 2639 neque

644 2652 755 2708 sine
770 2651 1080 2707 contumelia
1092 2654 1265 2708 vocari
1282 2653 1451 2710 Deum
1466 2671 1638 2713 ueriun
1658 2668 1872 2728 patrem,
1887 2661 1931 2715 si
1945 2662 2181 2730 credatur

644 2746 815 2818 ﬁlium
856 2748 1111 2819 peperisse
1150 2748 1466 2820 degenerem.
1509 2750 1742 2823 Denique
1783 2770 1847 2809 ea:
1873 2756 2181 2812 continuatis

646 2838 843 2908 objecta
868 2838 980 2892 loco
1008 2839 1172 2894 verbis
1197 2856 1351 2895 unam
1395 2841 1569 2898 Patris
1596 2853 1643 2898 et
1673 2842 1804 2899 Filii
1830 2845 2052 2916 gloriam
2072 2864 2181 2903 esse

647 2929 857 2999 copiose
882 2931 1239 3003 subtiliterque
1256 2934 1513 2990 edisserit.

575 3017 768 3076 Postea
792 3036 859 3075 ea:
884 3024 1154 3078 occasione
1181 3065 1196 3089 ,
1238 3041 1353 3094 qute
1394 3025 1562 3082 locum
1608 3030 1748 3085 dedit
1773 3031 1967 3087 Christi
1993 3033 2127 3089 dicto
2158 3075 2174 3103 ,

646 3112 765 3168 Non
792 3122 970 3185 potest
1011 3115 1188 3172 Filius
1233 3119 1303 3175 ab
1323 3134 1384 3175 se
1423 3119 1601 3177 facere
1634 3124 1924 3196 quidquam
1952 3168 1967 3193 ,
1995 3129 2178 3184 evincit

2285 1917 2396 1971 dcte
2424 1932 2485 1971 ne
2520 1917 2636 1986 quis
2663 1933 2752 1971 vos
2782 1917 2996 1971 seducat
3035 1933 3128 1987 per
3167 1916 3553 1987 philosophiam
3592 1925 3640 1971 et
3677 1916 3888 1971 inanem

2282 2012 2631 2082 dcccptionem
2650 2011 2929 2067 secundum
2953 2011 3279 2066 traditionem
3300 2010 3588 2076 hominum,
3604 2008 3889 2063 secundum

2282 2106 2534 2160 elementa
2562 2105 2766 2171 mundi,
2796 2114 2841 2160 et
2876 2120 2976 2160 non
3005 2105 3287 2160 secundum
3324 2102 3588 2158 Christum
3620 2118 3640 2159 :
3666 2102 3789 2173 quia
3832 2101 3889 2155 in

2280 2197 2396 2269 ipso
2436 2198 2693 2253 inhabitat
2732 2199 2899 2253 omnis
2930 2196 3197 2269 plenitudo
3227 2196 3513 2251 divinitatis
3554 2194 3889 2268 corporaliter

2281 2291 2507 2366 (Coloss.
2563 2308 2622 2360 tt,
2655 2291 2710 2359 8,
2766 2291 2840 2364 9).
2869 2291 2928 2347 In
2955 2306 3085 2363 quo,
3121 2306 3216 2362 per
3245 2290 3606 2360 corporaliter
3634 2287 3884 2344 habitan-

2282 2392 2394 2441 tem
2435 2384 2490 2440 in
2525 2399 2593 2441 eo
2629 2382 2935 2460 divinitatis
2975 2383 3391 2455 plenitudinem,
3439 2397 3627 2439 verum
3673 2390 3729 2437 et
3761 2396 3887 2451 per-

2282 2477 2482 2535 fectum
2514 2487 2570 2534 et
2597 2486 2837 2549 paterna:
2863 2486 3072 2533 natura:
3102 2476 3271 2533 Deum
3303 2475 3664 2533 demonstrari
3686 2473 3878 2531 docui-

2282 2589 2405 2629 mus
2452 2591 2466 2629 :
2508 2573 2582 2629 ita
2631 2581 2692 2628 ut
2731 2572 2983 2628 habitans
3018 2570 3296 2643 plenitudo
3343 2584 3446 2626 nee
3483 2568 3761 2625 diversum
3802 2569 3887 2624 in-

2283 2666 2617 2738 telligeretur
2663 2667 3015 2736 signiﬁcare,
3083 2679 3260 2736 neque
3312 2667 3533 2719 unicum
3585 2680 3599 2717 :
3653 2676 3779 2718 cum
3826 2668 3885 2718 et

2283 2758 2640 2831 incorporalis
2690 2758 2786 2815 Dei
2834 2758 3136 2830 corporalis
3186 2758 3450 2815 habitatio
3500 2757 3881 2829 proprietatem

2280 2851 2543 2906 naturalis
2571 2851 2789 2905 unitatis
2817 2852 2869 2905 in
2895 2850 3007 2905 Deo
3035 2851 3127 2921 qui
3159 2866 3224 2905 ex
3256 2849 3370 2904 Deo
3409 2849 3741 2905 substitisset
3776 2847 3882 2904 do-

2280 2952 2465 3010 ceret;
2495 2950 2552 2999 et
2585 2942 2840 2999 habitans
2879 2942 2931 2998 in
2972 2940 3192 2998 Christo
3232 2942 3398 3008 Deus,
3431 2939 3779 2997 subsistentis
3804 2938 3884 3012 (ὁ)

2279 3033 2482 3091 Christi
2512 3035 2877 3101 nativitatem,
2907 3033 3036 3090 dum
3063 3034 3183 3104 ejus
3206 3042 3293 3089 est
3317 3034 3607 3099 habitator,
3630 3031 3884 3088 ostende-

2280 3138 2384 3185 ret.
2410 3128 2516 3184 Per
2551 3127 2693 3199 quod
2731 3128 2996 3199 impietati
3033 3144 3219 3185 eorum
3248 3129 3381 3184 satis
3421 3142 3699 3199 superque
3740 3126 3887 3183 arbi-

650 3201 783 3259 Filii
811 3222 927 3261 cum
954 3205 1114 3263 Patre
1140 3211 1489 3279 (equalitatem
1511 3255 1527 3282 ,
1556 3214 1743 3270 nedum
1779 3218 2133 3287 inﬁrmitatem
2158 3265 2173 3289 ,
2204 3226 2250 3290 C
2283 3231 2398 3278 tror
2414 3222 2581 3279 fuisse
2607 3237 2953 3294 responsum,
2976 3223 3069 3295 qui
3099 3223 3172 3286 id,
3196 3222 3343 3294 quod
3367 3237 3399 3276 a
3420 3222 3651 3278 Domino
3681 3221 3885 3277 dictum

649 3297 870 3354 ostendi.
900 3298 1026 3354 Cum
1054 3303 1189 3356 enim
1210 3303 1389 3359 uiolati
1430 3305 1627 3362 sabbati
1652 3318 1848 3364 reatum
1888 3312 2176 3385 objicienti-

649 3388 742 3444 bus
785 3388 987 3446 Judwis
1015 3392 1112 3447 hoc
1140 3397 1450 3467 respondens
1467 3438 1484 3464 ,
1518 3399 1748 3468 proxime
1775 3413 1925 3459 antea
1948 3406 2177 3474 praemit-

650 3490 726 3536 tat
752 3523 769 3549 ,
825 3483 985 3540 Pater
1031 3500 1185 3542 meus
1229 3504 1398 3559 usque
1442 3491 1604 3546 modo
1646 3502 1931 3564 operatur,
1989 3506 2044 3552 et
2082 3514 2182 3570 ego

650 3586 878 3644 operor;
927 3577 1025 3631 sibi
1053 3577 1301 3647 Patrique
1328 3597 1486 3635 unam
1515 3593 1560 3637 et
1584 3569 1903 3642 communem
1925 3605 2035 3645 esse
2060 3569 2183 3663 ope-

649 3665 899 3722 rationem
937 3668 1207 3725 declarat:
1233 3672 1367 3727 sicut
1402 3689 1456 3729 se
1491 3676 1763 3745 conﬁrmat
1806 3681 1854 3734 ei
1892 3684 2139 3753 (aqualem
2163 3726 2179 3751 ,

650 3775 766 3815 cum
804 3761 986 3817 iisdem
1007 3763 1215 3836 indigne
1239 3766 1520 3837 ferentibus
1545 3773 1683 3841 quod
1724 3776 1974 3844 aequalem
2002 3795 2055 3832 se
2075 3777 2185 3835 Deo

649 3852 873 3924 faceret,
916 3855 1091 3909 statim
1134 3857 1339 3926 subjicit
1362 3900 1378 3925 ,
1415 3860 1781 3936 Quaecumque
1807 3868 1951 3926 enim
1983 3870 2074 3927 ille
2103 3871 2182 3927 ia-

564 3968 567 3971 λ
650 3948 769 4015 cit,
816 3948 1004 4006 eadem
1056 3959 1111 4007 et
1151 3951 1321 4010 Filius
1370 3955 1621 4013 similiter
1657 3959 1801 4015 facit.
1859 3961 1975 4019 Una
2031 3966 2183 4022 etiam

652 4041 922 4113 utriusque
969 4044 1205 4100 voluntas
1248 4047 1464 4104 subinde
1509 4050 1911 4113 demonstratur.

577 4134 663 4192 Ad
690 4135 746 4190 id
781 4137 920 4207 quod
962 4147 1145 4207 quarto
1192 4139 1479 4214 objiciunt,
1509 4143 1668 4201 Pater
1721 4149 1894 4219 major
1937 4165 2024 4208 me
2059 4161 2183 4219 est,

650 4228 748 4283 hoc
768 4229 998 4284 concedit
1014 4246 1127 4285 vere
1150 4231 1273 4299 dici,
1302 4234 1422 4303 quia
1441 4243 1620 4291 auctor
1641 4235 1774 4293 Filii
1798 4251 1892 4308 est,
1911 4243 2000 4313 qui
2026 4259 2187 4315 neque

651 4320 808 4376 Patri
822 4322 1104 4393 tequandus
1120 4334 1193 4380 cst
1214 4328 1490 4383 secundum
1510 4333 1729 4402 formam
1749 4336 1897 4390 servi.
1925 4335 1989 4392 Si
2016 4348 2186 4392 autem

654 4411 818 4471 Pater
839 4418 1007 4483 maior
1020 4426 1098 4472 est
1121 4415 1281 4487 Filio,
1304 4422 1426 4489 quia
1446 4422 1493 4477 ei
1506 4423 1594 4479 dat
1616 4425 1756 4495 quod
1770 4436 1866 4493 est;
1888 4425 2062 4483 Filius
2083 4446 2183 4486 non

653 4519 729 4565 est
751 4510 919 4564 minor
938 4508 1118 4577 Patre,
1150 4513 1272 4584 quia
1287 4514 1343 4568 id
1371 4532 1520 4571 omne
1537 4519 1727 4589 accipit
1745 4522 1882 4589 quod
1910 4520 2070 4578 Pater
2087 4534 2179 4580 est.

2281 3327 2364 3374 est
2400 3337 2414 3374 :
2451 3318 2556 3386 Qui
2577 3333 2658 3373 me
2686 3317 2835 3384 vidit,
2863 3317 2991 3372 uidit
3030 3326 3076 3372 et
3105 3315 3318 3373 Patrem
3341 3313 3526 3391 (Joan.
3567 3330 3683 3382 xiv,
3708 3312 3799 3387 9);
3831 3325 3888 3370 ct

2282 3408 2444 3464 Pater
2466 3410 2522 3463 in
2551 3425 2654 3476 me,
2677 3420 2728 3465 et
2758 3426 2850 3481 ego
2881 3410 2934 3463 in
2960 3408 3118 3464 Patre
3149 3409 3327 3483 (Joan.
3355 3425 3411 3473 ι,
3442 3408 3535 3480 38)
3556 3427 3569 3474 ;
3594 3419 3672 3473 et,
3702 3406 3816 3479 Ego
3839 3417 3888 3463 et

2283 3500 2444 3557 Pater
2466 3519 2625 3556 unum
2655 3519 2834 3557 sumus
2867 3500 3056 3575 (lbid.,
3081 3503 3171 3574 50)
3194 3519 3210 3569 ;
3247 3511 3321 3578 et,
3355 3502 3544 3556 Omnia
3570 3517 3685 3572 qua:
3708 3499 3886 3555 Patris

2281 3606 2420 3662 sunt,
2465 3612 2577 3651 mea
2621 3605 2740 3650 sunt
2777 3594 2961 3669 (Joan.
2991 3611 3102 3655 ιη.
3149 3594 3258 3667 l5),
3304 3594 3376 3669 (c)
3418 3593 3487 3649 ad
3526 3595 3794 3651 unitatem
3831 3601 3889 3650 et

2284 3687 2632 3743 concordiam
2660 3688 2954 3743 voluntatis
2982 3688 3249 3743 referrent
3277 3706 3290 3743 :
3323 3694 3382 3741 ut
3416 3686 3541 3758 quia
3583 3685 3712 3742 dicti
3755 3684 3888 3742 ﬁdes

2286 3791 2556 3848 maneret,
2587 3780 2723 3837 dicti
2748 3791 2927 3837 tamen
2954 3781 3364 3853 intelligentiam
3392 3781 3600 3837 fallacis
3621 3780 3886 3837 doctrina:

2285 3876 2480 3947 religio
2529 3878 2788 3932 ementita
2837 3885 3251 3946 corrumperet;
3289 3884 3347 3931 et
3387 3890 3509 3931 cum
3559 3876 3743 3947 negari
3778 3889 3888 3930 non

2286 3979 2473 4040 posset
2501 3968 2555 4023 in
2587 3967 2671 4023 bis
2694 3968 2778 4041 (ά)
2812 3968 3149 4024 voluntatum
3179 3982 3453 4034 assensus,
3481 3968 3535 4024 in
3571 3967 3767 4040 quibus
3793 3982 3885 4022 na-

2288 4072 2424 4119 tum
2455 4063 2637 4119 unitas
2678 4061 3031 4133 praedicatur,
3075 4062 3142 4118 ad
3189 4061 3513 4118 abolendam
3558 4073 3735 4119 tamen
3767 4076 3889 4118 eam

2287 4167 2410 4225 qua:
2452 4153 2751 4211 secundum
2803 4155 3141 4211 nativitatem
3188 4165 3271 4211 est
3319 4157 3615 4225 unitatem,
3656 4159 3890 4213 societas

2288 4259 2497 4306 tantum
2535 4252 2844 4308 concordia:
2881 4251 3215 4308 crederetur.
3256 4252 3363 4309 Sed
3405 4253 3568 4309 beato
3605 4252 3884 4325 Apostolo,

2289 4352 2407 4414 post
2426 4344 2591 4399 multa
2614 4343 2878 4400 naturalis
2898 4342 3064 4417 258
3080 4344 3324 4400 veritatis
3349 4361 3456 4399 non
3479 4344 3728 4416 ambigua
3747 4359 3888 4415 prta.

2288 4437 2465 4504 conia,
2515 4438 2880 4508 corporaliter
2920 4437 3215 4494 habitantis
3255 4437 3558 4494 divinitatis
3595 4437 3892 4509 plenitudi-

2289 4546 2412 4586 nem
2447 4532 2499 4585 in
2531 4531 2747 4587 Christo
2784 4531 3015 4589 docente
3040 4573 3054 4599 ,
3085 4532 3328 4588 abscissa
3370 4543 3458 4588 est
3495 4532 3675 4588 cannis
3711 4531 3891 4602 impia:

583 4600 854 4659 Postremo
880 4604 1243 4699 ignorantiam
1268 4649 1282 4676 ,
1333 4626 1486 4680 quam
1535 4613 1757 4669 hieretici
1801 4614 2005 4672 Christo
2039 4620 2183 4690 a/ﬁn-
2210 4622 2266 4682 D
2292 4624 2611 4679 temeritatis
2637 4623 2888 4690 assertio,
2917 4639 3039 4699 cum
3072 4624 3374 4680 naturalem
3408 4626 3673 4681 unitatem
3705 4600 3889 4682 incor-

651 4705 798 4769 gunt,
832 4696 1064 4767 pluribus
1103 4701 1416 4771 argumentis
1436 4704 1654 4774 repellit.
1682 4703 1804 4761 Non
1825 4709 1959 4762 enim
1989 4710 2181 4780 judicii

653 4788 791 4842 diem
806 4788 1044 4860 ignorare
1070 4792 1231 4858 potuit
1256 4792 1483 4847 omnium
1495 4795 1748 4861 conditor,
1777 4797 1879 4852 diei
1900 4798 2056 4870 hujus
2080 4819 2178 4858 no-

651 4878 884 4933 minatim
921 4889 1101 4933 anctor
1120 4897 1181 4934 ac
1205 4880 1459 4940 Dominus
1475 4925 1491 4951 ,
1519 4902 1666 4955 quem
1688 4887 1818 4942 nihil
1847 4888 2003 4946 Pater
2026 4892 2177 4962 celat,

651 4972 708 5029 in
731 4988 831 5044 quo
859 4989 1031 5029 omnes
1052 4975 1276 5031 thesauri
1295 4977 1519 5036 scientia:
1537 4991 1673 5038 sunt.
1700 4982 1835 5050 Quia
1862 4995 2033 5044 tamen
2061 4992 2179 5047 abs-

655 5067 801 5122 consi
822 5076 976 5132 sunt,
1008 5077 1144 5124 recte
1159 5070 1352 5127 nescire
1377 5088 1432 5127 se
1474 5075 1635 5142 dicit,
1662 5079 1801 5148 quod
1838 5096 1940 5135 non
1964 5095 2037 5137 est
2074 5085 2181 5139 elo-

651 5160 926 5229 quendum.
956 5159 1113 5216 Solus
1137 5168 1308 5235 itaque
1331 5162 1492 5221 Pater
1525 5166 1658 5223 diem
1676 5170 1868 5243 judicii
1900 5175 1993 5229 scit
2017 5218 2033 5246 ,
2061 5178 2181 5249 quia

604 5310 607 5311 ν
655 5268 741 5344 (l)
772 5272 852 5328 Ad
886 5272 1205 5331 divinitatem
1227 5275 1516 5334 indiscreta:
1543 5289 1762 5340 natum.

658 5385 753 5470 (a)_
768 5385 828 5441 In
849 5388 1082 5470 vulgatis
1107 5397 1162 5446 et
1180 5392 1455 5470 nonnullis
1487 5410 1619 5453 mss.
1648 5397 1940 5457 indiscreta:
1960 5410 2181 5459 naturae.

582 5458 644 5517 In
669 5458 1005 5542 solocodice
1033 5460 1150 5542 bas.
1180 5460 1330 5542 vat,
1361 5464 1613 5542 discretis,
1637 5471 1792 5542 cujus
1814 5488 2023 5529 necnon
2049 5458 2185 5532 Car?

585 5531 914 5607 nut.,trinm
961 5531 1140 5607 Colb_.,
1166 5536 1324 5607 unius
1362 5531 1848 5607 Sorbon.,Martin.
1895 5558 1957 5599 ac
1996 5531 2182 5604 Germ.

585 5601 909 5672 auctoritate
938 5604 1255 5661 sustulimus
1282 5605 1477 5665 deinde
1502 5601 1820 5669 vocabulum
1851 5601 2071 5672 naturae.

592 5676 599 5682 ‘
662 5672 736 5744 (b)
779 5671 835 5727 Id
866 5674 1371 5756 estL‘subsist-entia
1406 5682 1666 5756 disdncti.
1698 5684 1884 5756 Neque
1928 5671 2057 5744 vero
2095 5690 2185 5749 hic

584 5757 684 5867 ger
708 5759 769 5798 se
798 5744 1097 5827 ostenditur
1126 5749 1375 5830 natiyitas
1402 5769 1415 5805 :
1441 5754 1536 5808 sed
1562 5770 1686 5811 cum
1708 5744 1848 5812 alius
1873 5759 1944 5814 sit
1966 5744 2180 5831 quibs;

624 5811 807 5867 itatur.
840 5812 976 5867 altus
1002 5820 1095 5867 dm
1137 5815 1376 5867 habitat:
1420 5822 1592 5867 Ράινῑε
1621 5822 1914 5867 ιιςιιιίηιηιίρ
1966 5840 2016 5867 ω
2063 5832 2180 5867 mm

624 5811 807 5881 itatur,
840 5811 976 5871 illius
1002 5814 1095 5884 qui
1137 5815 1377 5887 habitat;
1417 5822 1592 5881 Patris
1621 5811 1941 5899 habitantis,
1966 5811 2182 5892 ἐπ’ιῇῑῆ

2288 4718 2490 4788 poralis
2518 4716 2815 4772 divinitatis
2841 4718 3099 4774 habitatio
3123 4720 3426 4791 corporalis
3445 4719 3691 4778 efﬁceret
3716 4739 3729 4777 :
3754 4732 3810 4776 ut
3834 4721 3888 4776 id

2285 4808 2428 4882 quod
2469 4825 2577 4865 non
2621 4810 2771 4866 solus
2816 4818 2903 4869 est
2947 4811 3136 4881 Filius,
3180 4813 3276 4869 sed
3317 4813 3460 4886 quod
3507 4813 3561 4870 in
3599 4828 3667 4869 eo
3710 4822 3891 4869 manet

2286 4903 2479 4971 Pater;
2510 4919 2687 4976 neque
2715 4903 2891 4960 solum
2923 4913 3127 4973 manet,
3152 4908 3247 4961 sed
3300 4913 3355 4962 et
3401 4914 3660 4976 operatur
3706 4913 3765 4961 et
3809 4906 3890 4960 lo-

2287 4998 2511 5068 quitur;
2558 5014 2736 5072 neque
2790 4998 2964 5056 solum
3039 5009 3291 5071 operatur
3345 5012 3400 5057 et
3464 5000 3740 5071 loquitur,
3791 4999 3889 5057 sed

2286 5099 2343 5147 et
2403 5092 2618 5149 videtur
2688 5090 2815 5166 (e),‘
2855 5107 2963 5149 non
3034 5093 3141 5149 sint
3200 5097 3583 5165 nuncupativa,
3625 5092 3721 5151 sed
3786 5107 3884 5149 ve-

2285 5198 2348 5239 ra
2380 5226 2396 5250 ,
2438 5184 2567 5244 dum
2611 5185 2774 5259 habet
2824 5186 2879 5242 in
2950 5200 3010 5244 se
3051 5201 3146 5258 per
3188 5199 3588 5248 sacramentum
3636 5186 3892 5246 nativita-

2290 5406 2346 5462 in
2373 5421 2482 5477 quo
2513 5406 2742 5474 habitat,
2767 5408 3116 5486 subsistentia
3151 5426 3260 5486 non
3296 5427 3400 5469 una
3434 5414 3771 5486 signiﬁcatur
3795 5435 3808 5471 :
3832 5426 3892 5475 et

2289 5487 2689 5557 consequenter
2731 5481 3032 5557 ostenditur
3080 5481 3354 5552 nativitas,
3404 5481 3513 5557 qua
3560 5489 3677 5545 sola
3717 5488 3891 5547 Filius

2292 5549 2432 5604 alios
2455 5565 2484 5604 a
2513 5550 2672 5606 Patre
2699 5552 2967 5607 subsistit.

2361 5619 2434 5691 (c)
2467 5621 2611 5692 Lips.
2643 5633 2697 5677 et
2722 5622 2870 5690 P.ir.,
2897 5623 2967 5678 ad
2993 5628 3401 5684 unanimitatem.

2364 5691 2445 5764 (d)
2468 5693 2522 5748 In
2549 5709 2650 5749 ms.
2682 5693 2919 5761 Marum,
2947 5699 3248 5755 voluntatis.

2288 5823 2317 5847 .,
2358 5763 2587 5847 ίθ).ΡίὶΙ;;
2619 5772 2740 5835 post
2761 5765 3009 5847 Lipsium
3043 5770 3271 5847 pra-ﬁxo
3310 5771 3399 5829 hic
3431 5784 3630 5847 puncto
3669 5777 3890 5847 subjicit

2284 5833 2502 5906 deinde,
2533 5833 2658 5893 Non
2686 5833 3011 5910 sunt,‘quasi
3041 5833 3158 5901 haec
3185 5859 3216 5900 a
3239 5833 3609 5919 superioribus
3635 5833 3885 5910 absoluta
