4246 6260
337 353 455 413 281

1575 358 1663 414 DE
1694 357 2068 420 TRINITATE
2109 362 2306 419 LIBER
2346 363 2437 420 IX.

3548 368 3655 424 282

346 475 419 531 tis
443 471 521 546 (α)
548 481 604 529 et
643 471 815 528 virtus
843 471 1119 539 virtutem,
1147 480 1204 529 et
1244 481 1486 545 potestas
1522 485 1871 548 potestatem,
1909 486 1965 534 et
1990 482 2046 544 Α
2068 478 2219 535 lubili
2248 480 2527 553 abnegatm
2556 479 2851 536 divinitatis
2880 479 3216 553 professione
3242 481 3571 539 subvertisse
3596 496 3654 539 se

344 579 543 626 natura
586 577 868 633 naturam;
917 576 1107 624 tenens
1151 583 1249 639 per
1282 569 1621 627 nativitatem
1664 571 1778 642 ipsa
1808 574 1952 644 quod

346 676 505 719 Suum
536 669 640 729 est,
675 669 731 716 et
758 676 828 716 ex
853 674 912 715 se
940 660 1014 732 (b)
1060 676 1160 732 per
1200 662 1489 732 imaginem
1530 663 1772 720 referens
1807 665 1951 736 quod

347 758 405 816 in
436 773 498 814 se
526 767 634 824 est,
665 756 796 812 dum
827 766 882 811 et
904 757 1080 828 imago
1104 769 1186 814 cat
1215 759 1452 814 auctoris
1479 767 1535 815 et
1563 758 1794 826 veritas;
1827 760 1951 829 quia

346 852 592 927 perfecta
638 855 896 909 nativitas
940 853 1236 924 perfectam
1279 856 1565 925 imaginem
1612 863 1851 925 prmsmt,
1899 864 1954 912 et

344 945 629 1018 plenitudo
654 946 956 1001 divinitatis
992 946 1354 1018 corporaliter
1393 946 1699 1003 inhabitans
1727 959 1942 1003 natura-

346 1039 458 1096 lem
489 1039 699 1095 obtinet
726 1039 1035 1094 veritatem.

420 1133 478 1188 2.
519 1133 807 1204 Scriptura:
847 1132 1031 1203 quibus
1073 1133 1358 1188 abutuntur
1390 1134 1595 1189 Ariani.
1631 1131 1736 1189 Cur
1773 1150 1951 1189 earum

343 1243 559 1283 sensum
600 1244 701 1281 non
744 1236 1108 1297 assequamur.
1134 1255 1207 1267 —
1235 1226 1300 1281 Et
1346 1226 1462 1281 haec
1502 1226 1720 1297 quidem
1763 1241 1951 1298 quam-

340 1321 432 1377 vis
462 1318 534 1395 (c)
557 1322 629 1376 ita
652 1335 710 1377 se
738 1329 794 1375 ut
818 1329 949 1376 sunt
983 1320 1252 1385 habeant,
1285 1320 1409 1392 quia
1452 1322 1713 1377 naturalis
1740 1336 1805 1376 ex
1838 1321 1950 1376 Deo

340 1414 492 1471 Deus
535 1430 642 1469 non
684 1422 860 1484 potest
914 1416 1015 1470 nisi
1058 1416 1110 1470 in
1152 1430 1213 1470 ea
1260 1416 1558 1471 nativitatis
1602 1431 1715 1471 sum
1758 1425 1947 1470 natura

338 1519 467 1562 esse
489 1504 568 1579 (ά)
594 1521 695 1576 qua
724 1505 868 1561 Deus
904 1516 1010 1573 est,
1037 1516 1091 1562 et
1113 1507 1345 1563 viventis
1384 1518 1592 1562 naturae
1632 1507 1949 1563 indifferens

340 1598 525 1654 unitas
561 1597 943 1669 inseparabilis
981 1613 1012 1653 a
1050 1612 1109 1654 se
1136 1607 1222 1655 est
1262 1599 1364 1654 sub
1405 1599 1633 1655 viventis
1672 1599 1949 1655 nativitate

339 1699 597 1746 naturae:
629 1697 809 1744 tamen
838 1706 933 1760 per
958 1688 1081 1744 fidei
1118 1689 1446 1759 evangelicae
1484 1692 1778 1746 salutarem
1818 1707 1950 1746 cou-

337 1781 631 1839 fessionem
660 1781 965 1854 subrepunt
1010 1782 1249 1838 haeretici
1283 1780 1352 1855 (e)
1400 1781 1467 1838 ad
1509 1784 1753 1838 veritatis
1795 1784 1943 1838 exci-

2058 573 2218 631 ﬁdem
2242 576 2503 632 Ecclesiae
2523 575 2840 653 gloriantur,
2871 591 2993 632 cum
3020 576 3267 647 relegunt
3297 594 3310 630 :
3344 574 3424 631 De
3448 575 3532 631 die
3559 592 3657 631 au-

2057 676 2156 722 tem
2185 666 2278 722 illa
2304 676 2348 722 et
2385 668 2511 723 hora
2538 685 2688 722 nemo
2717 669 2833 735 scit,
2865 656 3025 740 neque
3066 667 3249 740 Angeli
3277 669 3332 722 in
3359 668 3519 736 catis,
3563 684 3656 723 nec

2057 759 2249 825 Filius,
2296 762 2397 816 nisi
2438 758 2597 816 Pater
2634 764 2776 816 satus
2812 761 3007 830 (Marc.
3042 777 3163 829 xm,
3196 759 3309 832 52).
3344 760 3459 816 Νοιι
3506 761 3652 817 enim

2056 855 2269 912 videtur
2315 855 2665 926 exmquabilis
2718 871 2813 924 per
2862 855 3198 911 nativitatem
3250 868 3375 910 esse
3425 862 3650 921 natura,

2054 965 2175 1023 qua:
2224 949 2575 1021 ignorationis
2619 950 2691 1004 sit
2733 949 3057 1005 necessitate
3098 948 3346 1016 diversa;
3387 958 3441 1004 et
3488 948 3653 1004 Pater

2053 1041 2280 1099 sciendo
2307 1057 2369 1096 ac
2394 1041 2567 1097 Filius
2608 1040 2902 1096 nesciendo
2929 1040 3278 1097 manifestent
3311 1040 3651 1096 dissimilitu-

2052 1134 2234 1191 dinem
2274 1133 2571 1189 divinitatis
2606 1150 2619 1187 :
2653 1134 2775 1203 quia
2817 1142 2872 1188 et
2918 1132 3166 1204 ignorare
3200 1133 3343 1188 Deus
3381 1131 3513 1188 nihil
3557 1131 3653 1188 de-

2053 1229 2201 1295 beat,
2235 1237 2291 1284 et
2318 1228 2575 1299 ignorans
2604 1242 2710 1281 non
2742 1224 3138 1296 comparandus
3166 1226 3238 1280 sit
3265 1224 3330 1280 ad
3364 1224 3648 1282 scientem.

2052 1320 2159 1378 Sed
2189 1321 2304 1376 lttec
2333 1320 2511 1375 omnia
2536 1361 2551 1386 ,
2586 1333 2685 1374 nec
2713 1320 2921 1374 ratione
2952 1317 3345 1389 intelligentes,
3388 1331 3487 1374 nec
3516 1326 3653 1374 tem-

2052 1414 2273 1485 poribus
2312 1413 2703 1477 discernentes,
2746 1427 2847 1466 uec
2894 1411 2974 1484 (Ιι)
3015 1411 3365 1467 sacramentis
3413 1426 3646 1481 evange-

2051 1507 2169 1565 licis
2218 1505 2724 1578 apprehendentes,
2771 1520 2872 1561 uec
2918 1504 3186 1559 dictorum
3238 1504 3527 1559 virtutibus
3574 1504 3638 1577 (ἰ)

2050 1599 2371 1667 sentientes,
2403 1599 2569 1655 stulto
2594 1608 2756 1670 atque
2784 1598 3037 1669 imperito
3063 1597 3246 1654 furore
3271 1599 3537 1654 adversus
3567 1597 3647 1654 di-

2050 1695 2292 1752 vinitatis
2345 1704 2595 1750 naturam
2649 1695 2965 1765 l0quuntur,
3017 1694 3082 1750 ad
3134 1695 3434 1766 implendas
3491 1710 3649 1751 aures

2051 1788 2414 1860 ignorantium
2438 1788 2551 1841 sola
2595 1787 2710 1842 haec
2739 1796 2793 1842 et
2833 1786 2970 1841 nuda
3002 1795 3389 1853 memorantes,
3418 1798 3510 1842 aut
3553 1787 3651 1844 ab-

335 1873 516 1941 dillm.
550 1884 606 1930 ιιι
641 1875 946 1930 ηθιιιηιεηῖ
991 1874 1129 1930 Filio
1157 1874 1447 1931 άθιηιιθηῑ
1484 1878 1745 1931 “ﬁnalem
1770 1918 1784 1942 ι
1815 1875 1942 1930 dum
1975 1881 2022 1941 Β
2049 1883 2407 1939 solutionibus
2434 1896 2623 1937 eorum
2653 1880 2850 1947 tacitis,
2881 1890 2971 1935 aut
2991 1881 3207 1936 causis:
3236 1896 3357 1937 cum
3380 1880 3647 1937 dictorum

338 1970 501 2027 aliter
525 1978 687 2041 atque
712 1969 780 2024 ad
808 1970 950 2025 aliud
975 1969 1139 2034 dicta,
1167 1969 1325 2028 aliter
1344 1978 1509 2041 atque
1538 1970 1590 2024 iu
1618 1971 1759 2024 aliud
1789 1971 1950 2027 intel-

340 2064 557 2136 ligenda
581 2072 930 2135 componunt.
956 2063 1224 2136 Negantes
1247 2066 1424 2134 itaque
1450 2065 1542 2120 Dei
1568 2064 1761 2131 tilium,
1792 2075 1949 2120 utun-

340 2167 429 2215 tur
454 2174 518 2215 ea
546 2162 864 2214 auctoritate
889 2175 994 2231 qua
1026 2160 1225 2215 dixerit
1252 2177 1266 2214 :
1299 2159 1439 2226 Quid
1467 2176 1545 2213 me
1570 2160 1697 2213 dicis
1729 2159 1950 2214 bonum?

340 2248 517 2306 Nemo
542 2261 617 2305 est
648 2250 808 2304 bonus
832 2251 930 2305 nisi
951 2267 1086 2306 unus
1118 2248 1259 2306 Deus
1280 2249 1476 2323 (Marc.
1503 2266 1557 2316 x,
1590 2248 1679 2320 18)
1705 2268 1717 2304 :
1744 2261 1799 2304 ut
1825 2252 1947 2319 quia

341 2358 510 2399 unum
542 2342 710 2397 Deum
752 2343 1017 2413 professio
1053 2343 1170 2411 ejus
1218 2344 1394 2397 locuta
1440 2346 1533 2410 sit,
1579 2342 1836 2415 quidquid
1879 2342 1947 2398 il-

341 2436 435 2493 Iud
463 2436 537 2509 (ι’)
573 2436 769 2493 exinde
792 2437 845 2492 in
880 2437 973 2491 Dei
1009 2438 1229 2494 nomine
1253 2438 1378 2504 erit,
1405 2438 1514 2508 jam
1545 2454 1649 2494 non
1678 2439 1729 2494 in
1756 2449 1948 2495 natura

342 2536 444 2593 Dei
474 2546 711 2603 maneat,
751 2535 877 2607 quia
916 2535 1058 2591 Deus
1101 2549 1239 2591 unus
1266 2545 1368 2590 est.
1411 2535 1587 2607 Atque
1614 2545 1672 2591 ul
1699 2535 1773 2601 id,
1806 2535 1949 2608 quod

343 2631 468 2703 ipse
499 2631 640 2687 Deus
665 2629 887 2698 dicitur,
910 2631 1311 2701 nuncupatione
1342 2631 1517 2701 p0tius
1539 2645 1699 2701 quam
1723 2631 1949 2687 veritate

345 2725 450 2792 sit;
480 2725 604 2781 hinc
629 2724 956 2781 confirmare
984 2725 1245 2790 nituntur,
1278 2723 1398 2795 quia
1440 2723 1638 2780 dixerit
1667 2742 1679 2778 :
1713 2721 1841 2779 [hac
1880 2732 1951 2778 est

347 2829 523 2876 autem
556 2818 661 2873 vita
699 2825 913 2883 interna,
942 2828 999 2872 ut
1026 2828 1339 2890 cognoscant
1366 2827 1416 2873 te
1461 2816 1541 2892 (g)
1568 2817 1736 2872 solum
1775 2832 1951 2872 verum

348 2909 521 2966 Deum
551 2908 730 2981 (Joan.
757 2926 885 2976 xvtr,
919 2911 995 2982 5).
1027 2909 1095 2965 Et
1132 2920 1188 2965 ut
1223 2918 1374 2965 extra
1417 2909 1805 2980 proprietatem
1836 2908 1950 2963 veri

345 3006 443 3061 Dei
474 3006 567 3069 sit,
607 3004 659 3059 id
695 3002 955 3074 adjiciunt
983 3020 997 3057 :
1031 3002 1082 3057 Ν
1089 3019 1154 3058 οη
1184 3012 1349 3076 potest
1392 3001 1565 3056 Filius
1596 3005 1767 3074 facere
1798 3001 1863 3056 ab
1898 3017 1953 3056 se

344 3099 651 3171 quidquam,
671 3099 773 3152 nisi
802 3097 939 3169 quod
954 3097 1133 3152 viderit
1155 3096 1364 3152 Patrem
1387 3097 1659 3168 facientem
1685 3096 1865 3170 (Joan.
1895 3112 1948 3165 v,

349 3190 467 3262 19).
494 3190 734 3247 Teutam
762 3206 975 3262 quoque
1016 3200 1069 3246 et
1100 3190 1229 3246 illud
1262 3208 1276 3245 :
1308 3190 1463 3246 Pater
1490 3191 1658 3261 major
1680 3189 1844 3264 259
1871 3206 1953 3244 me

2053 1976 2404 2049 intelligentia
2438 1986 2529 2030 aut
2564 1990 2630 2030 cx
2671 1974 2976 2044 praepositis
3018 1983 3108 2028 aut
3148 1988 3213 2030 ex
3253 1974 3647 2046 consequenti-

2054 2071 2155 2126 bus
2178 2068 2250 2142 (j)
2281 2077 2589 2136 expetatur.

2124 2165 2179 2218 5.
2208 2161 2444 2217 Christus
2469 2170 2517 2216 et
2547 2159 2687 2215 Deus
2710 2168 2785 2215 est
2809 2169 2856 2215 et
2885 2161 3055 2215 homo.
3074 2159 3353 2215 Attendunt
3377 2158 3653 2215 Nestorius

2051 2266 2100 2311 et
2131 2255 2489 2327 Eutychrs.—-
2518 2256 2693 2325 Atque
2717 2254 2909 2309 horum
2934 2254 3152 2325 quidem
3175 2255 3425 2323 superius
3447 2268 3654 2310 memo—

2053 2361 2293 2407 ratorum
2323 2350 2588 2405 rationem
2616 2364 2682 2404 ex
2707 2350 2839 2419 ipsis
2858 2348 2941 2404 vel
2971 2349 3300 2419 evangelicis
3328 2348 3410 2405 vel
3435 2357 3656 2419 aposto-

2052 2445 2172 2501 licis
2202 2444 2630 2515 professionibus
2664 2443 2737 2514 (k)
2768 2443 3062 2515 prmstituri
3087 2486 3102 2510 ,
3130 2443 3505 2500 admonendos
3532 2458 3655 2500 esse

2052 2551 2243 2593 omnes
2270 2537 2576 2592 communis
2605 2534 2726 2591 fidei
2755 2535 3131 2591 existimamus
3156 2552 3168 2588 :
3201 2543 3263 2589 ut
3299 2534 3351 2590 in
3392 2550 3495 2605 qua
3523 2549 3655 2590 con-

2054 2629 2295 2687 fessione
2333 2629 2608 2685 :eteruitas
2639 2630 2761 2684 vitae
2789 2639 2895 2690 est,
2934 2629 2985 2683 in
3013 2627 3203 2682 eadem
3240 2628 3310 2682 sit
3348 2627 3658 2698 intelligen-

2056 2722 2127 2778 tia
2144 2721 2534 2796 (t):eternitatis
2551 2722 2673 2791 (ιιι).
2692 2721 2875 2776 Nescit
2900 2720 3056 2791 plane
3078 2719 3241 2774 vitam
3262 2734 3436 2787 suam,
3458 2721 3653 2788 nescit,

2053 2818 2143 2888 qui
2188 2814 2463 2870 Christum
2505 2813 2688 2869 Jesum
2728 2822 2788 2868 ιιι
2822 2828 3010 2868 verum
3052 2812 3221 2868 Deum
3269 2811 3341 2867 ita
3379 2819 3434 2866 et
3467 2826 3656 2867 verum

2056 2910 2328 2966 hominem
2357 2908 2437 2982 (1)
2483 2910 2716 2981 ignorat.
2758 2908 2826 2964 Et
2870 2907 3112 2978 ejusdem
3155 2907 3378 2978 periculi
3422 2921 3511 2963 res
3550 2914 3655 2974 est,

2055 3003 2326 3061 Christum
2370 3002 2555 3058 Jesum
2597 3001 2685 3056 vel
2734 2999 2995 3071 Spiritum
3044 3001 3247 3066 Deum,
3299 2998 3384 3055 vel
3437 3013 3657 3054 carnem

2056 3097 2227 3153 nostri
2256 3095 2501 3166 corporis
2524 3094 2819 3164 denegare.
2856 3092 3037 3147 Omnis
3065 3109 3185 3164 ergo
3211 3091 3294 3166 (η)
3325 3092 3413 3164 qui
3445 3092 3660 3160 conﬁte—

2056 3192 2193 3247 bitur
2218 3206 2299 3244 me
2319 3205 2493 3244 coram
2515 3187 2825 3250 horninibus,
2851 3185 3131 3256 conﬁtebor
3157 3195 3204 3239 et
3228 3200 3322 3256 ego
3350 3200 3467 3238 eum
3488 3199 3661 3237 coram

347 3293 423 3340 est
452 3283 633 3356 (Joan.
662 3299 772 3350 xrv,
801 3282 918 3356 28).
951 3282 1237 3340 Postremo
1260 3282 1370 3354 jam
1414 3292 1685 3354 tamquam
1716 3285 1942 3340 indisso-
1977 3277 2023 3339 C
2057 3292 2202 3355 patre
2256 3297 2398 3350 meo,
2447 3282 2535 3353 qui
2588 3288 2659 3334 est
2719 3279 2775 3333 in
2825 3277 2981 3333 catis.
3042 3276 3142 3344 Qui
3192 3286 3358 3332 autem
3407 3275 3662 3347 negaverit

422 3447 503 3522 (Ι)
537 3446 759 3503 Addidit
784 3462 816 3503 c
841 3448 1065 3517 regione
1085 3445 1359 3511 librarius,
1390 3445 1455 3499 de
1483 3459 1602 3500 vera
1626 3459 1802 3498 carne.

350 3596 537 3648 essent
565 3606 578 3641 :
603 3602 727 3644 cum
761 3584 1046 3643 manifeste
1076 3584 1384 3640 refcrantur
1411 3582 1476 3638 ad
1503 3583 1687 3650 verba,
1712 3583 1767 3637 id
1786 3584 1944 3652 quod,

356 3677 480 3735 qua:
504 3661 767 3735 licetnnn
807 3659 1038 3727 amplius
1077 3658 1325 3735 repetita,
1361 3656 1517 3710 facile
1547 3664 1724 3735 tamen
1753 3655 1952 3735 intelli-

349 3727 553 3805 gutitur
575 3730 804 3805 subinde
834 3728 1130 3805 repetenda
1150 3771 1165 3794 ,
1199 3729 1338 3805 sicut
1378 3738 1433 3782 et
1470 3727 1728 3805 vocabula
1759 3727 1823 3805 in_
1842 3743 1901 3780 eo
1931 3742 1951 3781 :

352 3798 408 3862 ἷ.
436 3822 515 3874 3..
546 3813 592 3859 et
626 3803 681 3857 id
713 3800 850 3873 quod
890 3818 994 3856 non
1028 3800 1192 3874 solum
1220 3800 1271 3853 in
1304 3815 1363 3874 eo
1392 3808 1583 3865 manet,
1614 3798 1703 3852 sed
1732 3807 1775 3851 et
1801 3799 1857 3874 in
1894 3813 1954 3874 eo

353 3869 636 3948 operatur;
663 3882 710 3948 et
726 3869 791 3929 'id
810 3874 947 3948 quod
972 3889 1076 3927 non
1103 3870 1272 3926 solum
1294 3871 1349 3925 in
1377 3886 1435 3924 eo
1462 3880 1705 3942 operatur
1725 3878 1773 3924 et
1794 3869 1956 3940 toqui-

354 3944 466 4009 tur.
487 3948 577 4004 sed
603 3956 652 4002 et
680 3947 735 4000 in
757 3944 831 4001 eo'
845 3944 1065 4000 videtur.
1756 3978 1761 3985 .

430 4021 504 4089 (α)
528 4018 586 4074 lu
626 4033 732 4072 uno
761 4032 792 4073 e
821 4031 949 4072 mss.
982 4015 1181 4081 \'atic.,
1213 4014 1703 4089 υἰηιιιὶξ-ιιὶνιιιιειῃἶ
1717 4021 1763 4065 et
1790 4021 1961 4089 potes-

355 4083 817 4164 tatis'potestatem,
838 4098 887 4143 et
907 4096 1106 4164 natura?
1125 4096 1382 4141 naturam.
1401 4085 1583 4164 _Virtus
1607 4083 1775 4164 gilius
1798 4083 1960 4164 habet

356 4167 414 4221 in
444 4154 508 4218 se
546 4162 803 4217 virtutem
839 4175 959 4230 quae
986 4158 1147 4214 Pater
1173 4167 1257 4212 est
1286 4173 1301 4212 :
1332 4158 1481 4230 quia,
1512 4166 1569 4210 ut
1595 4154 1792 4209 dicitur
1819 4154 1958 4207 libro

357 4236 668 4304 superiore,
696 4250 751 4287 ιι.
768 4227 991 4296 ἳόζιιοιι
1011 4230 1153 4285 aliud
1177 4239 1303 4283 sunt
1317 4231 1380 4304 in
1409 4227 1520 4304 Deo
1548 4242 1666 4296 quae
1692 4239 1788 4280 sua
1807 4234 1958 4304 sunt,

357 4292 522 4379 quam
548 4292 709 4379 quod
733 4315 818 4359 est
850 4292 973 4374 ipse
1004 4319 1017 4355 :
1048 4312 1104 4357 et
1134 4316 1281 4379 num.
1311 4299 1383 4379 26
1412 4316 1424 4352 :
1459 4292 1788 4353 Res'natura:
1826 4292 1954 4350 Filii

358 4372 469 4443 ist;
496 4372 586 4431 sed
608 4375 789 4431 eadem
816 4372 897 4429 res
917 4382 962 4426 et
982 4385 1181 4428 natura!
1210 4372 1386 4443 Patris
1409 4380 1503 4424 est.

437 4437 513 4515 (ὁ)
546 4447 700 4516 Αριιά
732 4446 886 4507 Bad..
925 4444 1020 4516 Er.
1049 4445 1184 4500 etin
1213 4459 1314 4516 ms.
1350 4442 1469 4496 Vat.
1498 4442 1640 4504 bas.,
1670 4456 1761 4513 per
1795 4437 1972 4516 ipsius

358 4511 657 4593 imaginem.
696 4518 823 4593 Haec
853 4518 924 4593 ita
958 4514 1305 4593 intelligenda
1339 4530 1353 4567 :
1386 4523 1558 4593 tenens
1597 4511 1688 4581 per
1717 4511 1958 4593 nativita-

360 4580 492 4657 tem:
512 4606 609 4647 seu
635 4598 695 4647 ut
719 4589 933 4646 Subolcs
966 4580 1161 4652 Patris:
1186 4588 1302 4655 ipsa
1335 4584 1473 4656 quod
1501 4580 1672 4657 suum,
1703 4593 1828 4652 pttta
1856 4580 1959 4653 Pa-

363 4655 486 4730 tris,
520 4673 592 4717 est
613 4679 635 4735 _:
661 4673 711 4718 et
739 4678 831 4735 per
856 4660 1153 4735 imaginem,
1179 4674 1278 4735 seu
1306 4655 1570 4735 quatenus
1597 4655 1773 4727 imago
1789 4667 1958 4735 ,‘qua:

361 4751 431 4791 ea:
467 4727 545 4798 se.
575 4733 628 4789 id
652 4727 757 4799 est",
794 4748 861 4789 ex
896 4727 1013 4800 ipsa
1049 4729 1224 4785 Patris
1253 4728 1550 4784 substantia
1585 4736 1665 4784 est
1686 4767 1702 4794 ,
1735 4727 1959 4797 referens

362 4808 509 4877 quod
531 4805 587 4860 in
607 4821 682 4873 se,
710 4805 829 4859 scil.
858 4804 912 4877 in
936 4800 1238 4877 ipso_Patre
1266 4809 1361 4854 est.

443 4875 522 4951 (c)
557 4872 680 4951 far.
709 4878 783 4930 ita
812 4884 868 4929 ut
892 4874 945 4928 in
966 4889 1021 4951 se
1036 4872 1288 4951 habeant.

444 4937 527 5019 (α’)
556 4948 674 5003 Duo
704 4963 836 5003 mss.
868 4944 1005 5019 quod
1026 4941 1166 5019 Deus
1190 4954 1282 4998 est.
1313 4940 1451 4997 Tum
1472 4940 1593 4996 Vat.
1627 4939 1740 5019 bas.
1766 4937 1961 5019 codex,

366 5030 424 5075 ut
446 5011 677 5086 uiuentis,
708 5035 814 5074 non
840 5011 910 5073 et.
934 5016 1064 5071 Duae
1094 5014 1188 5086 hic
1211 5022 1503 5085 tanguntur
1542 5011 1811 5086 rationes,
1837 5011 1964 5086 _qui-

367 5094 473 5149 bus
502 5080 780 5148 Christum
810 5091 977 5146 Deum
1009 5101 1132 5143 esse
1159 5080 1454 5142 doceamur
1481 5101 1494 5136 :
1524 5083 1692 5151 prima
1721 5080 1963 5151 quidem,

369 5163 516 5237 quod
543 5171 798 5237 nascatur
820 5178 884 5218 ex
911 5159 1045 5222 Deo,
1073 5156 1408 5237 proindeque
1433 5164 1525 5210 aut
1552 5154 1719 5237 Deus,
1737 5162 1845 5234 ⁸ειιιι
1870 5152 1966 5234 de-

368 5223 772 5308 g‘eneraaltera
803 5247 953 5297 vero,
984 5223 1127 5308 quod
1156 5223 1514 5308 §_i_cut:Pa_t_er,
1554 5225 1627 5278 ita
1656 5233 1708 5279 et
1737 5224 1853 5305 ipse
1882 5223 1965 5277 vi-

371 5298 482 5363 iam
514 5298 712 5362 habeat
734 5306 789 5361 in
809 5298 1127 5373 semetipso.
1156 5300 1372 5357 Videsis
1400 5298 1593 5353 librum
1630 5298 1967 5366 superiorem

370 5395 431 5438 ιι.
461 5377 554 5436 i3.
1642 5384 1643 5387 ‘

445 5452 521 5521 (c)
546 5449 605 5505 in
633 5463 742 5521 uno
774 5462 806 5503 e
837 5462 971 5521 mss.
1005 5445 1179 5501 Vatic.
1212 5444 1281 5521 ad
1305 5440 1532 5521 veritatis
1553 5437 1883 5521 diversitatis.
1911 5436 1969 5521 In

374 5511 567 5583 altero.
593 5520 666 5576 ad
692 5520 1000 5576 diversitatis
1031 5534 1051 5573 :
1084 5514 1229 5588 quod
1251 5513 1535 5588 legendum
1554 5511 1860 5588 suspicatus
1866 5517 1972 5588 _est

374 5579 659 5660 Erasmus,
684 5593 800 5664 ipse
818 5607 939 5665 cum
964 5579 1381 5665 Ded-exhibens
1406 5583 1476 5665 ad
1495 5581 1838 5665 adversitatis.
1863 5579 1972 5665 Re:

376 5650 662 5723 tiueuduin
693 5650 817 5718 cum
859 5663 982 5718 aliis
1017 5660 1192 5723 libris,
1224 5658 1291 5712 ad
1332 5655 1559 5711 veritatis
1595 5653 1874 5721 excidium,
1919 5650 1974 5707 id

379 5747 484 5802 est,
513 5750 572 5792 ut
598 5750 782 5793 veram
808 5734 946 5790 Filio
978 5743 1224 5787 naturam
1255 5728 1519 5802 auferant.

2136 3581 2214 3655 (g)
2244 3579 2302 3636 In
2333 3578 2568 3644 excusis,
2601 3578 2769 3655 solani
2795 3587 2841 3631 et
2867 3593 3061 3632 verum.
3088 3576 3255 3631 Abest
3277 3584 3323 3630 et
3352 3590 3381 3630 a
3409 3582 3587 3644 graeco
3610 3584 3664 3630 et

2054 3653 2202 3710 mss.”
2222 3655 2273 3707 in
2306 3666 2534 3723 quorum
2586 3653 2859 3723 plerisque
2889 3665 3011 3703 mox
3039 3657 3266 3712 teneant,
3306 3662 3412 3702 non
3445 3656 3658 3703 lentant.

2130 3731 2208 3806 (Ιι)
2258 3731 2376 3786 Vat.
2428 3730 2545 3806 bas.
2598 3747 2760 3806 ms.,_
2787 3738 3108 3806 sacramenta
3149 3727 3441 3806 evangelica
3484 3741 3503 3779 :
3537 3740 3662 3806 cor-

2057 3797 2327 3861 rectorem
2360 3803 2499 3871 sapit
2525 3818 2629 3856 non
2660 3801 2793 3856 satis
2817 3801 3295 3871 circuitispeetum.
3321 3797 3408 3865 qui
3440 3810 3545 3871 non
3568 3797 3663 3871 ad-

2058 3876 2224 3931 vertit
2249 3886 2370 3946 post
2399 3867 2840 3946 apprehendentes
2875 3869 3152 3946 subaudiri
3192 3868 3302 3923 hate
3343 3867 3535 3928 omnia,
3575 3868 3659 3946 _vi-

2063 3939 2266 4001 delieet'
2330 3939 2624 4010 Scriptura:
2686 3941 2996 3996 testimonia
3065 3942 3383 3994 Arianorum
3443 3939 3663 4010 nomine

2064 4017 2311 4090 proxime
2346 4009 2507 4090 allata
2539 4028 2697 4090 :quac
2740 4012 2815 4067 illi
2863 4022 3162 4090 arguuntur
3203 4026 3310 4065 non
3354 4009 3663 4090 expendere

2065 4081 2359 4145 secundum
2392 4081 3219 4157 Evangelicasacrauienta.hoe
3236 4092 3342 4146 est,
3365 4081 3661 4157 secundum

2066 4175 2128 4216 ea
2158 4174 2279 4229 quae
2307 4158 2462 4213 nobis
2494 4153 2842 4229 Evangelith
2871 4156 3132 4229 revelavit
3163 4172 3177 4209 :
3207 4154 3261 4208 in
3293 4153 3489 4223 quibus
3523 4167 3665 4224 pra:-

2067 4225 2281 4300 eipuum
2311 4230 2486 4284 locum
2523 4225 2732 4284 obtinet
2755 4225 2955 4283 Christi
2992 4238 3101 4281 tum
3121 4235 3346 4291 aeterna,
3380 4232 3494 4279 tum
3528 4233 3663 4279 tem-

2064 4301 2264 4372 poralis
2290 4301 2560 4356 nativitas.

2137 4397 2198 4465 (ἱ)
2228 4394 2346 4449 Vat.
2377 4395 2502 4449 bas.
2533 4392 2727 4465 codex,
2759 4392 2994 4447 scientes.
3030 4390 3510 4465 Bandinus‘autem
3543 4397 3665 4465 post

2063 4460 2331 4522 Latinium
2379 4481 2445 4519 ex
2482 4464 2815 4535 conjectura,
2865 4464 3251 4517 consentientes.
3298 4460 3661 4535 Retineudunt

2061 4538 2285 4594 omnino
2328 4533 2617 4601 sentientes,
2660 4535 2764 4592 hoc
2807 4540 2892 4589 est
2916 4535 3205 4589 verborum
3229 4533 3662 4602 evangelicorum

2064 4610 2309 4681 proxime
2347 4607 2629 4662 allatorum
2676 4606 2724 4660 vi
2772 4605 2911 4660 haud
2963 4605 3095 4659 satis
3145 4604 3363 4675 probata
3412 4615 3664 4674 perspec—

1985 4714 2041 4776 Β
2066 4692 2243 4752 taque.

2139 4772 2212 4849 (ᾖ
2260 4774 2335 4828 Ita
2375 4771 2707 4849 antiquiores
2756 4768 2877 4825 libri
2923 4766 3469 4849 (quorumuplerique
3507 4774 3664 4821 antea

2070 4839 2274 4904 habent
2303 4839 2579 4917 propositis
2610 4857 2719 4899 non
2775 4840 3112 4915 praepositis).
3137 4839 3242 4896 Alii
3271 4853 3420 4906 vero,
3452 4852 3667 4907 exspec-

2068 4929 2224 5084 Μῗίί
2241 5015 2335 5069 Er.
2365 5012 2512 5083 Lip‘s.
2539 5019 2595 5065 et
2623 5009 2747 5065 Par.
2781 5007 3123 5084 praestaturi;
3151 5002 3665 5084 refragantibus

2072 5073 2212 5140 Bait:
2234 5095 2291 5140 et.
2315 5073 2613 5156 potioribus
2630 5073 2792 5156 mss.,'
2817 5078 3031 5156 etiamsi
3059 5077 3151 5133 lib.
3182 5092 3255 5142 tv,
3287 5091 3353 5156 u._
3373 5076 3429 5139 7,
3455 5084 3511 5130 et
3537 5073 3666 5130 alibi

2074 5157 2177 5213 hoc
2204 5148 2427 5211 verbum
2460 5156 2513 5210 in
2538 5155 2621 5209 his
2651 5155 2814 5208 etiam
2841 5167 2904 5207 ea
2936 5151 3143 5205 ratione
3170 5148 3502 5203 enuntietur.

2148 5246 2212 5317 (ι)
2247 5245 2359 5302 lloc
2390 5254 2493 5308 est,
2519 5255 2578 5319 ut
2609 5243 3073 5319 quemadmodum
3102 5239 3285 5306 Pater,
3314 5238 3390 5319 ita
3422 5247 3476 5293 et
3501 5236 3672 5319 Filius

2076 5319 2129 5374 in
2157 5309 2363 5373 aeterna
2390 5333 2485 5373 seu
2513 5309 2694 5371 divina
2725 5315 3058 5383 intelligatur
3087 5326 3210 5366 esse
3232 5318 3449 5374 natura,
3475 5309 3520 5365 si
3551 5309 3671 5380 qui-

2075 5389 2200 5446 dem
2228 5389 2387 5459 hujus
2409 5398 2467 5442 ut
2485 5387 2627 5442 illius
2652 5385 2924 5459 confessio
2945 5382 3245 5459 VilinlObiS
3268 5387 3489 5459 priestcit
3513 5391 3672 5436 mter-

2078 5451 2345 5518 nitatem':
2381 5460 2523 5532 quod
2549 5458 2759 5535 clarius.
2777 5457 2937 5524 infra,
2972 5473 3026 5510 ιι.
3056 5454 3150 5522 55,
3182 5451 3489 5523 exponitur.

2150 5551 2246 5681 ἕνη)
2270 5554 2397 5611 Haec
2412 5551 2707 5607 citantLeo
2721 5550 2785 5605 ad
2799 5550 3059 5612 Leonem,
3087 5546 3227 5618 Aug.
3259 5544 3417 5617 epist.
3453 5557 3671 5610 csxxrv,

2198 5667 2213 5681 .
2245 5633 2301 5681 et
2324 5623 2655 5680 Tlieodoret.
2686 5638 2723 5678 tt
2757 5621 2894 5677 Dial.
2931 5636 2982 5681 [ι.
3011 5619 3133 5676 106.

2074 5640 2126 5683 c.
2158 5619 2301 5692 δίει
2324 5623 2655 5680 Tlieodoret.
2686 5638 2723 5678 tt
2757 5621 2894 5677 Dial.
2931 5636 2982 5691 p.
3011 5619 3133 5676 106.

2152 5717 2230 5791 (n)
2263 5717 2500 5791 Verbum
2527 5717 2691 5786 inquit
2720 5717 2773 5771 in
2806 5710 3142 5784 vulgatis-hic
3170 5709 3439 5791 adjectum
3471 5707 3676 5791 absque

482 5780 1602 5882 ﬁeiiia'c'iiéiisti;Eiﬁiniiiiiiigius
1650 5796 1867 5855 omissae
1888 5810 1977 5853 re.
2077 5780 2577 5882 msslaucwritate,
2596 5780 3061 5860 supervacaneum
3083 5797 3205 5841 esse
3224 5787 3440 5840 constat
3457 5794 3522 5839 ex
3549 5780 3678 5840 διώκω

386 5844 398 5863 .
438 5808 528 5937 μ’)
555 5808 843 5894 ξιπιίειιιω
868 5808 967 5861 emit

385 5884 453 5938 su
484 5880 685 5940 nuntur
707 5892 811 5952 ope
836 5887 967 5938 mss;

2079 5863 2255 5923 nexis;
