4246 6260
553 297 665 357 935

1759 299 2004 359 SANCTI
2045 298 2299 358 HiLARIl
2329 300 2640 361 EPISCOPI

3747 298 3857 355 “284

553 433 635 473 me
678 431 852 473 coram
911 416 1235 483 hominibus,
1292 412 1494 490 negabo
1540 426 1588 473 et
1645 432 1740 490 ego
1793 434 1912 475 eum
1975 432 2148 472 coram
2179 417 2232 477 Α
2263 431 2370 472 ιιοη
2415 416 2487 490 (Ῑ)
2529 416 2904 489 imprudenter
2932 415 3233 489 proiectum
3275 425 3480 474 natura:
3509 417 3733 490 potioris
3761 433 3857 475 es-

555 519 703 580 patre
753 525 899 577 meo,
947 509 1038 581 qui
1088 515 1166 563 est
1215 507 1270 563 in
1323 507 1486 563 cretis.
1547 507 1677 566 Haut
1730 507 1964 567 Verbum
2020 524 2149 567 caro

554 599 755 657 factum
783 599 1121 672 loquebatur,
1150 606 1205 655 et
1233 599 1396 655 homo
1422 598 1585 658 Jesus
1612 599 1860 657 Christus
1889 601 2150 661 Dominus

527 691 855 763 .majestatis
877 690 1109 746 docebat
1136 708 1152 749 :
1182 689 1447 747 Mediator
1485 692 1600 764 ipse
1630 691 1685 748 in
1722 706 1783 749 se
1812 692 1879 748 ad
1920 694 2148 751 salutent

557 784 816 840 Ecclesia:
840 785 1183 850 constitutus,
1208 792 1262 838 et
1286 784 1450 858 260
1474 783 1569 839 illo
1599 785 1717 857 ipso
1742 786 1884 842 inter
1904 787 2074 843 Deum
2096 796 2151 843 et

557 877 806 933 homines
844 877 1158 934 mediatoris
1192 887 1536 934 sacramento
1572 888 1861 950 utrumque
1890 882 1969 953 (i)
2013 895 2152 938 unus

554 972 846 1037 exsistens,
889 971 1017 1030 dum
1066 973 1184 1044 ipse
1220 987 1286 1030 ex
1336 974 1502 1030 unitis
1541 975 1595 1032 iu
1646 975 1875 1046 idipsum
1920 979 2148 1048 naturis,

554 1074 766 1122 naturae
801 1068 1081 1139 utriusque
1106 1082 1193 1125 res
1221 1068 1412 1126 eadem
1445 1078 1562 1134 est;
1594 1069 1664 1125 ita
1697 1080 1897 1140 tamen,
1932 1082 1989 1128 ut
2021 1089 2154 1130 neu-

557 1167 641 1215 tro
688 1168 902 1217 careret
946 1161 999 1217 in
1045 1170 1296 1233 utroque,
1344 1178 1411 1218 ne
1457 1161 1595 1219 forte
1638 1163 1782 1220 Deus
1820 1179 1942 1221 esse
1992 1167 2153 1221 homo

558 1254 828 1311 nascendo
851 1254 1147 1323 desineret,
1180 1264 1234 1311 et
1259 1256 1422 1312 homo
1459 1270 1671 1312 rursum
1703 1258 1846 1313 Deus
1883 1258 2153 1317 manendo

560 1362 667 1402 non
719 1355 881 1403 essm.
928 1346 1054 1404 Haec
1104 1349 1285 1420 itaque
1333 1349 1583 1405 humanae
1627 1351 1976 1408 beatitudinis
2018 1352 2151 1409 ﬁdes

559 1453 686 1494 vera
727 1449 834 1505 est,
864 1438 1034 1495 Deum
1079 1449 1135 1496 et
1174 1440 1447 1497 hominem
1479 1444 1806 1514 praadicare,
1837 1443 2068 1502 Verbum
2098 1455 2155 1502 et

558 1548 776 1588 carnem
817 1534 1064 1589 conﬁteri
1093 1551 1107 1589 :
1138 1550 1315 1605 neque
1351 1536 1519 1591 Deum
1563 1538 1777 1593 nescire
1816 1539 1959 1609 quod
1988 1539 2152 1597 homo

558 1626 647 1690 sit,
682 1641 854 1695 neque
876 1641 1096 1684 carnem
1127 1628 1373 1699 ignorare
1396 1628 1540 1700 quod
1574 1629 1803 1686 Verbum
1836 1632 1927 1687 sit.

629 1719 684 1775 4.
724 1718 876 1787 Quod
898 1729 1049 1775 natus
1078 1719 1230 1775 homo
1259 1719 1397 1776 Deus
1430 1732 1667 1789 maneat,
1695 1739 1875 1779 sensus
1901 1726 2020 1798 jam
2048 1741 2152 1780 non

2254 519 2503 583 spectat:
2527 513 2613 569 cui
2640 520 2696 570 et
2725 513 3120 570 incrementum
3148 511 3447 569 secundum
3474 521 3718 569 naturam
3746 523 3853 582 est,

2252 613 2308 659 et
2348 602 2652 661 imminutio
2689 613 2880 661 contra
2928 613 3177 661 tiaturam
3216 615 3322 661 est.
3353 604 3470 662 Deo
3511 604 3695 676 itaque
3724 621 3853 677 pro-

2254 698 2430 767 prium
2473 695 2591 762 fuit,
2640 712 2765 754 esse
2810 697 2956 754 aliud
3000 712 3162 768 quam
3202 697 3479 764 manebat,
3529 712 3629 754 nec
3673 705 3854 755 tanien

2254 804 2360 845 non
2389 805 2510 846 esse
2540 791 2697 865 πει
2723 790 2867 862 quod
2909 798 3215 858 manserat;
3248 792 3396 847 nasci
3430 789 3511 867 (g)
3552 791 3605 848 in
3638 794 3858 852 homine

2255 882 2447 952 Deum,
2480 900 2578 940 nec
2604 893 2782 940 tamen
2821 885 2990 941 Deum
3033 900 3156 941 esse
3198 885 3490 952 desinere;
3532 888 3857 945 contrahere

2255 990 2315 1030 se
2345 991 2512 1046 usque
2536 976 2603 1032 ad
2632 988 2953 1047 conceptum
2981 988 3034 1032 et
3055 993 3222 1034 cunas
3246 987 3302 1034 et
3323 977 3631 1045 infantiam,
3656 992 3755 1036 uec
3777 990 3858 1035 ta-

2255 1083 2381 1124 men
2411 1067 2508 1124 Dei
2553 1079 2820 1139 potestate
2841 1070 3130 1127 decedere.
3159 1071 3273 1127 Hoc
3295 1087 3401 1127 non
3426 1071 3550 1139 sibi,
3573 1072 3669 1130 sed
3692 1073 3847 1130 nobis

2256 1172 2338 1217 est
2367 1160 2447 1236 (Ιι)
2483 1172 2901 1221 sacramentum.
2944 1165 3129 1235 Neque
3166 1167 3466 1238 assumptio
3506 1178 3690 1224 nostra
3735 1169 3848 1224 Deo

2258 1255 2530 1326 proiectus
2561 1265 2647 1312 est
2680 1273 2692 1312 :
2725 1257 2821 1313 sed
2848 1258 3193 1314 contumelia:
3223 1274 3337 1315 sua;
3361 1259 3631 1327 voluntas,
3666 1269 3851 1317 nostra

2256 1349 2534 1420 provectio
2562 1358 2676 1414 est;
2703 1348 2830 1404 dum
2859 1365 2961 1406 nec
2988 1349 3187 1407 amittit
3208 1350 3299 1407 ille
3324 1351 3469 1424 quod
3492 1351 3634 1408 Deus
3660 1363 3763 1419 est,
3797 1361 3856 1409 et

2259 1438 2462 1495 homini
2495 1441 2722 1512 acquirit
2751 1452 2808 1497 ut
2841 1444 2979 1499 Deus
3007 1443 3097 1499 sit.

2326 1531 2383 1588 ὃ.
2415 1530 2515 1587 Dei
2543 1542 2590 1588 et
2632 1534 2853 1591 [taurinis
2889 1550 2944 1591 se
2969 1535 3137 1605 ﬁlium
3163 1535 3313 1591 dictis
3353 1544 3401 1590 et
3429 1536 3583 1607 gestis
3618 1534 3856 1593 Christus

2258 1626 2498 1682 ostendit.
2530 1625 2682 1682 Unde
2717 1628 2921 1683 occasio
2951 1627 3220 1684 Ituraeos.
3245 1656 3315 1669 --
3347 1627 3515 1685 Natus
3547 1628 3710 1701 igitur
3737 1632 3858 1687 uni-

2258 1720 2470 1790 genitus
2505 1721 2647 1777 Deus
2672 1736 2740 1777 ex
2776 1720 2997 1792 Virgine
3025 1721 3221 1789 homo,
3247 1731 3302 1777 et
3342 1723 3639 1778 secundum
3688 1724 3860 1795 plenis

557 1812 842 1884 refugit.-—
866 1812 999 1869 Cum
1027 1823 1232 1881 autem,
1254 1823 1442 1868 contra
1476 1825 1723 1870 naturam
1745 1829 1938 1872 sensus
1960 1818 2152 1887 nostri,
2187 1818 2234 1879 Β
2262 1812 2500 1868 tudinem
2518 1822 2821 1883 temporum
2848 1814 2901 1867 in
2928 1811 3225 1884 semetipso
3244 1821 3597 1884 provecturus
3616 1814 3672 1869 in
3690 1814 3857 1871 Deum

562 1906 707 1962 Deus
753 1921 979 1962 manens
1028 1904 1192 1962 homo
1236 1905 1516 1971 nascitur;
1540 1906 1655 1977 jam
1699 1922 1803 1963 non
1842 1917 1928 1964 est
1968 1917 2159 1967 contra

561 2009 810 2056 naturam
855 2001 968 2071 spei
998 2009 1220 2066 nostra},
1252 2010 1305 2055 ut
1350 2010 1508 2056 natus
1535 2001 1699 2058 homo
1728 2003 1868 2061 Deus
1896 2015 2109 2061 maneat
2140 2023 2155 2062 :

560 2108 683 2148 cum
714 2093 889 2163 potior
912 2101 1102 2149 natura
1134 2093 1186 2148 in
1220 2093 1528 2150 interiorem
1562 2103 1687 2150 nata
1715 2095 1877 2153 ﬁdem
1909 2107 2152 2168 praestet,

562 2183 875 2241 inferiorem
904 2185 958 2240 in
987 2195 1231 2240 naturam
1264 2185 1412 2242 nasci
1439 2200 1599 2257 posse
1625 2186 1915 2259 p0tiorem.
1948 2189 2015 2244 Et
2040 2190 2158 2261 qui-

560 2276 709 2340 dem,
737 2277 1036 2334 secundum
1064 2278 1242 2349 legem
1269 2287 1323 2333 et
1352 2279 1802 2336 consuetudinem
1832 2280 2042 2350 mundi,
2077 2280 2156 2356 (a)

562 2373 861 2443 promptior
886 2370 1057 2444 magis
1077 2372 1191 2442 spei
1220 2383 1619 2444 nostr:e,quam
1642 2372 1808 2430 divini
1830 2365 2157 2431 sacramenti

561 2464 787 2522 eil’ectus
817 2474 918 2521 est.
951 2465 1195 2537 Namque
1234 2466 1466 2522 mundus
1498 2468 1551 2524 ili
1595 2466 1681 2525 his
1709 2484 1831 2541 qua:
1863 2482 2160 2526 nascuntur

561 2558 724 2617 habet
753 2560 1074 2617 incrementi
1101 2560 1355 2617 virtutem
1376 2605 1390 2631 ,
1424 2578 1531 2619 non
1572 2561 1736 2621 habet
1773 2565 2158 2623 deminutionis

560 2661 906 2724 potestatem.
934 2652 1009 2726 (ι)
1042 2655 1216 2711 Cerne
1241 2655 1485 2721 arbores,
1517 2665 1655 2723 sata,
1691 2657 1946 2728 pecudes.
1976 2657 2158 2729 ipsum

558 2761 774 2819 quoque
804 2748 1121 2817 participem
1148 2747 1374 2804 rationis
1399 2747 1672 2806 hominem
1694 2760 1954 2808 contuore
1976 2769 1990 2808 :
2014 2765 2159 2808 sem-

561 2854 658 2909 per
683 2837 897 2910 proilcit
935 2849 1251 2911 augmento,
1281 2857 1572 2913 numquam
1612 2858 1746 2900 vero
1785 2843 2158 2903 deminutione

559 2929 926 2998 contrahitur;
952 2946 1052 2987 nec
1072 2945 1191 2988 sese
1211 2941 1382 3001 caret,
1408 2935 1550 3006 quod
1575 2937 1815 2992 excrevit
1837 2936 1910 3011 (ε)
1937 2937 1989 2993 in
2012 2954 2154 2994 sese.

559 3021 692 3078 Nam
724 3023 934 3078 tametsi
976 3031 1070 3079 aut
1104 3032 1265 3081 aetate
1306 3037 1629 3095 marcescat,
1667 3038 1760 3085 aut
1804 3039 1980 3086 morte
2010 3032 2154 3102 peri.

559 3125 774 3183 matur;
809 3117 968 3174 habet
995 3119 1213 3188 quidem
1238 3129 1328 3174 aut
1354 3119 1779 3179 demutationem
1808 3124 1860 3180 in
1889 3134 2153 3195 tempore,

2262 1905 2326 1979 (i)
2367 1904 2678 1971 hominem,
2722 1907 2864 1961 hunc
2910 1918 3006 1976 per
3046 1907 3227 1962 omnia
3273 1906 3568 1977 evangelici
3594 1908 3861 1962 sermonis

2259 1997 2478 2054 modum
2512 1996 2704 2065 tenuit,
2734 2009 2791 2053 ut
2817 1999 3065 2056 setllium
3095 1998 3189 2054 Dei
3219 1999 3367 2055 credi
3393 1998 3646 2065 doceret,
3678 2008 3731 2055 et
3757 2000 3858 2055 ho—
3948 2060 3957 2069 ,

2261 2089 2423 2145 minis
2443 2087 2613 2145 ﬁlium
2640 2088 2920 2160 praedicari
2947 2089 3266 2147 admoneret
3298 2110 3313 2148 :
3344 2090 3557 2148 locutus
3582 2100 3638 2148 et
3665 2106 3864 2163 gerens

2261 2180 2426 2238 homo
2447 2182 2699 2239 universa
2727 2196 2852 2253 quas
2883 2182 2976 2238 Dei
3012 2191 3158 2248 sunt,
3191 2183 3417 2255 loquens
3444 2182 3642 2240 deinde
3678 2194 3733 2240 et
3761 2201 3861 2255 ge-

2260 2289 2388 2331 rens
2417 2274 2559 2331 Deus
2589 2274 2840 2331 universa
2869 2290 2993 2348 quae
3018 2274 3258 2333 hominis
3286 2287 3443 2343 sunt;
3476 2277 3548 2334 ita
3576 2288 3777 2346 tamen,
3807 2287 3865 2334 ut

2263 2367 2343 2439 (Ξ)
2375 2366 2493 2437 ipso
2519 2366 2614 2423 illo
2640 2367 2921 2439 utriusque
2944 2370 3163 2441 generis
3183 2384 3435 2426 sermone
3456 2384 3745 2443 numquam
3777 2372 3865 2429 ni-

2262 2460 2308 2517 si
2333 2476 2453 2516 cum
2481 2461 2877 2533 signiﬁcatione
2906 2462 2962 2518 et
2991 2462 3230 2519 hominis
3260 2462 3474 2520 locutus
3520 2472 3575 2520 et
3617 2463 3713 2520 Dei
3754 2464 3864 2532 sit;

2261 2567 2370 2608 uno
2396 2560 2576 2609 tamen
2606 2554 2717 2610 Deo
2740 2561 2892 2624 patre
2920 2568 3137 2625 semper
3159 2564 3410 2621 ostenso,
3433 2565 3488 2610 et
3508 2567 3569 2611 se
3594 2555 3647 2610 in
3674 2564 3866 2611 natura

2263 2646 2421 2702 unius
2451 2646 2547 2703 Dei
2578 2661 2674 2717 per
2711 2647 3011 2704 nativitatis
3042 2646 3328 2711 veritatem
3360 2645 3634 2719 professo;
3662 2646 3731 2719 (ί)
3763 2662 3868 2705 nec

2262 2750 2442 2797 tamen
2472 2754 2534 2798 se
2574 2740 2686 2797 Deo
2732 2741 2871 2814 patri
2913 2755 3024 2799 non
3069 2748 3125 2797 et
3173 2740 3273 2798 ﬁlii
3302 2744 3509 2797 honore
3536 2751 3589 2798 et
3629 2741 3867 2799 hominis

2260 2833 2571 2890 conditione
2598 2830 2861 2890 subdente
2888 2849 2902 2887 :
2934 2847 3055 2889 cum
3098 2841 3152 2889 et
3192 2832 3447 2889 nativitas
3483 2831 3565 2905 (k)
3601 2833 3776 2889 omnis
3804 2847 3869 2889 se

2261 2926 2465 2983 referat
2492 2924 2559 2981 ad
2589 2934 2865 2981 auctorem
2890 2964 2905 2990 ,
2937 2933 2992 2981 et
3020 2938 3150 2980 caro
3189 2938 3251 2980 se
3280 2924 3530 2980 universa
3569 2923 3867 2981 secundum

2262 3019 2429 3076 Deum
2459 3017 2774 3089 proﬁteatur
2801 3015 3090 3073 inﬁrmam.
3119 3014 3255 3073 Hinc
3277 3017 3459 3088 itaque
3489 3015 3707 3073 fallendi
3736 3016 3866 3073 sim'

2260 3110 2429 3184 plices
2454 3121 2616 3185 atque
2646 3113 2956 3182 ignorantes
2987 3110 3256 3167 haereticis
3283 3111 3499 3167 occasio
3523 3119 3628 3180 est,
3662 3120 3714 3165 ιιι
3746 3125 3870 3183 quas

559 3218 653 3265 aut
678 3208 841 3266 tinem
879 3208 960 3283 (ά)
993 3210 1045 3266 in
1070 3212 1456 3267 constitutione
1484 3213 1695 3269 vivendi
1726 3232 1741 3268 :
1772 3226 2027 3272 caitermn
2056 3216 2159 3274 hoc
2185 3204 2230 3268 C
2263 3206 2331 3263 ab
2355 3221 2422 3263 eo
2453 3204 2751 3262 secvndum
2784 3205 3057 3261 hominem
3096 3204 3236 3259 dicta
3267 3210 3420 3271 ευηι.
3454 3203 3597 3259 diem
3626 3218 3750 3260 esse
3774 3220 3866 3260 58'

559 3302 704 3374 quod
731 3302 802 3359 sit
833 3318 949 3361 non.
969 3304 1132 3360 habet
1154 3302 1224 3377 (e)
1260 3305 1310 3360 in
1336 3307 1533 3362 virtute
1562 3323 1668 3363 non
1697 3322 1839 3374 esse,
1873 3318 1932 3365 ut
1960 3327 2157 3367 novum

560 3411 620 3452 se
650 3412 744 3467 per
770 3396 1200 3453 imminutiOuem
1227 3398 1428 3454 condat
1451 3415 1518 3455 ex
1540 3400 1758 3467 eodem,
1790 3400 1843 3457 id
1870 3411 1976 3470 est,
2012 3412 2067 3457 ut
2093 3419 2160 3460 ex

561 3502 691 3544 sene
720 3488 949 3544 decedat
978 3491 1029 3544 in
1076 3491 1379 3558 parvulum.
1420 3491 1635 3547 Natura:
1666 3508 1795 3565 ergo
1831 3503 2031 3551 nostra;
2062 3512 2161 3552 ne-

560 3580 787 3640 cessitas
816 3583 867 3638 in
898 3592 1246 3655 augmentum
1276 3601 1493 3659 semper
1516 3586 1700 3643 mundi
1733 3588 1851 3660 lege
1879 3586 2156 3661 provecta,

634 3694 716 3771 (i)
751 3693 951 3751 Unum.

632 3809 709 3884 (a)
740 3810 797 3868 Id
823 3817 927 3876 est,
972 3809 1184 3869 facilius
1220 3813 1464 3887 capimus
1490 3814 1763 3887 hominem
1806 3815 1929 3887 fore
1958 3816 2152 3887 Deum,

561 3882 833 3954 quie'spes
853 3892 1037 3955 nostra
1059 3895 1163 3947 est,
1191 3882 1352 3955 quam
1374 3885 1546 3943 Deum
1571 3885 1772 3943 factum
1793 3886 1957 3944 fuisse
1985 3882 2159 3944 homi-

563 3970 686 4027 nem
709 3955 852 4027 quod
873 3954 1116 4027 divinum
1138 3954 1556 4027 saerantentum.
1579 3958 1788 4027 Quibus
1807 3962 2161 4018 consentiens

504 4025 620 4080 'S.
653 4025 782 4091 Leo,
815 4026 936 4084 Ser.
965 4027 999 4082 4
1026 4028 1077 4081 ἰιι
1106 4026 1226 4082 Nat.
1251 4027 1407 4085 Dum.
1438 4044 1489 4085 c.
1520 4030 1553 4084 2
1586 4025 1813 4086 {Minus
1842 4038 2027 4088 mirum
2057 4042 2159 4095 est.

566 4096 772 4172 inquit,
796 4098 1051 4172 hominem
1088 4099 1157 4153 ad
1196 4098 1372 4172 divina
1399 4101 1670 4172 proﬁcere.
1707 4116 1862 4171 quam
1891 4103 2058 4159 Deum
2094 4103 2164 4159 ad

565 4168 1124 4244 Immanadescendere
1153 4186 1171 4224 :
1199 4169 1267 4225 Et
1304 4168 1637 4239 Augustinus
1673 4168 1833 4244 epist.
1867 4190 2008 4231 nunc
2036 4191 2161 4242 cn,

567 4256 623 4318 n_.
655 4238 715 4294 ii
736 4238 979 4318 illisque
1022 4242 1156 4318 enim
1185 4244 1303 4318 jam
1346 4238 1727 4318 deeperandupi
1778 4257 1851 4301 est
1880 4238 2166 4318 participe;

566 4311 703 4389 tione
736 4308 890 4389 Verbi
921 4327 1069 4389 posse
1097 4308 1328 4389 homines
1348 4308 1468 4389 ﬁeri
1489 4316 1624 4384 ﬁlios
1656 4315 1773 4389 Dei,
1801 4308 2008 4389 quando
2029 4308 2171 4386 filius

566 4380 666 4435 Dei
690 4380 1088 4458 participatione
1132 4384 1303 4458 carnis
1329 4380 1498 4458 factus
1543 4394 1618 4443 est
1647 4380 1783 4458 (ilius
1814 4380 2057 4444 hominis.
2090 4389 2170 4445 Ne

566 4453 699 4527 vero
726 4454 810 4508 eui
840 4464 1091 4527 suspecta
1123 4453 1249 4520 sint,
1282 4453 1403 4527 quae
1435 4462 1620 4514 noster
1648 4453 1888 4517 Hilarius
1920 4476 1982 4516 ea
2011 4461 2079 4516 de
2110 4475 2170 4517 re

568 4522 825 4597 deinecps
855 4525 1110 4594 disserit;
1159 4522 1600 4597 prmuionemlum
1635 4539 1908 4595 putamus.
1937 4547 2059 4588 eum
2094 4532 2168 4587 ita

568 4542 758 4579 uetnce
782 4542 825 4578 ιδ
855 4542 1110 4594 disserit;
1159 4542 1600 4597 praemonendum
1635 4542 1908 4595 putamus.
1937 4547 2059 4588 eum
2095 4542 2168 4587 ita

566 4592 709 4677 velle
763 4542 1036 4677 hominem
1069 4597 1185 4677 ﬁeri
1234 4599 1399 4677 Deum
1436 4616 1530 4671 per
1555 4602 1918 4658 arctiSsimam
1948 4618 2073 4677 cum
2100 4618 2169 4658 eo

565 4668 1028 4745 conjunctiouem,
1053 4668 1111 4724 ιιί
1132 4678 1321 4745 natura
1348 4668 1576 4745 humana
1598 4687 1932 4745 nequaquam
1953 4673 2171 4745 abolea-

570 4748 679 4805 tur,
713 4741 789 4794 uti
817 4741 1022 4795 diserte
1051 4740 1243 4809 probat
1269 4744 1320 4796 in
1354 4741 1496 4797 Psal.
1528 4757 1587 4808 ιι,
1622 4740 1919 4811 ιιί41ξιι1ιὶ
1947 4744 2166 4800 tandem

568 4812 843 4937 fancludit
874 4829 888 4867 ε
920 4811 1010 4867 Fit
1040 4826 1160 4883 ergo
1195 4813 1498 4880 demutatio,
1527 4813 1618 4868 sed
1659 4828 1761 4870 non
1798 4814 2016 4883 amaritu-
2047 4817 2171 4871 aba-

592 4899 607 4936 i
632 4899 704 4937 ιο.

592 4892 704 4937 ilio.

642 4953 720 5030 (it)
745 4956 801 5012 lu
832 4972 935 5012 ms.
960 4955 1081 5012 Vat.
1108 4956 1252 5023 bas.,
1277 4965 1430 5012 certe.
1454 4955 1516 5012 In
1534 4957 1766 5028 vulgatis
1792 4966 2026 5030 gramen,
2051 4957 2172 5015 loco

569 5028 719 5082 verbi
744 5044 916 5085 cerne.

668 5098 716 5167 c)
751 5100 914 5166 Editi,
942 5115 1155 5157 essese.

608 5246 622 5259 .
643 5171 924 5298 (d)di\ietus
952 5172 1125 5229 codex
1149 5172 1306 5231 Coll).
1341 5187 1465 5231 cum
1487 5172 1698 5245 Germ.,
1728 5175 1781 5231 in
1805 5175 2176 5234 consuetudine

608 5260 712 5298 men
778 5285 792 5298 .

570 5260 792 5303 vivendi.

644 5314 716 5388 (e)
751 5312 881 5374 Bad.
912 5325 969 5374 et
1003 5317 1098 5386 Er,
1128 5318 1183 5373 in
1210 5315 1447 5388 veritate.
1468 5312 1663 5375 Verius
1696 5314 1785 5375 alii
1818 5318 1964 5388 libri,
1993 5319 2047 5375 in
2072 5319 2176 5375 viro

574 5386 704 5452 tute,
734 5390 837 5445 hoc
875 5399 980 5453 est,
1010 5391 1064 5445 in
1107 5386 1741 5461 potestate._Argumenti
1786 5386 1955 5461 hujus
1977 5404 2177 5461 scapus

574 5468 681 5535 est,
712 5476 811 5516 nos
836 5462 1055 5535 quidem
1089 5458 1543 5535 posseproﬁcerc
1566 5460 1629 5517 ad
1672 5462 1724 5518 id
1756 5458 1899 5535 quod
1933 5479 2037 5519 non
2069 5458 2167 5516 ha-

574 5533 786 5596 bemus,
816 5528 912 5588 sed
938 5544 1045 5589 non
1071 5528 1193 5588 esse
1222 5528 1452 5605 id‘quod
1472 5530 1583 5605 jam
1609 5528 1796 5590 sumus
1828 5550 1932 5590 non
1964 5546 2125 5605 posse
2158 5548 2172 5587 τ

574 5619 637 5660 ac
685 5618 872 5659 senem
902 5621 952 5658 ν.
1004 5621 1056 5675 g.
1089 5618 1351 5659 annorum
1383 5604 1493 5672 jam
1533 5610 1848 5662 exacturum
1893 5604 2177 5661 notuerunt

581 5689 781 5741 augere
802 5688 985 5745 posse,
1015 5677 1110 5731 sed
1138 5692 1247 5731 non
1278 5677 1351 5732 ita
1374 5677 1713 5732 imminuere.

2268 3300 2502 3356 cundum
2535 3309 2741 3354 natura:
2779 3298 2977 3354 divina:
3009 3296 3373 3352 inﬁrmitatem
3407 3297 3736 3352 mentiantur
3769 3313 3782 3350 :
3815 3304 3871 3353 ct

2265 3397 2389 3467 quia
2404 3408 2545 3450 unus
2562 3403 2723 3465 atque
2742 3392 2881 3449 idem
2900 3400 2985 3447 est
3011 3390 3238 3462 loquens
3263 3390 3445 3445 omnia
3458 3404 3581 3461 qua:
3596 3390 3866 3460 loquatur,

2263 3493 2331 3549 de
2359 3489 2425 3565 (ι)
2451 3505 2508 3545 se
2530 3490 2651 3560 ipso
2673 3488 2853 3544 omnia
2880 3503 3003 3543 eum
3028 3486 3266 3541 locutum
3285 3498 3404 3540 esse
3421 3483 3769 3541 contendant.

2334 3587 2499 3662 282
2541 3585 2595 3644 6.
2642 3582 2759 3642 Alia
2795 3592 2917 3641 sunt
2950 3582 3088 3639 dicta
3117 3578 3310 3638 Christi
3338 3579 3568 3638 nondum
3595 3583 3702 3637 nati
3719 3620 3736 3649 ,
3763 3578 3872 3638 alia

2340 3701 2419 3779 (Ξ)
2451 3701 2520 3759 In
2543 3698 2637 3758 illo
2661 3701 2796 3773 ipso.

2332 3818 2414 3945 (lily)
2442 3817 2533 3876 Sic
2548 3831 2704 3883 mss..
2727 3814 3171 3888 quomodoinl'ra.
3199 3816 3422 3885 num.8.
3443 3816 3673 3888 legimus
3692 3824 3874 3871 ιιοιιυιι

2382 3892 2571 3945 οηιίηε.
2602 3899 2652 3945 et
2688 3887 2784 3944 lib.
2820 3903 2873 3945 v.
2902 3904 2959 3944 ιι.
2987 3888 3074 3945 i8.
3107 3884 3248 3944 Dens
3271 3889 3326 3943 in
3353 3888 3559 3945 homine
3583 3889 3867 3945 nascendo.

2261 3892 2315 3946 in
2341 3884 2571 3954 Ὶὶόηιίηι,
2602 3899 2652 3945 et
2688 3884 2784 3944 liti.
2820 3903 2873 3955 v,
2902 3904 2959 3944 ιι.
2987 3888 3074 3956 i8,
3107 3884 3248 3944 Dens
3271 3889 3326 3943 in
3353 3884 3559 3945 homine
3583 3889 3867 3946 nascendo.

2263 3964 2336 4020 At
2359 3962 2488 4023 editi
2514 4003 2530 4027 ,
2559 3962 2616 4016 in
2642 3960 2868 4016 frontiue.

2339 4033 2419 4106 (Ιι)
2448 4032 2503 4106 Id
2532 4042 2640 4095 est,
2665 4032 2767 4088 hoc
2795 4039 3195 4106 sacramentum
3217 4040 3512 4106 assumpta
3530 4030 3713 4106 carnis
3733 4045 3860 4085 nos-

2265 4102 2367 4161 trai
2395 4105 2585 4160 salutis
2613 4112 2700 4161 est
2726 4117 2919 4168 causa,
2954 4103 3065 4159 Deo
3091 4115 3271 4159 autem
3299 4103 3432 4159 nihil
3462 4110 3557 4158 aut
3583 4102 3747 4169 addit,
3774 4110 3872 4157 aut

2271 4177 2459 4232 demit.
2487 4177 2622 4231 Cum
2655 4175 2738 4230 his
2765 4174 2954 4230 confer
2984 4191 3133 4229 num.
3156 4174 3229 4230 48
3253 4185 3310 4232 et
3335 4173 3407 4231 49
3436 4175 3530 4230 lib.
3560 4191 3636 4231 at.

2346 4246 2410 4321 (i)
2441 4247 2777 4321 Ambignitas
2807 4245 3045 4313 tolletur,
3074 4244 3123 4302 si
3149 4246 3346 4319 legeris
3368 4287 3384 4315 ,
3414 4254 3747 4318 provecturas
3776 4245 3874 4300 lio-

2273 4319 2459 4374 minem
2488 4320 2543 4373 in
2574 4319 2761 4374 Deum.

2344 4410 2543 4486 (Ιῌιτι
2568 4424 2700 4466 mss.
2738 4404 2877 4486 Egiu
2909 4424 3040 4486 vero
3063 4420 3173 4486 ,__et
3203 4409 3638 4486 tamentamisso
3674 4408 3874 4465 deinde

2273 4479 2669 4537 nariChristus
2695 4495 2754 4535 se
2776 4480 2925 4537 Patri
2946 4481 3221 4538 subditum
3250 4479 3577 4550 signiﬁraVit
3598 4488 3655 4537 et
3678 4494 3876 4536 sectur-

2272 4554 2399 4625 dum
2432 4564 2679 4608 naturam
2709 4553 2972 4611 divinam.
2990 4560 3262 4625 quatenus
3289 4553 3460 4620 ﬁlius;
3490 4560 3547 4609 et
3574 4553 3873 4609 secundum

2195 4650 2250 4712 Ι)
2273 4624 2566 4680 humanam
2588 4665 2602 4690 ,
2630 4634 2892 4696 quatenus
2923 4623 3189 4680 inﬁrmus.

2346 4715 2422 4791 (k)
2445 4714 2511 4791 in
2534 4715 2874 4791 codiceVat.
2908 4716 3026 4773 bas.
3057 4717 3143 4773 hic
3172 4716 3387 4777 additur
3416 4706 3552 4786 Dei;
3584 4717 3725 4790 quod
3756 4733 3876 4774 rec-

2275 4792 2383 4846 tius
2402 4789 2562 4844 abest
2596 4789 2664 4844 ab
2695 4789 2819 4844 aliis
2849 4806 2862 4843 :
2897 4798 2982 4846 est
3009 4794 3207 4864 quippe
3242 4793 3514 4863 generalis
3553 4789 3872 4862 propositio.

2345 4882 2415 4957 (i)
2443 4882 3015 4957 Editi,_desent.e_tipso.
3050 4884 3356 4957 Notandum
3396 4883 3525 4940 illud
3561 4884 3626 4939 de
3658 4899 3711 4939 se
3736 4884 3874 4952 ipso.

2276 4953 2427 5013 Licet
2462 4955 2769 5011 Hilariusin
2809 4953 3026 5011 Christo
3059 4957 3227 5013 Deum
3259 4956 3644 5027 hominemque
3682 4957 3874 5010 arctis-

2276 5028 2414 5085 sime
2445 5029 2497 5084 in
2532 5043 2692 5083 unam
2727 5041 3016 5097 personam
3057 5028 3405 5096 coniunctum
3433 5030 3651 5093 credat;
3686 5028 3766 5082 sle
3798 5038 3882 5080 ta-

2279 5116 2403 5155 men
2454 5099 2728 5156 hominem
2782 5106 2992 5169 spectat
3038 5100 3189 5155 velut
3235 5099 3305 5155 ab
3353 5101 3472 5168 ipso
3508 5100 3776 5163 alienum,
3823 5105 3882 5153 ut

2279 5183 2470 5240 arguat
2515 5170 2831 5237 haereticos.
2879 5169 3024 5242 quod
3063 5187 3182 5240 qn
3225 5171 3294 5242 de
3336 5170 3565 5242 homine
3599 5180 3882 5242 assumpto

2280 5243 2553 5314 loquatur,
2584 5243 2648 5297 de
2673 5259 2730 5298 se
2754 5243 2871 5313 ipse
2889 5241 2907 5305 ,⁷
2929 5243 3037 5314 hoc
3063 5248 3148 5314 est
3166 5282 3181 5306 ,
3218 5241 3288 5298 de
3318 5244 3433 5313 ipsa
3461 5241 3879 5314 divinitatesua

2278 5311 2516 5369 locutum
2547 5328 2668 5369 eum
2693 5311 2816 5369 esse
2837 5312 3023 5369 velint.
3047 5311 3167 5381 Quo
3190 5311 3440 5376 loquendi
3465 5314 3628 5368 modo
3648 5311 3804 5369 Anth!
3820 5327 3882 5366 o-

2279 5386 2413 5450 sihs,
2446 5385 2537 5439 lilt.
2572 5401 2604 5439 ι
2636 5383 2690 5440 in
2722 5384 2863 5449 Luc,
2896 5401 2953 5440 ιι.
2985 5388 3077 5451 8|,
3108 5383 3214 5449 sit,
3243 5384 3429 5441 Tristis
3452 5395 3621 5439 autem
3648 5391 3744 5448 est,
3777 5399 3879 5437 non

2280 5458 2412 5526 ipse.
2441 5455 2532 5511 sed
2556 5458 2749 5527 anima.
2781 5455 2981 5527 Eodem
3012 5464 3220 5527 spectat
3241 5456 3377 5512 illud
3403 5454 3616 5526 antiqui
3642 5453 3881 5527 aucturis

2284 5522 2352 5581 de
2384 5528 2516 5584 Fide
2534 5526 2838 5583 ortlmdosa
2859 5543 2906 5582 c.
2926 5522 2982 5588 8.
3003 5522 3143 5597 apud
3161 5522 3616 5597 Amltrosium.'iq
3641 5524 3878 5596 appendi

2285 5598 2442 5655 Tom.
2469 5616 2508 5655 tt
2541 5615 2555 5652 :
2597 5598 2772 5672 Homo
2795 5599 2886 5654 ille
2908 5584 3092 5672 passas
3112 5584 3217 5668 est,
3239 5612 3388 5670 quem
3419 5584 3562 5672 ﬁiitis
3590 5584 3691 5653 Dei
3710 5584 3883 5672 ister

2287 5673 2394 5743 pit,
2422 5687 2574 5741 quem
2606 5671 2806 5744 induit,
2838 5666 2988 5741 quem
3028 5666 3288 5744 portauit;
3335 5666 3427 5728 sed
3437 5743 3443 5744 ί
3462 5671 3586 5744 quia
3625 5680 3786 5744 totum
3813 5666 3883 5725 ad

656 5740 730 5818 (Ι)
781 5740 841 5802 In
870 5740 1004 5818 mss;
1038 5748 1224 5818 proba
1249 5756 1413 5805 notat.
1440 5749 1782 5816 “opulenter.
1815 5748 1937 5805 lio:
1962 5747 2095 5805 Ded.
2122 5755 2183 5807 et
2287 5740 2548 5818 auctorem
2579 5740 2911 5818 referebatur.
2958 5740 3206 5818 quidquid
3250 5743 3404 5801 homo
3427 5742 3519 5801 ille
3556 5740 3885 5816 ραιίοὸαιιιτς

590 5816 684 5874 Er.
714 5831 836 5875 cum
864 5832 967 5874 ms.
992 5816 1110 5874 bas.
1137 5817 1283 5889 ναι,
1312 5819 1520 5892 prioris,
1545 5820 1664 5877 loco
1695 5820 1927 5891 potioris.

2297 5817 2413 5874 ideo
2432 5831 2571 5873 mors
2596 5813 2644 5873 et
2664 5816 2834 5889 passio
2857 5813 3067 5873 Domini
3076 5814 3364 5891 Μεσσίαν.
