4246 6260
522 308 631 368 287

1726 303 1971 364 SANCTI
2009 301 2268 362 HILARH
2310 302 2618 362 EPISCOPI

3731 303 3840 360 288

521 426 811 502 passiones
842 425 957 483 Deo
978 422 1147 482 socias
1171 420 1419 494 sunt,(l)
1449 428 1504 477 et
1532 419 1607 494 (a)
1636 419 1912 493 spiritales
1938 421 2128 491 nequi-
2156 421 2212 484 Α
2234 418 2478 489 corporis
2523 418 2693 475 nostri
2725 432 2947 475 manere
2966 458 2983 487 ,
3028 416 3124 475 sed
3161 416 3213 474 in
3260 418 3350 475 Dei
3389 417 3583 490 gloria.
3626 417 3699 475 Et
3729 418 3836 475 hoc

522 518 616 578 tite
644 533 711 576 ac
749 518 970 576 malitiae
1003 522 1302 588 potestates
1335 512 1608 585 triumpho
1638 513 1847 580 carnis,
1883 512 1995 569 Deo
2031 527 2130 583 per

521 627 747 672 carnem
776 612 1066 675 moriente,
1097 607 1429 666 subduntur.

599 707 654 763 8.
685 704 895 761 Fideles
925 702 1031 758 Deo
1057 703 1112 757 in
1139 700 1351 757 Christo
1371 699 1528 771 pleni.
1552 727 1627 742 —
1656 697 1827 770 liujus
1852 699 2014 771 igitur
2042 712 2133 754 sa-

2237 512 2415 585 lingua
2441 512 2618 570 omnis
2645 512 3010 570 confitebitur.
3041 514 3248 569 Etcum
3278 513 3520 571 caelestia
3548 526 3605 572 et
3631 524 3831 573 terres-

2238 606 2336 661 tria
2381 604 2460 679 (h)
2478 620 2627 675 genu
2668 604 2886 662 nectent
2915 622 2930 659 :
2961 605 3063 661 hoc
3106 615 3266 675 caput
3299 606 3477 662 omnis
3507 607 3838 678 principatus

2236 708 2294 758 et
2318 700 2600 771 potestatis
2630 708 2741 767 est,
2777 708 2838 755 ut
2861 700 2911 755 ei
2947 699 3197 755 universa
3238 714 3379 770 genu
3418 699 3690 755 ﬂectendo
3712 700 3843 757 sub-

527 795 795 857 cramenti
820 795 1112 868 Apostolus
1129 793 1405 859 conscius,
1435 801 1490 849 et
1516 808 1612 863 per
1645 791 1928 848 Dominum
1957 792 2133 863 ipsum
2233 792 2375 863 jecta
2400 792 2538 860 sint,
2571 792 2623 846 in
2654 806 2761 858 quo
2788 806 2975 847 sumus
3003 791 3227 863 repleti,
3257 799 3313 847 et
3341 793 3430 862 qui
3464 807 3561 862 per
3589 792 3842 849 habitan-

529 890 655 948 lidei
685 890 969 947 scientiam
998 888 1225 956 adeptus
1246 929 1261 953 ,
1290 901 1413 943 cum
1456 901 1563 942 non
1594 887 1869 958 ignoraret
1910 886 2135 956 incapa-

530 997 651 1039 cem
678 981 797 1052 ejus
820 995 944 1037 esse
977 989 1031 1036 et
1072 978 1330 1035 mundum
1353 1020 1368 1045 ,
1399 986 1456 1034 et
1483 977 1766 1046 homines,
1807 988 1862 1033 et
1890 976 2136 1049 philoso-

530 1072 714 1146 phiam
741 1115 757 1141 ,
789 1073 896 1139 ait,
937 1071 1115 1128 Videte
1157 1087 1222 1126 ne
1247 1071 1361 1142 quis
1390 1087 1479 1126 vos
1524 1071 1734 1126 seducat
1772 1087 1864 1141 per
1906 1068 2138 1143 philoso-

533 1164 711 1239 phiam
734 1174 784 1219 et
808 1165 1013 1220 inanem
1050 1163 1404 1233 deceptionem
1444 1161 1725 1217 secundum
1762 1159 1846 1232 (2)
1903 1161 2141 1216 traditio-

535 1273 654 1314 nem
683 1255 759 1330 (ὸ)
790 1256 1092 1322 hominum,
1124 1255 1405 1309 secundum
1449 1253 1697 1308 elementa
1736 1251 1937 1317 mundi,
1961 1260 2008 1307 et
2036 1267 2139 1306 non

534 1352 816 1407 secundum
839 1348 1026 1404 Iesum
1055 1346 1319 1403 Christum
1342 1364 1361 1403 :
1388 1347 1511 1417 quia
1538 1348 1591 1402 in
1615 1346 1730 1417 ipso
1752 1344 2005 1399 inhabitat
2029 1360 2141 1399 om-

535 1444 618 1499 nis
646 1442 913 1514 plenitudo
937 1441 1221 1497 divinitatis
1249 1440 1610 1509 corporaliter,
1641 1449 1689 1494 et
1713 1440 1833 1495 estis
1861 1439 1917 1493 in
1941 1437 2037 1493 illo
2059 1454 2142 1493 re-

548 1536 698 1607 pleti,
727 1533 799 1608 (c)
827 1534 967 1606 quod
990 1543 1065 1590 est
1084 1544 1239 1604 caput
1270 1534 1436 1588 omnis
1463 1532 1782 1603 principatus
1802 1539 1849 1585 et
1877 1530 2142 1602 potestatis

540 1625 767 1702 (Coloss.
817 1641 888 1694 ιι,
932 1626 966 1683 8
1002 1636 1051 1681 et
1088 1624 1275 1697 seqq.).
1328 1625 1584 1695 Exposita
1627 1624 1809 1693 itaque
1849 1622 2142 1681 habitantis

539 1719 896 1790 corporaliter
923 1717 1221 1775 divinitatis
1248 1717 1302 1773 in
1337 1732 1403 1773 eo
1428 1715 1793 1789 plenitudine,
1825 1728 2139 1770 sacramen-

2239 894 2344 942 tctn
2373 886 2428 941 in
2454 900 2515 941 se
2540 884 2896 955 corporaliter
2924 884 3219 942 divinitatis
3261 886 3627 957 plenitudine,
3658 887 3711 942 in
3743 887 3839 944 Dei

2238 977 2407 1049 patris
2432 978 2503 1032 sit
2522 978 2692 1048 gloria
2718 976 3079 1033 conﬁtendus.

2312 1072 2366 1128 9.
2395 1069 2535 1125 Deus
2559 1070 2695 1125 idem
2719 1081 2899 1125 auctor
2924 1072 3332 1144 regenerationis
3359 1079 3549 1127 nostra:
3576 1079 3624 1127 et
3653 1072 3847 1129 Christi

2238 1163 2643 1219 resurrectionis.
2663 1193 2735 1204 ——
2766 1163 3140 1218 Demonstrato
3165 1171 3343 1217 autem
3376 1171 3431 1218 et
3460 1171 3666 1217 natura:
3694 1179 3841 1231 suae,

2240 1264 2295 1311 et
2320 1256 2705 1324 assumptionis
2732 1262 2931 1310 nostne
2957 1263 3319 1321 sacramento,
3349 1268 3475 1311 cum
3503 1255 3556 1310 in
3583 1270 3651 1312 eo
3672 1256 3846 1323 pleni-

2241 1346 2425 1402 tudine
2451 1342 2748 1402 divinitatis
2789 1356 3069 1415 manente,
3118 1361 3218 1403 nos
3264 1347 3316 1402 in
3353 1361 3421 1403 eo
3460 1362 3561 1419 per
3602 1347 3657 1402 id
3698 1346 3843 1418 quod

2240 1441 2406 1495 homo
2433 1449 2589 1495 natus
2610 1450 2689 1495 est
2714 1439 3021 1507 repleamur
3046 1458 3060 1493 :
3092 1439 3359 1510 reliquam
3381 1439 3843 1510 dispensationem

2241 1532 2492 1589 humanae
2523 1531 2716 1588 salutis
2739 1532 3075 1600 exsequitur,
3099 1531 3313 1599 dicens,
3340 1531 3407 1586 lu
3427 1548 3528 1603 quo
3551 1541 3597 1586 et
3626 1534 3850 1587 circuat-

2241 1625 2335 1679 cisi
2359 1624 2480 1679 estis
2502 1624 2892 1679 circumcisione
2919 1640 3022 1678 non
3050 1640 3207 1679 manu
3237 1623 3445 1695 factaiu
3479 1625 3851 1694 mpoliatioue

2242 1718 2474 1785 corporis
2500 1716 2691 1781 carnis,
2720 1717 2812 1771 sed
2831 1717 2884 1772 iu
2905 1717 3294 1772 circumcisione
3318 1716 3511 1772 Christi
3537 1718 3846 1787 consepulti,

540 1823 653 1879 tum
680 1813 1068 1885 assumptionis
1094 1820 1295 1869 nostrae
1321 1811 1581 1867 continuo
1609 1810 1869 1879 subjecit,
1907 1807 2128 1864 dicens:
2162 1815 2212 1875 B
2236 1811 2283 1866 ei
2309 1812 2364 1865 in
2389 1809 2714 1878 baptismate,
2736 1810 2792 1864 in
2809 1825 2910 1877 quo
2934 1817 2981 1864 et
3013 1809 3095 1882 (5)
3114 1809 3567 1865 conresurrexistis
3586 1827 3676 1881 per
3696 1809 3850 1879 ﬁdem

538 1903 682 1961 Estis
710 1906 766 1961 in
785 1922 843 1960 eo
863 1905 1064 1975 repleti.
1097 1902 1169 1961 Ut
1196 1904 1343 1960 enim
1372 1903 1428 1958 in
1458 1917 1524 1958 eo
1546 1902 1840 1958 divinitatis
1869 1899 2034 1974 264,
2056 1908 2142 1957 est

540 1997 854 2069 plenitudo,
882 1998 955 2053 ita
997 2012 1096 2052 nos
1133 1997 1186 2052 in
1219 2011 1286 2052 eo
1325 2010 1513 2051 sumus
1544 1995 1754 2065 repleti.
1784 1995 1969 2066 Neque
2008 2009 2142 2052 sane

539 2089 640 2161 ait,
666 2090 798 2146 estis
818 2089 1035 2159 repleti,
1057 2088 1177 2154 sed,
1200 2089 1254 2143 in
1279 2103 1338 2144 eo
1359 2088 1479 2143 estis
1505 2088 1727 2156 repleti:
1745 2087 1870 2160 quia
1896 2102 1991 2158 per
2018 2085 2144 2143 lidei

540 2196 696 2254 apem
724 2182 780 2237 in
825 2180 989 2237 vitam
1021 2189 1282 2237 aeternam
1329 2179 1638 2252 regenerati
1678 2195 1742 2235 ac
1785 2178 2142 2251 regenerandi

541 2291 732 2334 omnes
753 2291 898 2332 nunc
924 2273 1195 2331 iuChristi
1220 2288 1455 2346 corpore
1483 2283 1703 2329 manent
1728 2273 1842 2348 (d);
1866 2272 2144 2344 replendis

540 2381 728 2443 postea
768 2370 925 2442 ipsis,
960 2386 1066 2426 non
1093 2371 1206 2441 jam
1247 2370 1303 2424 in
1330 2387 1416 2437 eo,
1442 2369 1540 2428 sed
1575 2370 1629 2426 in
1658 2368 1815 2441 ipsis,
1845 2367 2144 2425 secundum

542 2474 755 2537 tempus
780 2464 912 2521 illud
942 2464 1012 2520 de
1041 2479 1146 2535 quo
1173 2463 1467 2534 Apostolus
1493 2464 1591 2530 ait,
1621 2462 1726 2529 Qui
1753 2461 1832 2533 (5)
1863 2463 2147 2533 transﬁgu-

540 2560 676 2617 rabit
703 2557 774 2634 (e)
804 2576 995 2630 corpus
1021 2558 1326 2615 humilitatis
1370 2567 1560 2613 nostrte
1580 2599 1596 2624 ,
1635 2561 1902 2630 conformo
1940 2557 2147 2627 corpori

540 2652 723 2725 gloria:
747 2668 858 2707 suae
900 2650 1073 2725 (Phil.
1131 2666 1222 2716 ιιι,
1250 2649 1365 2722 21).
1409 2650 1560 2706 Nunc
1590 2649 1752 2722 igitur
1775 2651 1831 2705 in
1858 2665 1924 2706 eo
1952 2650 2147 2721 repleti

540 2759 750 2811 sumus,
784 2744 836 2800 id
867 2755 973 2812 est,
1008 2759 1103 2814 per
1126 2744 1551 2813 assumptionem
1578 2742 1758 2798 carnis
1783 2743 1932 2813 ejus,
1962 2744 2014 2798 in
2040 2757 2148 2814 quo

542 2836 840 2893 divinitatis
867 2835 1146 2905 plenitudo
1175 2835 1536 2905 corporaliter
1566 2834 1852 2891 inhabitat.
1883 2836 1949 2891 Et
1986 2835 2147 2906 hujus

542 2930 662 3002 spei
704 2936 907 2984 nostra:
933 2943 1041 2984 non
1070 2927 1265 2998 exigua
1294 2927 1347 2982 in
1374 2942 1442 2983 eo
1483 2936 1724 2998 potestas
1759 2938 1863 2984 est.
1907 2927 2148 2998 Namque

542 3021 687 3093 quod
711 3020 899 3092 repleti
923 3020 977 3075 iu
1000 3035 1066 3076 eo
1091 3034 1298 3083 sumus,
1326 3018 1427 3074 hoc
1448 3029 1531 3075 est
1552 3029 1712 3089 caput
1736 3035 1799 3076 ac
1825 3021 2146 3093 principium

544 3112 1057 3185 omnis‘potestatis,
1086 3113 1383 3169 secundum
1418 3114 1548 3171 illud
1582 3132 1595 3168 :
1625 3114 1694 3172 Ut
1721 3115 1773 3170 in
1802 3117 2020 3171 nomine
2046 3130 2147 3172 suo

544 3222 707 3265 omne
733 3221 875 3278 genu
905 3204 976 3280 (Ῑ)
1001 3204 1214 3274 ﬂectat,
1244 3207 1577 3274 ctelestium,
1608 3216 1663 3264 et
1691 3210 2055 3276 terrestrium,
2093 3217 2148 3267 et

545 3299 913 3365 infernarum;
945 3309 997 3355 et
1036 3301 1216 3358 omnis
1256 3302 1433 3371 lingua
1482 3301 1822 3368 conﬁteatur,
1861 3303 1986 3374 quia
2031 3304 2139 3359 Do-

547 3391 724 3449 minus
746 3391 904 3448 Jesus
932 3390 1012 3466 (4)
1039 3393 1092 3448 in
1122 3391 1293 3464 gloria
1327 3393 1424 3448 Dei
1462 3394 1628 3462 patris
1677 3392 1901 3465 (Philip.
1934 3411 1992 3463 ιι,
2052 3395 2141 3461 l0,

549 3484 660 3556 Η).
693 3484 978 3542 Confessio
1023 3485 1202 3556 itaque
1229 3484 1346 3541 htec
1383 3487 1489 3543 erit
1515 3504 1528 3540 :
1559 3486 1743 3543 Iesum
1771 3488 1826 3543 in
1853 3488 2023 3560 gloria
2055 3488 2146 3542 Dei

547 3578 731 3650 patris,
753 3586 810 3634 et
837 3587 1023 3634 natum
1051 3577 1106 3633 in
1132 3576 1352 3635 homine
1374 3577 1452 3652 (θ)
1469 3580 1582 3649 jam
1622 3594 1731 3636 non
1754 3579 1806 3636 in
1829 3580 2145 3638 inﬁrmitate

545 3800 580 3859 Ρ
613 3713 818 3842 (ηηξι
856 3715 1109 3787 spiritalis
1137 3717 1375 3788 nequitia:
1397 3731 1461 3770 ac
1499 3716 1712 3772 malitiw
1753 3720 2037 3789 potestatis,
2061 3718 2153 3777 de-

585 3803 611 3842 r
648 3802 698 3842 v.
778 3828 793 3841 .

585 3802 793 3842 ravate.

618 3859 700 3933 (2)
729 3857 1076 3933 Traditiones;
1105 3858 1264 3929 paulo
1286 3866 1427 3931 post,
1453 3868 1500 3915 ct
1520 3876 1623 3915 non
1644 3865 1921 3916 secundum
1945 3860 2150 3933 Iesum,

551 3929 752 3986 omissa
779 3945 912 3986 voce
941 3929 1204 3986 Christum

621 4001 701 4071 (3)
727 3999 1180 4075 Trausﬁguravit;
1209 4001 1429 4070 deinde,
1460 4002 1714 4075 corporis,
1749 4018 1856 4059 non
1883 4005 2111 4077 corpori.

621 4122 697 4195 (a)
741 4123 887 4189 Lips.
918 4132 971 4181 et
1011 4123 1137 4179 Par.
1182 4124 1432 4195 spiritalis
1475 4125 1757 4194 nequitiae:
1793 4126 2154 4182 renitentibus

548 4194 867 4252 aliisiihris.
898 4196 1021 4252 Mox
1050 4194 1402 4252 Carnutensis
1425 4196 1619 4266 codex,
1642 4198 1699 4252 in
1729 4212 1905 4266 carne,
1934 4214 2041 4255 non
2065 4215 2155 4272 per

557 4282 785 4321 carnem.

623 4336 701 4412 (ὸ)
730 4336 932 4412 Omnes
961 4352 1128 4408 prope
1158 4351 1305 4412 mss.
1320 4338 1621 4412 traditiones
1649 4355 1670 4396 :
1699 4341 1946 4411 quamvis
1969 4356 2154 4412 supra,

549 4423 610 4466 ιι.
636 4410 698 4482 in.
731 4410 873 4466 libro
896 4414 1179 4482 superiore
1205 4425 1260 4465 ιι.
1289 4410 1392 4479 5'5,
1423 4420 1478 4467 et
1505 4412 1545 4467 Ι.
1570 4428 1608 4477 ι,
1640 4428 1696 4467 ιι.
1720 4410 1793 4469 15
1814 4455 1830 4480 ,
1859 4410 2159 4470 exhibeant

551 4480 898 4537 traditionem.

2242 1904 2555 1977 operationis
2579 1902 2677 1959 Dei
2697 1944 2713 1969 ,
2750 1903 2838 1974 qui
2866 1904 3104 1957 excitauit
3143 1919 3262 1958 eum
3301 1920 3333 1957 a
3369 1903 3586 1956 mortuis
3623 1902 3847 1973 (Coloss.

2242 2012 2302 2064 ιι,
2345 1998 2399 2064 1,
2432 1997 2546 2066 12).
2564 1995 3015 2052 Circumcidimur
3031 1997 3235 2066 itaque,
3257 2011 3362 2051 non
3383 1995 3548 2069 265
3563 1994 3851 2053 circumci-

2244 2089 2399 2147 sione
2448 2090 2685 2158 carnali,
2735 2089 2832 2146 sed
2875 2089 3292 2165 cirgumcisione
3318 2087 3542 2153 Christi,
3575 2089 3626 2145 id
3656 2099 3762 2155 est,
3794 2090 3851 2146 in

2246 2200 2443 2241 novum
2476 2183 2749 2241 hominem
2777 2185 2973 2240 renati.
3001 2183 3135 2241 Cum
3165 2184 3307 2239 enini
3342 2184 3745 2250 consepelimur
3768 2185 3850 2257 (6)

2248 2278 2576 2350 baptismate
2611 2279 2678 2352 (ἰ)
2710 2278 2850 2347 ejus,
2879 2278 3019 2332 mori
3050 2292 3149 2332 nos
3176 2290 3404 2332 necesse
3432 2286 3515 2331 est
3554 2290 3623 2332 ex
3667 2285 3850 2335 vetere

2250 2374 2503 2438 homine;
2535 2374 2657 2444 quia
2688 2370 3293 2443 regeneratiobaptismi
3322 2369 3741 2426 resurrectionis
3767 2379 3850 2427 est

2247 2469 2440 2524 virtus.
2472 2468 2538 2523 Et
2562 2466 2678 2523 haec
2704 2466 3051 2523 circumcisio
3076 2465 3276 2520 Christi
3300 2473 3404 2530 est,
3421 2479 3527 2520 non
3556 2465 3853 2536 exspoliari

2251 2575 2419 2617 carne
2442 2558 2691 2630 praeputii
2712 2598 2727 2624 ,
2761 2558 2856 2612 sed
2887 2564 3034 2613 totos
3062 2556 3328 2612 commori
3355 2556 3406 2612 ei
3431 2598 3445 2623 ,
3477 2563 3534 2612 et
3557 2571 3656 2625 per
3683 2555 3734 2611 id
3766 2565 3849 2612 to-

2255 2664 2339 2711 tos
2373 2664 2557 2724 postea
2589 2651 2640 2709 ei
2676 2652 2884 2709 vivere.
2912 2652 2972 2707 in
3011 2666 3080 2707 eo
3111 2651 3254 2706 enim
3287 2650 3363 2726 (j)
3396 2652 3726 2723 resurgimus
3752 2666 3853 2721 per

2253 2747 2373 2818 ejus
2413 2746 2511 2803 Dei
2539 2746 2696 2802 ﬁdem
2718 2790 2732 2815 ,
2771 2747 2862 2817 qui
2892 2761 3016 2802 eum
3053 2744 3336 2800 suscitavit
3365 2759 3397 2800 a
3428 2744 3675 2800 mortuis.
3708 2744 3851 2802 Cre-

2254 2838 2464 2895 deudus
2493 2853 2624 2910 ergo
2652 2839 2794 2895 Deus
2813 2846 2918 2904 est,
2943 2838 3100 2905 cujus
3127 2837 3450 2907 operatione
3475 2835 3725 2893 Christus
3749 2852 3852 2893 ex-

2254 2934 2450 3003 citatus
2479 2948 2508 2987 a
2538 2932 2768 2989 mortuis
2799 2940 2883 2987 est
2911 2948 2924 2984 :
2957 2932 3080 3002 quia
3112 2929 3245 2987 lidcs
3282 2930 3388 2986 ista
3415 2931 3758 3003 conresurgit
3796 2932 3852 2989 in

2254 3026 2494 3082 Christo.

2326 3120 2415 3178 10.
2453 3118 2604 3174 Idem
2628 3117 2865 3174 Christus
2890 3127 2943 3173 ut
2970 3116 3124 3173 homo
3149 3116 3386 3183 moritur,
3409 3124 3466 3171 ut
3494 3117 3633 3173 Deus
3656 3133 3712 3172 se
3735 3134 3851 3173 sus.

2252 3217 2397 3272 citat.
2446 3246 2517 3256 —
2559 3216 2982 3272 Consummatur
3010 3212 3206 3269 deinde
3256 3213 3327 3267 ita
3380 3227 3543 3267 omne
3589 3212 3851 3283 assumpti

2249 3309 2493 3366 hominis
2517 3318 2919 3365 sacramentum
2947 3324 2961 3361 :
2989 3306 3060 3363 Et
3103 3324 3190 3363 cos
3216 3306 3296 3380 (lt)
3324 3309 3519 3363 mortui
3538 3324 3655 3363 cum
3681 3308 3856 3363 essetis

2247 3405 2302 3460 in
2328 3402 2529 3457 delictis
2577 3410 2623 3456 et
2666 3401 2919 3473 prtcputio
2963 3401 3136 3454 carnis
3181 3409 3379 3467 vestrm,
3427 3399 3699 3470 vivi/icauit
3736 3417 3851 3455 cum

2247 3494 2361 3559 illo,
2391 3494 2595 3549 donatis
2620 3493 2758 3548 vobis
2804 3492 3037 3547 omnibus
3061 3492 3282 3556 delictis,
3315 3492 3491 3546 delens
3514 3492 3650 3562 quod
3675 3492 3857 3548 adver-

2250 3602 2364 3642 sum
2380 3603 2471 3643 nos
2496 3595 2603 3642 erat
2627 3583 3026 3658 chirographum
3050 3585 3103 3639 in
3128 3584 3411 3649 sententiis,
3434 3584 3572 3655 quod
3596 3594 3708 3639 erat
3735 3602 3860 3640 con-

2332 3719 2409 3794 (i)
2444 3723 2540 3777 Ms.
2573 3721 2774 3779 Veron.
2803 3723 2859 3776 in
2882 3721 3103 3794 gloriam
3140 3729 3218 3776 est
3248 3717 3345 3794 Dei
3384 3718 3599 3794 Patris,
3641 3735 3817 3794 graece
3839 3763 3857 3789 ,

2259 3791 2501 3861 sig-3654210
2523 3797 2637 3852 θεοῦ
2656 3794 2872 3873 πᾳτρόςς
2911 3792 3069 3873 paulo
3096 3802 3238 3863 post,
3270 3791 3453 3848 Iesum
3482 3792 3861 3849 substituimus

2256 3880 2321 3921 ex
2357 3876 2544 3921 nostro
2575 3880 2676 3921 nis.
2706 3870 2875 3922 Antea
2904 3870 3076 3919 Iesus.

2354 3935 2408 3992 5)
2441 3935 2870 3992 Consurremistis.

2354 3937 2386 3992 5
2441 3935 2870 3992 Consurremistis.

2327 3934 2408 4083 (δὲ
2447 4007 2677 4065 Prml‘ert
2703 4008 2979 4079 exemplar
3008 4008 3214 4066 Veron.
3247 4007 3540 4081 baptismati
3568 4009 3696 4081 ejus.

2331 4130 2410 4196 (ei
2442 4129 2632 4185 Plures
2665 4144 2796 4183 mss.
2828 4127 3233 4200 transﬁguraoit.
3266 4125 3482 4200 Martio.
3517 4126 3863 4200 transforma-

2258 4201 2329 4255 oit
2357 4217 2376 4256 :
2405 4201 2546 4270 quod
2588 4210 2644 4256 ct
2685 4200 2847 4256 habet
2883 4196 3163 4255 Vat'fbas.
3196 4197 3370 4254 codex
3391 4240 3407 4263 ,
3439 4196 3533 4270 qui
3575 4211 3696 4251 cum
3721 4209 3865 4270 non-

2261 4266 2436 4399 nulliis'
2454 4273 2578 4357 aliis
2603 4282 2788 4344 postea
2816 4270 3060 4344 subjicit,
3094 4273 3355 4344 conforme
3394 4269 3590 4341 faciens
3617 4266 3863 4340 corpori,

2262 4358 2329 4399 ve
2377 4361 2626 4412 corporis.
3378 4402 3381 4403 ν
3484 4411 3515 4412 η
3634 4409 3655 4412 _

2337 4415 2406 4489 (Ῑ)
2428 4409 2505 4472 Ita
2538 4416 2749 4473 Bad.ac
2779 4416 3023 4487 plerique
3052 4428 3182 4471 mss.
3213 4414 3284 4468 At
3311 4412 3454 4484 apud
3479 4411 3601 4475 En,
3633 4409 3780 4480 Lips.
3807 4416 3865 4465 et

2264 4487 2424 4554 Par.,
2451 4490 2710 4559 ﬂectatur.
2740 4488 2798 4544 In
2830 4503 2934 4543 ms.
2965 4487 3088 4543 Vat.
3117 4487 3234 4559 bas.
3265 4493 3320 4540 et
3357 4484 3533 4540 altero
3563 4482 3738 4538 Vatic.
3758 4521 3774 4547 ,
3806 4490 3865 4559 ut

623 4551 695 4631 (ο)
724 4552 817 4631 Sic
844 4553 1090 4631 plerique
1129 4569 1192 4631 ac
1226 4555 1478 4631 melioris
1505 4564 1646 4611 noue
1681 4569 1813 4631 mss.
1856 4557 2158 4612 faventibus
2185 4550 2236 4610 D
2260 4558 2318 4631 in
2360 4550 2565 4617 nomine
2612 4559 2741 4614 Iesu
2787 4575 2963 4614 omnes
3008 4575 3140 4631 genu
3163 4558 3388 4631 ﬂectant
3419 4573 3437 4610 :
3466 4570 3534 4610 ex
3576 4568 3684 4631 quo
3710 4553 3866 4631 sequi

550 4624 807 4697 subnexis
828 4667 843 4689 ,
881 4624 1033 4692 Quod
1057 4626 1236 4696 repleti
1271 4628 1327 4682 in
1352 4642 1413 4681 eo
1443 4643 1645 4695 sumus,
1687 4628 1785 4682 hoc
1806 4635 1884 4682 est
1910 4636 2063 4697 caput
2094 4642 2156 4682 ac

553 4696 867 4771 principium
890 4698 1056 4771 omnis
1080 4699 1367 4771 potestatis.
1386 4697 1543 4771 AEditi
1574 4713 1730 4766 vero,
1760 4699 1847 4767 qui
1873 4708 1948 4753 est
1973 4696 2152 4771 caput,

552 4768 826 4838 quomodo
854 4767 1051 4838 legitur
1078 4769 1171 4823 Iih.
1203 4784 1252 4830 1.
1286 4785 1339 4824 ιι.
1378 4768 1464 4824 15.

627 4836 706 4910 (d)
736 4838 794 4894 lu
812 4836 1001 4894 codice
1030 4837 1151 4894 Vat.
1186 4838 1302 4894 bas.
1327 4880 1342 4905 ,
1372 4838 1588 4894 Martio.
1608 4880 1626 4907 ,
1654 4840 1866 4896 duobus
1918 4838 2072 4896 Colb.
2103 4849 2158 4895 ct

552 4924 662 4983 uno
704 4911 936 4983 Sorbon.
987 4924 1268 4983 perperam
1322 4910 1704 4983 hic‘adjicitur
1748 4911 1950 4983 repleti.
1999 4912 2156 4968 Ratio

551 4981 749 5051 quippe
791 4980 877 5036 hic
915 4981 1200 5049 subjicitur
1238 4997 1336 5037 cur
1367 4981 1555 5036 ﬁdeles
1587 4982 1638 5038 in
1671 4980 1888 5039 Christo
1920 4983 2029 5039 sint
2065 5001 2154 5040 re-

553 5051 693 5125 pleti
731 5052 873 5125 Deo,
915 5053 1037 5123 quia
1068 5052 1321 5108 nimirum
1361 5061 1582 5125 manent
1611 5057 1663 5109 in
1694 5055 1864 5125 ipsius
1890 5069 2115 5123 corpore
2135 5098 2151 5122 ,

552 5123 696 5194 quod
726 5124 911 5197 gloriae
936 5125 1047 5191 jam
1087 5125 1355 5194 particeps
1386 5123 1610 5191 factum,
1642 5123 1753 5182 Deo
1789 5126 2013 5197 proinde
2040 5127 2155 5197 ple-

554 5210 682 5269 num
711 5195 801 5249 sit.
829 5194 1045 5269 Manent
1072 5198 1318 5269 porrouiu
1346 5197 1468 5269 ejus
1497 5211 1746 5267 corpore,
1780 5194 1903 5269 quia
1936 5208 1994 5252 ut
2021 5194 2155 5253 dici-

554 5275 642 5321 tur
668 5265 720 5321 iu
749 5267 884 5335 psal.
918 5283 989 5330 ιι,
1015 5265 1204 5324 ιι.“16;
1230 5267 1464 5324 Christus
1493 5265 1731 5323 naturam
1757 5265 1814 5324 in
1831 5285 1883 5324 se
1905 5270 2153 5325 universa:

554 5339 725 5410 carnis
753 5340 1049 5409 assumpsit.
1095 5339 1248 5395 Unde
1281 5356 1400 5410 cap.
1433 5338 1468 5393 4
1501 5340 1553 5395 ἰιι
1585 5339 1769 5395 Matth.
1800 5356 1855 5396 n.
1892 5342 1989 5408 12,
2023 5356 2152 5396 caro

553 5408 753 5484 Christi
787 5408 990 5484 civitas
1021 5408 1380 5484 nuncupatur,
1423 5410 1475 5466 in
1513 5427 1615 5481 qua
1645 5413 1884 5483 qutrdaut
1930 5413 2152 5469 universi

554 5482 756 5556 generis
784 5483 995 5556 humani
1019 5482 1347 5556 congregatio
1369 5482 1680 5545 continetur:
1701 5486 1966 5552 adeoque,
1995 5494 2051 5539 ιιι
2076 5486 2152 5541 ait

555 5553 873 5626 Ambrosius
902 5570 989 5626 ep.
1022 5553 1162 5613 nunc
1188 5573 1368 5616 Lxxvr.
1396 5556 1461 5611 ad
1486 5555 1766 5623 Irenaeum,
1799 5573 1854 5611 n.
1873 5558 1907 5613 8
1935 5572 1949 5611 :
1980 5557 2035 5611 in
2058 5558 2154 5611 illa

553 5640 710 5701 carne
730 5624 920 5701 Christi
939 5624 1030 5701 per
1049 5631 1360 5685 consortium
1380 5628 1611 5701 ejusdem
1631 5639 1830 5685 natura
1850 5645 1969 5683 caro
1989 5630 2154 5684 omnis

555 5696 768 5778 humani
789 5696 1263 5778 gene_r'is_hon9rat_a
1290 5712 1384 5778 est.
1401 5696 1791 5778 'Ileplebuutur,
1806 5712 1987 5778 autem
2010 5701 2063 5764 in
2092 5715 2152 5758 se

555 5765 1061 5893 ξιόῗίιῗεοὲιὲεῐῇξοιὶω
1083 5771 1327 5841 ejusdem
1349 5774 1403 5828 in
1426 5765 1661 5843 propriis
1679 5765 2001 5843 corporibus
2022 5782 2156 5830 com

588 5848 732 5894 ortcs
759 5848 937 5893 erunt.

2259 4630 2513 4697 deberet,
2553 4632 2796 4693 ctelestes.
2830 4644 2936 4685 non
2985 4626 3283 4684 cinlestium.
3341 4626 3562 4695 Graece,
3588 4627 3670 4683 ἵνα
3716 4626 3865 4701 ἐντῷ

2260 4702 2469 4777 ὀνόματι
2488 4708 2634 4762 lnam?
2658 4706 2764 4758 πᾶν
2789 4702 2913 4777 γόνυ
2941 4703 3139 4776 κάμψῃ.

2292 4794 2409 4878 ..(9)
2440 4792 2583 4848 Editi
2607 4792 2693 4850 hic
2713 4792 2919 4849 addunt
2944 4791 3148 4857 Deum;
3174 4807 3294 4864 quas
3316 4806 3420 4849 vox
3443 4791 3596 4848 abest
3616 4804 3644 4843 a
3670 4787 3844 4862 potio-

2261 4866 2410 4921 ribus
2441 4879 2574 4920 mss.

2332 4936 2412 5007 (h)
2443 4936 2500 4992 In
2532 4953 2633 4993 ms.
2666 4935 2880 4992 Martio.
2913 4935 3000 4992 hic
3026 4937 3278 5008 adjicitur
3305 4944 3351 4990 et
3379 4934 3605 5008 inferna.

2331 5002 2405 5083 (ἱ)
2419 5008 2637 5083 Antiqui
2660 5009 2779 5083 libri
2810 5008 3022 5083 Martio.
3050 5002 3195 5083 Vat”
3216 5002 3560 5083 Abas.,Coib.,
3586 5002 3858 5083 ctc_.,bap«

2261 5077 2455 5154 tismuti
2503 5077 2635 5154 ejus.
2669 5080 3038 5154 Remigianus,
3084 5080 3389 5154 baptismate
3428 5079 3474 5133 ei
3500 5093 3519 5154 :_
3543 5077 3866 5154 quodsatis

2259 5147 2554 5209 arridebat:
2585 5153 2694 5209 Sed
2726 5147 2996 5221 quomodo
3027 5147 3199 5223 supra
3230 5150 3437 5223 dicitur
3463 5147 3864 5223 circumcisione

2261 5222 2476 5285 Christi,
2524 5224 2596 5279 ita
2642 5234 2697 5280 et
2740 5220 2884 5278 nunc
2914 5220 3218 5294 baptismate
3246 5224 3377 5291 eius,
3427 5220 3479 5278 id
3509 5231 3615 5287 est,
3645 5232 3868 5290 suscep—

2262 5297 2408 5352 tione
2436 5295 2771 5364 baptismatis
2791 5295 2860 5351 ab
2882 5296 3000 5365 ipso
3032 5295 3284 5351 instituti.

2328 5389 2400 5464 (j)
2439 5388 3003 5464 Martinianus‘codex
3025 5428 3042 5454 ,
3090 5389 3465 5464 resurreximus
3497 5403 3516 5442 :
3546 5394 3602 5442 et
3648 5392 3860 5458 postea,

2260 5459 2582 5517 consurrexit
2612 5462 2665 5515 in
2693 5459 2919 5528 Christo,
2950 5475 3058 5516 non
3089 5460 3431 5532 conresurgit.

2331 5556 2405 5627 (k)
2443 5554 2519 5609 lla
2549 5571 2682 5612 mss.
2714 5554 2860 5611 Editi
2904 5570 3033 5611 vero
3060 5552 3378 5626 particulam
3422 5568 3537 5606 cum
3584 5549 3869 5627 prmligunt

2260 5624 2427 5685 verbo
2457 5628 2663 5683 mortui.
2696 5627 2847 5695 Quod
2877 5627 2970 5682 lib.
3020 5624 3144 5683 tfn.
3181 5627 3266 5690 1⁸5,
3298 5639 3325 5678 a
3370 5639 3501 5679 mss.
3549 5624 3742 5678 abesse
3773 5637 3871 5695 an-

2262 5703 2592 5762 nmavimus.
2644 5694 2767 5753 Mox
2797 5713 2898 5769 ms.
2931 5697 3161 5764 Martium
3182 5695 3551 5769 donansﬁvobis
3569 5696 3744 5749 omnia
3770 5694 3863 5759 de:

2262 5772 2413 5899 (ξὶεαῖ
2455 5770 2728 5897 (ιιιυῖἓοᾱο
2757 5766 2954 5841 legitur
2996 5768 3093 5826 lib;
3139 5781 3197 5841 x,
3249 5778 3302 5825 n.
3334 5764 3429 5839 47,
3480 5764 3637 5824 secus
3680 5770 3865 5823 autem

2347 5883 2359 5896 .
2422 5854 2521 5899 .n;
2632 5880 2643 5896 .

2309 5846 2359 5901 b.
2398 5854 2435 5909 t',
2469 5858 2521 5900 n;
2557 5846 2643 5897 15.
