4246 6260
353 331 465 388 289

1584 332 1669 388 DE
1709 328 2079 389 TRlNlTATE
2119 329 2324 388 LIBER
2364 331 2455 390 IX.

3558 335 3667 396 290

348 448 570 502 trarium
625 446 770 500 nobis
798 462 817 500 :
843 455 890 500 et
937 444 1108 518 ipsum
1153 445 1267 501 tulit
1296 461 1322 501 θ
1352 445 1539 514 medio,
1571 449 1779 519 a/figens
1824 447 1960 501 illud
1988 453 2042 513 Α
2069 447 2172 502 tuis
2203 447 2464 513 excitans,
2495 447 2584 520 qui
2607 455 2692 505 est
2713 457 2836 505 ante
2861 456 3090 505 mortem
3117 447 3365 505 Christus
3384 459 3661 521 operatus,

347 541 491 593 cruci
520 557 537 593 .'
568 542 647 612 (l)
680 549 863 594 exutus
890 555 1115 604 carnem,
1146 550 1194 593 et
1222 549 1491 610 potestates
1517 541 1736 594 ostentui
1761 557 1867 594 esse
1889 541 1959 609 [e-

344 634 437 698 cit,
463 635 793 706 triumpltatis
822 635 901 688 his
932 633 1008 706 (ιι)
1030 635 1082 688 in
1108 636 1379 707 semetipso
1407 634 1456 704 (Ι
1466 635 1570 689 bid.
1602 636 1669 690 15
1692 646 1739 690 et
1764 638 1955 706 seqq.).

345 726 718 797 Apostolicam
750 728 907 782 ﬁdem
935 728 1114 782 saeculi
1146 729 1306 783 homo
1337 743 1441 783 non
1471 729 1632 800 capit,
1662 741 1715 785 et
1737 728 1812 801 (b)
1836 743 1959 783 sen-

343 837 440 877 sus
484 824 565 878 sui
610 822 754 878 dicta
785 824 926 878 alius
956 831 1152 892 praeter
1194 838 1356 895 quam
1409 823 1576 894 ipsius
1619 836 1800 878 sermo
1849 838 1955 876 non

347 914 606 985 explicat.
635 916 780 972 Deus
801 913 1078 970 Christum
1111 932 1139 970 a
1188 918 1416 972 mortuis
1447 918 1669 982 excitat,
1693 926 1748 973 et
1774 916 1959 973 Chris-

346 1016 464 1064 tum
493 1011 546 1064 in
593 1025 698 1080 quo
742 1011 1100 1079 eurporaliter
1140 1010 1440 1066 divinitatis
1474 1010 1750 1080 plenitudo
1798 1011 1948 1066 inha-

349 1101 508 1157 bitat.
541 1103 646 1160 Sed
675 1103 1074 1159 conviviﬁcavit
1105 1118 1203 1158 nos
1243 1119 1364 1159 cum
1395 1105 1510 1168 illo,
1561 1105 1770 1160 donans
1802 1104 1958 1160 nobis

351 1205 598 1267 peccata,
640 1204 697 1252 et
739 1197 930 1253 delens
959 1198 1379 1268 chirographum
1426 1197 1499 1270 (c)
1541 1198 1676 1268 legis
1724 1197 1950 1267 peccati,

349 1291 499 1362 quod
529 1307 622 1362 per
647 1292 940 1346 sententias
968 1293 1273 1346 anteriores
1302 1295 1632 1347 contrarium
1659 1292 1817 1348 nobis
1839 1301 1958 1348 erat

349 1380 457 1439 hoc
482 1384 675 1439 tollens
716 1383 784 1440 de
835 1383 1035 1449 medio,
1067 1392 1122 1439 et
1151 1385 1296 1440 cruci
1325 1383 1573 1454 alﬁgens,
1610 1387 1799 1440 mortis
1837 1386 1958 1457 lege

346 1488 515 1530 carne
563 1491 685 1530 sese
730 1477 1010 1545 spolians,
1060 1485 1362 1548 potestates
1406 1479 1642 1532 ostentui
1694 1478 1951 1544 reddens,

348 1569 695 1640 triumphalis
724 1570 809 1625 his
855 1571 907 1625 in
937 1573 1253 1641 semetipso.
1284 1572 1350 1626 Et
1378 1571 1446 1627 de
1486 1571 1831 1642 triumphalis
1856 1589 1955 1643 po-

351 1665 636 1719 testatibus
665 1665 720 1720 iu
759 1667 1078 1736 semetipso,
1109 1675 1274 1736 atque
1312 1670 1548 1723 ostentui
1576 1669 1822 1737 redditis,
1853 1669 1954 1724 de-

352 1754 569 1825 letoque
594 1755 978 1826 chirographo,
1029 1758 1422 1827 viviﬁeatisque
1451 1760 1624 1828 nobis,
1655 1761 1765 1830 jam
1795 1775 1956 1831 supe-

2064 552 2116 596 et
2150 542 2290 597 idem
2315 542 2385 598 sit
2409 543 2648 613 spolians
2677 560 2735 599 se
2755 559 2920 600 carne
2951 544 3263 601 nim-iturus.

2137 635 2224 689 Η.
2252 635 2380 690 Caro
2408 635 2625 707 spoliata
2648 645 2697 691 et
2719 652 2871 690 carne
2895 652 2954 691 se
2971 635 3202 707 spoliatis
3227 653 3356 693 unus
3385 644 3458 690 est
3487 633 3667 690 Chris-

2063 728 2431 785 tus.-—Jamne
2454 729 2761 800 apostolica:
2793 727 2916 784 ﬁdei
2945 737 3342 784 sacramentum
3369 727 3666 800 intelligis?

2060 821 2250 877 Jamne
2279 821 2550 878 Christum
2573 823 2847 893 cognitum
2878 822 3084 878 habes?
3113 822 3313 890 Qiuero
3349 822 3492 877 enim
3525 837 3553 874 a
3588 832 3662 889 te,

2061 916 2180 984 quis
2211 915 2282 970 sit
2310 930 2474 972 carne
2503 931 2564 972 se
2609 916 2870 986 spolians,
2903 927 2956 972 et
2977 932 3100 988 qua:
3125 917 3196 971 sit
3241 930 3370 971 caro
3411 915 3501 970 illa
3529 930 3658 986 spo-

2059 1008 2229 1064 liata?
2260 1009 2496 1080 Duplicis
2522 1010 2665 1066 enim
2698 1011 3070 1082 intelligentiae.
3109 1011 3178 1067 ab
3207 1009 3469 1080 Apostolo
3496 1020 3657 1067 teneo

2061 1100 2531 1169 signiﬁcationem,
2577 1103 2822 1173 spoliata:
2865 1105 3068 1173 carnis,
3121 1119 3288 1175 seque
3333 1120 3501 1161 carne
3539 1121 3666 1177 spo-

2059 1192 2281 1248 liantis:
2313 1195 2526 1250 etinter
2555 1195 2667 1250 INBC
2683 1195 2953 1251 Christum
2977 1197 3140 1252 audio
3168 1212 3263 1267 per
3285 1197 3661 1268 operationem

2061 1287 2157 1344 Dei
2204 1304 2233 1343 a
2289 1289 2516 1345 mortuis
2563 1292 2874 1346 excitatum.
2928 1291 2995 1346 Et
3046 1307 3167 1347 cum
3210 1292 3282 1346 sit
3325 1290 3602 1347 Christum
3632 1307 3664 1348 a

2061 1383 2289 1436 mortuis
2319 1383 2558 1437 excitans
2587 1384 2752 1450 Deus,
2783 1385 2960 1453 sitque
2989 1394 3045 1441 et
3068 1385 3320 1440 Christus
3344 1387 3610 1440 excitatus
3630 1401 3663 1440 a

2059 1475 2288 1530 mortuis
2314 1493 2327 1528 :
2353 1477 2627 1548 interrogo
2647 1477 2769 1548 quis
2795 1491 2877 1534 est
2897 1493 3062 1535 carne
3089 1495 3146 1534 se
3177 1480 3437 1546 Spolians,
3463 1480 3662 1550 etquis

2059 1576 2143 1622 est
2186 1568 2454 1623 Christum
2487 1586 2517 1624 a
2547 1571 2772 1627 mortuis
2817 1573 3083 1638 excitans,
3118 1589 3324 1644 nosque
3369 1561 3657 1629 viviﬁcans

2060 1676 2180 1715 cum
2210 1661 2462 1717 Christo?
2495 1663 2552 1719 Si
2579 1665 2723 1719 enim
2775 1681 2881 1720 non
2913 1666 3054 1722 idem
3101 1675 3188 1723 est
3230 1666 3478 1724 Christus
3519 1683 3665 1724 mor-

2061 1760 2203 1816 tuus,
2235 1754 2324 1822 qui
2369 1763 2453 1808 est
2494 1768 2621 1809 caro
2664 1756 2932 1826 spoliata;
2970 1759 3150 1813 carnis
3181 1759 3424 1826 spoliatae:
3465 1775 3662 1815 nomen

348 1849 462 1903 rius
490 1849 605 1922 (tib.
637 1865 692 1915 ι,
721 1868 776 1904 η.
812 1849 899 1921 l5)
933 1853 1304 1908 tractavimus.
1345 1854 1453 1908 Iloe
1486 1869 1616 1909 vero
1645 1869 1955 1910 sacramen-

2061 1845 2320 1900 ostende:
2353 1856 2408 1902 et
2435 1861 2619 1902 rursus
2659 1859 2907 1902 naturam
2954 1851 3090 1918 ejus,
3142 1851 3232 1920 qui
3260 1865 3320 1906 se
3347 1866 3511 1908 carne
3539 1865 3666 1921 spo-

347 1950 461 1996 tum
491 1945 614 2013 quis
641 1944 724 1998 vel
752 1943 1148 2012 apprehendet,
1182 1946 1264 2001 vel
1291 1946 1455 2018 266
1477 1947 1796 2016 eloquetur?
1825 1948 1957 2004 Sus-

345 2039 480 2090 citat
502 2038 745 2106 operatio
772 2037 866 2092 Dei
889 2036 1170 2092 Christum
1197 2053 1226 2092 a
1258 2040 1505 2102 mortuis,
1537 2049 1591 2094 et
1615 2039 1731 2095 lucc
1759 2039 1954 2096 eadem

344 2129 447 2183 Dei
466 2131 710 2200 Operatio
744 2146 840 2185 nos
867 2130 1100 2186 viviﬁcat
1120 2147 1242 2187 cum
1271 2130 1510 2197 Christo,
1541 2141 1597 2186 et
1619 2132 1735 2187 haec
1763 2133 1952 2189 eadem

346 2225 429 2297 (d)
461 2227 707 2294 Operatio
751 2225 920 2282 donat
948 2235 1188 2297 peccata,
1238 2226 1662 2298 chirographum
1695 2227 1872 2292 delet,
1903 2236 1958 2282 et

344 2318 519 2390 afﬁgit
547 2321 694 2374 cruci
739 2340 753 2375 :
800 2335 1022 2374 carnem
1063 2334 1123 2374 se
1170 2320 1341 2385 exuit,
1395 2327 1689 2388 potestates
1716 2319 1954 2374 ostentui

346 2409 552 2477 reddit,
586 2426 648 2464 ac
673 2409 742 2465 de
771 2410 855 2465 his
881 2411 933 2466 in
961 2410 1258 2480 semetipso
1285 2411 1597 2479 triumphat.
1629 2410 1805 2466 Habes
1825 2426 1955 2479 ope-

346 2504 618 2560 ratiOuem
649 2504 744 2560 Dei
791 2502 1065 2560 Christum
1106 2521 1137 2560 a
1171 2505 1399 2560 mortuis
1424 2505 1714 2560 excitantis
1741 2523 1754 2558 :
1786 2505 1955 2561 habes

345 2606 405 2653 et
431 2597 707 2652 Christum
743 2598 856 2653 hinc
889 2599 1001 2670 ipsa
1033 2600 1085 2654 in
1133 2615 1194 2655 se
1222 2615 1341 2670 qua;
1391 2599 1534 2656 Deus
1581 2608 1842 2671 operatur
1884 2599 1956 2674 (ε)

345 2701 689 2760 operantem.
723 2690 969 2748 Christus
989 2693 1133 2748 enim
1157 2703 1402 2748 mortuus
1422 2701 1525 2754 est.
1557 2708 1722 2748 carne
1743 2709 1802 2748 se
1830 2708 1958 2764 spoo

345 2783 510 2839 iiaus.
530 2783 678 2840 Tene
703 2801 832 2855 ergo
855 2785 1127 2839 Christum
1148 2784 1423 2840 hominem
1451 2801 1478 2838 a
1501 2785 1612 2840 Deo
1633 2801 1697 2841 ex
1731 2787 1958 2841 mortuis

345 2876 675 2942 excitatum,
712 2887 834 2933 tene
881 2877 1050 2933 Deum
1103 2880 1374 2933 Christum
1406 2879 1598 2935 salutis
1626 2890 1824 2934 nostra:
1875 2878 1954 2952 (2)

346 2971 724 3039 operationem
766 2986 888 3026 cum
943 2982 1090 3027 esset
1141 2973 1433 3028 moriturus
1481 2984 1798 3042 operantem
1839 2990 1851 3026 :
1898 2981 1956 3026 ut

347 3078 473 3119 cum
507 3063 620 3118 hanc
641 3063 782 3119 Deus
811 3075 1064 3135 operatur
1093 3063 1146 3118 in
1170 3061 1410 3131 Chrism,
1449 3064 1518 3136 (f)
1549 3079 1787 3134 operaus
1829 3065 1957 3121 licet

349 3155 518 3224 Deus,
567 3155 806 3226 spolians
833 3171 893 3212 se
940 3166 1115 3212 tamen
1148 3157 1394 3212 Christus
1445 3172 1610 3212 carne
1661 3157 1954 3213 moriturus

347 3248 458 3304 sit:
487 3259 535 3304 et
566 3264 687 3303 cum
721 3259 966 3304 mortuus
993 3258 1078 3304 est
1102 3247 1369 3314 Christus,
1393 3264 1624 3318 Operans
1653 3258 1779 3305 ante
1808 3265 1954 3305 mor-

2058 1938 2227 2005 Iiavit,
2275 1955 2510 2008 expone.
2565 1941 2725 2014 267
2781 1942 3043 1999 Eutndem
3097 1945 3240 1999 enim
3292 1960 3414 2001 esse
3447 1947 3665 2002 invenio

2061 2029 2226 2085 Deum
2257 2029 2530 2087 Christum
2579 2049 2608 2088 a
2653 2037 2882 2090 mortuis
2911 2034 3242 2102 excitatum,
3293 2038 3383 2108 qui
3413 2054 3577 2095 carne
3605 2054 3666 2097 se

2057 2124 2328 2193 Spoliavit,
2363 2137 2416 2180 et
2448 2141 2659 2180 rursum
2684 2127 2970 2197 spoliatam
2999 2143 3220 2184 carnem
3241 2129 3518 2186 Christum
3539 2146 3664 2188 esse

2059 2232 2088 2270 ιι
2122 2218 2346 2272 mortuis
2389 2219 2680 2274 excitatum
2712 2239 2724 2274 :
2760 2220 2958 2277 deinde
2987 2221 3318 2292 principatus
3344 2233 3404 2280 et
3428 2234 3666 2295 potesta-

2061 2317 2141 2364 tes
2167 2312 2402 2366 ostentui
2432 2312 2746 2368 reddentem
2799 2322 2853 2369 et
2883 2314 3302 2385 trimnphautem
3349 2317 3563 2388 reperio
3609 2319 3664 2376 in

2061 2403 2374 2473 semetipso.
2429 2404 2769 2476 lntelligisne
2817 2406 2960 2462 hunc
3011 2408 3434 2479 triumphantem
3486 2425 3669 2482 petes-

2059 2501 2198 2550 tates
2225 2495 2277 2551 in
2324 2495 2656 2567 semetipso?
2685 2497 2937 2554 Sentisne
2967 2499 3108 2571 quod
3156 2516 3186 2554 a
3232 2517 3291 2556 se
3315 2518 3422 2557 non
3452 2503 3666 2560 diﬁ'crat

2061 2604 2188 2643 caro
2235 2589 2484 2658 spoliata,
2540 2599 2595 2645 et
2645 2605 2810 2646 carne
2836 2606 2896 2647 se
2942 2592 3226 2661 Spolians?
3279 2593 3335 2648 ln
3367 2596 3664 2666 semetipso

2061 2684 2204 2738 enim
2233 2684 2549 2754 triumphat,
2581 2683 2634 2738 id
2665 2697 2768 2751 est,
2797 2686 2850 2740 in
2880 2701 2942 2741 ea
2971 2702 3073 2756 qua
3107 2702 3168 2742 se
3197 2702 3363 2743 carne
3385 2688 3661 2758 spoliavit.

2067 2775 2301 2831 Videsne
2351 2777 2422 2830 ita
2470 2777 2638 2833 Deum
2679 2787 2733 2834 et
2761 2777 3034 2836 hominem
3068 2779 3348 2850 prmdieari
3377 2799 3390 2835 :
3421 2791 3478 2837 ut
3521 2797 3669 2840 mors

2063 2869 2288 2935 homini,
2323 2869 2434 2926 Deo
2463 2886 2595 2925 vero
2645 2871 2827 2926 carnis
2875 2871 3132 2927 excitatio
3177 2874 3503 2944 deputetur;
3558 2889 3667 2932 non

2062 2972 2241 3019 tamen
2273 2971 2331 3018 ut
2360 2963 2498 3018 alius
2528 2963 2595 3018 sit
2638 2963 2727 3034 qui
2758 2973 3004 3019 mortuus
3047 2973 3152 3031 est.
3204 2975 3260 3022 et
3289 2967 3428 3022 alius
3477 2966 3550 3023 sit
3573 2983 3671 3039 per

2058 3072 2216 3128 quem
2271 3067 2518 3112 mortuus
2575 3057 2854 3129 resurgit?
2917 3057 3160 3128 Spuliata
3209 3059 3355 3114 enim
3409 3059 3491 3131 (Ιι)
3535 3075 3666 3116 caro

2057 3149 2303 3206 Christus
2332 3157 2416 3206 est
2461 3160 2703 3206 mortuus
2735 3167 2747 3203 :
2778 3161 2831 3206 et
2856 3167 3042 3208 rursus
3078 3151 3352 3208 Christum
3380 3169 3407 3207 a
3439 3153 3665 3210 mortuis

2059 3244 2321 3309 excitans,
2355 3243 2494 3299 idem
2521 3243 2770 3300 Christus
2801 3254 2884 3300 est
2910 3261 3074 3301 carne
3100 3260 3160 3302 se
3205 3246 3469 3315 spolians.
3501 3245 3665 3302 Natu-

347 3349 461 3397 tem
493 3341 638 3397 Deus
660 3383 675 3404 ,
730 3352 1000 3397 mortuum
1035 3352 1212 3397 tamen
1265 3340 1540 3396 Christum
1579 3343 1829 3411 operatio
1858 3341 1954 3398 Dei
1984 3322 2030 3386 (ἶ
2062 3353 2175 3394 ram
2207 3338 2302 3392 Dei
2347 3338 2399 3392 in
2430 3337 2630 3393 virtute
2678 3340 3093 3396 resurrectionis
3122 3341 3363 3412 intellige
3392 3359 3406 3396 :
3437 3339 3662 3413 dispen-

347 3437 584 3501 excitet;
611 3449 732 3489 cum
761 3433 879 3506 ipse
906 3435 976 3490 sit
1021 3434 1186 3504 (idem
1218 3433 1310 3506 sit)
1342 3432 1418 3505 (g)
1445 3432 1721 3490 Christum
1752 3449 1779 3488 a
1810 3450 1955 3490 mor-

430 3591 511 3663 (l)
553 3591 755 3648 Exutus
782 3607 958 3649 carne.

429 3729 504 3802 (a)
546 3730 604 3785 lu
638 3747 740 3786 ms.
784 3731 1006 3787 Carnut.
1041 3728 1126 3786 hic
1168 3729 1382 3785 additur
1412 3746 1527 3784 cum
1555 3729 1796 3802 ﬁducia:
1819 3729 1962 3802 quod

350 3801 516 3861 etiam
545 3814 718 3859 exstat
750 3805 844 3859 lib.
876 3819 913 3867 ι,
944 3819 998 3857 ιι.
1036 3803 1118 3868 ‘5,
1163 3811 1214 3856 et
1242 3802 1334 3857 lib.
1363 3818 1418 3863 κ,
1451 3818 1504 3855 ιι.
1536 3801 1626 3864 47,
1682 3801 1771 3856 ubi
1817 3801 1957 3856 idem

349 3877 446 3931 ille
473 3875 624 3930 locus
653 3890 758 3929 non
782 3874 971 3929 eodem
999 3889 1220 3942 prorsus
1242 3874 1403 3928 modo
1424 3874 1730 3929 exhibetur.
1769 3873 1821 3925 lu
1852 3887 1953 3926 ms.

346 3948 476 4002 Vat.
508 3948 623 4001 bas.
655 3955 710 4002 et
734 3945 946 4000 Martia.
980 3955 1167 4000 exutus
1207 3961 1430 4004 carnem.
1472 3954 1519 3998 et
1564 3945 1880 4015 principatus
1908 3955 1957 3999 et

346 4028 624 4090 potestates
647 4018 1012 4090 ide/toncstans,
1044 4025 1091 4070 et
1118 4032 1233 4090 cum
1261 4016 1824 4090 ﬁduciatrimnphans.
1857 4015 1953 4071 Hic

343 4087 529 4146 autem
564 4089 852 4158 diligenter
872 4087 1300 4154 observandum,
1345 4087 1485 4157 quod
1515 4096 1696 4140 exutus
1723 4103 1946 4158 carnem,

344 4178 460 4217 non
495 4157 728 4229 passive,
762 4159 855 4214 sed
900 4162 1075 4214 active
1121 4169 1384 4221 sumatur,
1434 4160 1586 4228 quasi
1641 4157 1872 4229 spoliatis
1899 4175 1952 4212 se

345 4249 528 4296 carne,
581 4231 854 4298 quomodo
909 4231 1107 4301 legitur
1152 4230 1310 4294 infra,
1341 4229 1438 4284 lib.
1492 4246 1546 4296 x,
1593 4244 1647 4282 ιι.
1682 4229 1790 4301 _47,
1842 4228 1952 4301 imo

343 4307 511 4361 etiam
547 4303 633 4358 hic
657 4303 742 4357 ubi
770 4298 1077 4356 eadetu'illa
1102 4301 1262 4356 verba
1289 4301 1649 4370 explicantur.
1682 4298 1751 4352 Et
1774 4299 1826 4353 in
1852 4299 1951 4354 hac

344 4376 569 4448 quidem
599 4374 990 4448 signiﬁcatione
1018 4373 1188 4427 aetiva
1221 4381 1328 4427 stat
1372 4381 1480 4425 tota
1530 4371 1611 4424 vis
1645 4372 1950 4440 argumenti

343 4445 750 4517 subsequentis.
783 4445 1116 4517 Quamquam
1147 4458 1244 4517 pro
1269 4453 1482 4517 _easutus
1516 4458 1724 4496 carnem
1768 4451 1816 4495 et
1857 4459 1949 4512 po-

343 4515 577 4581 testates,
609 4518 772 4578 tundo
799 4519 850 4571 in
879 4516 1062 4570 latinis
1109 4515 1384 4569 codicibus
1418 4517 1593 4584 legere
1625 4522 1728 4574 est,
1762 4529 1948 4581 exspo-

345 4591 484 4645 lians
511 4590 831 4660 principatus
859 4605 877 4642 :
908 4587 1358 4660 coosentiuutque
1384 4600 1562 4660 graeca
1589 4585 1942 4660 exemplaria,

343 4656 931 4723 etiamGermaneuse,
964 4659 1104 4727 quod
1132 4657 1278 4712 Pauli
1311 4658 1566 4726 epistolas
1586 4671 1762 4726 grzeee
1793 4665 1845 4711 et
1869 4656 1945 4709 la-

347 4733 462 4788 tine
491 4733 886 4802 eotnplectitur,
915 4726 992 4783 ab,
1011 4728 1169 4802 annis
1196 4729 1386 4783 saltem
1413 4728 1560 4783 mille
1579 4736 1877 4802 exaratum,
1904 4728 1953 4782 iu
1987 4726 2034 4785 D

343 4820 458 4874 quo
482 4814 535 4859 ut
563 4797 755 4858 in'aliis
776 4811 953 4858 exstat
972 4799 1386 4874 ἀπεκδυσάμενος
1406 4801 1500 4874 τὰς
1522 4801 1716 4874 ἀρχάς.
1747 4797 1949 4874 Verum

345 4871 412 4949 ex
447 4876 710 4931 vocabulo
735 4878 834 4949 τὰςΔ
855 4875 1035 4949 ἀρχόις
1065 4873 1219 4949 [acile
1239 4871 1434 4925 conﬁci
1459 4871 1631 4940 putuit
1652 4876 1741 4949 τήν
1756 4872 1946 4949 adparat.

345 4947 417 5001 Et
441 4959 590 5002 certe
617 4943 964 5017 Augustinus
977 4946 1044 5000 de
1068 4945 1443 5017 Peccat._mer.
1468 4953 1518 4996 et
1537 4943 1748 5017 remiss.
1777 4958 1825 5017 _c.
1855 4944 1946 5008 ‘27,

351 5030 407 5072 et
432 5018 528 5072 lib.
567 5033 657 5071 xvr
683 5014 868 5074 contra
898 5015 1154 5070 Faustum
1200 5029 1250 5068 c.
1282 5014 1374 5078 29,
1409 5028 1617 5068 neeuon
1647 5015 1713 5067 de
1759 5015 1950 5083 Agaue

346 5088 557 5144 Christ.
593 5103 642 5143 c.
674 5090 729 5157 2,
762 5105 882 5144 cum
917 5097 1103 5141 nostro
1135 5085 1337 5140 Hilario
1380 5086 1507 5155 legit
1531 5101 1716 5138 cxtteus
1757 5100 1816 5157 se
1835 5101 1950 5157 rar-

349 5177 486 5214 nem.
521 5160 612 5215 Sic
640 5169 693 5214 et
715 5155 1037 5214 Ambrosius
1090 5158 1184 5212 lib.
1242 5172 1276 5212 v
1320 5157 1374 5211 in
1418 5158 1637 5221 Lucani,
1696 5171 1748 5208 ιι.
1799 5155 1945 5209 107;

355 5231 574 5287 Exuens
599 5249 652 5285 se
677 5247 880 5285 carnem
909 5229 1230 5299 principatus
1259 5239 1303 5282 et
1333 5237 1609 5298 potestates
1635 5242 1809 5299 omnes
1837 5237 1964 5299 Atra-

356 5303 535 5366 duxit,
589 5313 644 5357 et
691 5303 828 5356 libro
880 5297 935 5356 ut
980 5301 1048 5355 de
1083 5297 1231 5354 'Fide
1278 5297 1440 5354 αἲξ
1479 5300 1579 5368 Qui
1623 5298 1781 5368 afﬁcit
1828 5297 1963 5351 illud

359 5374 831 5444 (chirographum)
855 5373 1013 5444 cruci,
1041 5388 1250 5426 carnem
1276 5386 1329 5444 se
1351 5372 1536 5444 exuit:
1563 5375 1651 5444 sect
1683 5369 1959 5444 Pater_non

349 5440 404 5499 se
421 5440 569 5500 exuit
585 5440 924 5508 carnem,etc.
947 5443 1166 5496 Deumm
1193 5443 1329 5512 apud
1348 5443 1595 5498 eumdem
1610 5440 1957 5512 Ambrosium

358 5527 559 5571 auctor
587 5516 771 5572 Tract.
801 5515 851 5568 in
877 5513 1194 5585 Symbolum
1228 5511 1610 5583 Apostolorum
1641 5531 1654 5566 :
1691 5511 1817 5585 Non
1840 5527 1959 5585 ergo

349 5589 678 5659 cujusquam
695 5590 819 5659 jure
842 5603 903 5659 ac
921 5583 1174 5654 potestate
1200 5595 1379 5638 exutus
1403 5599 1479 5659 est
1525 5600 1700 5652 carne,
1728 5583 1818 5638 sed
1847 5583 1958 5659 ipse

349 5655 594 5714 se'exuit.
631 5655 768 5712 Nam
811 5658 896 5728 qui
926 5667 1090 5728 potest
1139 5672 1241 5709 non
1282 5656 1482 5728 atorigsi
1547 5658 1721 5720 nollet,
1774 5655 1956 5726 procul

351 5729 511 5786 dubio
553 5732 674 5801 quia
704 5726 863 5784 voluit
893 5726 1125 5801 ntortuus
1153 5738 1248 5784 est.
1284 5726 1432 5793 Quod
1456 5729 1525 5780 ita
1572 5743 1678 5801 esse
1700 5741 1954 5801 compro-

348 5802 482 5857 bans
513 5798 789 5872 Apostolus
834 5802 928 5864 ait,
983 5799 1217 5872 spoliatis
1243 5815 1296 5853 se
1322 5813 1493 5872 carne,
1545 5798 1954 5872 principatus__et

353 5867 638 5950 potestates
681 5867 1023 5945 exemplaria"
1042 5869 1156 5927 Hoc
1186 5879 1362 5926 tamen
1392 5869 1470 5926 illi
1509 5867 1577 5926 ab
1620 5867 1824 5926 Hilario
1853 5867 1957 5923 dif-

2061 3433 2325 3489 sationem
2359 3431 2595 3487 hominis
2624 3432 2678 3488 in
2723 3444 2900 3489 morte
2945 3448 3234 3506 cognosce.
3284 3434 3352 3490 Et
3393 3450 3514 3492 cum
3558 3435 3668 3492 sint

2143 3592 2222 3665 (‘2)
2269 3592 2594 3662 Operatione.

2074 3729 2274 3810 ferunt.
2306 3731 2456 3810 quod
2477 3737 2913 3810 post_e;rue_tts_se_
2942 3748 3171 3810 carnem,
3225 3735 3483 3810 adjiciunt.
3523 3736 3670 3810 prin-

2066 3803 2290 3872 cipatus,
2315 3804 2473 3876 quod,
2497 3804 2716 3876 verbum
2747 3803 2978 3858 Hilarius
3008 3807 3259 3861 omittere
3282 3803 3419 3864 solet
3448 3803 3667 3876 :quam—

2064 3876 2144 3927 vis
2169 3884 2346 3998 tauiitin
2376 3874 2564 3930 eadem
2597 3875 2760 3929 lectio
2784 3890 2889 3929 non
2925 3876 3104 3946 ignem
3122 3878 3170 3932 ei
3201 3877 3382 3947 fuerit,
3414 3889 3471 3933 ut
3497 3874 3667 3951 liquet

2064 3958 2127 3998 ex
2162 3963 2213 3998 ΙΙ.
2325 3983 2341 3998 ο

2061 3958 2213 3998 exn.
2251 3958 2341 3998 11.

2133 4015 2227 4141 (1ιῖΞ
2248 4015 2302 4069 ln
2333 4031 2434 4070 ms.
2470 4016 2590 4071 Vat.
2625 4015 2764 4083 bas.,
2794 4033 2974 4072 sensus
3003 4022 3134 4092 ejus.
3176 4018 3292 4075 Non
3321 4028 3404 4077 est
3433 4021 3662 4077 audien-

2133 4101 2158 4140 S
2237 4104 2466 4141 t‘asmtts.
2501 4089 2589 4141 alti
2616 4103 2851 4141 excessus
2881 4089 2998 4141 loco
3027 4108 3204 4141 sensus
3233 4092 3516 4141 leuandum
3542 4109 3662 4141 esse.

2058 4085 2466 4164 dtlS_Et‘asnltt_S,
2501 4089 2589 4164 qui
2611 4089 2998 4164 _ea:ce_ssus_|oco
3021 4085 3204 4164 sensus
3233 4092 3517 4164 legendum
3542 4109 3665 4150 esse

2055 4158 2342 4227 conjeetat.
2381 4159 2492 4214 lloc
2521 4159 2622 4214 sibi
2656 4160 2769 4214 vult
2798 4178 2809 4213 :
2843 4161 2992 4215 Pauli
3029 4163 3186 4216 ﬁdem
3209 4158 3384 4218 'ho'mo
3409 4168 3523 4220 sola
3556 4181 3664 4220 sa:-

2056 4230 2162 4283 culi
2200 4231 2460 4306 sapientia
2491 4231 2788 4306 instructus
2834 4248 2938 4306 non
2971 4235 3300 4306 assequitur,
3348 4252 3522 4306 neque
3547 4235 3664 4292 dic-

2058 4303 2786 4380 torumill_ius_inte.rpr_etatio
2805 4303 3021 4360 aliunde
3048 4303 3336 4376 repetenda
3363 4303 3468 4374 est,
3501 4324 3661 4380 quam

2061 4386 2130 4425 ex
2155 4373 2277 4426 aliis
2305 4373 2472 4440 ipsius
2498 4373 2675 4428 dietis.
2757 4401 2759 4403 ι
3109 4373 3121 4376 ⁷
3457 4373 3462 4374 ⁷
3517 4373 3534 4380 “
3671 4421 3674 4428 .

2135 4443 2204 4513 (c)
2247 4443 2398 4512 Quod
2448 4445 2534 4499 hic
2564 4445 3251 4522 Hilariusucltirographum
3277 4449 3405 4522 legis
3445 4453 3658 4522 peccati,

2056 4524 2111 4590 et
2144 4529 2512 4590 supra,num.
2567 4517 2636 4590 7,,
2671 4515 3178 4589 simpliciter'legem
3223 4515 3459 4590 pecéaa;
3505 4515 3663 4578 vocat

2053 4585 2092 4658 l_.
2128 4601 2167 4652 t,
2199 4604 2253 4642 ιι.
2289 4589 2356 4642 15
2385 4603 2398 4640 :
2424 4588 2724 4642 sententiam
2745 4585 2941 4649 nim-tis.
2977 4585 3186 4646 favente
3223 4585 3588 4658 'Tertull’iano,
3621 4594 3660 4650 l.

2049 4656 2117 4712 de
2132 4658 2389 4733 Pudicitia
2406 4676 2460 4713 ιι.
2489 4659 2574 4733 i9,
2597 4660 2684 4712 ubi
2706 4659 2832 4733 legit
2832 4677 2868 4733 ξ
2889 4659 3076 4733 donato
3096 4663 3438 4733 chirographa
3461 4656 3658 4720 mortis.

2133 4730 2214 4807 (ιι)
2255 4731 2486 4807 R_ur_sum
2519 4731 2605 4785 hic
2635 4730 2949 4807 ςιριιιξηιῖιι.2
2979 4731 3195 4802 Lips.et
3224 4730 3371 4802 Pan,
3404 4735 3505 4791 Dei
3532 4752 3659 4807 ape-

2061 4801 2199 4854 ratio
2227 4817 2246 4856 :
2275 4802 2404 4856 Bad.
2431 4811 2486 4857 et
2511 4818 2614 4858 ms.
2647 4801 3058 4870 dissidentibus.

2160 4875 2208 4942 e)
2251 4872 2412 4929 Solus
2438 4873 2608 4929 codex
2641 4873 2762 4928 Vat.
2792 4873 2932 4941 bas.,
2958 4886 3244 4944 operatum.

2242 4943 2458 5012 Excud,
2489 4953 2722 5014 operetur
2750 4945 2866 4999 licet
2894 4963 2907 5000 :
2941 4943 3126 5002 centra
3159 4949 3314 5006 ﬁdem
3345 4964 3478 5007 mss.

2161 5018 2215 5088 g)
2257 5015 2398 5088 Editi
2426 5026 2653 5084 excepto
2674 5015 2798 5072 Par.
2827 5015 3061 5074 Christus
3085 5036 3117 5074 a
3143 5022 3360 5077 mortuis
3384 5022 3660 5080 excitatus:

2061 5087 2466 5157 refragantibus
2494 5088 2730 5157 scriptis.

2135 5157 2210 5229 (Ιι)
2255 5158 2406 5226 Apud
2435 5158 2668 5214 Leonem
2701 5160 2860 5229 epist.
2903 5177 3055 5216 nova:
3083 5163 3337 5219 editionis
3375 5180 3572 5220 cxxxxv
3597 5165 3664 5221 ad

2070 5229 2308 5306 _Leo_uem
2337 5230 2634 5306 Augustum
2659 5246 2703 5286 c.
2735 5233 2790 5306 5,
2818 5233 2907 5287 ubi
2933 5234 3047 5290 haec
3070 5235 3279 5306 aliaque
3307 5235 3494 5291 Hilarii
3523 5239 3665 5292 dict't

2069 5300 2379 5378 laudantur,
2414 5303 2637 5378 spoliata
2679 5304 2815 5356 enim
2845 5321 3000 5359 carne
3030 5321 3048 5358 :
3079 5300 3237 5378 male.
3265 5307 3534 5378 Quidquid
3564 5307 3668 5365 hoc

2067 5371 2210 5426 libro
2239 5371 2502 5426 hactenus
2529 5373 2858 5442 disputatum
2883 5385 2988 5441 est,
3019 5377 3112 5432 sed
3141 5377 3258 5434 hcce
3283 5371 3516 5436 maxime
3537 5395 3665 5436 sen-

2067 5443 2256 5507 tentia,
2314 5442 2367 5497 in
2415 5458 2537 5498 eum
2567 5460 2672 5498 non
2718 5448 2992 5511 convenit,
3045 5452 3134 5514 qui
3187 5450 3409 5504 verbum
3442 5466 3470 5504 a
3502 5466 3667 5507 carne

2065 5514 2268 5570 ChriSti
2297 5524 2510 5569 mortua
2535 5524 2839 5586 separatum
2864 5521 3114 5573 senserit.
3151 5518 3307 5575 Unde
3339 5521 3573 5576 Hilarius
3598 5522 3669 5578 ab

2066 5601 2128 5641 ea
2151 5585 2409 5654 opinione
2433 5603 2536 5641 non
2561 5585 2830 5642 immerito
2853 5589 3092 5644 creditur
3113 5590 3338 5647 alienus.
3367 5594 3498 5648 Cum
3524 5595 3669 5648 enim

2064 5671 2229 5734 carne
2255 5674 2315 5714 se
2338 5657 2598 5734 spoliatis,
2634 5659 3036 5734 caro_3poli_a_ta,
3063 5673 3116 5716 et
3139 5677 3354 5720 carnem
3383 5664 3668 5734 Spoliatam

2065 5730 2312 5801 excitans
2342 5730 2440 5796 ipsi
2473 5744 2610 5784 unus
2637 5738 2691 5785 et
2735 5729 2877 5784 idem
2908 5731 3157 5788 Christus
3186 5736 3275 5801 sit,
3309 5729 3506 5791 nec'sit
3529 5750 3671 5792 unus

2065 5800 2270 5856 unitate
2302 5807 2545 5874 naturas,
2562 5801 2655 5856 sed
2688 5815 2932 5874 persona:
2962 5821 2975 5857 :
3010 5800 3404 5874 sequitureum
3433 5807 3673 5866 sensisse

2064 5886 2354 5943 personam
2386 5871 2550 5930 Verbi
2570 5873 2719 5931 carni
2743 5874 2988 5946 spoliatae
3016 5871 3241 5935 unitum.
3491 5890 3495 5891 '
