4246 6260
571 325 675 386 θαι

573 443 800 518 iuraque
847 449 959 504 suis
1002 457 1151 520 gesta
1205 447 1434 514 naturis,
1488 461 1652 502 unum
1687 455 1864 502 tamen
1897 443 2171 501 Christum
2203 449 2250 506 Α

570 543 750 598 lesum
778 559 901 598 eum
932 551 1203 598 memento
1233 556 1374 608 esse,
1400 541 1489 611 qui
1515 551 1800 608 utrumque
1827 548 1933 594 est.

645 639 734 693 Η.
777 637 1006 692 Christus
1054 651 1149 690 sua
1195 636 1383 690 virtute
1433 635 1711 689 suscitatur
1738 649 1756 688 :
1783 649 1878 688 cur
1916 633 2012 687 hoc
2040 648 2171 703 opus

571 745 690 784 cum
719 726 885 783 Paulo
913 727 1103 782 tribuat
1140 725 1310 782 Patri.
1339 755 1411 767 -
1438 726 1771 795 Quamquam
1803 725 1948 781 enim
1981 724 2173 779 memi-

575 822 744 876 uerim
793 820 1103 888 frequenter
1148 819 1215 874 ad
1247 820 1418 873 Detnn
1467 830 1670 887 patrem
1705 827 1803 888 per
1852 818 2170 886 Apostolum

571 915 784 978 referri,
813 914 1086 989 Christum
1117 929 1147 968 a
1177 916 1400 968 mortuis
1431 928 1552 968 esse
1572 913 1863 969 excitatum
1895 930 1906 964 :
1937 911 2030 968 sed
2063 925 2169 965 non

570 1020 651 1064 est
676 1008 966 1078 Apostolus
992 1017 1144 1063 extra
1170 1007 1540 1078 evangelicam
1571 1006 1730 1061 tidem
1757 1004 1836 1077 (a)
1868 1004 2030 1060 dictis
2060 1003 2172 1059 suis

569 1102 686 1171 ipse
733 1100 1061 1164 contrarius.
1111 1101 1343 1154 maxime
1374 1100 1605 1154 Domino
1653 1097 1892 1162 dicente,
1949 1095 2174 1164 Propter

568 1194 665 1248 hoc
694 1209 772 1246 me
796 1191 951 1247 Pater
979 1193 1166 1262 diligit,
1198 1190 1336 1260 quod
1380 1205 1475 1260 ego
1516 1203 1652 1261 pono
1701 1189 1928 1242 animam
1969 1201 2170 1251 meam,

569 1285 646 1359 (ὁ)
670 1296 726 1340 ut
751 1287 932 1340 iterum
960 1287 1210 1355 accipiant
1238 1299 1365 1338 eam.
1399 1282 1568 1336 Nemo
1596 1280 1676 1352 (1)
1706 1281 1850 1335 tollat
1877 1296 1991 1335 eam
2018 1296 2050 1332 a
2072 1289 2172 1341 me,

567 1379 657 1434 sed
684 1395 777 1448 ego
800 1396 934 1452 pono
958 1395 1066 1433 eam
1093 1395 1124 1430 a
1148 1393 1247 1431 me.
1279 1375 1589 1430 Potestatem
1611 1375 1769 1427 habeo
1799 1371 2022 1444 ponendi
2037 1384 2174 1436 eam;

568 1480 614 1526 et
643 1481 944 1543 potestate»:
974 1470 1132 1524 habeo
1162 1470 1351 1523 iterum
1395 1466 1682 1537 accipiendi
1708 1477 1844 1519 eam.
1881 1462 1999 1518 Hoc
2027 1477 2176 1516 man-

568 1563 748 1617 datum
785 1564 962 1630 accepi
1011 1579 1044 1615 a
1090 1560 1249 1616 Patre
1282 1558 1468 1632 (Joan.
1523 1576 1580 1626 ι,
1632 1560 1868 1630 17,18).
1900 1558 2000 1614 Vel
2048 1573 2174 1613 cum

571 1655 896 1724 postulatum
930 1654 996 1709 nl)
1018 1670 1083 1709 eo
1103 1663 1270 1718 esset,
1301 1661 1362 1707 ut
1387 1653 1598 1720 signum
1621 1652 1689 1707 ad
1721 1651 1881 1707 fidem
1915 1651 1984 1706 de
2006 1667 2066 1706 se
2086 1664 2179 1705 osa

570 1746 834 1812 tenderet,
868 1746 943 1800 ait
970 1745 1038 1801 de
1061 1748 1262 1816 templo
1284 1746 1536 1815 corporis
1560 1745 1666 1809 sui,
1699 1744 1898 1799 Solvite
1921 1743 2015 1798 hoc
2040 1753 2170 1797 tem-

1799 329 2043 389 SANCTI
2085 320 2339 388 lllLARll
2380 329 2684 389 EPISCOPI

3769 330 3879 388 292

2354 443 2438 502 15.
2488 447 2708 502 Naturta
2728 447 2782 502 in
2810 445 3017 502 Christo
3040 447 3156 502 date
3177 461 3239 502 ea:
3264 445 3452 500 Paulo.
3486 475 3557 487 --
3587 445 3734 501 llatic
3781 447 3882 516 igi-

2277 549 2361 594 tur
2391 540 2577 596 beatus
2605 541 2899 612 ApoStolus
2928 540 3162 610 geminae
3203 539 3254 593 in
3284 539 3502 594 Christo
3532 538 3880 608 signiﬁcatio-

2275 636 2358 688 nis
2389 635 2557 689 tenuit
2587 633 3022 702 prsidii-stionem
3053 642 3109 687 ut
3137 643 3191 688 et
3221 632 3587 688 infirmitatem
3616 634 3667 686 in
3694 647 3759 688 eo
3784 633 3880 688 ho-

2275 725 2454 792 minis,
2479 734 2532 780 et
2559 726 2808 780 virtutem
2835 725 2926 779 Dci
2955 739 3017 778 ac
3038 733 3281 779 naturam
3312 726 3549 790 doceret,
3577 722 3875 779 secundum

2275 814 2402 870 illud
2426 815 2718 871 Corinthiis
2744 817 2948 871 dictum
2978 831 2995 870 :
3029 814 3168 869 Nam
3211 817 3307 868 etsi
3343 815 3624 882 crucifixus
3664 823 3737 868 est
3796 813 3877 888 (2)

2274 926 2338 965 ea:
2356 909 2658 979 inﬁrmitate
2688 908 2790 981 (g),
2815 910 2904 964 sed
2935 909 3051 963 sivit
3081 924 3146 962 ea:
3169 908 3355 962 virtute
3381 903 3479 961 Dei
3499 906 3570 978 (ll
3617 906 3737 961 Cor.
3764 923 3878 974 IIII,

2275 1004 2354 1072 4),
2391 1013 2618 1058 mortem
2655 1001 2980 1057 inﬁrmitatis
3005 1005 3272 1066 humanas,
3308 1003 3473 1056 vitam
3497 1016 3626 1056 vero
3657 1001 3748 1057 Dei
3769 1001 3880 1056 vir-

2276 1094 2404 1148 tutis
2433 1092 2727 1150 ostendens
2759 1112 2772 1147 :
2805 1103 2859 1148 et
2886 1093 3014 1149 illud
3045 1094 3112 1150 ad
3141 1093 3437 1158 Romanos,
3475 1093 3628 1158 Quod
3645 1094 3777 1147 enim
3799 1091 3881 1166 (h)

2276 1197 2504 1243 mortuus
2533 1193 2607 1242 cst
2652 1197 2877 1258 peccato,
2929 1199 3163 1243 mortuus
3204 1199 3278 1243 est
3323 1186 3482 1242 semel
3506 1203 3524 1242 :
3548 1189 3684 1258 quod
3711 1196 3884 1242 autem

2275 1281 2416 1348 vivit,
2444 1281 2564 1334 sivit
2609 1279 2738 1335 Deo.
2771 1281 2864 1337 Sic
2891 1291 2938 1335 et
2985 1296 3073 1335 eos
3103 1281 3345 1350 deputata
3388 1281 3720 1350 vosmetipsos
3744 1295 3887 1333 mor-

2277 1383 2393 1451 tuos
2419 1373 2625 1443 quidem
2649 1389 2762 1427 esse
2788 1383 3013 1441 peccato,
3044 1351 3210 1428 vivere
3234 1383 3407 1426 autent
3453 1371 3565 1426 Deo
3599 1374 3652 1426 in
3677 1369 3883 1426 Christo

2275 1465 2403 1521 Iesu
2451 1465 2632 1539 (Rom.
2681 1480 2757 1534 vt,
2792 1468 2880 1533 10,
2943 1465 3034 1538 lt)
3066 1485 3079 1521 :
3113 1480 3340 1521 mortem
3388 1477 3634 1537 peccato,
3697 1467 3748 1520 id
3777 1475 3882 1530 est,

2277 1562 2489 1630 corpori
2519 1573 2704 1615 nostro
2731 1560 3068 1628 atlscribens,
3104 1559 3270 1615 vitam
3296 1570 3475 1613 autem
3525 1559 3657 1624 Deo,
3688 1559 3773 1614 cui
3801 1565 3886 1613 est

2280 1653 2522 1708 naturale
2541 1653 2683 1722 quod
2713 1653 2863 1718 vivit,
2895 1662 2950 1708 et
2973 1668 3067 1722 per
3085 1653 3136 1707 id
3160 1668 3260 1708 nos
3285 1653 3500 1721 corpori
3525 1660 3714 1706 nOstro
3744 1651 3883 1706 mori

2279 1755 2552 1815 oportere.
2587 1756 2643 1801 ιιι
2664 1747 2774 1801 Deo
2802 1746 3046 1800 vivamus
3067 1747 3120 1800 in
3142 1744 3361 1802 Christo
3380 1744 3533 1811 Jesu,
3563 1747 3650 1815 qui
3677 1745 3884 1816 peccati

569 1838 736 1908 plum,
759 1847 807 1892 et
830 1855 924 1907 ego
944 1839 996 1891 in
1019 1837 1188 1891 triduo
1211 1836 1470 1892 suscitabo
1490 1837 1624 1890 illud
1649 1834 1828 1906 (Joan.
1855 1851 1891 1890 It
1911 1877 1923 1898 .
1954 1835 2049 1899 i9;
2078 1835 2182 1889 vid.
2216 1839 2263 1900 Β
2293 1838 2461 1891 nostri
2488 1853 2686 1907 corpus
2711 1836 2777 1908 (ἱ)
2809 1851 3115 1904 assumens,
3149 1845 3294 1891 totus
3330 1836 3440 1906 jam
3471 1837 3583 1892 Deo
3613 1835 3762 1900 vitit,
3788 1851 3887 1891 na-

569 1941 720 1985 tract.
753 1931 900 1986 Paul.
947 1947 1093 1996 cut,
1127 1947 1269 1984 num.
1314 1930 1396 1999 6).
1441 1926 1576 1984 Cum
1604 1931 1749 1984 enim
1796 1937 1851 1983 et
1895 1944 1990 1998 per
2034 1929 2176 1983 acci-

571 2024 780 2093 piendas
823 2024 1019 2082 anima:
1051 2031 1372 2092 potestatem
1399 2031 1456 2076 et
1504 2036 1600 2090 per
1645 2019 1944 2076 suscitandi
1989 2020 2174 2090 templi

568 2115 824 2170 virtutem
857 2117 1030 2184 ipsum
1060 2130 1122 2169 se
1141 2115 1241 2168 sibi
1269 2115 1682 2169 resurrectionis
1728 2128 1844 2167 suae
1879 2113 2046 2168 Deum
2075 2112 2175 2167 doc

569 2218 706 2269 cent,
737 2208 903 2280 268
930 2215 1098 2262 totum
1133 2208 1235 2262 hoc
1259 2219 1438 2262 tamen
1476 2207 1542 2261 ad
1576 2206 1816 2262 mandati
1850 2209 2060 2277 paterni
2091 2206 2174 2278 (c)

572 2299 814 2354 referens
863 2298 1240 2355 auctoritatem
1289 2317 1302 2352 :
1351 2316 1458 2354 non
1514 2298 1786 2354 contrarie
1855 2299 2176 2365 intelligitur

569 2393 883 2463 Apostolus,
913 2393 1190 2448 Christum
1226 2394 1319 2448 Dei
1369 2395 1620 2449 virtutem
1650 2400 1705 2448 et
1733 2393 1827 2448 Dei
1855 2393 2174 2464 sapientiam

569 2487 652 2558 (ιι)
684 2488 1005 2554 przmlicans,
1039 2502 1256 2542 omnem
1297 2487 1477 2555 operis
1516 2487 1598 2541 sui
1631 2487 2081 2556 magniﬁcentiam
2105 2483 2175 2558 (e)

569 2594 664 2648 per
685 2577 736 2633 id
759 2578 825 2632 ad
851 2578 1027 2633 Patris
1043 2577 1271 2648 gloriam
1294 2577 1561 2642 retulisse,
1593 2579 1717 2647 quia
1739 2577 1999 2648 quidquid
2021 2577 2177 2631 Chri-

569 2681 687 2724 stus
711 2671 871 2738 gerit,
909 2668 1081 2723 virtus
1113 2669 1207 2723 Dei
1231 2679 1284 2723 et
1311 2669 1578 2737 sapientia
1625 2668 1803 2738 gerit;
1838 2679 1891 2722 et
1916 2667 2177 2739 quidquid

569 2762 742 2816 virtus
771 2760 867 2817 Dei
897 2771 951 2816 et
978 2761 1245 2830 sapientia
1294 2761 1458 2831 gerit,
1486 2760 1604 2815 sine
1649 2760 1814 2815 dubio
1848 2761 1988 2816 Deus
2012 2763 2172 2830 gerit,

569 2853 722 2924 cujus
744 2863 799 2907 et
819 2852 1082 2919 sapientia
1107 2861 1191 2906 est
1210 2849 1458 2906 Christus
1477 2859 1528 2907 et
1551 2852 1742 2906 virtus.
1772 2851 2012 2922 Denique
2033 2865 2178 2907 nunc

571 2962 667 3017 per
713 2946 1087 3015 operationem
1121 2945 1214 2999 Dei
1260 2945 1527 3000 excitatus
1575 2941 1826 3000 Christus
1875 2960 1904 2998 ιι
1946 2944 2178 3000 mortuis

567 3036 848 3107 estzquia
897 3051 1062 3106 opera
1114 3036 1211 3092 Dei
1259 3037 1426 3106 patris
1475 3037 1592 3106 ipse
1643 3035 1713 3108 (Γ)
1742 3046 1932 3092 natura
1983 3053 2013 3091 a
2063 3037 2176 3094 Deo

570 3130 992 3194 non.dilierenti
1036 3139 1292 3201 operatus
1337 3139 1441 3185 est.
1498 3130 1566 3186 Et
1613 3133 1665 3185 in
1712 3145 1779 3186 eo
1825 3131 1937 3188 Deo
1991 3147 2174 3188 resur-

569 3226 828 3282 rectionis
874 3224 1008 3280 ﬁdes
1035 3235 1136 3293 est,
1188 3223 1283 3295 qui
1328 3223 1605 3280 Christum
1635 3227 1916 3282 suscitavit
1964 3241 1997 3282 a
2025 3242 2172 3283 mor-

574 3321 701 3376 tuis.

647 3489 726 3568 (1)
764 3488 922 3568 Tollit
948 3505 1122 3560 grtece
1150 3491 1310 3568 etiam
1337 3489 1563 3546 habetur
1583 3487 1739 3568 αἴρει.
1771 3488 1926 3544 Tollit
1955 3505 2171 3562 quoque

572 3562 768 3634 legitur
791 3563 883 3617 lib.
917 3577 974 3629 κ,
1009 3577 1156 3616 ιιιιιιι.
1187 3563 1276 3617 57.

577 3765 581 3772 η
643 3703 722 3774 (a)
762 3702 818 3757 In
848 3701 1116 3771 plerisque
1146 3719 1247 3756 ms.
1279 3700 1399 3774 dicti
1424 3701 1524 3756 sui.
1553 3699 1725 3756 Paulo
1747 3707 1872 3756 ante
1897 3699 1951 3754 in
1978 3699 2166 3766 Carm,

573 3773 888 3842 memineris,
915 3791 1019 3828 non
1045 3773 1380 3828 meminerim.

643 3848 720 3916 (1))
763 3840 925 3911 Editi,
952 3855 1000 3900 et
1023 3846 1205 3916 iterum
1231 3844 1475 3915 recipiant
1505 3858 1524 3898 :
1550 3840 1937 3916 dissidentibus
1966 3857 2096 3897 mss.

645 3915 714 3987 (c)
759 3916 914 3977 Bid.,
946 3919 1032 3971 Er.
1063 3926 1118 3971 et
1163 3915 1307 3984 Lips.
1327 3957 1343 3987 ,
1367 3915 1564 3982 refert:
1592 3915 1818 3987 absque_
1843 3916 2166 3987 austeritate

573 3984 705 4043 mss.
734 3989 868 4042 Tum
900 4003 994 4056 pro
1015 3989 1288 4051 contrarie,
1321 3986 1564 4041 Latinius
1590 3997 1750 4055 atque
1791 3985 2064 4040 Bandinus
2091 3984 2168 4038 le-

570 4057 802 4127 gendum
828 4057 1216 4127 coojectarunt,
1245 4057 1499 4112 contraire
1523 4073 1540 4112 :
1569 4057 1643 4111 nil
1669 4072 1894 4112 necesse
1923 4067 1982 4110 ut
2007 4056 2170 4127 quid-

571 4146 732 4200 quam
763 4130 1092 4185 itmnutetnr.

649 4199 728 4270 (ά)
766 4200 913 4272 Lips.
938 4210 992 4254 et
1019 4201 1164 4264 Par.,
1192 4199 1498 4272 praedicasse
1524 4213 1624 4272 :‘ac
1649 4197 1845 4253 deinde
1865 4214 1986 4254 cum
2011 4199 2172 4254 editis

573 4269 717 4336 aliis,
739 4269 1036 4340 onmemque
1058 4269 1247 4338 operis,
1276 4279 1381 4341 etc.
1405 4269 1747 4341 Castigztntur
1769 4286 1834 4324 ex
1871 4288 1999 4324 mss.

647 4344 720 4411 (ε)
763 4343 866 4398 Vat
910 4343 1028 4397 bas.
1062 4357 1160 4394 nis.
1187 4359 1277 4412 per
1298 4340 1352 4394 id
1373 4342 1507 4410 quod
1533 4340 1600 4396 ad
1635 4341 1803 4396 Patris
1833 4342 2050 4412 gloriam
2083 4359 2167 4394 re-

575 4415 770 4468 tulisset
794 4430 813 4480 ;
839 4413 1147 4482 depravate.
1180 4429 1301 4470 cunt
1333 4413 1446 4467 lucc
1467 4413 1567 4468 sibi
1595 4413 1759 4468 velint
1783 4431 1795 4464 :
1822 4415 1932 4467 Non
1969 4412 2165 4468 intelli-

573 4487 717 4556 gitur
745 4487 1032 4556 Apostolus
1074 4500 1232 4539 sensu
1265 4484 1543 4556 ιιι-οιιιιιιὶειΔ
1573 4485 1773 4540 Christi
1806 4485 1987 4539 verbis
2033 4501 2166 4538 con-

575 4553 743 4612 irario
790 4557 856 4612 ad
910 4555 1084 4627 Putris
1124 4557 1349 4627 gloriam
1409 4553 1660 4612 retulisse
1719 4571 1935 4611 onmem
1986 4558 2166 4624 operis

574 4627 770 4686 Clit'isli
802 4625 1274 4697 magniﬁcentiam.
1679 4695 1691 4697 _
1882 4693 1884 4696 ,

645 4699 714 4770 (Ῑ)
754 4697 827 4754 Ita
858 4695 987 4752 mss.
1034 4698 1164 4770 γιιι.Δ
1190 4702 1302 4754 bas.
1346 4707 1400 4754 et
1419 4697 1635 4770 Martio.
1669 4695 1974 4754 faventibus
2018 4696 2160 4770 aliis.

574 4763 817 4832 At‘e’diti.
849 4781 1047 4823 natura:
1072 4788 1104 4824 a
1137 4767 1240 4823 Deo
1266 4786 1367 4823 non
1393 4766 1676 4835 differentis
1705 4778 1943 4835 aperatus
1970 4780 2064 4822 est.
2092 4763 2158 4821 Et

572 4842 627 4895 in
650 4860 729 4906 eo,
762 4843 962 4895 omisso
1009 4840 1136 4895 Deo.
1189 4839 1305 4894 ΙΙιιιιι
1334 4855 1494 4908 supra
1538 4840 1842 4896 audivimus
1889 4837 2164 4894 Christum

573 4913 955 4969 resurrectionis
981 4927 1088 4967 sua:
1112 4908 1298 4965 Deum.

591 5033 596 5040 ,
647 4983 722 5055 (g)
761 4983 817 5038 lu
851 4985 1094 5053 vulgatis,
1124 4998 1188 5037 ea:
1211 4980 1506 5052 inﬁrmitate
1545 4991 1751 5055 nostra.‘
1777 4979 1946 5055 Abest
1988 4989 2167 5055 nostra

573 5071 604 5110 a
626 5051 1008 5110 si'iicerioribits
1052 5069 1183 5108 mss.
1214 5051 1272 5108 et
1294 5071 1322 5106 a
1351 5068 1548 5124 graeco,
1580 5062 1713 5124 utet
1740 5051 1835 5109 lib.
1884 5068 1937 5120 χ,
1975 5070 2028 5108 ιι.
2072 5054 2165 5110 65.

574 5127 692 5182 Mox
721 5129 882 5183 etiam
907 5127 1056 5180 abest
1078 5124 1320 5180 humana:
1344 5123 1372 5178 ει
1397 5123 1549 5181 Colb.
1579 5140 1642 5180 ac
1669 5123 1854 5181 Germ.

649 5197 730 5271 (Ii)
774 5199 1163 5271 Editi_excepto
1192 5197 1351 5271 Par.,
1375 5207 1630 5271 mortuum
1653 5207 1727 5251 est
1771 5204 2000 5268 peccato,
2029 5211 2166 5271 mor-

576 5265 721 5324 tuum
760 5279 851 5328 est.
907 5265 1100 5326 Postea
1151 5265 1538 5330 ms..Martin..
1590 5265 1863 5338 reputate,
1918 5283 2024 5324 non
2077 5269 2168 5323 de-

615 5351 770 5396 utate.

574 5359 842 5484 pulileb‘ic
869 5412 962 5468 lib.
997 5427 1034 5479 I,
1067 5428 1120 5466 n.
1151 5409 1218 5467 13
1245 5429 1257 5465 :
1290 5409 1510 5484 carnem
1545 5411 1679 5465 enim
1700 5411 1902 5484 peccati
1929 5411 2118 5479 recepit
2148 5425 2169 5466 :

652 5429 717 5484 (ι)
757 5429 842 5468 διο
870 5429 962 5468 ΙΙΙ).
997 5429 1034 5479 I,
1067 5429 1120 5466 ιι.
1151 5429 1218 5467 ’li)
1245 5429 1257 5465 ε
1290 5429 1510 5467 Carnem
1545 5429 1679 5465 etum
1740 5429 1900 5465 eccatt
1929 5429 2118 5479 recepit
2148 5429 2169 5466 .'

575 5487 696 5554 quia
728 5485 976 5538 nimirum
1001 5499 1185 5539 veram
1229 5498 1294 5538 ex
1328 5482 1545 5554 Virgine
1589 5485 1656 5538 de
1682 5429 1854 5538 {dam
1885 5493 2169 5554 peccatore

577 5551 919 5626 propagatam
945 5569 1162 5626 carnem
1187 5551 1504 5623 assumpsit;
1525 5558 1788 5621 quamvis,
1810 5565 1866 5608 ιιι
1892 5555 2048 5624 plane
2075 5551 2167 5626 tle-

573 5623 810 5682 claratur
838 5627 926 5682 lib.
965 5623 1022 5693 ὰ,
1056 5644 1110 5681 ιι.
1137 5624 1208 5682 25
1236 5644 1248 5678 ;
1281 5642 1438 5691 neque
1480 5643 1596 5682 caro
1640 5627 1736 5680 illa
1781 5623 1903 5682 caro
1945 5623 2165 5698 peccati.

573 5699 664 5753 sed
684 5697 965 5760 similitudo
992 5700 1160 5752 carnis
1183 5698 1394 5766 peccati.

623 5759 722 5847 .(j)
763 5768 886 5847 Mss.
934 5768 1054 5847 vat.
1075 5759 1242 5847 ⁵ιιιιεξη
1282 5767 1469 5847 C_orb.,
1497 5759 1666 5837 Prat.,
1695 5777 1832 5836 etc.,
1859 5768 1913 5822 in
1940 5784 2170 5830 commu-

579 5837 729 5893 nioite
752 5837 1044 5894 substantia:
1069 5838 1393 5894 imntortalis.

2281 1940 2414 1985 tune
2453 1939 2653 1984 nostrae
2685 1930 2944 1986 societate
2974 1930 3053 2000 (ὃ)
3088 1932 3138 1984 in
3178 1931 3616 1984 communionem
3647 1929 3720 2002 (j)
3751 1928 3887 1985 divi-

2279 2040 2364 2078 na:
2392 2023 2815 2080 immortalitatis
2836 2024 3006 2076 unita.

2352 2120 2440 2174 14.
2484 2119 2602 2174 Alia
2635 2118 2750 2183 Dei,
2781 2118 2888 2172 alia
2911 2118 3044 2173 servi
3070 2119 3239 2189 forma
3265 2133 3284 2172 :
3309 2117 3445 2171 ideas
3491 2115 3746 2172 Christus.
3791 2114 3888 2170 Dei

2280 2213 2449 2282 forma
2475 2212 2646 2277 latuit,
2679 2227 2783 2265 non
2809 2211 2977 2280 periit.
3009 2240 3082 2250 —
3113 2209 3238 2264 Hzec
3263 2210 3422 2281 igitur
3459 2207 3885 2264 demonstranda

2279 2321 2308 2359 a
2339 2321 2424 2360 me
2458 2305 2641 2376 paucis
2673 2304 2909 2371 fuerunt,
2938 2313 2993 2359 ut
3019 2304 3300 2374 utriusque
3324 2312 3530 2358 natum:
3586 2301 3660 2375 (Β)
3693 2316 3882 2373 pereo.

2281 2414 2404 2454 nam
2437 2401 2652 2454 tractari
2685 2399 2736 2454 in
2767 2399 2996 2453 Domino
3024 2397 3152 2454 Jesu
3175 2398 3394 2454 Christo
3426 2399 3882 2454 meminissemus:

2279 2493 2404 2562 quia
2434 2492 2523 2561 qui
2547 2493 2599 2546 in
2633 2492 2802 2547 forma
2847 2491 2944 2546 Dei
2975 2493 3244 2556 manebat,
3275 2490 3441 2564 2w
3468 2489 3697 2544 formam
3742 2491 3886 2546 servi

2281 2586 2488 2654 accepit
2512 2583 2596 2656 (l),
2632 2600 2730 2655 per
2755 2597 2915 2654 quam
2940 2584 3200 2639 obediens
3225 2599 3394 2655 usque
3415 2584 3482 2637 ad
3509 2591 3738 2638 mortem
3763 2581 3883 2636 fuit.

2281 2677 2600 2733 Obedientia
2629 2678 2772 2732 enim
2813 2679 3003 2731 mortis
3031 2693 3136 2731 non
3160 2687 3243 2732 est
3274 2678 3324 2730 in
3373 2677 3469 2732 Dei
3510 2677 3696 2739 (arma,
3725 2675 3886 2729 sicuti

2284 2786 2384 2826 nec
2406 2771 2500 2826 Dei
2525 2770 2694 2826 forma
2724 2772 2864 2826 inest
2887 2772 2938 2825 in
2967 2771 3135 2824 forma
3159 2770 3322 2824 servi.
3353 2770 3458 2825 Per
3481 2778 3876 2824 sacramentum

2280 2875 2461 2920 autem
2513 2866 2838 2936 evangelicae
2882 2863 3301 2934 diSpensationis
3351 2879 3458 2918 non
3506 2863 3646 2918 alius
3695 2870 3779 2918 est
3825 2861 3881 2916 in

2280 2960 2452 3015 forma
2478 2961 2643 3026 servi,
2673 2975 2833 3031 quam
2876 2960 2966 3031 qui
2993 2961 3046 3014 in
3071 2959 3239 3014 forma
3272 2957 3366 3012 Dei
3396 2965 3481 3012 est
3508 2976 3521 3012 :
3548 2971 3671 3011 cum
3703 2964 3884 3010 tamen

2281 3054 2420 3108 servi
2453 3053 2678 3107 formam
2711 3054 2977 3123 accipere,
3024 3063 3078 3108 et
3104 3051 3157 3106 in
3198 3050 3370 3105 forma
3395 3049 3490 3105 Dei
3521 3063 3742 3105 manere
3771 3064 3877 3104 non

2281 3144 2423 3200 idem
2451 3146 2557 3208 sit;
2610 3160 2838 3212 cumque
2866 3144 3117 3214 accipere
3162 3144 3386 3198 formam
3415 3143 3579 3208 servi,
3630 3143 3734 3200 nisi
3784 3156 3886 3213 per

2279 3236 2686 3292 evacuationem
2713 3252 2888 3300 suam,
2915 3235 3014 3308 (ιιι)
3039 3251 3144 3291 non
3171 3237 3404 3307 potuerit
3433 3236 3525 3306 qui
3554 3235 3805 3291 manebat
3832 3236 3884 3290 in

2203 3308 2251 3371 (ἶ
2285 3326 2378 3383 Dei
2409 3328 2602 3395 forma,
2651 3343 2758 3384 non
2807 3328 3169 3384 conveniente
3211 3327 3314 3384 sibi
3361 3327 3551 3383 formae
3599 3327 3882 3398 utriusque

2371 3491 2428 3556 Ξ)
2473 3489 2554 3545 Ea:
2577 3489 2881 3560 inﬁrmitate
2911 3497 3106 3543 nostra.

2371 3491 2428 3556 Ξ)
2473 3491 2554 3545 Ea:
2577 3491 2881 3560 inﬁrmitate
2911 3497 3106 3543 nostra.

2346 3491 2426 3635 (ὅ)
2468 3561 2534 3617 1η
2561 3563 2918 3616 communione
2944 3559 3247 3614 substantia:
3272 3557 3601 3615 immortalis.

2353 3697 2427 3771 (lt)
2470 3698 2654 3754 Potest
2699 3697 2800 3753 hoc
2853 3699 2922 3752 ita
2955 3698 3202 3769 intelligi,
3253 3706 3308 3751 ut
3339 3695 3391 3752 in
3418 3693 3637 3752 Christo
3684 3695 3884 3766 duplici

2281 3771 2407 3826 licet
2451 3780 2637 3825 natura
2666 3778 2950 3825 constante
2979 3810 2992 3832 ,
3039 3785 3198 3825 unam
3232 3778 3410 3824 tamen
3443 3783 3567 3823 esse
3597 3783 3886 3838 personam

2279 3843 2670 3898 admoneamur
2718 3859 2732 3898 :
2785 3843 2868 3894 cui
2934 3841 3306 3911 intelligentia:
3365 3841 3545 3894 favent
3609 3839 3875 3896 subnexa.

2281 3914 2535 3970 Proxime
2563 3922 2740 3968 tamen
2765 3912 2911 3967 diota
2941 3913 3232 3983 postulant,
3275 3922 3334 3964 ut
3363 3927 3595 3980 persona:
3621 3912 3885 3969 vocabulo

2283 4002 2390 4040 non
2420 3998 2525 4039 tam
2556 3983 2984 4049 subsistentiam,
3013 3999 3172 4055 quam
3209 3994 3413 4055 natura:
3447 3983 3724 4055 utriusque
3752 3999 3886 4038 con-

2282 4056 2541 4111 ditionem
2584 4071 2647 4110 ac
2696 4054 3052 4125 proprietates
3100 4054 3484 4122 intelligamus.
3547 4054 3693 4125 Ωιιο⁸
3710 4068 3880 4125 sensu

2277 4127 2619 4194 Ambrosius,
2649 4123 2744 4181 lib.
2778 4123 2814 4182 ιι
2841 4126 2909 4180 de
2940 4125 3073 4182 Fide
3094 4140 3143 4180 ο.
3179 4125 3230 4189 8,
3259 4140 3314 4178 ιι.
3340 4127 3430 4190 lii,
3462 4125 3586 4178 dicit
3620 4142 3632 4179 :
3669 4123 3885 4181 Miraris

2274 4199 2320 4252 si
2359 4215 2422 4254 ea:
2446 4215 2662 4271 persona
2708 4197 2928 4252 hominis
2954 4195 3167 4271 Patrem
3212 4196 3345 4250 dixit
3386 4200 3655 4271 majorem.
3685 4198 3774 4265 qui
3826 4199 3885 4251 in

2277 4267 2494 4330 persona
2525 4269 2744 4323 hominis
2771 4287 2825 4322 se
2853 4269 2981 4322 dixit
3013 4284 3228 4332 uermem
3257 4284 3274 4321 :
3303 4279 3357 4321 et
3398 4267 3557 4335 epist.
3594 4282 3780 4332 ιιγιιι,
3813 4285 3872 4322 ιι.

2272 4339 2306 4394 4
2336 4360 2348 4394 :
2377 4342 2464 4411 qui
2487 4343 2539 4396 in
2567 4358 2786 4412 persona
2812 4341 3029 4396 hominis
3058 4344 3276 4411 formam
3296 4339 3426 4394 servi
3449 4339 3692 4412 accepit:
3719 4341 3875 4412 quasi

2271 4407 2497 4477 diceret,
2520 4407 2609 4482 qui
2640 4421 2697 4468 ut
2721 4412 2884 4468 homo
2910 4407 3136 4466 formam
3158 4412 3298 4466 servi
3325 4411 3528 4464 habuit.
3563 4407 3700 4464 Vide
3720 4409 3874 4464 Hila-

2273 4485 2413 4539 rium
2447 4485 2622 4552 ipsunt
2656 4485 2706 4536 in
2735 4487 2864 4552 psal.
2895 4498 3047 4549 Lxm,
3073 4499 3128 4538 ιι.
3153 4483 3206 4536 3.

2349 4553 2413 4626 (l)
2441 4547 2574 4612 Cum
2606 4547 2746 4624 apud
2788 4547 3042 4626 Leonem
3107 4551 3358 4622 praedicta
3406 4547 3634 4626 epistola
3682 4564 3885 4626 cxsxw

2276 4617 2468 4680 Hilarii
2517 4617 2735 4681 nomine
2787 4625 3012 4693 legitur.
3056 4617 3143 4694 qui
3193 4625 3245 4678 in
3285 4617 3456 4694 [arma
3481 4617 3579 4673 Dei
3607 4619 3879 4690 manebat,

2277 4701 2497 4768 formant
2549 4697 2676 4750 servi
2721 4696 2960 4768 occepit,
3015 4697 3124 4768 ipse
3177 4695 3508 4768 divinitatem
3558 4701 3881 4768 nequaauutm

2271 4765 2480 4835 amisit;
2515 4765 2792 4836 probabile
2818 4779 2901 4822 est
2932 4765 3217 4835 [ws-tremis
3251 4767 3362 4820 illis
3402 4765 3618 4829 verbis,
3662 4779 3782 4831 quae
3824 4765 3880 4819 in

2274 4839 2435 4894 nullis
2459 4853 2588 4893 mss.
2616 4845 2849 4900 exstant.
2875 4850 3048 4906 neque
3075 4851 3287 4892 exstare
3313 4837 3533 4895 debent.
3564 4837 3879 4892 snnnnatim

2275 4909 2587 4981 perstringi,
2610 4909 2753 4980 quod
2789 4917 2972 4979 postea
2999 4907 3246 4964 diﬂ'usuns
3269 4907 3693 4981 demonstratur.

2345 4982 2441 5055 (ιιι)
2467 4979 3029 5055 ln'pcrvetustistnss.
3051 4982 3237 5055 Carm,
3259 4979 3415 5055 Colb.
3447 4993 3511 5033 ac
3531 4979 3740 5055 Certo?
3775 4994 3879 5032 non

2272 5054 2338 5108 sit
2354 5047 2388 5108 ἐ
2420 5047 2561 5109 haud
2591 5052 2956 5115 incommode,
2989 5053 3034 5106 si
3063 5051 3258 5106 deinde
3290 5050 3509 5106 tacitum
3543 5047 3874 5119 intelligatur

2273 5126 2403 5196 ejus.
2458 5125 2572 5180 Huc
2603 5135 2810 5196 spectat
2839 5121 2982 5194 quod
3035 5123 3366 5196 Augustinus
3393 5123 3552 5190 epist.
3592 5136 3649 5196 ξι
3672 5162 3686 5184 ,
3815 5117 3874 5186 4,

2276 5187 2665 5253 liicarnationis
2696 5187 3073 5252 necessitatem
3105 5187 3524 5250 conﬁrmaturus
3556 5194 3629 5247 ait
3662 5209 3687 5258 ε)
3709 5187 3877 5246 Nemo

2276 5270 2413 5322 enim
2437 5285 2739 5337 quemquam
2778 5266 3025 5338 erigitad
3070 5266 3123 5320 id
3148 5267 3202 5319 in
3242 5282 3343 5338 quo
3368 5275 3469 5338 est,
3500 5259 3877 5338 nisiualiquan-

2276 5348 2384 5392 tum
2413 5333 2481 5392 ad
2507 5333 2562 5392 id
2589 5333 2641 5392 in
2665 5355 2766 5409 quo
2803 5333 2877 5394 esi
2901 5337 3010 5398 ille.
3045 5333 3344 5409 descendat:
3374 5335 3477 5409 Cui
3501 5334 3677 5390 simile
3707 5341 3793 5388 est
3815 5333 3882 5388 il-

2275 5409 2363 5464 lud
2401 5409 2584 5464 Hilarii
2617 5403 2782 5464 nostri
2832 5409 2924 5464 lib.
2978 5425 3079 5473 xn,
3114 5426 3168 5463 ιι.
3197 5410 3230 5462 6
3263 5425 3276 5460 :
3309 5403 3564 5462 Decidere
3603 5417 3774 5458 autem
3811 5420 3881 5460 ea:

2225 5482 2242 5498 “
2272 5477 2385 5536 Dea
2430 5480 2483 5534 in
2520 5481 2774 5535 hominem
2805 5480 2904 5534 nisi
2933 5497 2985 5534 se
3028 5497 3090 5535 ea:
3119 5484 3290 5550 forma
3323 5473 3420 5550 Dei
3453 5477 3589 5532 Deus
3609 5492 3878 5550 rasacuans

2271 5568 2376 5604 non
2408 5553 2591 5622 potuit,
2625 5563 2728 5606 etc.
2759 5551 2815 5606 lo
2844 5569 2909 5605 eo
2943 5547 3295 5621 autemquod
3344 5548 3430 5604 ltic
3450 5549 3736 5622 sequitur,
3769 5562 3877 5602 non

2271 5624 2563 5676 convenire
2601 5623 2703 5678 sibi
2751 5623 2937 5679 formm
2979 5623 3256 5692 utrimque
3316 5634 3640 5676 concursum
3669 5660 3701 5692 ,Α
3731 5625 3883 5687 patct

2276 5694 2456 5762 [omne
2501 5694 2718 5750 nomine
2765 5695 3088 5756 exteriorem
3121 5687 3326 5748 tantum
3365 5702 3570 5747 natura:
3601 5687 3881 5762 utriusque

2279 5758 2516 5820 habitum
2551 5763 2850 5836 designari.
2897 5764 3050 5822 Unde
3081 5764 3384 5834 intelligere
3413 5771 3497 5817 est
3532 5775 3638 5834 qua
3667 5758 3884 5836 ratione

2279 5836 2511 5894 Hilarius
2531 5829 2810 5900 Christum
2840 5848 2961 5908 post
2981 5829 3438 5894 resurrectionem
3467 5829 3641 5892 totum
3667 5829 3840 5894 Deum
3864 5869 3884 5899 ι
