4246 6260
579 274 688 335 295

1769 275 2013 337 SANCTI
2055 275 2315 336 illLABll
2353 276 2662 342 EPISCOPI

3786 280 3897 340 296

582 390 928 465 intelligitur,
960 391 1103 465 quod
1148 391 1307 450 aliter
1339 391 1408 450 ad
1435 393 1726 466 Apostolos
1766 396 2081 467 magistrum
2115 411 2174 451 se
2202 399 2255 458 A
2280 397 2652 455 Testimonium
2701 399 2862 469 patris
2915 396 3059 470 apud
3102 395 3346 465 Iudaeos;
3369 412 3526 469 opera
3566 397 3781 455 Christi.
3823 432 3900 443 —

583 487 901 542 conlitentcs
933 487 1141 542 locutus
1171 497 1272 553 est,
1294 487 1480 542 dicens
1514 487 1644 541 :Vos
1667 504 1745 542 me
1771 490 1962 543 uocatis
1991 490 2182 559 magis-

587 585 722 631 trum
749 588 794 632 et
834 578 1138 643 Dominum,
1179 590 1226 633 et
1260 580 1380 633 bene
1409 579 1603 647 dicitis;
1635 597 1745 634 sunt
1775 582 1961 635 etenim
1997 581 2178 654 (Joan.

589 686 706 736 xm,
740 671 854 740 15),
882 682 1076 726 etcum
1106 671 1480 727 alibidixissct
1505 691 1518 726 :
1549 672 1632 727 Nc
1660 675 2179 746 voceminimagistri,

586 761 708 830 quia
735 763 976 833 magister
996 771 1156 817 vester
1181 761 1416 817 Clnistus
1444 774 1516 819 est
1545 763 1722 838 (Jlatt.
1759 782 1910 828 χχιιι,
1948 763 2059 838 10).
2083 766 2183 822 Ubi

586 867 707 907 cum
741 852 843 908 ﬁde
869 853 1124 925 magister
1147 863 1251 923 est,
1285 855 1357 912 ibi
1380 856 1514 913 adeo
1535 857 1735 922 laudat,
1768 867 1828 913 ut
1851 867 1906 914 et
1935 861 2186 930 proﬁtea-

591 957 677 1004 tur
705 949 807 1004 hoc
851 966 1047 1005 nomen
1077 966 1090 1004 :
1123 951 1207 1007 hic
1235 966 1363 1008 vero
1393 952 1516 1008 boni
1566 953 1808 1025 magistri
1848 969 2044 1010 nomen
2075 970 2182 1010 non

589 1038 971 1114 recognoscit,
1017 1043 1104 1099 ubi
1135 1059 1232 1100 nec
1267 1043 1527 1100 Dominus
1570 1045 1878 1102 intellectus
1906 1055 1992 1102 est
2023 1062 2142 1103 esse
2169 1086 2185 1114 ,

591 1151 693 1191 nec
722 1134 1013 1193 Christus:
1046 1136 1220 1193 solum
1241 1154 1406 1194 unum
1443 1137 1611 1194 Deum
1633 1139 1832 1195 bonum
1865 1140 2186 1208 przedicans,

594 1245 700 1284 non
729 1243 788 1284 se
814 1230 999 1299 utique
1036 1246 1066 1286 a
1096 1231 1204 1286 Deo
1233 1230 1311 1304 (l)
1342 1247 1650 1298 secernens,
1685 1233 1773 1302 qui
1809 1240 1865 1286 et
1905 1231 2190 1286 Dominum

594 1341 655 1382 se
704 1323 976 1396 professus
1024 1334 1080 1382 et
1122 1325 1420 1394 Christum,
1454 1325 1644 1383 ducem
1677 1325 1918 1382 thesauri
1954 1325 2194 1382 ccelestis

593 1417 861 1474 ostendat.

675 1511 760 1567 l9.
798 1509 992 1582 Ubique
1018 1509 1272 1566 Dominus
1294 1529 1386 1567 nec
1415 1512 1649 1568 eumdem
1676 1529 1790 1568 cum
1818 1511 1974 1569 Patre
1999 1529 2090 1570 nec
2117 1513 2197 1568 di-

597 1621 798 1661 uersum
836 1621 888 1660 se
940 1605 1222 1675 proﬁtetur.
1277 1605 1430 1661 Fidei
1469 1609 1693 1675 honore,
1741 1606 1969 1678 adeoque
2014 1617 2199 1663 natura

598 1697 734 1769 patri
759 1714 812 1751 se
841 1697 1353 1768 aequavit—Tenuit
1380 1708 1560 1755 autem
1595 1701 1734 1755 hunc
1764 1715 1979 1770 semper
2009 1700 2196 1755 Domi-

2286 494 2619 565 Quamquam
2671 496 2830 566 igitur
2858 495 2909 548 in
2944 494 3192 564 plurimis
3240 509 3304 550 ac
3332 510 3470 564 pene
3500 497 3751 550 omnibus
3778 496 3897 553 dic-

2289 587 2355 640 tis
2403 587 2722 644 sacramenti
2759 587 2918 657 hujus
2963 587 3278 658 praestiterit
3333 589 3727 644 absolutionem
3755 629 3774 656 ,
3824 604 3896 646 ne

2287 682 2502 752 quando
2531 683 2814 739 confessus
2845 682 3012 738 Deum
3043 690 3246 751 patrem
3273 723 3288 748 ,
3322 681 3391 738 ab
3416 683 3535 752 ejus
3585 697 3644 738 se
3689 683 3897 740 unitate

2288 774 2657 840 discerneret»;
2692 791 2868 847 neque
2913 790 2974 831 se
3028 775 3080 829 in
3114 775 3320 831 unitate
3368 775 3536 846 ipsius
3578 775 3892 843 collocans,

2288 869 2539 928 eumdem
2570 877 2748 924 tamen
2792 883 2954 923 unum
2983 877 3038 922 et
3059 867 3361 923 solitarium
3395 867 3742 938 proﬁteretur
3768 881 3786 921 :
3816 878 3896 922 ta-

2291 976 2415 1016 men
2444 960 2604 1017 etiam
2636 976 2701 1016 ex
2732 961 2833 1015 hoc
2855 959 2938 1015 vel
2971 959 3206 1014 maxime
3237 958 3556 1030 intelligitur
3581 973 3896 1015 sacramen-

2293 1063 2405 1110 tum
2427 1065 2482 1122 et
2502 1053 2720 1110 unitatis
2737 1063 2793 1110 et
2815 1054 3104 1110 nativitatis
3123 1053 3456 1119 doceri,cum
3473 1053 3564 1120 ait,
3589 1053 3707 1126 Ego
3727 1062 3896 1108 autem

2294 1147 2456 1202 habeo
2478 1147 2820 1202 testimonium
2846 1149 3016 1219 majus
3040 1143 3264 1201 Joanne.
3298 1145 3470 1215 Opera
3496 1147 3629 1200 enim
3664 1161 3781 1216 qua:
3808 1146 3900 1202 de-

2295 1241 2369 1295 dit
2393 1240 2520 1294 mihi
2551 1238 2707 1293 Pater
2733 1247 2787 1293 ut
2827 1238 3093 1307 perﬁciam
3121 1253 3204 1303 ea,
3247 1238 3360 1306 ipsa
3389 1253 3546 1309 opera
3573 1253 3688 1307 qua:
3727 1237 3893 1308 facio,

2297 1332 2637 1387 testimonium
2663 1330 2929 1403 perhibent
2953 1330 3016 1386 de
3047 1347 3144 1393 me.
3175 1331 3416 1400 quoniam
3441 1329 3604 1384 Pater
3625 1346 3705 1385 me
3733 1331 3892 1388 misit.

2297 1421 2367 1478 Et
2392 1425 2480 1495 qui
2501 1423 2637 1478 ntisit
2677 1439 2755 1476 me
2785 1421 2959 1489 Pater,
2993 1422 3102 1492 ipse
3128 1421 3424 1490 testiﬁcatus
3465 1430 3537 1475 est
3560 1423 3624 1474 de
3651 1436 3750 1476 me.
3785 1419 3898 1475 Ne-

2298 1535 2398 1589 que
2425 1533 2598 1572 uocem
2625 1519 2736 1586 eius
2761 1533 3002 1586 umquam
3027 1515 3246 1571 audistis
3271 1555 3285 1581 ,
3336 1531 3498 1586 neque
3522 1518 3748 1587 ﬁgurant
3783 1519 3896 1589 ejus

2301 1609 2528 1676 uidistis,
2575 1620 2618 1664 et
2651 1609 2853 1662 verbum
2877 1609 2991 1676 eius
3029 1624 3132 1662 non
3173 1607 3368 1662 habetis
3395 1608 3448 1661 in
3479 1606 3617 1661 vobis
3643 1623 3852 1662 manens
3878 1622 3899 1663 :

2302 1703 2540 1773 quoniam
2567 1718 2713 1770 quem
2736 1702 2876 1755 misit
2897 1701 3004 1767 ille,
3029 1701 3148 1754 huic
3171 1716 3257 1754 vos
3283 1717 3383 1754 non
3402 1701 3605 1754 creditis
3627 1698 3807 1772 (Joan.
3838 1715 3894 1768 v,

599 1806 702 1848 nus
741 1791 863 1847 ﬁdei
919 1792 1302 1849 ecclesiastica:
1355 1793 1607 1861 modum,
1665 1800 1723 1847 ut
1765 1801 1969 1864 patrem
2026 1794 2194 1850 Deum
2224 1796 2274 1859 B
2301 1795 2370 1850 56
2397 1805 2444 1850 et
2469 1793 2656 1866 seqq).
2691 1795 2902 1850 Patrem
2943 1802 3194 1849 tesuttum
3224 1807 3346 1848 esse
3365 1792 3434 1848 de
3462 1792 3598 1848 Filio
3625 1791 3899 1862 quomodo

600 1903 765 1942 unum
800 1888 1119 1957 praedicans,
1148 1902 1177 1940 a
1201 1895 1538 1942 sacramento
1560 1901 1618 1941 se
1646 1885 1739 1942 Dei
1787 1902 1892 1940 non
1920 1896 2198 1956 separaret

601 1981 762 2036 unius
785 2023 798 2047 ,
841 1980 968 2036 dum
998 1995 1096 2052 per
1127 1990 1372 2035 naturam
1423 1977 1715 2034 nativitatis
1746 1994 1918 2049 neque
1947 1979 2108 2034 alium
2139 1994 2200 2036 se

602 2070 772 2128 Deum
803 2072 1144 2143 proﬁteretur
1172 2087 1315 2140 esse,
1352 2087 1528 2142 neque
1551 2071 1726 2142 ipsum
1753 2089 1767 2126 :
1794 2071 1916 2142 quia
1945 2087 2068 2128 eum
2098 2087 2199 2128 nec

603 2164 800 2220 diversi
827 2166 1040 2234 generis
1063 2164 1228 2221 Deum
1255 2179 1375 2221 esse
1408 2172 1595 2220 natura
1625 2165 1678 2219 in
1705 2179 1772 2221 eo
1795 2165 1952 2220 unius
1978 2165 2073 2220 Dei
2107 2180 2202 2235 pa-

605 2257 754 2326 titur,
787 2276 962 2331 neque
991 2260 1242 2315 nativitas
1285 2259 1521 2315 admittit
1565 2276 1670 2316 non
1702 2260 1997 2330 perfectum
2039 2259 2200 2332 272

604 2353 654 2407 ei
695 2367 814 2408 esse
859 2353 1000 2423 quod
1029 2353 1168 2408 ﬁlius
1189 2361 1292 2409 est.
1321 2351 1398 2406 lta
1428 2367 1530 2408 nec
1569 2351 1887 2422 scparabilis
1908 2368 1936 2404 a
1964 2352 2076 2406 Deo
2107 2367 2203 2422 po-

519 2469 521 2472 ‘
605 2453 711 2502 test
740 2435 880 2510 esSe,
906 2460 1080 2517 neque
1107 2445 1224 2516 ipse
1248 2454 1350 2501 est.
1381 2445 1484 2501 Per
1510 2446 1650 2516 quod
1702 2446 1776 2502 ita
1817 2461 2032 2501 omnem
2071 2460 2203 2502 ser—

604 2538 782 2592 monis
807 2538 889 2592 sui
920 2537 1368 2608 signiﬁcationem
1402 2546 1686 2608 temperat,
1728 2548 1785 2593 ut
1807 2537 2063 2609 quidquid
2090 2538 2203 2594 Deo

605 2632 741 2702 patri
772 2630 993 2686 honoris
1022 2641 1412 2702 protestaretur
1432 2673 1446 2699 ,
1479 2630 1532 2686 id
1566 2630 1963 2687 modestissima
1985 2631 2202 2688 confes-

603 2725 757 2779 sione
779 2724 940 2778 etiam
965 2723 1065 2779 sibi
1087 2723 1359 2793 proprium
1387 2738 1509 2779 esse
1526 2733 1871 2779 monstraret.
1895 2723 2031 2777 Cum
2061 2724 2203 2779 enim

604 2814 703 2882 ait,
736 2813 937 2871 Credite
965 2816 1019 2869 in
1055 2813 1254 2885 Deunt,
1297 2826 1343 2870 et
1371 2815 1425 2870 in
1453 2833 1529 2871 me
1557 2816 1746 2871 credite
1772 2814 1952 2885 (Joan.
1987 2832 2095 2885 xw,
2127 2815 2201 2886 1),

606 2923 789 2978 quaero
822 2907 899 2981 (a)
949 2909 998 2963 in
1031 2924 1137 2979 quo
1169 2925 1227 2965 se
1259 2909 1312 2964 in
1343 2920 1528 2964 natura
1576 2909 1929 2973 discreverit,
1963 2909 2053 2980 qui
2097 2925 2202 2966 non

605 3000 862 3056 discrevit
893 3001 944 3056 in
984 3000 1228 3057 honore?
1270 3002 1467 3058 Dicens
1492 3002 1634 3058 enim
1657 3044 1672 3070 ,
1705 3002 1773 3056 Et
1810 3004 1864 3057 in
1893 3019 1972 3058 me
1993 3004 2202 3071 credite,

607 3108 730 3149 cum
758 3092 1003 3159 dixisset,
1047 3092 1114 3148 Et
1158 3093 1210 3148 in
1242 3091 1407 3148 Deum
1448 3094 1636 3148 credite
1658 3110 1678 3148 :
1699 3110 1840 3150 anne
1867 3109 1962 3164 per
1983 3094 2036 3149 id
2063 3093 2204 3165 quod

2301 1904 2428 1944 vere
2459 1886 2791 1957 intelligitur,
2823 1902 2943 1942 cum
2976 1901 3076 1942 nec
3101 1885 3215 1956 ipse
3241 1886 3388 1940 visus
3409 1885 3500 1947 sit.
3523 1901 3624 1941 nec
3648 1901 3754 1942 vox
3776 1884 3896 1956 ejus

2300 1981 2481 2036 audita
2506 1981 2611 2036 sit?
2653 1980 2867 2036 Memini
2896 1979 3112 2050 quidem
3155 1979 3220 2036 de
3258 1979 3416 2036 caelis
3440 1979 3678 2035 auditam
3707 1994 3896 2035 vocem

2302 2074 2492 2142 fuisse,
2512 2074 2779 2130 dicentem
2807 2090 2821 2128 :
2845 2073 2940 2128 llic
2969 2082 3052 2128 est
3078 2072 3220 2128 ﬁlius
3245 2088 3398 2128 meus
3425 2071 3678 2139 dilectus,
3707 2072 3760 2127 in
3791 2088 3901 2144 quo

2304 2171 2387 2244 (5)
2415 2171 2489 2241 (c)
2535 2171 2673 2226 bene
2699 2168 2861 2241 273
2889 2166 3187 2238 complacui
3221 2183 3236 2220 :
3271 2167 3414 2222 hunc
3455 2167 3638 2223 audite
3681 2165 3898 2236 (Matth.

2303 2277 2382 2328 ιιι,
2417 2260 2523 2333 17).
2558 2262 2623 2316 Et
2649 2260 2918 2333 quomodo
2946 2275 3046 2315 vox
3081 2259 3180 2315 Dei
3225 2259 3409 2314 audita
3457 2274 3564 2313 non
3605 2268 3728 2326 est,
3774 2274 3899 2314 cum

2304 2361 2545 2424 paternae
2573 2353 2721 2408 vocis
2775 2351 3224 2422 signiﬁcationem
3275 2348 3357 2422 (6)
3407 2349 3458 2405 in
3500 2365 3561 2406 se
3590 2365 3695 2405 vox
3721 2352 3902 2407 audita

2306 2445 2618 2502 contineat“?
2665 2445 2774 2502 Sed
2822 2443 2962 2500 forte
3006 2443 3060 2500 iu
3089 2443 3445 2516 Jerosolymis
3471 2452 3750 2500 manentes
3793 2459 3903 2501 non

2305 2541 2612 2606 audierunt,
2643 2542 2766 2611 quia
2798 2540 2850 2595 in
2880 2538 3112 2595 desertis
3156 2537 3395 2594 Joannes
3451 2537 3600 2594 solus
3651 2537 3899 2594 audierit.

2306 2633 2666 2703 Quaerendum
2711 2647 2840 2704 ergo
2883 2633 2934 2687 in
2990 2631 3344 2702 Jerosolymis
3375 2631 3646 2701 quomodo
3677 2639 3905 2688 testatus

2307 2739 2390 2784 est
2419 2728 2615 2785 Pater?
2664 2727 2780 2784 Non
2809 2727 2951 2784 enim
2981 2726 3292 2782 testimonio
3323 2725 3434 2796 jam
3466 2723 3687 2782 Joannis
3736 2725 3908 2780 utitur

2310 2843 2495 2883 vocem
2537 2841 2570 2882 e
2595 2826 2736 2882 cutio
2760 2824 3049 2889 audientis,
3078 2823 3174 2878 sed
3200 2821 3365 2878 habet
3391 2821 3754 2877 testimonium
3785 2837 3907 2876 ma-

2305 2920 2395 2991 jus
2425 2919 2670 2984 .Ioanne,
2715 2925 2770 2972 et
2814 2915 2957 2988 quod
2988 2917 3090 2971 hoc
3131 2923 3304 2982 esset,
3338 2914 3595 2970 continuo
3635 2912 3904 2983 subjecit:

2313 3013 2485 3082 Opera
2506 3012 2641 3066 enim
2669 3025 2784 3078 qua:
2809 3009 2949 3064 dedit
2973 3006 3096 3061 mihi
3125 3005 3288 3061 Pater
3310 3016 3364 3060 ut
3379 3006 3642 3076 perﬁciant
3667 3022 3748 3071 ea,
3785 3005 3906 3074 ipsa

2309 3122 2466 3175 opera
2487 3120 2603 3176 qua:
2626 3103 2784 3174 facio,
2817 3101 3160 3156 testimonium
3179 3100 3442 3172 perhibent
3462 3101 3526 3153 de
3544 3116 3640 3164 me,
3663 3099 3907 3170 quoniam

607 3187 718 3254 ait,
750 3187 804 3241 in
833 3204 930 3253 me,
963 3203 1067 3243 non
1096 3196 1149 3243 et
1171 3203 1322 3244 suam
1354 3187 1671 3258 intelligitur
1699 3188 2030 3260 signiﬁcasse
2050 3199 2206 3244 natu—
2229 3190 2276 3255 C
2314 3195 2469 3252 Pater
2491 3213 2571 3250 me
2593 3197 2748 3251 misit.
2773 3197 3019 3266 Agnosco
3043 3192 3338 3248 testimonii
3359 3193 3734 3249 auctoritatem
3765 3211 3779 3248 :
3812 3207 3909 3249 ne-

609 3279 771 3335 ram?
803 3278 1054 3334 Naturam
1087 3281 1244 3350 plane
1285 3295 1512 3352 separa,
1561 3282 1606 3337 si
1650 3281 1811 3337 ﬁdem
1857 3297 2096 3352 separas.
2148 3281 2206 3338 Si

608 3372 907 3430 credidisse
928 3375 1045 3428 sine
1071 3373 1290 3431 Christo
1331 3375 1381 3429 in
1413 3375 1581 3430 Deum
1613 3375 1720 3430 vita
1750 3377 1842 3442 sit,
1868 3376 2140 3432 Christum
2175 3391 2204 3429 a

611 3465 706 3522 Dei
754 3475 809 3522 et
836 3465 1057 3524 nomine
1087 3475 1142 3524 et
1167 3468 1495 3539 proprietate
1540 3467 1755 3524 divelle.
1787 3469 1942 3538 Quod
1969 3469 2016 3524 si
2042 3470 2205 3526 vitam

609 3559 823 3631 perﬁcit
851 3560 1070 3618 credere
1102 3561 1180 3635 (b)
1207 3562 1260 3616 in
1292 3560 1508 3619 Christo
1531 3577 1656 3629 eos,
1686 3563 1777 3633 qui
1805 3563 1856 3618 in
1888 3564 2058 3619 Deum
2089 3580 2208 3621 cre-

609 3651 758 3719 dant;
784 3653 931 3710 verbi
955 3653 1204 3711 virtutem
1235 3654 1462 3725 diligens
1491 3653 1662 3710 lector
1683 3654 1972 3725 expendat,
2005 3655 2208 3711 Credite

607 3746 663 3801 in
690 3745 878 3816 Deum,
909 3757 959 3802 et
1002 3749 1056 3802 in
1107 3765 1185 3803 me
1223 3749 1432 3804 credite.
1463 3749 1597 3804 Cum
1623 3749 1765 3804 enim
1796 3749 1890 3814 ait,
1926 3747 2128 3805 Credite
2154 3751 2209 3805 in

534 3852 552 3869 '
607 3837 800 3908 Deum,
829 3851 875 3896 et
902 3841 952 3896 in
980 3858 1060 3897 me
1085 3842 1298 3909 credite,
1324 3841 1517 3897 uniens
1537 3856 1595 3898 se
1626 3841 1746 3897 ﬁdei
1779 3842 1896 3908 Dei,
1928 3851 1982 3898 et
2003 3854 2208 3899 natura:

608 3935 726 4004 ejus
756 3933 948 4002 univit,
981 3933 1061 4008 (ἓ)
1090 3951 1212 3991 cum
1246 3945 1544 3991 memorato
1585 3936 1729 4003 Deo,
1771 3933 1825 3990 in
1869 3952 2029 4007 quem
2060 3936 2207 3992 credi

609 4039 904 4098 oporteret,
953 4039 1008 4085 et
1037 4030 1104 4085 in‘
1127 4046 1187 4086 se
1214 4029 1460 4086 docuerit
1486 4045 1606 4086 esse
1633 4031 1959 4088 credendum
1989 4051 2002 4086 :
2039 4033 2204 4089 Deum

609 4137 668 4178 se
702 4139 794 4192 per
819 4121 872 4178 id
901 4121 1120 4188 docens,
1153 4139 1274 4179 cum
1307 4124 1636 4180 credendum
1666 4125 1748 4199 ('5)
1799 4127 1850 4181 in
1892 4143 2015 4183 eum
2043 4128 2112 4183 sit
2139 4129 2208 4186 ab

610 4214 696 4272 his
722 4258 736 4283 ,
774 4217 864 4288 qui
899 4217 949 4270 in
979 4217 1149 4272 Deum
1173 4217 1418 4272 credant.
1450 4217 1800 4274 Occasionem
1826 4227 2004 4276 tamen
2033 4220 2210 4276 irreli-

608 4309 776 4379 giosze
797 4309 1010 4364 unionis
1037 4307 1265 4364 exclusit
1289 4327 1301 4362 :
1329 4309 1449 4380 quia
1475 4326 1596 4365 cum
1627 4319 1682 4367 et
1704 4311 1754 4365 in
1783 4311 1976 4380 Deum,
2002 4314 2122 4368 etin
2149 4329 2209 4370 se

610 4399 936 4456 credendum
959 4400 1231 4472 professus
1250 4401 1340 4469 sit,
1374 4401 1533 4458 ﬁdem
1556 4401 1623 4458 de
1643 4416 1703 4459 se
1734 4401 1811 4475 (4)
1838 4404 2082 4461 solitario
2099 4422 2206 4464 non

610 4493 846 4565 reliquit.

2311 3307 2416 3362 que
2445 3292 2588 3346 enim
2636 3291 2917 3361 quisquam
2947 3289 3051 3344 nisi
3081 3287 3248 3344 Filius
3286 3304 3316 3343 a
3360 3287 3520 3344 Patre
3563 3287 3762 3344 missus
3792 3287 3908 3343 [nec

2310 3395 2518 3458 ageret.
2557 3385 2705 3455 Opus
2747 3399 2876 3455 ergo
2912 3400 3068 3439 suum
3100 3383 3463 3440 testimonium
3495 3393 3597 3439 est.
3641 3383 3748 3441 Sed
3778 3383 3908 3454 quid

2310 3479 2526 3536 tandem
2558 3477 2829 3549 sequitur?
2859 3477 2927 3531 Et
2971 3478 3061 3548 qui
3095 3494 3173 3533 me
3201 3478 3337 3532 misit
3369 3475 3550 3542 Pater,
3585 3478 3697 3548 ipse
3721 3476 3908 3546 testi/i-

2312 3581 2456 3626 catus
2482 3571 2644 3626 estde
2670 3585 2767 3624 me.
2815 3567 2995 3639 Neque
3023 3585 3193 3624 vocem
3219 3572 3333 3643 ejus
3373 3586 3617 3640 umquam
3663 3568 3906 3637 audistis,

2311 3681 2470 3737 neque
2499 3666 2720 3735 ﬁgurant
2750 3665 2862 3734 ejus
2892 3663 3111 3728 vidistis,
3141 3674 3190 3717 et
3220 3662 3425 3717 verbum
3450 3666 3565 3735 ejus
3591 3679 3692 3718 non
3711 3661 3911 3717 habetis

2311 3761 2365 3815 in
2386 3759 2524 3814 vobis
2567 3775 2800 3814 manens.
2850 3758 3014 3813 Extra
3040 3757 3245 3813 crimen
3279 3773 3408 3828 ergo
3436 3766 3562 3813 sunt
3600 3758 3911 3828 ignorantes

2315 3851 2679 3908 testimonium
2712 3849 2919 3917 Patris,
2967 3851 3058 3920 qui
3089 3850 3142 3905 in
3169 3850 3254 3906 his
3283 3865 3572 3921 numquam
3602 3849 3818 3906 auditus
3845 3864 3912 3905 ac

2311 3947 2459 4003 visus
2485 3945 2576 4010 sit,
2600 3953 2655 3998 et
2682 3943 2732 3998 in
2761 3942 2844 3998 his
2873 3958 2979 3997 non
3008 3942 3457 4000 maneatverbum
3488 3941 3648 4012 ejus?
3674 3941 3779 3999 Sed
3801 3955 3909 3996 non

2312 4045 2438 4093 sunt
2483 4037 2584 4094 sub
2618 4036 2769 4092 venia
2800 4034 3057 4107 incogniti
3098 4035 3199 4091 sibi
3245 4035 3537 4092 testimonii
3568 4054 3582 4091 :
3608 4035 3730 4106 quia
3763 4034 3914 4090 testi-

2313 4128 2552 4185 monium
2598 4129 2666 4184 de
2693 4145 2752 4185 se
2797 4128 2972 4184 Patris
3002 4145 3225 4200 operum
3271 4142 3493 4184 suorum
3542 4125 3910 4183 testimonium

2313 4239 2435 4281 esse
2475 4224 2779 4294 proﬁtetur.
2808 4223 2984 4295 Opera
3016 4224 3178 4294 igitur
3205 4221 3272 4277 de
3303 4237 3368 4277 eo
3407 4229 3674 4276 testantur
3699 4219 3841 4291 quod
3880 4234 3911 4274 a

2311 4315 2471 4372 Patre
2501 4316 2571 4371 sit
2607 4315 2838 4382 missus;
2881 4315 2976 4371 sed
3017 4313 3120 4370 hoc
3158 4329 3381 4385 operum
3418 4312 3783 4368 testimonium
3811 4311 3914 4366 Pa-

2313 4410 2410 4465 tris
2431 4417 2531 4465 est.
2564 4409 2626 4464 Et
2655 4424 2778 4466 cum
2807 4409 3050 4480 operatio
3079 4407 3204 4462 Filii
3232 4407 3408 4464 Patris
3429 4407 3795 4464 testimonium
3818 4406 3910 4475 sit,

2311 4516 2431 4558 eam
2461 4516 2683 4558 necesse
2713 4511 2793 4558 est
2815 4503 3025 4572 operari
3047 4502 3100 4556 in
3126 4500 3344 4557 Christo
3367 4510 3610 4556 naturam
3636 4499 3718 4574 (ά)
3751 4499 3913 4556 intel-

680 4587 771 4645 20.
803 4587 961 4644 Pater
1015 4589 1078 4646 de
1123 4588 1265 4647 Filio
1303 4599 1515 4648 testatus
1563 4600 1610 4647 et
1658 4607 1762 4648 non
1806 4591 2016 4649 auditus
2062 4595 2206 4666 quid.
2241 4593 2290 4656 Ι)
2315 4596 2584 4669 ligendatn
2611 4611 2754 4660 esse,
2785 4610 2884 4666 per
2900 4611 3058 4666 quam
3083 4597 3236 4652 testis
3262 4603 3315 4652 et
3342 4594 3502 4650 Pater
3521 4592 3914 4664 est.Atqueita

682 4728 765 4798 (l)
789 4728 1038 4786 Secernit.

679 4800 760 4869 (2)
789 4800 919 4855 Cum
945 4811 1362 4857 commemorata.
1714 4850 1716 4852 ,

681 4870 764 4944 (5)
791 4870 857 4926 In
884 4887 945 4944 eo
970 4873 1054 4944 sit.
1076 4872 1166 4927 Sic
1199 4881 1355 4944 antea
1386 4871 1598 4928 dixerat
1628 4871 1891 4940 Hilarius,
1920 4875 2124 4932 credere
2153 4878 2207 4932 in

609 4942 835 5000 Christo.
882 4942 1110 5014 Exinde,
1139 4943 1425 5014 inreligiosi
1451 4945 1677 5008 unionis,
1712 4953 1770 4998 ιιι
1799 4946 1880 5000 vel
1922 4945 2048 5002 hinc
2077 4963 2206 5005 con-

607 5017 856 5072 ﬁrmetur
888 5013 1204 5086 conjectura
1231 5013 1532 5070 doctissimi
1564 5016 1789 5070 edituris
1835 5016 2168 5075 Benedictini
2188 5063 2201 5086 ,

607 5085 931 5159 suspicantis
957 5085 1275 5142 vocabulum
1305 5086 1508 5142 unionis
1548 5087 1830 5143 masculini
1859 5090 2076 5160 generis
2111 5085 2208 5148 Hi-

682 5225 758 5296 (α)
793 5224 1012 5296 Aliquot
1033 5223 1369 5296 recentiores
1399 5236 1530 5277 mss.
1574 5222 1629 5278 in
1654 5240 1754 5293 quo
1781 5239 1836 5278 se
1866 5236 2071 5282 natura.
2109 5227 2210 5283 So-

607 5295 702 5352 lus
719 5297 887 5352 codex
921 5295 1040 5352 Vat.
1071 5295 1185 5351 bas.
1251 5295 1304 5348 in
1343 5310 1443 5363 qua
1491 5310 1545 5347 se
1586 5306 1792 5350 natura.
1849 5297 2206 5354 Retinendnm

605 5383 728 5424 cum
761 5367 883 5422 aliis
905 5369 962 5422 in
986 5383 1106 5435 quo,
1137 5366 1242 5422 hoc
1265 5373 1369 5430 est,
1400 5378 1684 5436 quatenus.

677 5438 757 5513 (b)
787 5439 1067 5513 tlallemus
1091 5440 1145 5493 in
1175 5437 1458 5513 Christum,
1489 5438 1532 5493 si
1563 5455 1696 5513 mss.
1720 5439 2003 5496 accederet
2024 5448 2211 5496 aucto-

605 5508 760 5567 ritas.
785 5509 1025 5566 Subinde
1058 5511 1108 5565 in
1137 5525 1240 5565 nts.
1269 5508 1388 5564 Vat.
1420 5509 1562 5578 bas.,
1591 5510 1859 5565 verborum
1879 5513 2133 5566 virtutem.

679 5581 750 5655 (c)
779 5580 1121 5655 Golbertinus
1147 5581 1340 5655 cades,
1385 5581 1508 5655 bene
1538 5584 1734 5655 placui.
1763 5581 1976 5637 Nullum
1999 5582 2100 5655 _hi_c
2127 5584 2210 5638 in-

603 5652 946 5710 commodum
973 5695 989 5718 ,
1029 5652 1172 5724 quod
1203 5652 1366 5724 verba
1398 5652 1534 5706 hunc
1561 5653 1770 5720 audite,
1803 5668 1909 5709 non
1947 5653 2014 5708 ad
2045 5653 2210 5710 Joan-

607 5739 730 5780 nem
757 5726 810 5780 in
840 5723 1110 5792 desertis,
1153 5723 1248 5779 sed
1292 5723 1358 5778 ad
1388 5723 1679 5788 Apostolus
1720 5725 1774 5780 in
1826 5735 2010 5781 monte
2065 5727 2205 5781 facta

607 5793 716 5850 sint
741 5813 754 5851 :
788 5811 910 5853 eum
934 5795 988 5850 in
1017 5794 1098 5850 his
1122 5835 1140 5864 ,
1185 5793 1287 5848 Hic
1313 5805 1387 5851 est
1421 5795 1563 5864 ﬁlius
1586 5811 1746 5865 meus,
1773 5796 1857 5854 vis
1899 5799 2203 5869 argumenti

2312 4735 2448 4794 Iario
2473 4751 2614 4792 esse.
2640 4734 2896 4806 Ejusdem
2924 4736 3142 4807 generis
3170 4734 3268 4790 fuit
3294 4734 3345 4790 id
3370 4735 3603 4794 nominis
3624 4735 3766 4807 apud
3796 4691 3915 4792 3m-

2311 4825 2428 4870 nes.
2462 4824 2584 4863 cum
2623 4822 2720 4877 pro
2746 4807 3026 4877 margarita
3051 4806 3352 4862 adhibitum
3377 4818 3482 4863 est.

2385 4879 2465 4953 (ᾧ)
2500 4880 2555 4953 in
2589 4878 2850 4953 anteriori
2878 4889 3016 4946 erat,
3039 4878 3276 4934 solitarii.

2385 4949 2464 5020 (5)
2500 4949 2639 5007 Bene
2671 4951 2868 5021 placui.

2385 5022 2466 5098 (6)
2495 5022 2561 5078 In
2591 5039 2645 5079 se
2668 5024 2804 5093 ipsa.
2837 5022 3055 5089 Postea,
3085 5021 3380 5077 audierant.

2315 5227 2525 5300 sitaisit.
2547 5227 2652 5300 Sed
2679 5227 2874 5284 mirum
2902 5229 2993 5300 qui
3015 5239 3234 5286 sanctus
3257 5227 3454 5285 Doctor
3473 5229 3633 5287 verba
3650 5243 3680 5285 a
3706 5229 3914 5289 Joanne

2314 5299 2498 5354 audita
2529 5299 2626 5355 ιιι).
2658 5317 2732 5368 vr,
2763 5317 2817 5356 ιι.
2849 5301 2932 5368 l9,
2965 5301 3226 5368 proferat,
3259 5304 3330 5357 uti
3354 5317 3417 5358 ea
3441 5301 3700 5358 habemus
3723 5303 3915 5360 inVul-

2314 5381 2457 5444 gataﬂ
2481 5371 2668 5444 Matth.
2713 5387 2791 5433 ιιι,
2825 5373 2910 5439 l7,
2942 5372 3079 5428 libro
3109 5386 3286 5429 autem
3318 5388 3432 5441 vnt,
3463 5391 3517 5429 n.
3561 5372 3653 5438 25,
3679 5384 3735 5430 et
3758 5375 3906 5444 alibi,

2317 5442 2494 5514 qualia
2522 5443 2655 5511 psal.
2679 5457 2738 5514 Il,
2768 5445 2821 5512 7,
2865 5454 3107 5508 exstant.
3154 5461 3217 5500 ac
3275 5445 3488 5500 tandem
3524 5444 3613 5500 hic
3639 5442 3913 5514 utijacent

2316 5511 2504 5567 Matth.
2539 5529 2667 5577 xvn,
2699 5511 2752 5567 5.
2779 5514 2982 5570 Deinde
3013 5525 3249 5583 paterna:
3280 5516 3427 5573 vocis
3465 5511 3910 5584 signiﬁcationem

2315 5585 2370 5638 in
2399 5584 2575 5639 audita
2612 5601 2762 5652 voce,
2790 5602 2910 5655 quze
2954 5584 3146 5641 Filium
3194 5588 3602 5655 demonstrarit,
3646 5589 3912 5643 contineri

2313 5655 2470 5731 docet
2498 5672 2513 5711 :
2543 5657 2668 5726 quia
2697 5656 2838 5713 ﬁlius
2859 5657 3152 5729 signiﬁcari
3173 5661 3377 5730 nequit,
3408 5659 3536 5730 quin
3563 5661 3724 5715 simul
3747 5660 3912 5731 signi-

2311 5725 2511 5798 ﬁcetur
2528 5725 2582 5782 et
2611 5737 2784 5798 pater.

2384 5797 2466 5871 (ά)
2493 5797 2552 5855 1η
2578 5797 2832 5857 Tractatu
2876 5799 2948 5859 de
2992 5801 3200 5861 unitate
3225 5801 3402 5860 Patris
3430 5811 3487 5860 et
3520 5798 3675 5874 Filii,
3717 5802 3772 5860 in
3803 5817 3910 5876 quo
