4246 6260
314 324 425 381 9.97

1537 321 1624 378 DE
1664 322 2034 382 TRItVlTATE
2087 321 2286 383 LIBER
2328 325 2418 383 IX.

3521 324 3627 387 298

314 439 569 495 Christus
592 451 846 508 operaus.
878 437 958 511 (a)
986 447 1042 495 ct
1072 439 1126 494 in
1157 439 1275 510 ejus
1299 453 1466 509 onere
1495 440 1654 498 Pater
1681 452 1883 499 testans
1908 485 1921 508 ,
1953 448 2000 505 Α
2037 447 2256 516 cipietis.
2294 448 2562 512 Quomuuo
2594 444 2801 517 potestis
2852 460 2938 501 nos
2981 442 3185 500 credere
3207 487 3222 514 ,
3260 445 3346 517 qui
3386 450 3631 501 honorem

315 531 406 607 (1)
450 531 815 587 ostenduntur
845 531 1221 602 inseparabilis
1266 533 1563 588 secundum
1595 535 1927 590 nativitatem

316 640 442 682 esse
470 634 716 691 naturae;
772 640 895 681 cum
944 626 1039 682 Dei
1071 625 1137 681 de
1163 625 1379 683 Christo
1408 628 1774 683 testimonium
1801 669 1816 693 ,
1865 643 1928 684 ea

318 722 439 793 ipsa
464 719 670 776 Christi
693 735 815 776 esse
841 719 1177 791 signiﬁcetur
1213 706 1478 790 operatio.

392 811 489 868 21.
520 811 700 867 Iudici
732 809 944 866 Patrem
976 827 1078 866 non
1107 811 1345 867 uiderunt
1370 823 1461 867 aut
1482 812 1779 878 audierunt,
1811 812 1934 884 quia

324 903 534 961 Christo
581 921 687 960 non
723 905 1075 961 crediderunt.
1115 903 1250 960 Hinc
1276 915 1465 960 natura
1503 907 1765 977 utriusque
1804 921 1932 960 una.

323 993 539 1051 -—Non
570 1006 699 1052 sunt
739 997 922 1068 itaque
966 1004 1127 1053 extra
1172 1008 1381 1054 reatum
1437 1013 1545 1052 non
1588 998 1788 1069 cogniti
1833 996 1934 1053 sibi

335 1089 673 1157 testimonii;
694 1106 815 1146 cum
844 1105 984 1162 Opus
1009 1090 1209 1147 Christi
1237 1091 1611 1149 testimonium
1641 1092 1712 1148 de
1737 1107 1804 1148 eo
1835 1092 1934 1146 Pa-

334 1187 436 1241 tris
459 1186 549 1241 sit.
575 1184 763 1258 Neque
793 1186 846 1241 in
878 1201 978 1254 co,
1013 1186 1155 1258 quod
1199 1187 1447 1243 testantis
1484 1203 1675 1244 vocem
1704 1201 1809 1243 non
1841 1202 1937 1242 au-

331 1279 534 1335 dierint
553 1322 570 1346 ,
593 1288 647 1336 ct
676 1282 898 1351 ﬁguram
925 1295 1030 1336 non
1061 1281 1329 1348 viderint,
1355 1293 1408 1338 et
1432 1282 1652 1337 verbum
1681 1281 1798 1352 ejus
1825 1297 1937 1337 ma-

334 1387 478 1427 nens
517 1388 622 1428 nou
655 1372 980 1439 habuerint,
1037 1373 1240 1429 idcirco
1295 1373 1413 1429 sine
1473 1373 1761 1429 testimonii
1806 1383 1935 1429 sunt

330 1467 687 1522 conscientia.
718 1466 802 1521 Ad
836 1467 886 1522 id
911 1466 1057 1523 enim
1088 1465 1164 1539 (ὁ)
1192 1467 1335 1538 quod
1365 1467 1566 1523 dictum
1596 1479 1676 1524 cst
1705 1487 1717 1522 :
1757 1467 1938 1539 Neque

332 1576 507 1615 vocem
533 1561 646 1629 eius
688 1560 945 1623 audistis,
987 1576 1148 1629 neque
1191 1561 1412 1633 ﬁgurant
1458 1562 1572 1631 ejus
1613 1562 1845 1629 vidistis,
1893 1571 1940 1615 et

335 1653 546 1709 rerbunt
573 1655 687 1724 ejus
719 1671 822 1709 non
852 1654 1047 1709 habetis
1076 1654 1131 1708 in
1159 1654 1298 1709 vobis
1338 1670 1550 1710 manens
1604 1651 1740 1724 (Job
1770 1670 1802 1705 v
1827 1696 1841 1721 ,
1870 1654 1937 1708 57

341 1755 396 1800 et
419 1746 545 1815 58);
570 1744 644 1818 (c)
673 1757 733 1801 ut
761 1763 884 1802 cum
927 1756 1153 1802 testatus
1178 1748 1245 1802 de
1265 1762 1331 1803 eo
1354 1748 1514 1804 Pater
1537 1748 1746 1811 luisset.
1780 1762 1940 1803 causa

343 1851 527 1897 tamen
569 1857 743 1911 neque
786 1841 935 1897 vocis
974 1841 1200 1906 auditae,
1253 1857 1427 1912 neque
1457 1842 1587 1896 visre
1619 1843 1802 1912 ﬁgunt:
1827 1882 1843 1908 ,
1886 1851 1941 1897 et

2035 542 2099 594 ab
2130 541 2421 595 hominibus
2441 542 2671 613 accipitis
2699 585 2711 604 ,
2742 552 2788 596 et
2816 542 3057 596 honorent
3091 542 3229 605 eius,
3262 542 3349 613 qui
3380 550 3455 595 est
3492 543 3630 596 solus

2034 631 2197 698 Deus,
2230 651 2331 688 non
2355 635 2583 705 quan-itis
2612 633 2774 706 (Ibid.
2802 634 2873 691 40
2902 643 2946 689 et
2967 632 3173 705 seqq)?
3205 634 3473 689 Honorem
3532 634 3633 688 int-

2044 726 2239 797 probat
2281 727 2559 782 hominum
2611 728 2775 799 :quia
2818 726 2992 783 honor
3021 727 3198 798 potius
3236 725 3558 797 qttmrcndus
3604 742 3638 782 a

2038 818 2149 874 Deo
2180 828 2261 874 est
2287 861 2301 886 ,
2337 828 2392 876 et
2418 819 2713 875 inﬁdelium
2748 831 2829 876 est
2860 820 3122 876 honorem
3152 820 3220 875 ab
3252 821 3511 876 alterutro
3545 835 3636 876 ac-

2037 913 2243 991 cipere.
2279 911 2417 980 Quid
2446 913 2588 969 enim
2632 913 2794 969 homo
2822 914 3026 969 homini
3065 913 3289 968 honoris
3321 906 3637 982 impertiat?

2035 1006 2323 1079 Cognitum
2353 1008 2534 1079 itaque
2564 1007 2669 1063 sibi
2697 1008 2789 1074 ait,
2823 1008 3171 1064 dilectionem
3202 1006 3298 1062 Dei
3326 1010 3377 1062 in
3415 1006 3500 1063 his
3529 1022 3637 1064 non

2038 1119 2158 1161 esse
2190 1115 2281 1160 :ct
2302 1121 2407 1161 non
2440 1105 2708 1160 manentis
2730 1105 2782 1159 in
2809 1105 2893 1159 his
2925 1104 3228 1159 dilectionis
3258 1103 3351 1158 Dei
3374 1102 3513 1158 hanc
3543 1102 3643 1159 do-

2041 1206 2127 1253 cet
2157 1211 2403 1265 Causam,
2437 1198 2559 1269 quia
2591 1213 2649 1253 se
2682 1198 2990 1254 venientem
3026 1197 3077 1251 in
3118 1194 3335 1251 nomine
3362 1196 3531 1265 patris
3556 1195 3644 1251 sui

2044 1308 2151 1347 non
2181 1293 2473 1363 accipiunt.
2506 1290 2644 1360 Quid
2674 1305 2803 1361 rogo
2831 1299 2910 1345 est
2931 1332 2944 1355 ,
2980 1288 3032 1344 iu
3062 1308 3113 1343 ιι(
3137 1290 3280 1344 mine
3310 1288 3484 1342 Putris
3520 1304 3645 1342 eum

2042 1384 2272 1439 venire?
2302 1383 2572 1454 Numquid
2604 1383 2783 1449 aliud,
2826 1399 2987 1455 qnam
3035 1381 3085 1436 iu
3119 1382 3333 1435 nomine
3368 1380 3498 1435 Dei?
3541 1384 3647 1435 Aut

2047 1477 2306 1549 numquid
2335 1492 2439 1532 non
2474 1476 2676 1532 idcirco
2706 1477 2756 1531 in
2781 1475 2865 1530 his
2893 1475 3111 1530 dilectio
3145 1473 3237 1528 Dei
3265 1489 3369 1529 nou
3393 1483 3497 1541 est,
3522 1474 3648 1544 quia

2052 1584 2155 1622 non
2188 1578 2472 1640 susceptus
2502 1567 2571 1623 sit
2605 1568 2656 1623 in
2688 1568 2904 1624 nomine
2934 1567 3028 1621 Dei
3062 1566 3322 1621 veniens?
3353 1567 3458 1622 Aut
3486 1581 3645 1620 num-

2044 1660 2175 1731 quid
2206 1662 2258 1715 in
2287 1676 2347 1717 se
2370 1676 2475 1715 non
2498 1671 2553 1715 et
2583 1670 2827 1715 naturam
2855 1659 2946 1715 Dei
2979 1659 3392 1730 signiﬁcaverat.
3418 1658 3605 1716 dicens
3629 1674 3644 1712 :

2048 1751 2171 1807 Non
2198 1753 2351 1807 vultis
2373 1754 2545 1807 pertire
2568 1753 2636 1806 ad
2669 1770 2767 1818 me,
2794 1762 2848 1805 ut
2876 1752 3029 1806 vitam
3059 1752 3326 1806 habeatis?
3354 1752 3485 1808 Nam
3515 1762 3570 1808 et
3596 1752 3650 1807 iu

2045 1846 2234 1903 eodem
2283 1846 2395 1917 ipse
2435 1862 2685 1903 sermone
2705 1847 2815 1917 jam
2849 1847 3057 1901 dixerat
3094 1864 3109 1902 :
3142 1849 3322 1913 Amen,
3355 1866 3503 1903 amen
3533 1848 3646 1902 dico

341 1933 495 1989 verbi
524 1935 577 1988 in
618 1933 703 1990 his
731 1950 838 1989 non
868 1936 1138 1991 manentis
1164 1944 1346 2006 posset
1379 1934 1640 2006 intelligi,
1683 1935 1940 1991 continuo
1972 1906 2016 1965 Β
2044 1938 2182 1993 vobis
2204 1981 2216 2000 ,
2250 1940 2491 2010 quoniam
2516 1940 2648 1992 υιιηῑι
2678 1938 2831 2003 hora,
2861 1949 2908 1991 et
2944 1956 3077 1993 nunc
3111 1951 3181 1993 est
3200 1982 3213 2004 ,
3244 1942 3294 1993 in
3320 1957 3418 2010 qua
3440 1940 3653 1994 audient

338 2027 599 2098 subjecit,
626 2025 791 2099 274
816 2026 1074 2094 Quoniam
1099 2043 1247 2095 quem
1280 2027 1415 2079 misit
1444 2026 1554 2090 ille,
1593 2026 1710 2080 huic
1731 2042 1818 2080 vos
1839 2042 1942 2081 non

337 2121 553 2176 creditis
575 2120 742 2189 (Ibid.
786 2119 880 2192 58)
909 2140 921 2174 :
947 2136 1007 2177 se
1035 2122 1273 2184 credito,
1308 2131 1362 2175 ct
1387 2135 1574 2177 vocem
1604 2121 1697 2176 Dei
1723 2120 1945 2176 audien-

338 2213 489 2280 dam,
526 2224 580 2269 et
603 2212 824 2284 ﬁguram
854 2212 951 2268 Dei
977 2212 1279 2278 videndam,
1311 2223 1365 2268 et
1387 2213 1609 2268 verbum
1639 2211 1757 2283 ejus
1785 2212 1837 2266 in
1862 2212 1946 2267 his

342 2306 435 2378 qui
465 2306 757 2363 crederent
784 2305 965 2361 inesse
990 2304 1397 2372 demonstrans;
1431 2320 1553 2360 cum
1596 2319 1693 2375 per
1734 2314 1944 2359 natura:

343 2399 676 2456 unitatemin
698 2413 758 2455 se
775 2398 933 2454 Pater
959 2408 1014 2455 et
1044 2399 1378 2471 loqueretur,
1398 2407 1455 2455 et
1475 2399 1767 2467 rideretur,
1793 2398 1871 2470 (ἀ)
1895 2407 1952 2453 et

345 2491 659 2548 haberetur.
693 2490 961 2562 Numquid
996 2507 1103 2547 non
1144 2499 1201 2548 et
1246 2491 1461 2548 Patrem
1512 2492 1798 2564 signiﬁcat,
1826 2506 1949 2549 cum

347 2586 554 2642 missus
584 2584 652 2641 ab
684 2599 751 2640 eo
786 2587 909 2640 est?
949 2583 1219 2655 Numquid
1251 2600 1311 2641 se
1340 2600 1437 2655 per
1472 2585 1707 2656 aliquam
1743 2597 1952 2642 natura:

346 2678 716 2736 diﬁerentiam
759 2695 790 2735 a
820 2679 982 2736 Patre
1020 2680 1314 2748 discernit,
1346 2695 1467 2737 cum
1507 2682 1581 2751 (e)
1628 2681 1751 2737 hinc
1794 2681 1954 2737 Pater

350 2782 559 2831 testans
586 2774 656 2831 de
683 2789 750 2832 eo
771 2817 785 2841 ,
830 2790 1005 2845 neque
1035 2774 1249 2830 auditus
1273 2817 1290 2845 ,
1323 2790 1501 2846 neque
1529 2776 1675 2830 visus
1702 2775 1813 2842 sit,
1846 2790 1945 2832 nec

352 2869 670 2925 intellectus
691 2869 798 2937 sit,
825 2871 950 2940 quia
978 2870 1147 2926 misso
1168 2885 1196 2922 a
1230 2869 1389 2924 Patre
1419 2868 1518 2924 sibi
1552 2883 1660 2925 non
1683 2867 1948 2925 creditum

351 2963 461 3020 sit?
486 2962 610 3018 Non
635 2977 695 3018 se
724 2977 852 3033 ergo
875 2962 1183 3033 unigenitus
1213 2962 1354 3017 Deus
1381 2977 1409 3014 a
1434 2961 1548 3015 Deo
1576 2971 1790 3030 separat
1814 3002 1829 3025 .
1856 2977 1949 3031 pa-

357 3066 495 3113 trem
511 3057 681 3112 Deum
696 3071 796 3112 con
804 3055 1079 3112 ﬁtenszsed
1095 3071 1189 3125 per
1200 3053 1647 3125 signiﬁcationem
1666 3054 1834 3125 patris
1849 3053 1959 3109 Deo

357 3162 513 3224 patre
536 3153 927 3217 demonstrato,
944 3163 1229 3221 sequoque
1247 3149 1299 3203 in
1320 3148 1414 3204 Dei
1438 3146 1641 3203 honore
1656 3147 1959 3207 constituit,

431 3246 521 3301 22.
558 3243 746 3299 Honor
773 3262 807 3299 a
832 3242 946 3300 Deo
971 3242 1303 3313 quwrendus.
1344 3240 1445 3295 Dei
1471 3241 1744 3296 dilectione
1785 3250 1959 3297 carent

362 3333 628 3393 Christum
651 3339 703 3392 in
743 3336 950 3392 nomine
977 3333 1074 3392 Dei
1104 3353 1208 3391 non
1235 3335 1587 3407 suscipientes.
1616 3366 1689 3377 —
1720 3335 1963 3407 Namque

362 3432 418 3488 in
442 3432 549 3488 hoc
574 3432 691 3503 ipso
726 3431 1025 3502 eodemque
1049 3446 1325 3498 sermone,
1357 3432 1409 3486 in
1440 3447 1548 3502 quo
1576 3431 1829 3501 operibus
1851 3432 1964 3487 suis

364 3526 554 3584 testari
583 3542 643 3583 se
670 3527 846 3599 ipsum
874 3541 906 3581 a
934 3526 1096 3583 Patre
1126 3526 1349 3581 missum
1391 3540 1512 3582 esse
1540 3525 1700 3581 docet
1720 3566 1734 3591 ,
1764 3535 1819 3582 et
1861 3524 1963 3579 Pa-

364 3630 506 3676 trem
535 3628 821 3676 testantem
842 3618 985 3688 quod
1015 3619 1083 3675 ab
1109 3635 1176 3675 eo
1203 3619 1398 3675 missus
1420 3619 1494 3674 sit
1517 3617 1803 3690 signiﬁcat,
1838 3633 1960 3675 cum

364 3713 632 3770 dixisset:
665 3714 730 3769 Et
759 3714 1002 3769 honorem
1044 3716 1155 3786 ejus
1179 3754 1194 3780 ,
1222 3714 1311 3781 qui
1339 3721 1411 3769 est
1451 3713 1593 3769 solus
1634 3712 1777 3768 Deus
1800 3754 1815 3780 ,
1860 3728 1964 3767 non

363 3810 594 3881 queritis
629 3808 804 3882 (Ibid.
835 3806 940 3879 44)
968 3847 983 3870 ,
1031 3806 1104 3881 (Γ)
1141 3822 1246 3862 non
1280 3817 1457 3863 tamen
1488 3807 1687 3863 dictum
1726 3806 1829 3863 hoc
1866 3822 1967 3861 nu-

364 3901 522 3969 dum,
552 3910 608 3958 et
637 3916 745 3956 non
775 3908 932 3956 antea
962 3900 1027 3955 ad
1059 3899 1277 3955 unitatis
1307 3900 1467 3956 ﬁdem
1494 3910 1849 3972 praeparatum
1882 3914 1970 3956 re-

365 3994 550 4064 liquit.
593 3992 854 4063 Superius
898 3992 1040 4048 enim
1075 3993 1145 4046 ita
1174 3992 1250 4045 ait
1294 4008 1307 4045 :
1352 3990 1475 4047 Non
1504 3992 1657 4046 oultis
1701 3993 1870 4047 venire
1898 3991 1967 4046 ad

366 4101 473 4151 me,
504 4094 563 4139 ut
589 4085 745 4139 vitam
771 4083 1017 4140 habeatis.
1053 4080 1318 4139 Honorem
1338 4083 1401 4138 ab
1428 4084 1714 4139 hominibus
1748 4100 1852 4138 non
1871 4099 1962 4137 ac-

368 4178 548 4249 cipio;
572 4178 663 4234 sed
698 4178 914 4252 cognoui
941 4193 1059 4245 vos,
1094 4178 1337 4248 quoniam
1365 4179 1689 4234 dilectionem
1724 4177 1824 4234 Dei
1864 4196 1968 4235 non

371 4271 575 4328 habetis
600 4273 653 4327 in
678 4273 835 4329 vobis.
870 4271 983 4345 Ego
1007 4274 1119 4328 veni
1149 4273 1202 4328 in
1224 4274 1429 4329 nomine
1450 4276 1612 4345 patris
1637 4276 1771 4342 mei,
1796 4283 1843 4329 et
1868 4291 1969 4330 non

371 4366 647 4437 accepistis
676 4382 755 4421 me
782 4383 796 4419 :
824 4366 867 4421 si
890 4366 1023 4421 alius
1050 4366 1239 4422 venerit
1265 4367 1319 4422 in
1351 4367 1556 4421 nomine
1577 4382 1692 4435 suo,
1725 4366 1870 4422 illum
1891 4384 1973 4423 νει

450 4481 534 4556 (1)
568 4479 875 4536 Ostendam.

2041 2032 2231 2085 mortui
2253 2048 2418 2086 vocent
2431 2029 2815 2104 ﬁlii275Dei;
2837 2044 2882 2085 et
2895 2032 3269 2104 quiaudierint,
3294 2034 3456 2087 virent
3483 2032 3647 2104 (Ibid.

2045 2138 2098 2190 v,
2130 2121 2248 2194 55).
2278 2123 2413 2179 Cum
2446 2124 2499 2178 in
2534 2126 2749 2179 nomine
2774 2124 2952 2178 Patris
2983 2125 3164 2189 venit;
3199 2141 3373 2194 neque
3404 2123 3522 2194 ipse
3546 2125 3649 2180 Pa~

2048 2227 2130 2272 ter
2156 2225 2239 2271 est
2262 2258 2278 2284 ,
2312 2232 2409 2271 nec
2453 2226 2630 2271 tamen
2675 2231 2779 2271 non
2812 2215 2864 2269 in
2898 2232 2960 2271 ea
3008 2228 3088 2272 cst
3120 2216 3422 2272 divinitatis
3454 2227 3643 2273 natura

2048 2325 2153 2383 qua
2183 2309 2343 2365 Pater
2368 2318 2453 2365 est
2490 2310 2652 2381 :quia
2690 2320 2739 2364 et
2772 2307 2908 2363 Filio
2940 2320 2987 2362 et
3018 2308 3128 2365 Deo
3155 2311 3427 2380 proprium
3476 2318 3559 2365 est
3602 2310 3655 2364 in

2051 2403 2271 2460 nomine
2328 2404 2422 2458 Dei
2478 2403 2644 2475 patris
2676 2404 2882 2459 venire.
2918 2403 3126 2458 Deinde
3178 2405 3524 2474 θρεῑνῐυηάυε
3574 2416 3661 2461 est

2052 2496 2189 2551 alius
2214 2497 2267 2550 in
2296 2495 2516 2551 nomine
2556 2495 2748 2551 eodem
2779 2495 3019 2550 veniens.
3071 2495 3178 2550 Sed
3221 2496 3308 2550 hic
3349 2495 3509 2552 homo
3533 2508 3614 2553 est
3640 2541 3656 2561 ,

2055 2605 2085 2644 a
2111 2604 2219 2661 quo
2244 2589 2351 2644 sibi
2384 2588 2459 2660 (g)
2491 2588 2756 2645 honorem
2789 2587 3039 2645 homines
3078 2606 3121 2656 si
3143 2588 3406 2656 erahttnt,
3466 2598 3522 2645 et
3569 2590 3657 2645 eui

2056 2682 2318 2738 honorem
2347 2681 2577 2738 reddent
2605 2681 2879 2746 vicissim;
2915 2696 3036 2736 cum
3086 2691 3259 2735 tamen
3308 2695 3366 2735 se
3407 2680 3546 2736 idem
3601 2683 3655 2737 in

2056 2776 2275 2830 nomine
2308 2774 2480 2830 Patris
2507 2774 2720 2828 venisse
2743 2773 2911 2828 fallet.
2944 2773 3011 2828 Et
3042 2773 3128 2827 hic
3156 2773 3374 2843 quidem
3404 2772 3481 2846 (Ιι)
3510 2775 3657 2828 auti-

2057 2867 2316 2925 christum
2370 2868 2660 2939 signiﬁcari
2724 2882 2829 2921 non
2882 2867 3170 2922 obscurum
3221 2878 3343 2933 est,
3375 2868 3659 2924 metulacio

2062 2961 2270 3032 paterni
2300 2961 2535 3016 nominis
2579 2960 2921 3031 gloriantem.
2977 2958 3043 3014 Et
3081 2975 3203 3014 cum
3237 2959 3378 3014 lnmc
3420 2960 3659 3016 honora-

2063 3056 2194 3110 lnmt
2215 3098 2227 3119 ,
2258 3063 2418 3124 atque
2448 3054 2516 3109 ab
2554 3068 2619 3109 eo
2671 3053 3081 3108 Lonoralnmtur
3110 3050 3286 3123 (lumc
3336 3053 3478 3108 enim
3509 3054 3669 3124 Spiri-

2065 3160 2176 3206 tum
2206 3152 2409 3207 erroris
2439 3150 2786 3221 excipient);
2820 3147 3083 3204 honorem
3115 3148 3232 3219 ejus
3270 3148 3359 3220 qui
3400 3159 3483 3205 est
3515 3151 3665 3205 solus

2065 3241 2208 3297 Deus
2237 3259 2342 3296 non
2376 3249 2639 3313 qumrcnt.

2138 3338 2230 3393 9.5.
2263 3335 2363 3392 Dei
2392 3347 2438 3391 et
2460 3335 2654 3393 Christi
2676 3336 2841 3391 honor
2866 3335 3245 3409 inseparabilis.
3276 3367 3346 3378 ——
3366 3338 3518 3393 Anne
3540 3354 3663 3393 cum

2067 3431 2137 3487 ob
2165 3430 2270 3486 hoc
2296 3430 2646 3487 dilectionem
2701 3430 2793 3484 Dci
2838 3445 2944 3484 non
2982 3429 3215 3485 habeant
3245 3471 3257 3496 ,
3291 3429 3413 3500 quia
3448 3433 3668 3485 veniet:-

2070 3536 2177 3582 tem
2205 3542 2263 3582 se
2295 3525 2346 3579 in
2381 3525 2598 3581 nomine
2626 3523 2803 3579 Patris
2837 3539 2944 3577 non
2976 3524 3281 3594 acceperint
3304 3567 3316 3587 ,
3356 3534 3408 3578 et
3447 3540 3664 3580 rursum

2067 3619 2374 3674 venientem
2421 3618 2587 3672 alium
2619 3615 2892 3671 incudem
2940 3616 3156 3671 nomine
3203 3616 3565 3685 recipientcs,
3611 3627 3667 3672 ct

2071 3713 2335 3770 honorem
2362 3713 2431 3768 ab
2459 3713 2719 3768 alterutro
2746 3709 3074 3780 accipientes
3094 3752 3109 3777 ,
3138 3709 3395 3765 honorem
3429 3710 3545 3779 ejus
3575 3710 3667 3777 qui

2071 3808 2220 3865 Solus
2240 3806 2385 3862 Deus
2414 3815 2498 3861 est
2542 3820 2649 3860 non
2682 3801 2956 3875 requirant
2983 3843 2997 3867 ,
3029 3817 3283 3871 separare
3331 3817 3390 3855 se
3418 3800 3666 3855 Christus

2070 3902 2139 3958 ab
2176 3900 2383 3957 honore
2413 3898 2572 3954 unius
2621 3898 2712 3953 Dei
2746 3898 2945 3967 poterit
2988 3896 3250 3966 intelligi;
3296 3912 3418 3951 cum
3472 3896 3674 3952 idcirco

2071 4011 2179 4051 non
2230 4001 2505 4064 quaeratur
2533 3990 2710 4046 honor
2754 3989 2921 4044 solius
2954 3988 3087 4057 Dei,
3130 3989 3251 4059 quia
3300 3988 3669 4045 antichristum

2075 4085 2424 4158 suscipiendo
2474 4101 2582 4141 non
2631 4085 2702 4139 sit
2747 4083 2837 4139 ille
2866 4082 3189 4152 susceptus?
3227 4081 3358 4137 Nam
3391 4082 3541 4153 cujus
3588 4098 3677 4139 re-

2073 4180 2347 4251 pudiatio,
2400 4177 2625 4233 honoris
2671 4175 2839 4231 solius
2874 4174 2969 4230 Dei
3015 4174 3399 4244 praetermissio
3446 4189 3561 4242 est;
3618 4177 3673 4232 iu

2076 4273 2236 4345 hujus
2265 4273 2472 4329 honore
2498 4285 2723 4328 neCesse
2754 4278 2836 4326 est
2861 4268 3125 4324 honorem
3160 4269 3331 4326 solius
3377 4268 3471 4326 Dei
3515 4285 3671 4339 esse,

2080 4367 2134 4423 in
2164 4367 2319 4439 cujus
2363 4368 2406 4422 si
2434 4364 2782 4443 susceptione
2830 4363 3193 4430 mansissent,
3224 4363 3485 4422 honorem
3513 4367 3679 4423 solius

376 4574 468 4647 hic
499 4571 772 4647 liberiore
801 4580 944 4627 totus
963 4572 1267 4643 exscriptus
1289 4582 1367 4647 est
1389 4613 1403 4638 ,
1425 4572 1819 4647 intelligendum
1850 4588 1977 4647 csse.
2007 4575 2063 4637 D
2159 4568 2236 4647 (d)
2284 4565 2339 4623 ln
2383 4580 2487 4647 ins.
2518 4563 2706 4647 Colb.,
2737 4562 2892 4647 deest
2935 4574 2984 4619 et
3012 4562 3283 4647 {iuberetur
3314 4583 3333 4621 :
3361 4568 3515 4647 cujus
3564 4571 3683 4625 loco

375 4644 438 4701 In
464 4662 569 4702 ms.
604 4645 727 4699 Vat.
756 4644 1054 4717 bas.,ea...
1087 4636 1274 4698 natura
1310 4636 1664 4717 intelligenda.
1699 4645 1824 4700 Haec
1853 4636 2017 4699 abs-7
2092 4636 2233 4717 male
2263 4638 2555 4717 prmferunt
2598 4637 2715 4691 bas.
2760 4636 2879 4717 Vat.
2915 4649 2978 4690 ac
3015 4636 3223 4717 Martin.
3252 4648 3374 4717 ,__et_
3391 4639 3677 4717 audiretur.

385 4732 497 4787 que
549 4716 881 4772 obscuritate
912 4718 981 4770 ita
1015 4716 1250 4787 legeris:
1281 4731 1397 4771 eam
1424 4716 1647 4772 necesse
1674 4728 1758 4772 est
1784 4716 1980 4773 intelli-

377 4785 574 4860 gamus
601 4799 850 4860 naturam
876 4785 1090 4860 operari
1115 4788 1167 4860 in
1198 4785 1433 4843 Christo.

456 4859 536 4934 (ο)
569 4858 849 4934 Vetustior
873 4857 1192 4934 nis.qulb.,
1225 4868 1272 4912 et
1291 4860 1345 4912 in
1367 4861 1477 4928 ejus
1502 4875 1675 4934 opera.
1708 4858 1840 4934 Tres
1861 4858 1983 4934 alii,

384 4944 434 4988 et
466 4930 579 5005 ejus
600 4946 777 4999 opera.
806 4930 927 5005 mox
953 4932 1228 5005 plerique,
1258 4945 1356 5005 pro
1385 4932 1761 5005 ostenduntur,
1786 4931 1989 4985 habent

382 5001 661 5060 ostendunt
687 5020 706 5057 :
735 5003 821 5057 cui
866 5002 1033 5058 verbo
1063 5002 1116 5057 in
1162 5002 1256 5057 lib.
1301 5001 1371 5058 de
1402 5006 1539 5057 nuit.
1574 5001 1857 5073 subjicitur
1895 5017 1989 5056 vo-

380 5076 504 5133 cula
533 5091 606 5129 se.

460 5144 540 5219 (b)
572 5146 826 5219 Erasmus
853 5156 1057 5219 temere
1079 5142 1252 5219 hie‘de
1292 5158 1391 5219 suo
1421 5144 1623 5219 adjecit
1655 5143 1876 5198 verbum
1901 5160 1982 5199 re-

397 5215 589 5292 fertur,
622 5218 765 5288 quod
789 5226 971 5288 postea
995 5217 1064 5271 ab
1093 5215 1223 5292 aliis
1240 5215 1536 5292 editoribus
1561 5226 1831 5292 retentum
1853 5224 1979 5292 est.,

388 5286 465 5346 'At
492 5286 838 5359 perspicuum
868 5298 952 5345 est
972 5302 1130 5342 voces
1155 5288 1223 5340 ad
1247 5289 1300 5341 id
1330 5286 1640 5343 referendas
1664 5302 1784 5342 esse
1805 5286 1872 5342 ad
1896 5301 1984 5343 se-

396 5368 649 5432 quentes.
686 5359 909 5432 puta_ad
938 5360 1181 5413 continuo
1209 5359 1442 5429 subjecit.
1877 5415 1882 5420 _

468 5430 546 5506 (ς)
575 5428 715 5506 Editi
741 5474 757 5498 ,
790 5428 865 5506 Et
901 5446 1018 5485 cum
1057 5428 1333 5485 testatus...
1377 5439 1433 5484 ut
1461 5447 1615 5506 causa
1642 5439 1810 5506 tamen
1834 5472 1849 5496 ,
1887 5429 1981 5484 Ili-

392 5502 529 5560 larii
547 5502 793 5559 oratione
817 5502 1044 5570 abrupta
1067 5515 1286 5573 prorsus
1308 5511 1468 5573 atque
1479 5503 1722 5557 confusa.
1750 5502 1840 5557 Sic
1865 5516 1988 5561 Dos-

396 5584 486 5631 set
516 5581 629 5628 tota
661 5575 745 5629 illa
777 5574 994 5645 phrasis
1029 5572 1267 5627 ordinari
1296 5590 1309 5626 :
1347 5572 1415 5627 Ut
1456 5590 1569 5627 cum
1609 5584 1818 5627 testatus
1848 5574 1911 5627 de
1933 5588 1990 5627 eo

396 5645 566 5702 Pater
587 5647 763 5717 {uisset
786 5687 802 5712 ,
830 5662 988 5699 causa
1036 5654 1205 5717 tamen
1246 5661 1405 5717 neque
1443 5646 1578 5699 vocis
1613 5645 1827 5717 auditur,
1855 5655 1989 5709 etc.,

393 5726 572 5789 posset
588 5715 817 5791 intelligi
849 5734 868 5771 :
896 5717 964 5771 ad
992 5716 1046 5770 id
1069 5716 1205 5791 quod
1233 5716 1423 5791 dictum
1447 5727 1521 5791 est
1555 5715 1782 5791 :_Neque
1819 5730 1991 5769 vocem

394 5788 514 5862 ejus
542 5788 781 5862 audistis,
799 5798 918 5862 etc.
947 5829 963 5853 ,
991 5789 1234 5862 continuo
1254 5860 1264 5862 ᾼ
1281 5788 1493 5862 subjecit
1524 5803 1537 5842 :
1569 5788 1825 5858 Quoniam
1844 5801 1993 5860 quem

396 5856 540 5917 misit
568 5860 659 5917 ille
674 5901 689 5925 ,
717 5861 835 5914 huic
855 5876 943 5915 vos
965 5876 1065 5914 non
1085 5859 1311 5915 creditis.

685 5955 965 6019 l’nnoc.
1051 5953 1136 6015 X.

2092 4716 2241 4770 Sicut
2265 4707 2412 4765 enim
2440 4709 2731 4774 loqueretur
2751 4707 2817 4761 ad
2841 4722 3007 4760 uocem
3044 4710 3155 4779 ejus
3187 4709 3433 4769 audistis.
3462 4721 3515 4765 et
3541 4714 3683 4767 viae-

2093 4796 2233 4841 ηιωι
2279 4782 2343 4836 ad
2394 4796 2552 4849 neque
2586 4781 2807 4850 ﬁguram
2830 4780 2943 4847 eius
2987 4779 3318 4833 ridistis:ita
3368 4782 3432 4835 ad
3481 4783 3684 4839 uerbum

2099 4859 2211 4928 ejus
2234 4871 2332 4928 non
2360 4851 2557 4928 habetis
2584 4849 2782 4928 rectius
2812 4850 3018 4928 referas
3037 4849 3335 4928 habemur.
3362 4852 3480 4928 Mli;
3507 4854 3559 4909 in
3588 4872 3683 4910 eo.

2097 4920 2219 4984 dem
2255 4925 2375 4979 Vat.
2406 4924 2520 4977 bas.
2555 4920 2767 4993 Codice,
2801 4920 3047 4991 numquid
3074 4924 3357 4988 separabile
3383 4927 3559 4993 aliqua
3588 4943 3687 4981 na-

2098 5010 2227 5055 tura:
2252 4994 2554 5068 differentia
2580 5011 2598 5048 :
2633 4993 2685 5048 in
2718 4992 2933 5048 Martin.
2959 4994 3207 5063 numquid
3229 4992 3507 5065 separabili
3532 5014 3689 5068 quam

2089 5082 2305 5135 natum,
2340 5078 2445 5123 etc.

2162 5164 2234 5233 (ε)
2280 5159 2411 5215 illud
2442 5157 2564 5211 hinc
2591 5157 2770 5233 aptius
2799 5156 3099 5233 cohaereret
3124 5158 3303 5233 verbis
3339 5176 3501 5233 neque
3534 5162 3690 5217 audi-

2092 5227 2179 5290 tus
2197 5227 2224 5289 τ’
2239 5239 2366 5303 puta
2386 5272 2416 5313 μ’
2433 5245 2549 5283 cum
2581 5227 2739 5283 Pater
2767 5236 2957 5309 testans
2983 5228 3046 5283 de
3070 5244 3128 5282 eo
3156 5271 3169 5293 ,
3203 5231 3322 5313 hinc
3349 5232 3494 5313 “(seu
3530 5234 3687 5313 ideo)

2090 5301 2252 5433 neque
2294 5301 2500 5358 auditus
2529 5341 2546 5368 ,
2593 5316 2753 5371 neque
2795 5301 2972 5367 visus,
3026 5316 3191 5372 neque
3235 5301 3523 5359 intellectus
3571 5301 3686 5374 sit,

2090 5396 2156 5433 au
2180 5395 2233 5433 a.
2265 5390 2373 5433 etc.

2089 5396 2233 5450 quia,
2265 5396 2373 5433 etc.

2164 5469 2251 5542 (f)
2279 5467 2397 5522 Vat.
2423 5464 2536 5519 has.
2564 5477 2667 5518 ms.
2691 5478 2793 5517 non
2817 5472 2987 5519 tamen
3008 5464 3334 5519 nesciendum
3358 5463 3456 5521 hoc
3476 5468 3687 5536 dictant,

2095 5554 2142 5597 et
2166 5558 2290 5603 non,
2319 5546 2450 5602 etc.,
2468 5544 2741 5605 corrupte.

2173 5629 2250 5703 (g)
2280 5629 2429 5697 Lips.
2462 5633 2517 5682 et
2541 5625 2690 5692 Par.,
2724 5624 2965 5680 honorem
2993 5626 3234 5683 hominis.

2129 5720 2252 5848 ἦρι)
2282 5719 2552 5777 Scribitur
2596 5725 2911 5775 constanter
2958 5718 3008 5774 in
3037 5721 3274 5792 antiquis
3318 5722 3469 5777 libris
3495 5764 3511 5795 ,
3553 5736 3693 5782 aute-

2167 5803 2365 5848 mlum.

2101 5803 2365 5850 christum.

3068 5945 3145 6006 10
