4246 6260
568 292 676 351 999

1754 293 1998 355 SANCTI
2031 295 2285 361 HILARII
2325 298 2633 366 EPISCOPI

3774 318 3884 378 300

571 409 667 466 Dei
696 408 1034 483 qumsissent.
1063 408 1141 489 (a)
1170 408 1240 466 Et
1268 408 1358 466 hic
1381 406 1522 495 idem
1556 409 1670 481 ipse
1690 426 1872 468 sermo
1906 415 2060 471 testis
2085 426 2171 474 est
2197 421 2252 480 A
2278 430 2445 481 terna:
2467 434 2704 497 naturae,
2739 430 2899 486 unius
2928 430 3025 489 Dei
3058 429 3217 489 ﬁdem
3261 442 3371 488 non
3402 432 3721 491 convellens
3749 478 3764 503 ,
3799 437 3882 493 ln—

573 503 732 560 nohis
752 547 767 571 ,
797 505 850 560 in
882 504 1035 576 cujus
1058 503 1279 561 exordio
1304 490 1650 559 continetur:
1693 503 1762 559 Ut
1801 521 1974 562 omnes
1997 507 2164 562 Itone.

566 596 772 667 riﬁcent
792 596 1016 665 Filium,
1042 595 1176 651 sicut
1207 595 1551 666 Itonori/icant
1584 607 1800 666 patrem.
1837 598 1938 666 Qui
1955 616 2057 659 non
2076 602 2168 656 Ita-

572 690 811 761 noriﬁcat
857 689 1025 760 ﬁlium
1077 704 1179 743 non
1212 686 1518 758 honoriﬁcat
1568 687 1777 744 Patrem
1812 691 1899 762 qui
1934 691 2071 746 misit
2106 690 2171 746 il-

575 780 681 836 lum
713 781 893 856 (Joan.
926 797 983 848 v,
1015 779 1132 853 25).
1165 780 1240 857 (ὂ)
1266 779 1567 854 Numquam
1597 781 1702 839 nisi
1722 784 1985 841 naturalia
2026 800 2170 841 exte-

576 882 810 946 quantur
837 875 890 929 in
934 873 1181 929 honore:
1216 890 1391 946 neque
1418 882 1727 946 exmquatus
1757 874 1931 937 honor
1953 883 2172 948 separat

573 967 939 1024 honorandos.
975 965 1109 1023 Cum
1148 977 1488 1024 sacramento
1516 976 1693 1023 tamen
1740 968 2036 1046 nativitatis
2074 984 2169 1041 po-

571 1061 740 1116 scitur
790 1059 1011 1117 honoris
1063 1060 1366 1132 aequalitas.
1400 1059 1473 1134 (c)
1502 1059 1636 1116 Cum
1677 1061 1848 1117 Filius
1895 1062 1967 1118 ita
1996 1061 2170 1117 hono-

569 1156 768 1211 randus
793 1162 854 1210 ut
885 1155 1044 1210 Pater
1072 1155 1175 1223 sit,
1208 1165 1261 1210 et
1291 1169 1411 1210 cum
1432 1153 1571 1226 ejus,
1605 1155 1695 1226 qui
1719 1155 1867 1210 solus
1889 1164 1975 1211 est
2002 1156 2164 1223 Deus,

570 1246 747 1303 honor
775 1262 880 1303 non
904 1246 1202 1318 quaeritur;
1230 1262 1337 1304 non
1366 1255 1451 1303 est
1491 1256 1643 1303 extra
1674 1247 1843 1303 solius
1866 1249 1961 1303 Dei
1991 1249 2165 1303 hono-

568 1355 682 1397 rem
705 1380 719 1405 ,
752 1338 908 1411 cujus
940 1338 1112 1394 honor
1142 1338 1284 1395 idem
1312 1347 1475 1411 atque
1500 1354 1639 1394 unus
1670 1348 1725 1394 et
1750 1339 1848 1393 Dei
1888 1348 1973 1395 est
2000 1356 2012 1394 :
2043 1340 2169 1410 quia

572 1444 767 1490 utnon
794 1432 1162 1490 honoriﬁcans
1199 1431 1393 1489 Filium
1414 1475 1429 1497 .
1462 1448 1571 1489 non
1614 1433 1933 1488 honoriiicat
1973 1442 2028 1489 et
2060 1433 2166 1489 Pa-

569 1535 707 1583 trem
738 1524 966 1600 (Ibid.);
999 1527 1069 1582 ita
1108 1534 1164 1583 et
1199 1525 1368 1582 solius
1414 1525 1512 1580 Dei
1555 1525 1815 1581 honorem
1874 1541 1980 1581 non
2014 1542 2166 1596 quae—

569 1635 734 1686 rens,
789 1634 896 1674 non
947 1619 1142 1692 qumrit
1196 1627 1252 1675 et
1301 1618 1519 1675 Christi.
1550 1617 1930 1688 [inseparabilis
1986 1618 2169 1691 itaque

567 1721 649 1766 est
672 1727 702 1764 a
733 1711 822 1767 Dei
852 1710 1059 1767 honore
1089 1710 1263 1766 honor
1291 1709 1512 1766 ChI‘iSli.
1544 1710 1613 1766 Et
1638 1726 1798 1783 quam
1824 1724 1984 1778 unus,
2007 1720 2170 1783 atque

2273 517 2436 572 cavit.
2469 517 2843 592 Interrogatus
2872 526 3016 580 enim
3049 526 3117 581 ab
3146 526 3355 589 Scriba.
3383 527 3527 599 quod
3557 529 3609 583 in
3642 529 3760 601 lege
3791 547 3881 587 es-

2272 622 2355 667 set
2401 613 2699 685 principale
2748 619 3060 675 mandatum
3085 662 3103 690 ,
3126 621 3408 693 respondit
3437 640 3449 676 :
3480 624 3636 691 Audi,
3669 623 3874 691 Israel,

2276 702 2534 761 Dominus
2565 707 2649 781 (3)
2677 708 2819 766 Deus
2845 711 2923 786 (f)
2946 722 3121 769 noster
3143 713 3394 769 Dominus
3422 732 3557 773 unus
3579 726 3698 773 est:
3720 728 3767 773 et
3797 720 3881 774 di-

2273 800 2399 873 liges
2420 800 2698 857 Dominum
2725 803 2896 860 Deum
2918 817 3063 861 tuum
3088 823 3153 863 ea:
3180 819 3285 864 toto
3307 812 3460 865 corde
3481 821 3590 878 tuo,
3612 822 3659 866 et
3688 830 3751 869 ea:
3774 824 3881 872 tota

2273 893 2447 947 anima
2471 902 2578 958 tua,
2604 904 2651 949 et
2678 911 2742 951 es:
2764 898 2884 952 totis
2905 899 3183 957 uisceribus
3204 902 3303 955 luis
3327 944 3341 967 ,
3382 912 3430 958 et
3475 919 3537 960 ea:
3566 914 3670 959 tota
3695 906 3878 963 virtute

2272 993 2385 1042 tua.
2414 985 2533 1042 Hoc
2552 997 2626 1044 est
2652 990 2873 1059 primum
2896 994 3215 1050 mandatum.
3250 995 3549 1052 Secundum
3569 998 3741 1054 simile
3754 1000 3833 1054 illi
3856 1016 3877 1056 :

2272 1073 2473 1148 Diliges
2486 1080 2777 1147 proximum
2788 1091 2931 1137 tuum
2949 1094 3210 1155 tamquam
3246 1095 3292 1142 te
3303 1087 3495 1159 ipsum.
3513 1087 3690 1163 Majas
3705 1100 3879 1146 autem

2273 1167 2764 1227 horummandatum
2779 1190 2883 1229 non
2899 1185 2972 1230 est
2994 1176 3189 1251 (Marc.
3214 1195 3313 1247 xu,
3335 1179 3406 1237 29
3439 1191 3486 1235 et
3515 1183 3704 1255 seqq.).
3726 1183 3877 1241 Alie-

2272 1275 2433 1317 nasse
2461 1277 2520 1319 se
2544 1279 2575 1318 a
2603 1274 2791 1321 natura
2811 1275 2865 1323 et
2886 1268 3146 1340 religione
3181 1273 3333 1327 unius
3375 1272 3472 1329 Dei
3513 1275 3875 1346 existimatur,

2272 1368 2392 1409 cum
2408 1356 2721 1428 principalis
2737 1360 2973 1416 mandati
2989 1361 3102 1418 haec
3114 1364 3182 1418 sit
3198 1364 3461 1435 professio
3481 1384 3492 1420 :
3510 1368 3669 1436 Audi,
3688 1367 3876 1437 Israel,

2276 1445 2527 1504 Dominus
2553 1448 2696 1506 Deus
2721 1462 2890 1535 noster
2925 1452 3175 1512 Dominus
3200 1474 3333 1513 unus
3352 1468 3469 1514 est:
3489 1459 3686 1517 deinde
3710 1459 3873 1535 (sup-

2273 1541 2377 1611 ple,
2404 1547 2560 1614 cum)
2591 1559 2660 1600 ne
2689 1545 2741 1602 in
2760 1528 3146 1620 consequentis
3164 1565 3225 1607 se
3250 1552 3462 1623 quidem
3487 1554 3725 1610 mandati
3748 1555 3879 1612 reli-

2274 1635 2435 1703 gione
2465 1637 2796 1705 constituat,
2827 1655 2950 1696 cum
2981 1641 3051 1697 ad
3095 1643 3324 1713 proximi
3374 1660 3476 1701 nos
3525 1644 3879 1703 dilectionem

2274 1726 2360 1785 les
2384 1770 2400 1795 ,
2427 1730 2569 1786 sicut
2595 1732 2663 1788 ad
2697 1733 2856 1790 unius
2897 1735 2973 1809 (g)
3001 1736 3214 1794 Domini
3259 1736 3459 1807 ﬁdem,
3517 1750 3759 1798 vocaret.
3811 1743 3879 1799 Et

568 1803 735 1877 276
754 1802 895 1859 idem
919 1802 1201 1874 utriusque
1227 1803 1297 1857 sit
1320 1846 1336 1869 ,
1362 1802 1522 1858 etiam
1546 1817 1612 1857 ex
1642 1818 1708 1858 eo
1735 1802 1915 1871 docet,
1942 1818 2065 1858 cum
2096 1803 2164 1858 ait

2276 1822 2492 1894 quidem
2517 1828 2801 1897 responsio
2824 1802 3030 1886 Scriba:
3061 1849 3168 1887 non
3195 1842 3280 1889 est
3303 1802 3620 1908 negligenda
3641 1882 3656 1905 ,
3692 1838 3875 1897 dicen—

573 1897 818 1951 nuntiata
858 1894 961 1951 sibi
1002 1893 1194 1950 Lazari
1223 1893 1538 1949 inﬁrmitate
1571 1912 1584 1949 :
1616 1891 1902 1966 Inﬁrmitas
1942 1895 2042 1951 ista
2071 1912 2173 1951 non

568 1996 642 2042 est
668 2003 824 2059 usque
849 1987 917 2040 ad
944 1995 1178 2053 mortem,
1206 1987 1297 2041 sed
1323 2001 1417 2059 pro
1446 1986 1614 2060 gloria
1638 1985 1736 2051 Dei
1775 1998 1849 2041 est
1872 2029 1888 2057 ,
1922 1997 1975 2041 ut
2005 1985 2173 2042 hono-

564 2082 795 2152 riﬁcetur
818 2081 961 2151 ﬁlius
999 2079 1095 2134 Dei
1122 2096 1212 2150 per
1235 2095 1349 2134 eum
1394 2077 1685 2152 (Joanan,
1714 2080 1797 2148 ό).
1846 2079 1953 2136 Pro
1999 2080 2172 2152 gloria

565 2174 663 2230 Dei
699 2177 934 2231 Lazarus
982 2173 1215 2231 moritur
1243 2216 1258 2242 ,
1301 2183 1357 2230 ut
1387 2174 1530 2231 ﬁlius
1581 2175 1674 2231 Dei
1705 2176 2039 2248 gloriﬁcetur
2074 2192 2173 2249 per

565 2271 851 2329 Lazarum.
882 2271 1150 2344 Numquid
1173 2272 1485 2345 ambigitur,
1515 2272 1568 2327 in
1595 2272 1765 2344 gloria
1796 2272 1894 2333 ﬁlii
1922 2273 2016 2329 Dei
2047 2287 2171 2330 esse

565 2365 790 2436 gloriam
835 2365 963 2433 Dei;
1010 2381 1132 2423 cum
1183 2381 1330 2422 mors
1376 2366 1600 2434 Lazari,
1631 2383 1754 2438 quac
1780 2367 1894 2424 Deo
1948 2367 2018 2424 sit
2058 2368 2175 2440 glo-

562 2456 728 2525 riosa,
761 2459 984 2529 gloriam
1013 2459 1085 2515 sit
1114 2458 1212 2514 Dei
1240 2457 1350 2513 ﬁlio
1373 2456 1451 2531 (l)
1482 2460 1716 2530 paritura
1747 2459 1866 2535 (d)?
1892 2463 2068 2534 Atque
2098 2462 2173 2518 ita

567 2560 625 2609 et
652 2552 915 2608 naturalis
939 2569 1035 2626 per
1064 2554 1396 2610 nativitatem
1421 2554 1597 2610 unitas
1618 2555 1715 2610 Dei
1742 2556 1907 2627 patris
1929 2556 1982 2610 in
2010 2555 2170 2620 Chri-

560 2652 646 2700 sto
671 2644 900 2702 docetur
925 2688 940 2714 ,
969 2661 1092 2701 cum
1143 2645 1431 2701 inﬁrmitas
1480 2645 1668 2702 Lazari
1701 2661 1799 2718 pro
1845 2646 1942 2703 Dei
1989 2648 2161 2720 gloria

565 2748 686 2806 est;
713 2748 767 2795 et
793 2749 1196 2797 sacramentum
1228 2739 1352 2794 ﬁdei
1383 2740 1649 2796 retinetur
1669 2781 1686 2808 ,
1715 2755 1838 2797 cum
1866 2756 1965 2815 per
2002 2741 2172 2805 Laza-

560 2851 683 2891 rum
722 2835 1111 2906 gloriﬁeandus
1139 2843 1225 2891 est
1252 2834 1352 2891 Dei
1379 2835 1521 2891 ﬁlius
1554 2853 1568 2887 :
1602 2834 1685 2908 (2)
1726 2835 1840 2893 Deo
1887 2834 1959 2909 (ε)
1993 2853 2089 2909 per
2117 2837 2173 2895 id

567 2924 662 2981 Dei
694 2925 807 2980 ﬁlio
835 2924 1219 2996 intelligendo,
1260 2940 1436 2997 neque
1463 2927 1535 2981 ita
1558 2925 1672 2983 Deo
1699 2926 2048 2998 intelligendo
2067 2969 2083 2997 ,
2108 2936 2170 2987 ut

570 3032 681 3071 non
706 3016 866 3072 etiam
896 3015 993 3071 Dei
1020 3015 1131 3071 tilio
1157 3014 1468 3071 conﬁtendo
1493 3033 1509 3083 ;
1540 3032 1662 3072 cum
1685 3017 2041 3090 gloriﬁcaudo
2070 3036 2170 3093 per

566 3109 829 3165 Lazarum
857 3108 991 3174 Deo,
1023 3108 1120 3164 Dei
1147 3108 1218 3163 sit
1246 3108 1386 3163 ﬁlius
1407 3108 1695 3179 gloriosus.

2278 1917 2347 1973 tis
2379 1935 2394 1971 :
2427 1918 2568 1975 Bene
2599 1922 2801 1990 dixisti,
2828 1910 3079 1997 magister
3104 1927 3157 1982 in
3185 1930 3418 1999 veritate,
3464 1932 3603 2007 quod
3632 1931 3710 2007 (4)
3742 1951 3877 1990 unus

2275 2013 2341 2068 sit
2363 2012 2528 2079 Deus,
2554 2032 2647 2070 nec
2672 2027 2748 2073 est
2772 2017 2909 2073 alius
2936 2030 3119 2088 printer
3155 2022 3305 2077 illum
3336 2039 3356 2079 :
3384 2025 3458 2080 ita
3492 2026 3783 2100 diligendus
3814 2045 3878 2085 ea:

2277 2113 2383 2159 toto
2408 2106 2564 2162 corde
2589 2117 2638 2162 et
2668 2125 2732 2163 ea:
2758 2110 2879 2164 totis
2902 2112 3065 2184 277
3093 2113 3283 2169 viribus
3304 2125 3351 2170 et
3375 2133 3439 2171 ea:
3459 2126 3563 2171 tota
3583 2119 3757 2173 anima
3788 2136 3808 2174 :
3831 2129 3880 2175 et

2277 2198 2491 2271 diligere
2519 2202 2812 2270 proximum
2843 2212 3105 2276 tamquam
3140 2223 3195 2260 se
3226 2208 3420 2277 ipsum.
3452 2208 3568 2265 Hoc
3595 2212 3767 2279 maius
3802 2222 3878 2268 est

2276 2293 2516 2348 omnibus
2544 2294 3001 2352 holocaustomatis
3031 2309 3078 2354 et
3127 2301 3398 2369 sacriﬁciis
3427 2301 3632 2378 (Marc.
3663 2321 3774 2373 xu,
3806 2306 3878 2362 52

2275 2396 2331 2442 ει
2358 2386 2472 2458 55).
2500 2388 2812 2459 Βεεροιιεὶο
2837 2390 3045 2448 Scribae
3069 2393 3284 2450 videtur
3317 2412 3438 2451 cum
3464 2397 3627 2454 dictis
3663 2399 3876 2457 Domini

2274 2480 2763 2566 convcnire,unius
2782 2484 2878 2540 Dei
2893 2485 3213 2543 charitatem
3238 2488 3479 2545 intimam
3504 2491 3879 2566 internamque

2278 2546 2607 2642 proﬁtentis,
2638 2546 2725 2646 (ιι)
2770 2576 2864 2631 sed
2911 2576 2991 2649 (It)
3035 2577 3383 2636 dilecﬁonem
3429 2546 3878 2653 paeanas;

2275 2663 2403 2721 dum
2457 2666 2695 2735 propria:
2738 2666 3055 2725 dilectionis
3104 2672 3390 2728 veritatem
3437 2675 3773 2745 pollicentis,
3823 2684 3883 2733 et

2275 2772 2441 2827 supra
2495 2758 2890 2816 sacriﬁciorum
2940 2761 3399 2819 bolocaustomata
3445 2768 3767 2825 charitatem
3816 2768 3875 2825 in

2276 2846 2448 2905 Deum
2480 2858 2640 2922 atque
2668 2851 2720 2906 in
2754 2852 3030 2910 hominem
3054 2869 3175 2913 esse
3195 2857 3568 2931 intelligentis.
3599 2860 3705 2917 Sed
3737 2861 3867 2936 quid

2276 2952 2559 3014 sequatur,
2588 2945 2879 3002 videndum
2904 2956 3007 3003 est.

2344 3034 2435 3089 25.
2482 3034 2586 3090 llic
2610 3053 2714 3091 non
2742 3038 2892 3109 longe
2916 3050 2948 3094 ιι
2973 3055 3132 3113 regno
3158 3038 3287 3110 Dei,
3318 3042 3440 3098 dum
3471 3046 3634 3101 tendit
3658 3047 3726 3102 ad
3752 3048 3881 3104 cha-

2273 3126 2496 3183 ritatem.
2521 3158 2595 3171 -—-
2618 3128 2813 3186 Videas
2837 3141 3004 3187 autem
3031 3132 3184 3191 Jesus
3212 3136 3351 3205 quod
3377 3139 3637 3208 sapienter
3664 3156 3883 3214 respon-

632 3202 723 3258 24.
749 3201 987 3257 Christus
1009 3202 1078 3256 ibi
1097 3199 1368 3306 senDeum,
1397 3203 1481 3256 ubi
1502 3203 1710 3305 nonnisi
1734 3221 1895 3306 unum
1915 3223 2024 3263 esse
2042 3225 2163 3306 pro-
2193 3205 2241 3271 C.
2272 3218 2428 3274 disset
2447 3262 2462 3286 ,
2494 3220 2626 3276 dim
2654 3221 2770 3278 illi:
2800 3221 2925 3279 Non
2954 3241 3006 3279 es
3034 3224 3181 3299 longe
3205 3199 3238 3281 ᾇ
3263 3244 3421 3301 regno
3439 3199 3541 3286 Dei
3569 3231 3732 3305 (Ibid.
3748 3199 3878 3306 '34).

562 3294 758 3365 ﬁtetur.
791 3292 936 3348 Deus
965 3310 1119 3348 unus.
1149 3292 1335 3348 Scriba
1356 3293 1651 3349 assentitur.
1680 3325 1752 3336 -—
1786 3297 2167 3369 Inseparabilis

557 3394 901 3442 sacramento
925 3385 1126 3442 divinae
1156 3391 1364 3440 naturae
1393 3393 1479 3442 est
1502 3387 1735 3444 viventis
1756 3403 1788 3443 a
1813 3390 2030 3451 vivente
2057 3408 2159 3449 na-

562 3479 744 3534 tivitas
761 3519 776 3549 ,
809 3494 909 3536 nec
934 3478 1362 3536 demutationem
1388 3479 1605 3550 generis
1632 3481 1828 3553 accipit
1849 3482 1994 3540 ﬁlius
2019 3486 2155 3554 Dei,

557 3587 629 3628 ne
655 3588 761 3627 non
794 3572 849 3627 in
883 3586 950 3628 eo
979 3578 1218 3643 paterna:
1258 3579 1463 3626 naturae
1501 3571 1701 3647 veritas
1742 3584 1977 3631 maneat.
2024 3576 2159 3635 Nam

556 3674 613 3722 et
640 3663 722 3721 his
758 3665 890 3737 ipsis
936 3663 1460 3737 signiﬁcationibus,
1509 3664 1705 3736 quibus
1748 3667 2000 3727 confesso
2049 3689 2161 3731 uno

556 3770 765 3817 tantum
805 3762 948 3827 Deo,
1005 3760 1308 3832 abnegasse
1347 3758 1401 3814 in
1433 3773 1493 3815 se
1519 3758 1615 3817 Dei
1652 3770 1899 3820 naturam
1948 3758 2161 3826 videtur

555 3855 658 3911 sub
684 3854 852 3911 solius
882 3851 1364 3923 demonstratione,
1399 3852 1453 3908 in
1485 3852 1691 3910 unitate
1726 3870 1786 3915 se
1838 3865 2020 3917 tamen
2064 3879 2164 3936 pa-

659 4019 683 4073 1
750 4015 1025 4073 Paratum.

632 4018 712 4163 i2;
744 4088 1241 4165 ﬂunc_l_ocum‘it_a
1282 4088 1507 4165 eshihet
1536 4089 1725 4165 codex
1781 4091 2146 4165 Veronensis,

558 4158 731 4238 Deum
779 4176 867 4238 per
892 4161 966 4238 id
1007 4162 1077 4238 in_
1114 4158 1212 4215 Dei
1263 4160 1375 4231 filio
1421 4162 1815 4238 intelligendo,
1851 4182 2014 4238 neque
2079 4158 2155 4224 ita

559 4231 731 4357 Det‘tim
774 4231 1140 4308 intelligendo,
1180 4240 1237 4287 ut
1275 4248 1381 4286 non
1422 4231 1605 4287 etiam'
1632 4232 1729 4291 Dei
1781 4231 1949 4306 ﬁliuni
1988 4242 2156 4311 conﬁ-

561 4312 641 4358 ten
684 4320 735 4358 o.

631 4445 707 4519 (a)
735 4445 982 4515 Quinque
1008 4443 1185 4515 probro
1213 4454 1355 4500 nota:
1382 4458 1516 4519 mss.
1549 4443 1642 4500 etsi
1673 4446 1754 4519 hic
1779 4448 1938 4503 idem.

546 4536 559 4552 ι
633 4518 711 4592 (νὸ)
745 4519 935 4573 Exeusi
968 4558 982 4581 ,
1010 4533 1285 4592 numquam
1317 4518 1454 4570 enim
1483 4525 1672 4571 natura
1696 4518 1833 4592 alia.
1854 4520 1995 4576 Tum
2021 4522 2155 4578 Bad.

563 4600 619 4647 et
652 4588 766 4654 Eia,
796 4597 1105 4661 extenuatur.
1134 4588 1480 4661 Castigantur
1502 4604 1566 4643 ex
1586 4603 1731 4661 Inss.
1752 4589 2019 4661 _ldipsum
2052 4595 2161 4649 alio

566 4662 728 4717 modo
755 4661 834 4715 sic
865 4659 1180 4715 enuntiatur
1228 4657 1324 4729 lib.
1360 4675 1466 4724 xu,
1499 4675 1551 4711 n.
1585 4657 1616 4711 7
1667 4675 1686 4712 :
1739 4657 2043 4729 Numquam
2081 4665 2163 4718 di-

565 4736 775 4788 versitas
812 4748 984 4786 rerum
1017 4732 1115 4783 nisi
1145 4740 1189 4783 et
1218 4731 1273 4783 iu
1302 4727 1496 4784 honore
1524 4730 1727 4785 diverso
1760 4743 1833 4784 est
1862 4749 1881 4787 :
1902 4727 1993 4789 res
2024 4736 2161 4789 enim

563 4806 749 4861 eadem
776 4801 1113 4858 venerationis
1144 4801 1372 4870 ejusdem
1401 4810 1520 4854 sunt
1542 4841 1555 4861 ,
1588 4810 1697 4855 etc.

637 4876 869 4950 (triticeo
894 4869 1195 4950 sententia,
1229 4888 1346 4926 cum
1384 4869 1702 4950 _Fi‘lius_et_c_.
1756 4871 1928 4927 videri
1976 4884 2164 4950 potest

564 4941 857 5018 superioris
888 4942 1135 5018 probatio
1165 4959 1178 4995 :
1204 4941 1509 5018 etperinde
1548 4943 1619 5018 ab
1643 4943 1731 4996 illa
1760 4941 2006 5015 separari
2048 4965 2157 5003 non

563 5013 782 5075 debere.
809 5013 1300 5087 Internunctionem
1328 5023 1506 5069 tamen
1531 5013 1839 5083 vulgatam,
1862 5033 1965 5087 qua
1988 5034 2163 5087 conua

563 5091 774 5146 labatur
801 5104 923 5145 cum
956 5086 1318 5162 praecedente,
1348 5093 1403 5140 et
1424 5100 1452 5138 a
1481 5086 1847 5162 subsequente
1876 5086 2159 5162 disjuugc-

564 5163 721 5219 batur
744 5202 759 5227 ,
788 5155 1101 5232 mutandam
1146 5155 1398 5212 duximus
1423 5198 1444 5232 ,_
1470 5171 1579 5232 quo
1609 5155 1781 5232 magis
1812 5155 2158 5232 perspectum

560 5234 631 5288 sit
663 5231 847 5289 llilarii
877 5238 1251 5302 argumentum
1299 5244 1367 5285 ex
1413 5228 1627 5302 duobus
1671 5228 1970 5302 Scripturas
2022 5235 2161 5290 locis

559 5318 716 5359 acute
739 5300 1047 5359 collectum.
1081 5300 1150 5355 Et
1169 5316 1238 5357 ex
1262 5316 1372 5356 uno
1399 5300 1621 5369 quidem
1652 5301 1877 5358 conﬁcit
1907 5305 2082 5361 Patris
2104 5317 2165 5362 et

560 5375 682 5431 Filii
717 5377 973 5431 honorem
1016 5386 1137 5428 esse
1184 5372 1627 5442 inseparabilem;
1662 5389 1725 5429 ex
1760 5377 1933 5430 altero
1969 5387 2153 5432 autem

557 5445 819 5503 honorem
847 5445 1059 5512 utrique
1085 5443 1324 5499 delatum
1360 5443 1750 5516 v_el_negatum,
1784 5448 1887 5502 soli
1923 5448 2032 5504 Deo
2058 5450 2155 5506 de-

557 5519 722 5572 latum
752 5532 872 5573 esse
910 5524 1003 5571 aut
1042 5526 1313 5588 negatum.
1360 5513 1515 5588 Unde
1552 5513 1802 5588 sequitur
1841 5518 2055 5574 Patrem
2095 5531 2154 5576 et

555 5588 753 5645 Filium
786 5604 950 5645 unum
979 5601 1102 5643 esse
1136 5601 1199 5641 ac
1226 5587 1399 5641 solum
1433 5586 1602 5642 Deum
1625 5586 1647 5653 ,“
1669 5589 1795 5646 licet
1820 5604 1929 5646 non
1966 5592 2157 5649 solita‘

554 5676 713 5714 rium.

631 5733 711 5853 γι)
744 5731 800 5787 1η
830 5730 925 5785 lib.
968 5728 1037 5784 de
1066 5728 1204 5809 unit.
1251 5728 1424 5815 Patris
1448 5735 1505 5784 et
1548 5726 1700 5795 Filii,
1749 5741 2039 5803 operatum.
2092 5735 2157 5792 lo

631 5824 635 5843 ι
661 5800 738 5853 1)..
767 5801 979 5853 Germ..
1005 5799 1246 5853 Martm..
1281 5800 1445 5853 Lorb.
1474 5806 1606 5853 etc..
1639 5813 1910 5853 paratum.

557 5799 738 5867 Colb.,
767 5801 979 5870 Germ.,
1005 5799 1246 5866 Martin.,
1281 5800 1445 5855 Cori).
1474 5806 1606 5867 etc.,
1639 5799 1910 5871 paratum.

2272 3311 2411 3380 Quid
2450 3314 2552 3369 sibi
2592 3315 2709 3370 vult
2748 3325 2855 3372 tam
2884 3317 3178 3375 moderatae
3207 3324 3580 3392 responsionis
3612 3325 3881 3396 professio

2274 3404 2524 3477 (supple,
2554 3407 2644 3481 ut)
2664 3450 2679 3476 ,
2709 3423 2830 3464 cum
2863 3409 3139 3467 hominem
3171 3413 3236 3468 ad
3266 3415 3526 3471 caelorum
3557 3433 3781 3489 regnum
3813 3420 3880 3474 ﬁ-

2273 3498 2371 3555 des
2414 3498 2512 3555 ista
2552 3511 2925 3569 consummet,
2968 3520 3131 3559 unum
3175 3505 3343 3562 Deum
3383 3510 3643 3579 credere,
3675 3523 3728 3568 et
3756 3529 3880 3569 eum

2275 3598 2388 3647 tota
2438 3592 2614 3649 anima
2656 3603 2713 3650 et
2754 3596 2880 3651 lotis
2907 3596 3113 3653 viribus
3149 3608 3205 3654 et
3242 3608 3355 3656 toto
3403 3603 3568 3660 corde
3618 3603 3881 3677 diligere,

2276 3685 2581 3755 proximum
2610 3702 2824 3759 quoque
2850 3689 2924 3745 ita
2955 3699 3013 3745 ut
3039 3705 3098 3747 se
3123 3690 3300 3762 ipsum
3330 3708 3534 3764 amare,
3576 3696 3763 3755 Scriba
3792 3698 3881 3756 hic

2275 3793 2382 3835 non
2406 3779 2519 3849 jam
2549 3779 2604 3836 in
2635 3796 2803 3853 regno
2832 3781 2929 3839 Dei
2951 3783 3054 3853 sit,
3084 3784 3179 3841 sed
3207 3802 3314 3842 non
3346 3787 3506 3859 longe
3533 3805 3565 3845 a
3595 3806 3760 3863 regno
3786 3793 3882 3849 Dei

2274 3871 2387 3928 sit?
2426 3872 2545 3931 Alia
2576 3874 2719 3932 istud
2747 3875 3142 3948 signiﬁcatione
3167 3879 3369 3936 nudum
3403 3884 3758 3943 vestientibus
3777 3929 3794 3956 ,
3825 3896 3885 3944 et

2265 4029 2587 4160 'ce’gltgeus
2611 4046 2749 4109 tuus,
2778 4046 2838 4095 et
2859 4039 2931 4097 ita
2960 4039 3117 4103 inira.
3149 4039 3380 4109 Deinde,
3398 4044 3610 4114 uiribus,
3638 4060 3747 4103 non
3771 4047 3878 4103 eis-

2307 4174 2602 4263 !_(«.i)nUnus
2628 4191 2699 4236 est
2726 4180 2885 4263 Deus;
2916 4194 3120 4258 postea,
3150 4188 3267 4243 totis
3293 4188 3589 4263 virtutibus;
3623 4201 3677 4247 et
3701 4191 3770 4247 ita
3795 4190 3877 4247 le-

2270 4248 2345 4315 git
2373 4248 2599 4307 inferius
2625 4269 2773 4308 num.
2799 4254 2891 4310 25.

2346 4317 2424 4391 (5)
2459 4320 2523 4377 Et
2550 4323 2900 4382 dilectionem.

2193 4456 2251 4520 Ι)
2278 4544 2321 4547 __
2336 4455 2443 4547 χε)
2463 4458 2550 4547 1ῃὶ-
2562 4463 2794 4547 vulgatis
2817 4507 2830 4531 ,
2877 4469 3106 4547 perinde.
3139 4471 3207 4527 At
3239 4472 3291 4527 in
3312 4488 3453 4547 mss.
3482 4490 3581 4547 per
3605 4474 3662 4530 id
3690 4491 3710 4530 :
3736 4477 3879 4547 quod

2275 4532 2461 4609 magis
2492 4530 2822 4609 iiilarianum
2835 4577 2851 4609 .7
2868 4530 3081 4609 Deinde
3120 4544 3365 4599 nonnulli
3390 4530 3613 4601 codices
3633 4588 3645 4609 ,
3678 4548 3731 4601 in
3753 4530 3879 4604 'Dei

2438 4605 2656 4687 At_v‘ero
2687 4607 2956 4687 bas..Vat‘.
2998 4629 3010 4664 :
3047 4611 3209 4687 Deum
3230 4633 3321 4681 per
3347 4616 3404 4671 id
3428 4620 3479 4671 in
3521 4617 3614 4673 Dei
3637 4601 3765 4687 'ﬁlio
3789 4601 3877 4674 aii

2274 4670 2552 4759 t'e‘lligtcndo
2572 4717 2585 4741 ,
2619 4694 2779 4759 neque
2804 4679 2877 4759 ita
2910 4670 3466 4759 Detinrintelligendo,
3500 4670 3558 4743 ut
3576 4670 3877 4747 noni—etiam

2278 4742 2375 4796 Dei
2392 4742 2569 4821 Ἰῖίίηηζ
2592 4742 2901 4809 conﬁtendo.
2933 4752 3049 4809 Etsi
3072 4757 3227 4821 dura,
3252 4742 3376 4813 ιῗέτῂ

2277 4818 2784 4903 ειίιιιιιιίιιὲἰιιεῳιικ,
2813 4824 3033 4903 qumita
3072 4818 3282 4903 planior
3318 4832 3625 4888 efﬁcietur:
3659 4818 3877 4903 Exquo

2282 4886 2471 4975 giitnlitt
2502 4887 2597 4975 Dei
2644 4892 2788 4975 ﬁlius
2832 4886 3215 4975 intelligendus
3262 4904 3331 4963 sit
3363 4886 3876 4975 Denisigtteqnc'ita

2282 4957 2665 5082 intelligendus
2696 4964 2835 5021 Deus
2855 5007 2870 5033 ,
2911 4975 2968 5023 ut
2991 4957 3095 5025 rion
3117 4973 3281 5028 etiam
3313 4957 3658 5031 conﬁtendus
3676 4957 3879 5033 sit-Dei

2302 5047 2314 5082 l
2342 5046 2444 5082 lllS.

2302 5046 2444 5084 lllllS.

2349 5125 2433 5196 (f)
2468 5126 2608 5211 Editi
2662 5128 2746 5184 hic
2793 5139 2849 5187 et
2898 5131 3045 5211 inira
3080 5151 3202 5191 cum
3258 5137 3531 5211 plerisque
3572 5154 3703 5195 mss.
3741 5139 3875 5197 Deus

2275 5204 2397 5255 tuus
2422 5213 2439 5252 :
2469 5200 2814 5271 corriguntur
2840 5207 3161 5262 auctoritate
3191 5200 3322 5264 utss.
3369 5200 3555 5266 Germ.
3606 5224 3660 5267 et
3713 5211 3867 5269 Colb.

2273 5271 2652 5355 consentiente
2667 5289 2845 5342 graeco
2866 5276 3026 5330 Marci
3054 5288 3242 5355 textu:
3265 5295 3330 5355 ex
3348 5297 3464 5355 quo
3487 5282 3681 5338 deinde
3714 5299 3872 5355 repo—

2277 5340 2455 5424 nimus
2498 5339 2750 5397 Dominus
2780 5362 2944 5424 unus,
2979 5339 3418 5424 quomodoinfra
3452 5353 3651 5424 legitur
3673 5357 3725 5410 in
3760 5339 3875 5414 ιῖῐιι-

2276 5409 2427 5464 ribus
2460 5427 2595 5494 mss:
2621 5430 2742 5468 cum
2767 5409 3053 5494 utrobique
3098 5420 3150 5474 in
3190 5421 3418 5494 vulgatis
3461 5409 3705 5481 clitineat
3735 5409 3874 5485 Deus

2278 5495 2414 5536 unus
2444 5497 2463 5534 :
2493 5491 2548 5537 et
2578 5484 2632 5538 in
2658 5501 2759 5541 ms.
2786 5484 3006 5544 Martio.
3038 5498 3249 5548 tantum
3273 5484 3426 5549 unus.

2352 5571 2428 5646 (g)
2465 5575 2625 5643 Ιεῖιιίιί,
2660 5578 2730 5632 ad
2763 5582 2913 5636 unius
2953 5581 3053 5639 Dei
3086 5585 3242 5654 ﬁdem
3273 5603 3292 5640 :
3324 5588 3712 5655 reluctantibus
3739 5604 3870 5651 mss.

2378 5666 2435 5736 Ιι)
2464 5666 2632 5734 Ειιίιί,
2686 5680 2737 5726 et
2780 5671 3128 5732 dilectionem.
3184 5677 3527 5738 Praaicrimus
3572 5696 3695 5738 eum
3740 5696 3872 5738 mss.

2273 5733 2512 5826 get
2542 5733 2727 5826 Germ.
2754 5743 2874 5826 sed,
2901 5762 3005 5817 qua
3034 5733 3294 5826 particula
3329 5733 3523 5824 abitu;
3544 5733 3877 5826 signiﬁcatur

2277 5814 2478 5865 amoris
2510 5814 2791 5884 utriusque
2814 5814 3197 5889 discrepantia.
