4246 6260
531 310 535 314 ’
549 304 658 362 ’505

1752 296 1994 359 SANCTI
2038 295 2293 356 lllLARll
2334 296 2642 356 El'lSCOPl

3747 292 3856 352 $041

550 416 695 475 enim
725 414 863 472 alius
888 412 1169 479 Christus,
1198 428 1360 485 quant
1389 413 1479 487 qui
1506 421 1589 469 est
1621 411 1974 483 prtedicatus,
2006 415 2150 471 Deus
2178 412 2225 473 A
2256 412 2644 469 monstratione
2671 410 2842 467 fuerat
2871 411 3137 478 elocutus,
3163 411 3377 470 dicens:
3416 408 3514 467 Vas
3545 427 3623 467 me
3648 398 3857 479 annus,

549 511 758 567 scilicet
795 526 989 576 verus,
1030 519 1085 566 et
1135 510 1188 565 in
1226 509 1321 564 Dei
1352 510 1512 565 unius
1541 508 1653 565 veri
1694 509 1860 581 gloria
1893 525 2150 566 manens:

551 612 609 657 et
633 603 771 658 sicut
797 618 857 659 se
882 603 1165 657 Dominum
1193 617 1263 658 ex
1288 601 1407 672 lege
1427 644 1441 669 ,
1472 601 1602 658 dum
1635 617 1833 673 negare
1858 603 2153 671 videretur,

552 694 865 764 professus;
890 693 962 748 ita
990 702 1046 749 et
1071 694 1123 749 in
1148 693 1460 766 Erangeliis
1484 710 1672 751 verum
1700 710 1759 750 se
1789 696 1991 762 Deum,
2024 695 2153 750 dum

556 803 663 842 non
708 786 958 843 conﬁteri
1004 785 1343 871 existimatur
1384 787 1697 843 ostendens.
1747 786 1861 843 Hoc
1904 787 2048 842 enim
2097 800 2158 842 se

552 879 701 937 dicto
740 878 890 950 ejus,
939 894 1008 935 ne
1052 894 1175 936 eum
1204 895 1388 935 verum
1417 881 1586 935 Deum
1613 894 1735 935 esse
1765 878 1999 935 lucretici
2026 894 2160 935 con-

556 973 832 1041 ﬁteantur,
875 979 1171 1028 excusant:
1218 971 1346 1028 Htec
1389 982 1462 1029 est
1500 980 1670 1028 autem
1706 972 1809 1027 vita
1836 983 2061 1036 (eterna,
2103 981 2162 1026 ut

557 1066 726 1120 sciant
758 1073 804 1119 te
833 1064 1001 1119 solum
1032 1081 1206 1119 verum
1247 1065 1449 1131 Deum,
1494 1074 1542 1119 et
1571 1081 1718 1134 quem
1750 1065 1934 1120 misisti
1979 1064 2161 1120 Jcsum

559 1157 825 1214 Clu-istum
858 1158 1040 1232 (Joan.
1073 1175 1211 1227 χιιι,
1241 1158 1318 1232 5).
1353 1159 1412 1214 lu
1442 1173 1508 1214 eo
1538 1174 1772 1231 namque
1801 1159 1943 1231 quod
1976 1158 2086 1227 ait,
2117 1168 2165 1214 te

557 1252 724 1307 solum
764 1268 936 1307 verum
974 1250 1173 1319 Deum,
1217 1266 1476 1322 separare
1507 1268 1567 1308 se
1595 1266 1627 1306 a
1656 1252 1885 1308 veritate
1931 1252 2026 1308 Dei
2069 1267 2165 1322 per

560 1344 934 1415 exceptionem
967 1344 1192 1399 solitarii
1232 1344 1608 1413 existimatur;
1651 1360 1774 1400 cum
1806 1344 1957 1401 solus
2005 1358 2167 1400 verus

561 1437 707 1493 Deus
737 1437 841 1492 nisi
881 1453 941 1493 sc
984 1446 1194 1493 tantum
1233 1438 1535 1494 solitarium
1570 1439 1737 1495 Deum
1783 1455 1890 1495 non
1933 1440 2167 1511 patiatur

570 1527 820 1600 intelligi.
855 1529 920 1583 Et
948 1545 1076 1585 vere
1104 1529 1249 1585 istud
1278 1530 1410 1586 ﬁdes
1438 1532 1734 1601 apostolica
1785 1548 1892 1588 non
1938 1533 2161 1604 patitur,

563 1621 701 1678 duos
742 1637 903 1679 veros
932 1623 1066 1679 deos
1093 1623 1277 1690 credi;
1310 1625 1433 1695 quia
1467 1634 1673 1681 natura:
1706 1629 1868 1682 unius
1903 1626 1996 1682 Dei
2029 1626 2165 1682 nihil

563 1714 802 1770 alienttm
844 1724 1051 1771 natura:
1091 1715 1335 1785 ejusdem
1384 1718 1775 1789 exaequandum
1822 1719 1894 1774 sit
1931 1717 2166 1774 veritati.

2258 516 2306 563 et
2333 507 2537 562 creditis
2562 507 2807 578 quoniam
2828 523 2859 559 α
2881 505 2991 563 Deo
3016 507 3167 569 exivi,
3196 516 3242 561 et
3270 524 3301 561 a
3324 506 3484 561 Patre
3505 507 3617 562 veni
3642 508 3693 560 in
3722 507 3858 559 Imnc

2259 600 2510 657 mundum
2535 600 2699 667 (Ibid.
2724 600 2795 656 27
2816 609 2861 655 ct
2885 600 3002 671 ‘28).
3027 599 3071 656 A
3094 600 3252 655 Patre
3280 601 3422 656 enim
3451 601 3503 655 in
3533 599 3677 655 hunc
3699 615 3854 654 tuttu-

2259 692 2384 748 dum
2413 703 2667 756 venerat,
2703 691 2782 766 (‘2)
2814 692 2937 764 quia
2978 707 3008 749 a
3049 694 3162 749 D'o
3203 694 3428 749 exierat.
3473 692 3606 747 Nam
3634 701 3695 748 ut
3722 691 3863 747 nati-

2261 790 2481 843 vitatem
2513 802 2665 843 suam
2700 787 2752 841 iu
2784 788 3027 843 exitione
3067 786 3402 857 significasse
3442 784 3859 855 intelligeretur,

2260 879 2489 949 subjecit
2531 894 2592 935 se
2634 895 2662 932 a
2705 878 2867 935 Patre
2910 879 3142 935 venisse.
3202 878 3268 932 Et
3294 893 3415 933 cum
3444 893 3539 948 per
3565 876 3616 932 id
3645 893 3674 931 a
3707 876 3865 933 Patre

2263 971 2472 1027 venerit
2497 1013 2511 1037 ,
2543 970 2669 1042 quia
2699 985 2727 1025 a
2760 971 2872 1026 Deo
2900 971 3090 1028 exierit
3115 987 3130 1036 ;
3163 969 3331 1027 exitio
3356 970 3473 1039 ejus
3503 985 3533 1023 a
3564 968 3676 1025 Deo
3703 968 3867 1023 abso-

2267 1066 2379 1121 luta
2407 1065 2656 1121 nativitas
2683 1075 2786 1134 est,
2816 1082 2975 1137 quam
3006 1066 3211 1138 paterni
3238 1064 3469 1121 nominis
3490 1073 3572 1120 est
3592 1063 3867 1120 confessio

2264 1171 2573 1217 consecuta.
2620 1160 3046 1233 lntelligentibus
3089 1160 3267 1231 itaque
3296 1158 3565 1230 Apostolis
3609 1158 3711 1213 hoc
3750 1157 3869 1213 exi-

2267 1255 2429 1311 tionis
2458 1263 2854 1311 sacramentum
2874 1296 2889 1319 ,
2923 1253 3037 1308 [nec
3063 1253 3277 1308 locutus
3302 1262 3420 1308 est:
3453 1250 3610 1305 Modo
3636 1250 3866 1305 creditis.

2272 1347 2403 1403 Ecce
2427 1348 2557 1402 venit
2586 1347 2747 1414 hora,
2779 1355 2825 1402 et
2853 1344 2935 1420 (5)
2963 1363 3101 1400 nunc
3143 1344 3218 1419 (b)
3255 1345 3420 1410 venit,
3453 1352 3506 1398 ut
3547 1342 3872 1415 dispergatur

2269 1440 2608 1511 unusquisque
2660 1439 2715 1493 in
2764 1454 2857 1494 sua
2882 1480 2897 1504 ,
2949 1447 2999 1492 et
3046 1454 3124 1492 me
3175 1437 3342 1492 solum
3390 1435 3727 1503 relinquatis:
3778 1434 3870 1490 scd

2268 1552 2369 1590 non
2397 1551 2510 1590 sum
2532 1534 2694 1598 solus,
2720 1534 2965 1604 quoniam
2994 1531 3153 1588 Pater
3180 1548 3376 1586 mecum
3404 1540 3479 1586 est
3512 1528 3560 1603 (Ι
3569 1530 3675 1583 bid.
3702 1529 3775 1587 ὅθ.
3820 1539 3872 1584 ει

2270 1629 2393 1701 55)-
2426 1628 2498 1686 Ut
2523 1627 2813 1683 exitionem
2843 1626 3014 1693 illam,
3036 1640 3141 1681 non
3168 1624 3553 1681 alienationem
3578 1639 3604 1676 a
3632 1622 3745 1679 Deo
3773 1637 3870 1690 pa-

2273 1729 2355 1778 tre
2395 1720 2616 1777 doceret
2640 1735 2762 1776 esse
2783 1761 2797 1785 ,
2826 1717 2920 1774 sed
2954 1718 3284 1774 nativitatem
3317 1725 3563 1773 naturam
3595 1715 3648 1770 in
3676 1729 3737 1772 se
3775 1714 3875 1770 Dei

563 1805 683 1862 Non
713 1806 817 1862 erit
845 1807 990 1862 enim
1030 1808 1083 1862 in
1127 1807 1222 1864 Dei
1263 1809 1420 1863 unius
1460 1810 1691 1866 veritate
1733 1810 1873 1865 Deus
1918 1826 2094 1878 unus,
2124 1809 2169 1866 si
2200 1811 2248 1871 B
2277 1816 2443 1888 patris
2482 1813 2757 1870 nascendo
2800 1813 3157 1877 retinentem;
3211 1810 3441 1883 subjecit
3469 1825 3576 1866 non
3606 1823 3667 1866 se
3697 1808 3873 1864 solum

520 1972 526 1977 _
563 1909 716 1956 extra
760 1908 1006 1956 naturam
1052 1900 1210 1956 unius
1251 1900 1344 1956 Dei
1389 1902 1542 1966 veri,
1590 1900 1814 1957 alterius
1853 1901 2069 1973 generis
2115 1910 2170 1957 et

566 2011 675 2050 non
718 1995 1019 2052 secundum
1049 1995 1382 2051 nativitatem
1418 1996 1680 2052 naturalis
1705 1996 1805 2053 sibi
1841 1998 1982 2054 Deus
2010 2012 2172 2055 verus

565 2089 810 2146 exsistat.

637 2180 731 2236 29.
762 2180 849 2236 Ea:
874 2180 1131 2251 adjmtctis
1160 2180 1322 2236 verbis
1366 2181 1604 2238 diluitur.
1650 2179 1814 2238 Deum
1845 2198 1908 2238 cx
1933 2179 2043 2237 Deo
2072 2197 2172 2236 na-

568 2287 684 2331 tura
721 2274 979 2331 Christum
1019 2286 1299 2348 agnoscnnt
1331 2275 1585 2346 Apostoli.
1610 2307 1674 2318 -—
1696 2277 1802 2333 Sed
1833 2285 1893 2332 ut
1923 2276 2025 2332 hoc
2054 2276 2174 2347 ipso

569 2369 761 2425 eodem
793 2369 940 2425 dicto
970 2385 1075 2425 nou
1105 2369 1355 2440 ambigue
1384 2370 1502 2439 ipse
1541 2386 1602 2427 se
1642 2371 1698 2425 in
1740 2371 1895 2425 unius
1925 2370 2020 2424 Dei
2061 2368 2173 2425 veri

573 2472 768 2518 natura
811 2462 976 2518 Deum
1028 2477 1217 2518 rerum
1271 2461 1548 2531 professus
1587 2477 1707 2518 esse
1753 2462 2100 2531 intelligatur,
2144 2475 2175 2517 a

583 2555 990 2626 superioribus,
1043 2554 1170 2609 huic
1224 2562 1401 2610 tamen
1450 2555 1595 2610 dicto
1640 2556 1966 2609 continuatis
2016 2564 2176 2626 atque

568 2647 809 2719 junctis,
861 2648 1288 2719 prolessionibus
1335 2647 1712 2719 responsionis
1754 2659 1955 2703 nostrae
1996 2663 2177 2705 sermo

570 2741 894 2797 descendat:
927 2750 985 2796 ιιι
1016 2755 1112 2811 per
1138 2739 1337 2811 gradus
1379 2739 1763 2797 demonstratae
1805 2741 1956 2808 ﬁdei,
1980 2741 2090 2811 jam
2124 2742 2175 2796 in

578 2834 699 2903 ipso
727 2833 882 2903 apice
910 2834 1027 2889 veri
1059 2833 1151 2887 Dei
1195 2833 1395 2887 Christi
1438 2834 1703 2889 libertatis
1745 2843 1946 2889 nostrae
1986 2834 2175 2889 ﬁducia

575 2926 946 2998 conquiescat.
985 2926 1111 2981 Post
1141 2927 1307 2998 280
1333 2936 1730 2983 sacramentum
1763 2927 1943 2996 itaque
1973 2944 2179 2983 sermo-

576 3020 663 3076 nis
705 3021 823 3087 ejns
844 3059 858 3083 ,
891 3034 999 3087 quo
1030 3017 1274 3074 dixerat:
1310 3018 1409 3085 Qui
1437 3034 1515 3071 me
1544 3018 1668 3073 vidit
1699 3019 1822 3072 vidit
1852 3028 1898 3072 et
1930 3017 2180 3085 Patrem;

579 3126 664 3172 et:
701 3112 825 3169 Non
851 3112 1056 3167 creditis
1083 3111 1210 3165 mihi
1228 3150 1244 3177 ,
1277 3111 1416 3177 quod
1441 3127 1534 3183 ego
1556 3111 1610 3165 in
1642 3109 1800 3166 Patre
1819 3152 1834 3178 ,
1861 3121 1909 3165 et
1940 3110 2096 3166 Pater
2125 3112 2181 3166 in

2274 1924 2434 1974 esse,
2467 1908 2562 1965 sed
2590 1908 2802 1963 Patrem
2830 1921 3012 1964 secum
3053 1920 3207 1973 esse,
3252 1905 3453 1960 virtute
3488 1904 3676 1975 utique
3713 1911 3876 1974 atque

2273 2002 2481 2058 unitate
2524 2011 2762 2057 naturae:
2792 2015 2914 2056 cum
2942 2015 3124 2057 secum
3152 1999 3311 2055 Pater
3340 2000 3391 2053 in
3424 2012 3482 2054 se
3527 2012 3750 2053 manens
3791 2004 3878 2051 es.

2275 2104 2354 2149 set
2372 2138 2386 2163 ,
2423 2093 2475 2148 in
2508 2092 2765 2164 loquente
2791 2106 2851 2148 sc
2876 2099 3038 2161 atque
3066 2100 3324 2162 operante
3352 2100 3409 2146 ct
3436 2105 3670 2160 operans
3696 2097 3752 2146 et
3786 2089 3876 2143 lo-

2277 2201 2475 2257 qucns.
2521 2184 2727 2241 Deinde
2768 2194 2822 2238 ιιι
2864 2199 3079 2240 causam
3123 2184 3286 2239 totius
3315 2182 3473 2253 hujus
3501 2184 3582 2238 stti
3612 2179 3882 2238 sermonis

2277 2280 2626 2346 ostenderet,
2656 2278 2891 2349 adjecit:
2924 2278 3051 2334 lltcc
3076 2277 3276 2332 locutus
3301 2294 3415 2331 sum
3441 2276 3612 2344 vobis,
3642 2284 3695 2330 ut
3721 2276 3775 2329 in
3801 2291 3882 2329 me

2276 2390 2448 2447 pacem
2476 2372 2720 2427 habeatis.
2752 2371 2776 2426 Ι
2787 2389 2818 2426 ιι
2847 2371 2941 2426 hoc
2963 2382 3133 2426 autent
3159 2372 3349 2426 sternlo
3376 2370 3763 2453 tribulationem
3785 2367 3881 2422 Ita-

2278 2465 2494 2521 bebitis:
2521 2464 2610 2520 sed
2658 2463 2731 2537 (c)
2773 2464 3045 2535 aninuequi
3085 2473 3273 2529 estote,
3312 2462 3434 2534 quia
3470 2462 3565 2516 vici
3603 2477 3694 2533 ego
3719 2462 3878 2533 281

2280 2558 2526 2613 mundum
2559 2556 2720 2630 (ibid.
2748 2558 2866 2628 '53).
2898 2558 3135 2614 Locutus
3165 2572 3294 2627 ergo
3320 2558 3418 2612 ista
3449 2566 3561 2621 est,
3591 2565 3650 2610 ut
3676 2554 3881 2625 paciﬁci

2280 2653 2333 2709 in
2376 2670 2443 2709 eo
2490 2661 2810 2717 manerent,
2857 2667 3034 2722 neque
3075 2649 3473 2706 dissensionum
3515 2648 3693 2705 studio
3717 2663 3883 2718 super

2282 2745 2404 2802 ﬁdei
2432 2744 2908 2813 disceptationibus
2936 2744 3294 2809 dissitlerent;
3329 2758 3450 2799 cum
3482 2743 3568 2815 qui
3607 2741 3757 2799 solus
3795 2755 3855 2797 re

2281 2841 2634 2910 linqueretur,
2678 2855 2781 2894 nou
2811 2839 2958 2895 solus
2997 2849 3174 2907 esset;
3217 2848 3269 2895 ct
3312 2839 3405 2905 qui
3443 2854 3472 2892 a
3499 2838 3612 2894 Deo
3638 2839 3879 2903 exisset,

2281 2948 2403 2988 eum
2447 2950 2474 2986 τι
2521 2948 2627 3002 quo
2668 2933 2868 2989 exisset
2908 2931 3075 2986 Deum
3120 2933 3171 2987 in
3213 2946 3275 2988 se
3317 2930 3572 2986 haberet:
3600 2928 3797 2986 deinde
3824 2928 3880 2984 in

2281 3024 2478 3081 steculo
2510 3024 2684 3081 vexati
2710 3066 2725 3091 ,
2766 3024 3029 3093 patientes
3070 3023 3489 3094 promissionum
3518 3021 3635 3092 ejus
3663 3028 3878 3088 essent,

2284 3118 2373 3190 qui
2404 3116 2660 3173 mundum
2684 3132 2712 3172 a
2738 3118 2849 3172 Deo
2874 3116 3123 3173 exeundo
3148 3126 3204 3174 et
3224 3116 3395 3172 Deum
3421 3130 3605 3172 secum
3636 3113 3887 3171 habendo

578 3207 695 3263 me?
724 3205 801 3279 (l)
840 3204 1010 3259 Verba
1031 3244 1048 3270 ,
1080 3220 1195 3275 qua:
1225 3219 1316 3274 ego
1346 3202 1526 3274 loquor
1554 3203 1693 3259 vobis
1712 3247 1725 3269 ,
1771 3220 1871 3259 non
1913 3221 1944 3257 a
1984 3222 2064 3260 me
2103 3205 2182 3261 lo—
2208 3209 2254 3273 C
2285 3209 2525 3264 vicisset.

578 3315 741 3371 quor;
761 3298 850 3354 sed
876 3296 1058 3364 Pater,
1082 3297 1169 3363 qui
1192 3298 1243 3350 in
1271 3312 1350 3350 me
1374 3306 1543 3351 manet
1559 3341 1574 3362 ,
1602 3297 1713 3366 ipse
1738 3298 1859 3369 facit
1882 3314 2040 3368 opera
2065 3315 2182 3354 sua.

585 3388 793 3445 Credite
828 3389 954 3443 mihi
974 3431 990 3456 ,
1020 3388 1265 3459 quoniam
1305 3404 1397 3461 ego
1437 3388 1490 3442 in
1523 3386 1711 3458 Patre,
1743 3399 1792 3446 et
1826 3391 1984 3446 Pater
2016 3393 2073 3446 in
2108 3408 2188 3447 me

585 3493 659 3538 est
680 3499 699 3538 :
728 3484 811 3538 sin
838 3491 1043 3550 autem,
1075 3482 1154 3538 uel
1179 3492 1387 3553 propter
1415 3499 1573 3554 opera
1596 3484 1710 3555 ipsa
1751 3486 1944 3541 credite
1982 3485 2182 3558 (Joau.

582 3593 701 3646 xiv,
731 3577 825 3634 θοι
849 3577 1035 3649 seqq.).
1054 3577 1181 3633 Post
1206 3576 1556 3648 multiplicem
1576 3593 1706 3649 ergo
1723 3577 1863 3634 hunc
1891 3579 2186 3651 ingentium

584 3671 966 3745 mysteriorum
1024 3684 1374 3738 sermonem,
1432 3671 1680 3741 sequitur
1736 3672 2185 3742 reSpondentium

585 3764 978 3836 discipulorum
1027 3779 1212 3822 sermo
1262 3766 1401 3820 iste:
1460 3763 1619 3820 Nunc
1666 3782 1788 3839 ergo
1834 3768 2020 3823 scimus
2067 3770 2191 3837 quia

587 3858 724 3914 nosti
751 3858 928 3914 omnia
951 3900 965 3923 ,
997 3868 1043 3914 et
1072 3874 1175 3915 non
1204 3859 1358 3914 babes
1388 3875 1588 3915 necesse
1626 3869 1683 3914 ut
1723 3861 1909 3933 aliquis
1946 3871 1995 3918 te
2031 3862 2189 3918 inter-

586 3959 761 4022 roget;
789 3952 840 4005 in
864 3951 959 4006 hoc
978 3950 1235 4005 credimus
1254 3952 1498 4022 quoniam
1521 3968 1552 4006 a
1574 3950 1683 4007 Deo
1706 3954 1861 4008 existi
1879 3952 2058 4027 (Joan.
2077 3971 2190 4023 xw,

590 4045 662 4100 50
686 4055 735 4099 et
759 4043 875 4117 51).
906 4044 1209 4101 Virtutibus
1239 4045 1292 4101 in
1323 4061 1388 4103 eo
1421 4034 1553 4113 Dei,
1584 4058 1827 4103 naturam
1858 4064 2071 4119 quoque
2099 4049 2194 4105 Dei

590 4140 1011 4197 intellexerunt:
1045 4155 1218 4211 neque
1246 4141 1389 4196 enim
1420 4155 1582 4196 nosse
1619 4142 1834 4209 omnia,
1865 4151 1922 4200 et
1947 4143 2192 4199 cordium

593 4230 951 4303 cogitationes
987 4231 1163 4299 scire,
1206 4231 1354 4286 missi
1395 4232 1572 4301 potius
1598 4248 1628 4287 a
1660 4232 1770 4288 Deo
1810 4242 1999 4306 posset
2033 4248 2190 4302 esse,

594 4337 757 4394 quam
799 4323 932 4378 nati.
974 4323 1032 4378 1ιι
1065 4322 1170 4378 hoc
1198 4337 1329 4394 ergo
1357 4338 1418 4379 se
1445 4323 1670 4380 credere
1701 4325 2023 4396 proﬁtentur
2049 4326 2193 4399 quod

592 4430 624 4471 a
654 4415 768 4472 Deo
796 4414 1023 4481 exierit,
1055 4415 1180 4486 quia
1213 4424 1421 4471 natura:
1450 4416 1503 4471 in
1531 4431 1597 4472 eo
1623 4416 1719 4472 Dei
1751 4426 1901 4474 esset
1931 4427 2191 4485 potestas.

663 4506 756 4575 50.
785 4506 1047 4562 Esitionis
1076 4507 1282 4562 nomine
1309 4508 1362 4562 id
1390 4516 1509 4580 apte
1536 4508 1852 4579 signiﬁcant.
1897 4507 2075 4565 Exitio
2102 4511 2195 4567 illa

594 4600 907 4655 natiuitatem
934 4599 1092 4666 dicit,
1125 4617 1228 4655 non
1254 4601 1612 4656 alienationem
1640 4617 1672 4655 a
1707 4598 1880 4656 Patre.
1902 4633 1972 4641 —
1995 4601 2196 4657 intelli-

2363 3303 2452 3358 51.
2488 3299 2533 3354 F
2537 3301 2681 3356 ilium
2710 3300 2972 3371 inﬁrmum
3005 3316 3106 3355 non
3131 3286 3310 3371 probat
3339 3300 3519 3370 gloria:
3548 3298 3748 3369 petitio,
3781 3312 3888 3352 non

2291 3396 2555 3465 potestatis
2585 3394 2832 3466 acceptio.
2875 3392 3110 3448 Potestas
3147 3393 3312 3447 omnis
3334 3390 3476 3446 Filio
3502 3400 3577 3447 est
3596 3391 3885 3463 congenita.
3917 3388 3921 3394 ’

2288 3519 2362 3529 --
2386 3486 2667 3543 Postremo
2699 3487 2861 3540 totius
2884 3486 3122 3558 mysterii
3150 3484 3309 3540 ﬁdem
3341 3484 3638 3549 locuturus,
3663 3480 3889 3538 elevatis

2292 3580 2345 3633 itt
2393 3579 2589 3634 caelum
2616 3577 2789 3634 oculis
2815 3578 2889 3631 ait
2930 3595 2942 3630 :
2998 3575 3179 3644 Pater,
3223 3577 3355 3632 venit
3410 3577 3556 3641 liora,
3602 3574 3927 3644 honoriﬁca

2291 3669 2461 3739 [ilium
2488 3680 2651 3732 (tutus,
2680 3679 2735 3724 ιιι
2763 3670 2901 3741 ﬁlius
2926 3668 3005 3742 (4)
3035 3678 3151 3724 tuus
3179 3668 3482 3739 Itonori/icet
3509 3678 3575 3723 te.
3621 3667 3772 3724 Sicut
3797 3667 3891 3722 de-

2294 3766 2417 3821 disti
2438 3748 2522 3820 illi
2544 3775 2846 3835 potestatem
2874 3765 3038 3819 omnis
3067 3764 3259 3829 carnis,
3291 3773 3345 3817 ut
3371 3779 3520 3818 omne
3538 3761 3675 3834 quod
3700 3761 3892 3817 dedisti

2291 3857 2394 3923 illi,
2424 3859 2505 3913 det
2534 3859 2577 3913 ei
2616 3859 2771 3913 vitam
2809 3867 3053 3913 ceternam
3096 3855 3278 3930 (Joan.
3328 3872 3459 3923 χιιι,
3490 3857 3513 3912 Ι
3542 3863 3591 3910 et
3617 3853 3696 3927 2).
3727 3855 3887 3911 Anne

2297 3952 2393 4009 tibi
2421 3953 2670 4008 inﬁrmus
2697 3950 2929 4019 videtur,
2960 3965 3081 4007 cum
3116 3949 3461 4005 honoriﬁcari
3490 3965 3550 4005 se
3590 3949 3778 4020 rogat?
3807 3947 3894 4003 Sit

2296 4044 2456 4115 plane
2487 4043 2758 4110 inﬁrmus,
2794 4042 2897 4098 nisi
2926 4042 3268 4098 honoriﬁcari
3315 4055 3375 4097 se
3404 4040 3605 4096 idcirco
3635 4040 3890 4110 postulat,

2297 4144 2355 4191 ut
2376 4133 2822 4206 ipsehonoriﬁeet
2846 4133 3225 4191 honorautctu.
3251 4133 3328 4189 De
3345 4132 3555 4190 honore
3575 4132 3687 4190 acei
3694 4131 3893 4204 piendo

2296 4240 2351 4286 et
2380 4229 2680 4297 reddendo,
2712 4230 2854 4286 libro
2880 4229 2989 4285 alio
3018 4229 3162 4299 (Lib.
3196 4245 3278 4295 ιιι,
3309 4247 3361 4283 n.
3398 4226 3488 4299 t2)
3523 4230 3889 4296 tractavimus,

2295 4334 2347 4379 et
2374 4324 2564 4380 eadem
2593 4324 2876 4380 revolvere
2896 4322 3185 4380 admodum
3208 4320 3287 4395 (ιι)
3321 4323 3556 4378 otiosum
3600 4332 3703 4378 est.
3735 4319 3897 4379 Certe

2299 4431 2405 4471 non
2432 4416 2720 4488 ambigitur
2747 4416 2974 4487 gloriam
3014 4415 3213 4471 idcirco
3234 4416 3384 4486 posci
3408 4456 3424 4480 ,
3477 4425 3535 4469 ut
3568 4414 3896 4486 gloriﬁcetur

2301 4508 2641 4578 impertiens.
2684 4508 2790 4565 Sed
2819 4508 2958 4565 forte
2975 4510 3028 4565 in
3060 4524 3127 4565 eo
3156 4509 3457 4565 imbecillus
3482 4518 3600 4577 est,
3632 4508 3771 4580 quod
3799 4522 3897 4580 po-

2303 4612 2553 4659 testatem
2585 4602 2761 4658 omnis
2790 4603 2968 4658 carnis
2998 4603 3225 4671 accepit.
3265 4602 3347 4658 Sit
3392 4616 3605 4674 quoque
3649 4601 3896 4671 acceptio

595 4695 832 4767 gentiam
866 4693 945 4768 (a)
1004 4703 1182 4751 autern
1226 4710 1414 4751 eorum
1453 4694 1766 4750 collaudans
1808 4695 2067 4751 Dominus
2106 4713 2195 4753 rc-
2221 4678 2275 4740 D
2305 4699 2585 4767 potestatis
2618 4695 2907 4762 imbecilla,
2936 4697 3035 4751 nisi
3068 4705 3256 4765 potens
3284 4706 3368 4752 est
3408 4696 3535 4762 illis,
3575 4710 3710 4766 quos
3736 4709 3897 4750 acce-

593 4787 834 4858 spondit,
878 4802 986 4841 non
1028 4788 1213 4854 utique
1243 4785 1384 4855 quod
1418 4787 1613 4841 missus
1640 4795 1805 4849 esset,
1842 4786 1943 4842 sed
1982 4788 2125 4857 quod
2164 4805 2194 4844 a

594 4880 709 4938 Deo
729 4881 963 4947 exisset,
991 4879 1289 4950 protectum
1320 4877 1614 4934 nativitatis
1640 4893 1704 4934 ex
1734 4879 2054 4950 incorporati
2084 4881 2197 4938 Deo

594 4973 695 5030 sub
738 4973 987 5029 exitiouis
1031 4970 1425 5043 signiﬁcatione
1472 4979 1721 5028 testatum
1769 4970 1864 5043 (V.
1921 4972 2107 5038 lib.vt,
2140 4991 2193 5028 η.

592 5066 720 5137 '50).
753 5066 885 5122 Nam
916 5076 970 5123 et
1000 5065 1116 5136 ipse
1145 5064 1478 5120 nativitatem
1510 5079 1660 5120 suam
1691 5064 1790 5121 sub
1820 5065 2070 5123 exitionis
2098 5067 2195 5126 deo

664 5202 743 5278 (l)
775 5204 839 5260 Et
866 5204 1036 5261 verba.
1070 5203 1233 5260 Paulo
1262 5212 1412 5278 post,
1437 5215 1484 5258 et
1515 5202 1674 5259 Pater
1696 5204 1750 5258 in
1776 5221 1855 5261 me
1880 5204 1997 5263 sine
2024 5206 2190 5264 verbo

591 5275 876 5353 est‘t'jnxta
902 5292 1136 5353 grtpcum
1157 5318 1171 5343 ,
1198 5278 1283 5333 καὶ
1312 5275 1338 5332 ὁ
1369 5282 1544 5353 πατὴρ
1571 5279 1623 5332 ἓν
1653 5278 1785 5350 ἐμοὶ.

666 5349 747 5421 (ε)
774 5348 932 5418 Quia
961 5347 1092 5404 Deo.

665 5463 744 5537 (a)
772 5462 829 5518 in
854 5478 915 5518 ea
946 5462 1064 5537 scil.
1094 5461 1252 5537 sitam
1284 5460 1419 5537 ﬁde,
1451 5477 1554 5530 qua
1574 5476 1760 5537 enata
1795 5460 1902 5516 Deo
1924 5462 2102 5537 exisse
2130 5478 2190 5519 se

592 5533 818 5591 credere
845 5533 1180 5601 proﬁtentur,
1214 5533 1473 5588 Dominus
1502 5533 1778 5588 collaudat
1804 5543 1858 5588 et
1884 5534 2187 5600 conﬁrmat,

590 5621 714 5662 cum
733 5604 914 5661 statim
939 5604 1260 5674 respondet.
1287 5603 1445 5659 Modo
1466 5605 1689 5659 creditis.
1714 5603 1977 5670 Quocirca
2002 5606 2187 5673 verba,

594 5694 697 5732 non
722 5678 895 5747 utique
927 5677 1063 5746 quod
1090 5677 1274 5747 missus
1298 5686 1428 5747 esset
1451 5677 1579 5747 ,Ased
1604 5675 1741 5746 quod
1764 5692 1797 5730 a
1833 5674 1944 5730 Deo
1967 5680 2187 5745 exisset,

593 5763 702 5801 nou
726 5747 791 5818 ad
810 5745 1078 5812 respondit
1099 5788 1114 5815 ,
1144 5746 1239 5802 sed
1266 5746 1334 5803 ad
1362 5745 1755 5818 intelligentiam
1778 5747 2080 5805 collaudmts
2106 5764 2192 5806 rc-

594 5816 818 5873 lerenda
838 5825 980 5872 sunt.

2303 4791 2403 4861 pit,
2434 4789 2558 4843 vita:
2605 4788 2844 4843 tribuere
2888 4787 3264 4843 aeternitatem.
3299 4787 3404 4844 Sed
3438 4788 3490 4842 in
3519 4802 3585 4843 eo
3616 4788 3733 4858 ipso
3758 4781 3898 4858 qu'o-

2304 4896 2431 4952 que,
2465 4879 2609 4950 quod
2637 4878 2869 4949 accepit.
2900 4890 3109 4936 naturae
3129 4880 3304 4952 aliqua
3324 4880 3607 4935 inﬁrmitas
3630 4878 3896 4951 arguitur.

2306 4973 2387 5032 Sit
2422 4973 2579 5044 plane
2606 4973 2852 5044 acceptio
2880 4973 3185 5047 inﬁrmitas,
3216 4974 3317 5030 nisi
3340 4971 3588 5030 Christus
3611 4990 3674 5031 ex
3707 4973 3902 5029 nativi-

2306 5076 2417 5125 tate
2462 5069 2662 5140 potius,
2690 5083 2847 5141 quam
2890 5083 2954 5124 ex
2979 5067 3393 5125 innascibilitate
3422 5068 3565 5125 Deus
3585 5084 3746 5127 verus
3790 5078 3897 5127 est.

2371 5205 2452 5280 (5)
2478 5207 2596 5264 Vox
2634 5225 2769 5263 nunc
2806 5207 2959 5265 abest
2997 5223 3027 5264 a
3065 5207 3253 5266 codice
3293 5219 3501 5267 nostro.
3547 5208 3714 5266 Paulo
3741 5216 3899 5282 post,

2301 5280 2650 5350 dispargatur.

2373 5351 2452 5424 (4)
2485 5352 2641 5407 Deest
2672 5360 2789 5408 tuus

2365 5461 2442 5537 (b)
2474 5461 2620 5533 Lips.
2647 5473 2701 5520 et
2725 5464 2867 5537 Par.
2893 5467 3057 5522 veniet
3084 5466 3232 5530 liora.
3272 5465 3665 5533 refragantibus
3687 5467 3806 5523 aliis
3833 5466 3902 5523 li-

2298 5533 2491 5618 bris'et
2514 5550 2691 5605 (ξι-ιεεο
2712 5535 2928 5614 ἔρχεται
2947 5541 3056 5617 ὥρα
3074 5581 3089 5605 ,
3114 5543 3200 5618 nati
3216 5540 3580 5618 yﬁvj'liiluﬂev.
3607 5538 3759 5618 [inde
3778 5553 3903 5618 par-

2302 5606 2514 5661 ticulam
2538 5624 2672 5662 nunc
2695 5606 3009 5665 revocamus
3034 5625 3099 5666 ex
3126 5610 3280 5674 Bad.,
3305 5610 3396 5666 Er.
3422 5620 3477 5667 et
3501 5625 3602 5667 ms.
3633 5610 3747 5667 bas.
3778 5606 3900 5666 Vat.

2373 5677 2444 5756 (c)
2485 5678 2559 5756 [ta
2602 5678 2751 5756 Lips.
2790 5695 2915 5756 cum
2957 5695 3090 5738 mss.
3139 5683 3210 5739 At
3251 5682 3340 5737 Er.
3369 5691 3491 5756 post
3536 5681 3693 5750 Bad.,
3745 5681 3905 5738 animi

2300 5751 2455 5823 wqtti.
2491 5750 2612 5823 Par.
2643 5752 3050 5823 animaequiorcs.

2378 5820 2456 5891 (τι)
2497 5821 2552 5877 1ιι
2583 5838 2686 5879 ms.
2720 5822 2840 5879 Vat.
2872 5824 3012 5891 bas.,
3047 5824 3297 5882 odiosum.
