4246 6260
373 335 477 390 50ῗί

1591 330 1677 386 DE
1717 328 2086 386 TRINITATE
2139 328 2341 385 LIBER
2375 329 2464 385 ΙΧ.

3568 331 3673 388 506

368 450 524 518 Quod
553 451 597 504 si
648 449 894 519 acceptio
924 448 1221 518 potestatis,
1258 447 1372 502 sola
1404 457 1484 501 est
1517 447 1837 518 significatio
1884 461 1969 501 na-
1999 448 2051 509 Α
2077 455 2188 502 ιυιη
2210 457 2482 518 postremo
2496 447 2674 503 omnia
2689 447 2803 503 lucc
2820 447 3257 504 taliabsolutionc
3282 446 3629 504 concluderet
3657 467 3671 503 :

370 544 621 611 titizatis,
651 543 703 597 in
731 558 832 612 qua
866 542 1069 610 accepit
1094 541 1144 596 id
1172 540 1312 612 quod
1338 548 1454 604 est;
1483 555 1588 595 non
1617 548 1702 595 est
1745 539 1971 594 inﬁrmi-

370 635 469 690 tati
532 635 678 688 datio
727 632 1058 701 deputanda,
1111 648 1231 702 qua:
1290 641 1459 687 totttm
1511 631 1614 686 hoc
1660 639 1969 686 nascentem

370 736 710 784 consummat
749 741 870 782 esse
901 727 1042 796 quod
1092 725 1234 779 Deus
1261 737 1360 780 cst.
1391 724 1522 780 Cum
1553 725 1695 780 enim
1739 724 1970 779 innasci-

372 821 499 876 bilis
530 821 674 875 Deus
713 819 779 873 ad
811 821 1102 889 pet'leCIatu
1137 819 1334 873 divina:
1383 818 1732 875 beatitudinis
1778 819 1972 874 nativi-

373 925 540 971 tatem
569 916 844 986 unigenito
880 915 991 969 Deo
1021 926 1211 969 auctor
1236 916 1325 977 sit,
1361 925 1636 969 auctorem
1676 915 1971 969 nativitatis

373 1025 496 1066 esse
541 1018 939 1063 Sacramentum
971 1007 1048 1080 (η)
1081 1018 1361 1079 paternum
1409 1019 1511 1063 est.
1563 1006 1829 1064 Caeterum
1863 1025 1969 1063 non

377 1103 542 1158 habet
586 1100 990 1166 contnnteliam,
1020 1098 1094 1175 (ὁ)
1157 1117 1277 1171 qua:
1337 1117 1394 1156 se
1444 1103 1680 1156 auctoris
1726 1103 1804 1154 sui
1857 1117 1977 1157 esse

379 1192 664 1263 imaginem
711 1193 942 1264 genuina
990 1192 1271 1247 nativitatc
1335 1204 1694 1247 consummat.
1753 1192 1978 1248 Dedisse

380 1288 528 1342 enim
564 1294 880 1357 potestatem
908 1286 1084 1340 omnis
1107 1287 1306 1351 carnis,
1354 1298 1408 1341 et
1451 1286 1517 1341 ad
1571 1286 1620 1341 id
1667 1285 1881 1342 dedisse
1924 1296 1980 1342 ut

378 1379 474 1434 det
498 1379 547 1434 ei
578 1381 736 1434 vitam
763 1389 1040 1444 acternan't,
1073 1379 1238 1434 habet
1263 1391 1317 1434 et
1365 1380 1416 1434 in
1460 1380 1620 1434 dante
1657 1379 1798 1450 quod
1827 1389 1980 1451 pater

376 1483 484 1539 est,
517 1482 572 1527 et
600 1474 653 1528 in
697 1471 999 1542 accipiente
1045 1471 1187 1543 quod
1220 1473 1360 1526 Deus
1395 1482 1476 1526 est
1511 1490 1521 1525 :
1556 1487 1678 1526 cum
1728 1481 1784 1527 et
1832 1472 1883 1525 in
1915 1486 1981 1528 eo

376 1568 712 1638 signiﬁcetur
739 1566 901 1621 Pater
929 1581 1071 1632 esse,
1104 1566 1244 1637 quod
1277 1565 1522 1632 dederit;
1554 1574 1605 1620 et
1639 1566 1690 1619 in
1720 1581 1783 1620 eo
1811 1565 1982 1620 Filius

381 1662 527 1717 Deus
555 1670 793 1724 maneat,
820 1659 963 1730 quod
996 1661 1116 1714 vitm
1132 1667 1348 1714 mturare
1367 1659 1558 1714 danda:
1579 1659 1871 1728 sumpserit
1889 1675 1982 1727 po-

385 1763 651 1808 testatem.
685 1751 954 1807 Naturalis
983 1752 1143 1824 igitur
1170 1751 1280 1806 ﬁlio
1310 1752 1402 1807 Dei
1426 1760 1482 1807 et
1503 1753 1784 1821 congenita
1807 1751 1982 1806 omnis

2079 541 2207 595 [huc
2235 551 2306 595 est
2353 551 2524 595 autem
2576 543 2674 597 vita
2701 554 2913 610 a’terua,
2948 554 3003 597 ut
3031 544 3197 597 sciant
3224 553 3272 596 te
3304 541 3471 595 solum
3500 556 3675 595 verum

2075 632 2264 697 Deum,
2297 646 2342 688 et
2366 651 2514 704 quem
2545 636 2728 690 misisti
2749 635 2927 690 Jesum
2957 635 3219 691 Christum
3247 632 3412 704 (Ibid.
3447 647 3585 699 xvu,
3619 631 3679 686 l-

2075 727 2306 796 5).Vitm
2335 737 2552 782 mterna:
2577 728 2740 783 ﬁdem
2775 729 2858 784 vel
2889 730 3052 800 loqui,
3089 727 3362 792 haeretice,
3397 726 3566 791 disce,
3593 725 3680 780 vel

2077 823 2322 877 credere.
2355 823 2421 878 Et
2451 838 2638 894 separa
2671 839 2700 878 a
2731 824 2842 878 Deo
2863 823 3157 888 Christum,
3189 823 3232 876 si
3257 831 3433 892 potes,
3465 835 3492 873 a
3516 819 3677 874 Patre

2079 918 2296 984 Filium,
2330 934 2358 972 a
2391 919 2500 973 Deo
2525 933 2650 973 vero
2675 933 2836 988 super
2860 917 3038 972 omnia
3061 916 3302 981 Deum,a
3349 913 3468 969 solo
3512 928 3676 968 unum

2081 1010 2244 1083 (unus
2271 1010 2415 1065 enim
2448 1011 2708 1065 Dominus
2735 1018 2816 1064 est
2837 1009 2996 1064 Jesus
3023 1009 3265 1064 Christus
3289 1050 3304 1075 ,
3348 1007 3370 1062 Ι
3411 1006 3531 1061 Cor.
3563 1021 3678 1071 vut,

2080 1103 2168 1177 6);
2199 1106 2242 1159 si
2276 1105 2384 1159 vita
2418 1116 2617 1158 aeterna
2641 1116 2724 1159 est
2763 1104 2814 1157 in
2845 1104 3014 1158 Deum
3057 1101 3229 1156 solum
3270 1115 3456 1156 verum
3505 1098 3681 1154 credi-

2081 1197 2228 1251 disse
2268 1197 2344 1266 (g)
2377 1197 2492 1250 sine
2539 1195 2771 1250 Christo.
2825 1194 2879 1249 Si
2930 1209 3060 1248 vero
3103 1201 3357 1262 separato
3407 1189 3681 1246 Christoa

2082 1290 2198 1344 solo
2226 1289 2340 1344 Deo
2375 1304 2521 1352 vero,
2573 1288 2624 1343 in
2671 1285 3012 1343 confessione
3053 1286 3221 1340 solius
3265 1284 3360 1339 Dei
3405 1284 3516 1338 veri
3572 1283 3680 1337 vita

2083 1393 2284 1437 aeterna
2332 1396 2437 1436 non
2486 1381 2726 1450 capitur;
2761 1395 2865 1434 non
2897 1379 3135 1449 intelligo
3165 1376 3436 1449 quomodo
3465 1375 3621 1431 nobis
3650 1390 3682 1430 a

2085 1477 2198 1531 Deo
2230 1491 2359 1532 vero
2389 1475 2721 1545 separandus
2748 1474 2814 1531 ad
2847 1474 3003 1530 ﬁdem
3035 1474 3122 1539 sit,
3157 1473 3245 1544 qui
3279 1486 3386 1527 non
3427 1472 3498 1527 sit
3528 1483 3684 1540 sepa.

2085 1575 2271 1631 rabilis
2295 1575 2361 1628 ad
2386 1575 2634 1629 sa'ulem.

2156 1671 2246 1726 55.
2306 1670 2515 1740 Objecto
2560 1669 2672 1722 loco
2715 1666 2948 1721 Christus
2983 1665 3214 1719 innuitur
3252 1680 3399 1718 uerus
3432 1661 3586 1717 Deus.
3612 1692 3683 1703 --

2086 1761 2426 1832 Quamquam
2457 1761 2616 1830 igitur
2642 1759 2806 1815 sciam
2833 1773 3078 1813 morosas
3108 1757 3403 1811 difﬁcilium
3429 1755 3685 1826 qttrcstio-

381 1856 620 1918 potestas
646 1858 723 1899 est
755 1863 767 1899 :
795 1861 868 1916 qn
889 1864 915 1898 υ
957 1861 1078 1900 cum
1119 1845 1238 1900 data
1268 1845 1355 1911 sit,
1385 1844 1453 1917 (c)
1497 1861 1602 1899 non
1632 1845 1832 1900 alienat
1858 1861 1978 1899 cum

2097 1871 2216 1910 num
2245 1855 2613 1910 absolutiones
2655 1852 2943 1922 legentium
2993 1851 3276 1907 desideriis
3307 1865 3498 1920 graves
3527 1863 3684 1914 esse;

380 1955 478 2010 per
514 1941 564 1992 id
597 1938 662 1994 ab
693 1953 914 2005 anetore
942 1957 1063 2010 qnta
1097 1941 1217 1994 data
1243 1949 1355 2000 est;
1384 1955 1503 1995 cunt
1533 1940 1674 2010 quod
1704 1940 1775 1994 sit
1799 1949 1987 1994 aucto-

377 2036 478 2100 ris,
512 2033 614 2088 hoc
641 2034 822 2087 datum
854 2035 941 2094 sit,
973 2033 1103 2087 dare
1141 2034 1347 2088 scilicet
1393 2033 1553 2086 vitam
1598 2043 1878 2098 aeternam,
1931 2041 1986 2088 ct

379 2127 782 2196 corruptionem
799 2128 1050 2200 28201)
1066 2128 1117 2183 itt
1141 2127 1598 2198 incorruptionem
1623 2138 1850 2183 mutare.
1886 2128 1986 2182 Dc-

378 2220 459 2277 dit
486 2220 668 2292 itaque
697 2221 858 2276 Pater
879 2223 1080 2286 omnia,
1126 2233 1178 2276 et
1204 2223 1410 2293 accepit
1438 2221 1606 2276 Filius
1637 2221 1813 2275 omnia
1848 2239 1860 2273 :
1893 2237 1987 2276 ne.

379 2330 491 2382 que
522 2316 826 2384 ambiguum
856 2325 959 2378 est,
1003 2331 1124 2369 cum
1173 2315 1313 2370 dixet
1333 2317 1373 2369 it
1403 2334 1415 2369 :
1451 2314 1638 2369 Omnia
1666 2330 1782 2388 qua:
1814 2313 1986 2368 Patris

383 2418 526 2475 sunt,
569 2426 681 2463 mea
726 2419 844 2464 sunt
889 2409 1070 2480 (Juan.
1105 2425 1214 2474 svi,
1255 2409 1361 2482 lii).
1415 2409 1478 2464 Et
1508 2408 1594 2463 hic
1633 2395 1850 2479 quidem
1881 2423 1986 2463 non

384 2504 721 2558 creationum
774 2503 1005 2574 species,
1061 2519 1235 2572 neque
1300 2503 1693 2558 elentcntorutn
1747 2501 1988 2556 diversas

387 2595 802 2650 sobstitutiones
851 2611 1088 2665 praesens
1131 2611 1310 2651 sermo
1357 2594 1619 2664 signiﬁcat
1647 2593 1744 2664 (γ.
1772 2595 1984 2664 infran.

387 2689 483 2758 72)
514 2707 528 2744 :
561 2689 654 2745 sed
689 2691 858 2744 beata:
883 2699 1042 2759 atque
1068 2688 1327 2743 absoluta:
1355 2689 1656 2743 divinitatis
1693 2689 1844 2743 nobis
1878 2689 1989 2757 glo-

388 2789 528 2838 riam
581 2783 838 2854 pandcns,
878 2784 1046 2839 Deum
1088 2785 1138 2838 in
1171 2783 1254 2838 his
1285 2784 1536 2839 ostendit
1585 2783 1988 2855 intelligendum

389 2892 514 2932 csse
544 2893 664 2947 qum
691 2893 782 2932 sua
812 2886 958 2945 sunt,
991 2878 1041 2931 in
1068 2878 1282 2944 virtute,
1318 2877 1368 2931 in
1394 2877 1718 2941 mtcrnitate,
1771 2877 1822 2930 in
1867 2890 1992 2946 pro-

390 2973 652 3040 ridentia,
704 2974 754 3028 in
807 2982 1107 3043 potestate:
1140 2989 1242 3026 non
1279 2971 1418 3042 quod
1453 2971 1567 3026 haec
1607 2971 1749 3026 Deus
1789 2970 1860 3024 ita
1895 2969 1990 3024 Ita-

393 3067 543 3134 beat,
579 3077 848 3137 tamquam
882 3066 1022 3121 aliud
1053 3067 1180 3138 quid
1211 3077 1359 3120 extra
1388 3067 1486 3120 ista
1516 3079 1636 3120 esse
1662 3063 1732 3135 (ε)
1761 3064 1990 3120 creden-

395 3158 498 3212 dus
545 3159 614 3214 sit
663 3177 674 3212 :
724 3159 820 3214 sed
850 3158 1076 3227 quodin
1121 3157 1205 3212 his
1251 3157 1315 3212 ad
1366 3157 1751 3227 aliquantulam
1802 3171 1994 3213 sensus

2089 1957 2268 2004 tamen
2292 1947 2374 2020 (l)
2405 1948 2567 2002 dilata
2595 1947 2662 2001 ad
2694 1948 2961 2001 modicum
2989 1946 3152 2000 totius
3181 1945 3424 2000 veritatis
3463 1945 3687 1999 demono

2087 2043 2371 2106 stratione,
2405 2039 2668 2110 indulgeri
2719 2038 2849 2093 mihi
2899 2037 3150 2092 existimo
3195 2053 3301 2091 non
3344 2037 3461 2092 sine
3505 2036 3687 2106 aliquo

2089 2136 2211 2192 ﬁdei
2242 2134 2506 2205 profectu,
2535 2133 2620 2188 his
2653 2133 2784 2203 ipsis
2803 2131 2962 2187 dictis
2992 2129 3322 2200 evangelicis
3346 2139 3545 2193 tecum,
3577 2129 3688 2183 luc—

2090 2230 2281 2294 retiee,
2334 2227 2580 2283 luctanti.
2631 2225 2801 2281 Audis
2845 2223 3236 2296 professionem
3268 2222 3482 2277 Domini
3525 2221 3688 2294 283

2089 2324 2316 2381 dicentis
2341 2340 2355 2376 :
2387 2321 2514 2377 "(re
2538 2332 2611 2377 est
2639 2333 2808 2376 autem
2829 2322 2933 2375 vita
2951 2329 3162 2383 aeterna,
3182 2330 3237 2372 ut
3259 2318 3422 2372 sciant
3449 2327 3496 2370 te
3521 2317 3688 2369 solum

2091 2434 2263 2473 verum
2294 2418 2478 2486 Deum,
2509 2427 2553 2472 et
2575 2433 2724 2486 quem
2745 2415 2927 2471 misisti
2949 2412 3126 2466 Iesum
3161 2411 3440 2466 Christum.
3473 2409 3688 2476 Qumro,

2089 2515 2217 2585 quid
2250 2515 2321 2570 sit
2345 2513 2486 2583 quod
2512 2527 2730 2568 sensum
2773 2517 3010 2574 moveat,
3044 2522 3112 2561 ne
3152 2521 3313 2560 verus
3364 2505 3507 2558 Deus
3536 2500 3694 2556 Citri-

2093 2618 2208 2664 stus
2238 2607 2346 2662 sit?
2371 2606 2486 2662 Non
2514 2605 2658 2661 enim
2685 2603 2777 2658 tibi
2804 2616 2944 2656 nunc
2973 2600 3099 2670 quid
3127 2598 3196 2654 de
3223 2597 3439 2650 Christo
3465 2594 3542 2666 (h)
3571 2607 3692 2646 creo

2091 2701 2272 2767 dercs,
2317 2699 2640 2770 signiﬁcatio
2669 2697 2842 2767 aliqua
2891 2695 2993 2748 alia
3041 2692 3279 2760 subjecta
3329 2688 3690 2744 demonstrat.

2092 2795 2210 2851 Non
2247 2794 2411 2847 habes
2441 2791 2729 2863 quidquam
2774 2797 2971 2859 praeter
2998 2800 3159 2857 quam
3185 2784 3366 2838 Jesum
3392 2779 3692 2842 Christum;

2095 2904 2202 2944 non
2237 2889 2402 2944 tilium
2436 2885 2692 2948 hominis,
2721 2893 2778 2938 ut
2803 2882 2871 2939 de
2899 2897 2960 2938 se
2983 2881 3119 2935 solet
3155 2878 3365 2939 dicere;
3391 2889 3498 2930 non
3525 2872 3693 2927 ﬁlium

2098 2982 2215 3048 Dei,
2257 2992 2313 3035 ttt
2345 2980 2586 3050 proﬁteri
2619 2978 2666 3033 ci
2699 2977 2767 3032 de
2793 2992 2852 3031 sc
2893 2975 3146 3030 usitatum
3177 2981 3290 3036 est;
3340 2984 3446 3023 non
3471 2967 3697 3022 descen-

2097 3075 2310 3133 dentem
2336 3089 2533 3146 panem
2561 3073 2746 3127 vivunt
2773 3070 2840 3125 de
2863 3067 3037 3134 cmlis,
3069 3063 3211 3137 quod
3242 3078 3362 3118 cum
3404 3060 3696 3116 multorum

2099 3169 2356 3226 seandalo
2395 3167 2463 3223 de
2521 3181 2581 3221 se
2615 3165 2679 3240 (ὅ)
2727 3165 3029 3234 frequentat
3079 3159 3260 3232 (Joan.
3308 3171 3384 3218 vt,
3431 3154 3547 3219 6|).
3592 3150 3700 3207 Sed

333 3252 338 3253 ⁷
397 3254 567 3307 nostri
618 3252 926 3322 opinionem
977 3250 1309 3321 signiﬁcatus
1349 3250 1419 3304 sit
1461 3252 1574 3320 ipse
1614 3267 1733 3321 quae
1780 3249 1992 3304 habeat.

2101 3265 2288 3320 dicens
2319 3281 2330 3316 :
2365 3272 2412 3316 te
2433 3262 2598 3316 soluat
2626 3275 2804 3314 verum
2845 3255 3034 3319 Deum,
3057 3264 3104 3307 et
3134 3267 3280 3324 quem
3311 3248 3494 3302 misisti
3519 3244 3700 3300 Iesum

399 3345 721 3417 linigenitus
763 3346 923 3416 igitur
967 3345 1017 3400 in
1068 3345 1150 3400 his
1181 3360 1240 3402 se
1282 3343 1484 3400 docens
1530 3344 1834 3400 substitisse
1875 3360 1996 3415 qua:

401 3440 577 3494 Patris
621 3451 766 3504 sunt,
816 3454 937 3494 cum
989 3454 1053 3494 ex
1105 3453 1164 3492 se
1208 3447 1543 3507 sumpturum
1591 3452 1712 3494 esse
1752 3448 1995 3492 sanctum

399 3535 662 3605 Spiritum
712 3534 956 3600 dixisset,
1011 3535 1206 3605 adjecit
1236 3553 1249 3590 :
1285 3534 1472 3588 Omnia
1498 3551 1611 3603 quw
1657 3533 1826 3589 Patris
1856 3543 1994 3602 sunt,

402 3644 516 3682 mea
545 3637 699 3692 sunt;
723 3637 991 3695 propterea
1008 3627 1136 3692 dixi,
1169 3628 1232 3680 de
1259 3644 1368 3680 meo
1390 3627 1599 3692 accipiet
1629 3625 1839 3696 (lbid.).
1870 3626 2000 3682 0m-

404 3721 490 3776 uit
542 3737 661 3791 qua:
713 3721 886 3774 Patris
931 3730 1074 3782 sunt,
1125 3736 1219 3775 sua
1266 3731 1410 3784 sunt,
1462 3720 1657 3776 tradita
1710 3721 1895 3791 utique
1949 3728 2005 3775 et

403 3824 644 3882 accepta.
679 3812 784 3870 Sed
815 3813 936 3866 data
969 3827 1074 3868 non
1105 3813 1376 3868 inﬁrmant
1401 3811 1470 3885 (f)
1501 3813 1858 3880 divinitatem,
1884 3829 2003 3883 quae

406 3905 458 3961 itt
491 3905 574 3962 his
606 3921 726 3961 eum
759 3906 1094 3960 constituunt
1119 3920 1239 3960 esse
1270 3907 1459 3976 quibus
1490 3906 1649 3961 Pater
1679 3913 1781 3960 est.

479 3999 569 4054 52.
617 3999 985 4069 Inseparabilis
1033 4011 1105 4054 est
1133 4018 1162 4053 a
1211 3999 1386 4053 Patre.
1415 4029 1487 4039 -—
1515 3999 1608 4054 llis
1659 4000 1820 4068 igitur
1866 4013 2006 4056 nunc

402 4093 662 4164 gradibus
689 4093 982 4162 praemissa:
1019 4093 1088 4148 de
1117 4108 1177 4148 se
1225 4092 1595 4164 intelligentia:
1641 4107 1771 4146 usus
1799 4101 1902 4158 est,
1951 4101 2008 4145 ut

406 4204 530 4243 cum
583 4201 642 4242 se
687 4202 714 4238 a
747 4187 856 4241 Deo
885 4187 1060 4241 exisse
1107 4187 1402 4252 docuisset,
1435 4198 1726 4254 sermoque
1755 4199 1874 4238 esse
1904 4183 2006 4238 Pa-

409 4295 546 4338 trem
584 4281 853 4350 protessus
883 4293 1047 4345 esset,
1075 4296 1241 4350 seque
1271 4277 1528 4333 mundum
1559 4276 1749 4332 vicisse
1781 4284 2005 4331 testatus

408 4387 554 4432 esset
586 4375 764 4448 (Joan.
797 4392 905 4438 svt,
937 4374 1025 4438 28,
1061 4375 1150 4440 52,
1186 4372 1299 4445 55),
1330 4382 1381 4428 et
1414 4371 1758 4427 honorandus
1785 4388 1813 4425 a
1850 4371 2006 4427 Patre

412 4473 627 4527 Patrem
673 4479 817 4525 e~set
866 4470 1242 4531 honoratttrus,
1290 4476 1344 4522 ct
1392 4475 1613 4536 accepta
1656 4463 2008 4535 potestatein

411 4565 588 4621 danda
622 4565 884 4620 universa:
911 4564 1059 4618 carni
1090 4563 1209 4617 vita:
1250 4561 1550 4618 aeternitate
1595 4572 1740 4617 esset
1789 4576 2010 4627 usurus,

490 4706 570 4779 (Ι)
608 4705 662 4760 1η
693 4704 779 4760 edi
807 4704 929 4760 ione
956 4702 1316 4776 prmccdente,
1345 4701 1580 4754 dilatata.

495 4849 573 4921 (η)
599 4848 652 4902 hl
667 4857 771 4911 eat,
796 4843 1099 4916 proprietas
1115 4852 1215 4903 est,
1233 4855 1335 4914 qua
1355 4839 1468 4893 sola
1492 4847 1644 4910 pater
1666 4852 1694 4892 a
1711 4837 1822 4892 ﬁlio
1837 4835 2028 4891 distin-

453 4932 620 4974 Illlltt‘.

417 4938 778 5064 gui‘blinApnd
820 4988 942 5064 Par.
984 4983 1483 5064 qui.__i’_ra-l'e.rimus
1519 4997 1650 5064 cum
1701 4995 1831 5035 mss.
1879 4995 2016 5064 qum,

422 5051 837 5128 scil.'acc'eptio.
871 5051 1121 5114 Nonnulli
1155 5056 1349 5128 deinde
1376 5051 1914 5128 ornittttnt_se.‘quod
1949 5051 2018 5105 ad

426 5137 598 5191 Deum
647 5123 976 5203 unigenitum
1024 5129 1275 5203 refertur.
1320 5127 1376 5203 In
1423 5125 1595 5203 tribus
1615 5123 2018 5203 _Valie.,-q_nem

385 5202 649 5261 'auctoris
693 5194 772 5258 sui
818 5203 1110 5272 imaginem.
1144 5201 1212 5255 At
1239 5199 1380 5269 apud
1429 5197 1581 5261 Bad.,
1615 5196 1702 5272 Er.
1752 5203 1803 5272 et
1845 5194 2018 5272 L_ips.,

423 5296 540 5350 qua:
562 5278 788 5332 auctoris
813 5277 894 5328 sui.
921 5265 1162 5350 Exprimit
1192 5265 1462 5350 imaginem
1491 5284 1511 5324 :
1539 5268 1673 5350 quod
1700 5266 1835 5350 enim
1865 5265 2024 5350 fater

426 5336 566 5404 dedit
617 5355 936 5422 potestatem,
986 5336 1038 5399 in
1090 5344 1185 5398 hoc
1231 5336 1399 5414 ﬁlium
1444 5336 1650 5422 genuit;
1690 5338 1828 5409 quod
1856 5336 2026 5392 Filius

426 5402 646 5494 accepit:
659 5402 999 5494 Vnativitatem
1020 5402 1340 5472 consummat
1359 5432 1384 5494 _:
1397 5402 1676 5494 glossema
1688 5453 1700 5466 .

504 5484 573 5568 (ε)
595 5484 784 5550 Ε’κουεί
796 5508 916 5558 ,uau
929 5491 1150 5544 alienata
1163 5499 1238 5544 est
1253 5503 1340 5556 per
1353 5489 1408 5542 id
1419 5484 1435 5542 Ξ
1451 5484 1806 5541 emendantur
1821 5497 1883 5537 ex
1899 5495 2028 5536 mss.

503 5588 584 5662 (ά)
611 5589 667 5645 1η
702 5585 974 5640 nonnullis
1003 5584 1182 5656 proba:
1211 5590 1352 5637 nota:
1381 5594 1511 5636 mss.
1541 5577 1804 5634 omittitur
1847 5576 1900 5629 in
1944 5575 2028 5629 in-

430 5662 833 5731 corruptionem.

527 5718 728 5802 e)'Par.
759 5745 878 5785 cum
912 5735 1096 5784 vetere
1139 5741 1241 5781 ms.
1271 5722 1425 5778 Colb.
1459 5721 1764 5777 credendum
1792 5720 1877 5774 sit.
1906 5718 2028 5772 Mox

507 5735 624 5860 dem
652 5804 816 5859 editio
847 5809 966 5860 Dost
998 5801 1086 5852 Er.
1119 5805 1175 5854 et
1214 5795 1386 5860 Lips.,
1420 5795 1528 5860 ipse
1553 5794 1640 5860 qui
1668 5792 1868 5860 habeat.
1911 5787 2025 5844 Ma-

431 5787 624 5865 eadc'tti
652 5804 816 5872 editio
847 5809 966 5872 post
998 5801 1086 5872 ljlr.
1119 5805 1175 5854 et
1214 5795 1386 5866 Lips.,
1420 5795 1528 5864 ipse
1553 5794 1640 5861 qui
1668 5792 1868 5872 habeat.
1911 5787 2025 5872 hia-

428 5852 1048 5948 Dad.
1082 5852 1140 5924 et
1181 5852 1307 5923 mss.
1347 5852 1478 5932 q'mé,
1512 5852 1657 5935 puta,
1691 5852 1778 5917 sed
1806 5863 1943 5930 quoii
1973 5861 2025 5912 in

2103 3356 2362 3412 Christum
2411 3354 2590 3426 (Joan.
2646 3368 2778 3417 xvu,
2811 3349 2891 3423 5),
2935 3362 3150 3401 omnem
3203 3340 3593 3414 prmaominum
3646 3346 3703 3392 et.

2105 3447 2484 3518 cognominum
2509 3461 2752 3509 suorum,
2781 3443 2868 3498 vel
2895 3439 3245 3502 naturalium,
3269 3435 3355 3489 vel
3397 3439 3703 3500 assumpto-

2105 3555 2224 3594 rum
2271 3537 2717 3593 consuetudinem
2766 3532 3244 3607 prmtcrmisitzut
3292 3543 3413 3584 cum
3443 3524 3704 3580 c0nﬁtcn-

2105 3633 2204 3687 dus
2236 3632 2384 3687 solus
2416 3646 2576 3685 verus
2617 3630 2761 3685 Dens
2787 3636 2843 3683 et
2867 3625 3116 3681 Christus
3144 3622 3301 3678 Jesus
3345 3618 3702 3674 aeternitatem

2107 3736 2446 3798 prmstareut,
2494 3726 2610 3780 sine
2649 3723 2814 3778 dubio
2862 3723 2912 3776 in
2961 3730 3024 3775 ea
3064 3717 3220 3774 Iesus
3264 3713 3512 3769 Christus
3558 3716 3706 3765 esset

2109 3820 2521 3890 signiﬁcatione,
2554 3833 2654 3886 qua
2683 3816 2824 3870 Deus
2853 3822 2956 3867 est.

2181 3911 2270 3967 54.
2323 3910 2434 3964 Nec
2479 3918 2730 3981 repugnat
2764 3905 2899 3974 quod
2947 3901 3104 3956 Pater
3129 3900 3340 3953 dicatur
3365 3893 3506 3949 solus
3533 3907 3703 3947 verus.

2109 4035 2181 4046 ——
2221 4003 2325 4060 Sed
2399 4003 2536 4057 forte
2581 3999 2722 4071 quod
2771 3997 2845 4052 ait
2908 4007 2957 4051 te
3015 3995 3202 4052 solum,
3269 3988 3703 4046 communionem

2111 4104 2272 4166 atque
2317 4095 2576 4148 unitatem
2624 4106 2776 4147 suam
2806 4105 2834 4142 a
2881 4090 2990 4144 Deo
3025 4095 3260 4157 separat.
3291 4085 3522 4153 Separet
3552 4094 3705 4144 sane,

2114 4187 2159 4240 si
2192 4203 2296 4240 non
2328 4183 2394 4240 ad
2423 4185 2472 4239 id
2501 4183 2643 4254 quod
2681 4183 2789 4248 ait,
2821 4191 2868 4236 te
2911 4179 3076 4235 solum
3106 4193 3282 4231 verum
3309 4173 3498 4238 Deum,
3529 4170 3710 4224 conti-

2116 4293 2223 4334 nuo
2283 4277 2530 4346 subjecit,
2565 4285 2611 4329 et
2658 4291 2806 4346 quem
2854 4271 3037 4327 misisti
3077 4269 3255 4324 Jesum
3307 4265 3589 4320 Christum.
3643 4259 3714 4314 Et.

2117 4383 2335 4425 sensum
2363 4367 2630 4422 audientis
2662 4367 2956 4435 interrogo,
2980 4361 3107 4433 qttid
3138 4355 3442 4414 credendus
3465 4354 3532 4408 sit
3554 4352 3714 4407 Jesus

2118 4463 2395 4528 Christus;
2427 4478 2547 4517 cum
2588 4461 2654 4515 ad
2685 4459 2760 4525 id,
2810 4457 2951 4528 quod
3003 4455 3160 4510 Pater
3205 4452 3352 4506 solus
3382 4450 3526 4504 Deus
3555 4459 3718 4501 verus

2121 4557 2423 4616 credendus
2453 4556 2544 4623 sit,
2574 4552 2878 4611 credendus
2921 4559 2976 4606 et
3003 4548 3250 4604 Christus
3279 4545 3389 4599 sit”!
3414 4539 3522 4597 Sed
3569 4537 3719 4594 solus

2050 4836 2104 4897 D
2133 4833 2210 4886 his
2234 4845 2345 4900 qua!
2369 4828 2570 4892 habeat,
2599 4827 2708 4900 ipse
2733 4821 3050 4894 signiﬁcatus
3081 4818 3167 4872 sit.
3203 4814 3299 4870 llic
3328 4813 3553 4900 docetur
3581 4812 3722 4900 Deus

2235 4883 2484 4972 simplex,
2519 4883 2575 4952 ui
2603 4883 2654 4972 in
2679 4911 2750 4972 eo
2778 4883 3308 4972 nequaquamnmore
3350 4894 3536 4972 nostri
3575 4883 3724 4972 aliud

2127 4955 2235 5031 sint
2267 4955 2483 5028 iiia'bens'
2511 4980 2564 5024 et
2603 4967 2804 5022 habita.
2835 4955 3096 5032 Quocirca
3127 4958 3220 5014 lib.
3254 4972 3366 5020 \‘tll,
3393 4956 3562 5037 ".34..
3587 4955 3723 5010 dici-

2129 5027 2256 5100 in}:
2281 5027 2373 5100 CSeV
2395 5059 2594 5097 omnem
2623 5057 2710 5110 per
2732 5055 2825 5110 sua
2846 5027 3046 5110 Ederet,
3080 5042 3142 5110 et_
3157 5047 3251 5083 sua
3279 5027 3552 5110 nou-aliud.
3569 5043 3724 5110 quam

2125 5099 2675 5187 seessesigniﬁcal'j“
2696 5109 2782 5163 ubi
2811 5125 2905 5162 5"“
2925 5099 3098 5169 ίηδίίπν
3124 5103 3362 5187 ipse}???
3387 5099 3723 5187 intellig-agr.

2203 5171 2279 5260 (Γ)
2313 5171 2466 5260 Βςῖἀί
2491 5194 2546 5260 et
2588 5171 2687 5237 Er.
2721 5195 2840 5234 cum
2888 5192 2995 5231 uno
3025 5191 3056 5230 e
3079 5171 3211 5228 is.
3244 5171 3441 5234 Vatic.,
3483 5171 3726 5224 nativita-

2133 5256 2235 5315 tem
2260 5275 2278 5313 .°
2305 5259 2481 5312 minus
2509 5256 2668 5310 bene.

2209 5311 2285 5405 (gi)
2327 5328 2496 5394 Editi,
2544 5327 2634 5405 sed
2663 5340 2766 5405 non
2795 5323 2903 5376 sine
2935 5318 3137 5403 Christo
3179 5325 3430 5405 separato!
3456 5311 3658 5405 Christo
3679 5327 3731 5405 Aa

2140 5385 2257 5460 1)έό
2269 5385 2413 5462 luero,
2441 5385 2572 5462 etc,
2604 5395 2840 5452 lectione
2878 5393 3056 5447 minus
3083 5391 3290 5444 sincera
3320 5399 3375 5442 et
3417 5385 3733 5456 interpunc«

2143 5479 2290 5532 tione
2319 5474 2532 5530 vitiosa.
2562 5468 2908 5539 Castigantur
2932 5481 3036 5539 ope
3061 5476 3191 5539 mss.

2242 5527 2299 5620 h')
2329 5527 2470 5602 Qad.
2494 5543 2664 5620 etAEr.
2697 5527 2819 5595 cuum
2848 5553 2949 5620 ms.
2971 5527 3208 5620 Remi_g..,
3239 5529 3562 5620 credideris;

2140 5632 2195 5676 et
2222 5599 2361 5674 Par:
2390 5631 2509 5672 cum
2538 5612 2704 5668 Corb.
2746 5621 2802 5665 et
2842 5610 3046 5676 aliquot
3090 5599 3226 5670 aliis,
3276 5602 3480 5658 credere
3529 5599 3734 5654 debeas.

2141 5690 2476 5761 Reponimus
2506 5700 2628 5741 cum
2650 5676 3036 5740 sincerioribus
3066 5676 3313 5731 crederes.

2212 5747 2275 5857 (ιὶ)
2305 5781 2596 5848 Reeemior
2644 5793 2748 5832 ms.
2780 5773 2937 5842 Cle.
2970 5788 3128 5843 quem
3159 5769 3290 5890 Fati.
3325 5776 3394 5850 et.
3421 5765 3514 5850 Er.
3559 5765 3737 5850 secuti

2172 5850 2257 5890 ω..
2323 5856 2608 5890 Γιοσηυθηιίη·
2637 5847 2817 5890 "xm-it
2847 5860 2862 5890 .-
2892 5845 3150 5890 reittr‘tmtl
3183 5844 3280 5890 lius
3307 5839 3429 5890 alus
3452 5834 3622 5890 lubt-ts.

2138 5834 2284 5923 sntit],
2307 5834 2608 5923 peiurium.-
2637 5847 2817 5903 asscrit
2845 5834 2862 5900 ἓ
2892 5834 3280 5901 reluctantibus
3307 5839 3429 5892 aliis
3452 5834 3622 5895 libris.
