4246 6260
523 326 557 385 3
582 332 626 383 εἶ
1758 312 2006 375 SAM)“
2037 314 2292 373 lllL.-\Rll
2338 308 2642 374 lil‘lSCOPl
3725 315 3833 371 303

526 444 668 499 forte
717 439 877 495 Pater
921 439 1068 495 Deus
1110 448 1272 491 verus
1324 432 1545 489 Christo
1597 446 1704 488 non
1767 428 2022 500 relinquit
2065 438 2125 485 ut
2151 426 2203 491 Α
2230 429 2397 485 Deum
2429 436 2632 498 patrem
2664 429 2932 497 confessa,
2963 446 3067 486 non
3096 431 3385 487 confitetur
3435 436 3490 484 et
3536 428 3830 484 Christum.

530 535 677 590 Deus
716 532 807 588 sit.
852 529 968 586 Non
1017 522 1392 598 reiinquat(l)
1423 538 1577 593 sane,
1619 524 1667 580 si
1706 536 1846 580 unus
1872 523 1953 595 (α)
1986 522 2128 578 Deus

2265 534 2338 587 ’er
2366 528 2418 584 id
2443 529 2586 585 enim
2630 526 2905 586 Christum
2968 529 3216 587 confessa
3263 526 3433 587 Deum
3484 543 3672 583 verum
3725 536 3832 594 est,

530 637 689 701 pater
732 623 974 688 Christo,
1026 628 1087 676 ut
1132 632 1273 675 unus
1318 619 1391 675 sit
1439 617 1721 681 Dominus,
1766 630 1875 672 non
1912 614 2131 685 reliquit

534 720 580 794 (Ι
608 718 729 775 Cor.
757 731 869 783 vnt,
916 715 996 784 ϐ).
1045 711 1201 783 Quod
1240 713 1287 768 si
1340 726 1480 768 unus
1529 712 1675 768 Deus
1717 716 1873 783 pater
1916 708 2130 767 Christo

530 826 640 868 non
687 809 878 865 adimit
924 817 986 863 ut
1033 819 1173 863 unus
1223 806 1295 862 sit
1341 804 1628 872 Dominus,
1678 806 1752 860 ita
1794 804 1944 860 solus
1988 802 2132 858 Deus

537 912 693 976 pater
714 910 875 957 verus
909 899 1126 956 Christo
1153 899 1282 956 Jestt
1324 911 1431 955 non
1472 898 1648 955 aufert
1697 907 1751 954 ut
1802 896 1946 955 Deus
1971 898 2134 953 verus

540 998 612 1052 sit
643 1013 657 1050 :
686 1006 810 1051 cum
833 992 899 1047 ad
934 993 1055 1048 vitae
1084 1002 1302 1048 aeterna:
1331 992 1579 1047 meritum
1626 990 1730 1046 hoc
1768 990 2035 1061 proiiciat,
2076 994 2137 1043 ut

541 1104 665 1147 cum
712 1087 970 1144 credatur
1013 1085 1164 1141 solus
1202 1094 1361 1140 verus
1408 1084 1574 1151 Deus,
1607 1082 1862 1138 credatur
1887 1090 1939 1137 et
1980 1080 2136 1136 Chri-

537 1193 675 1240 stus.
1667 1171 1673 1176 ’

611 1276 700 1331 55.
736 1273 847 1328 Nec
863 1274 1004 1328 locus
1028 1278 1120 1337 est,
1154 1279 1214 1325 ut
1243 1269 1479 1325 Christus
1507 1267 1653 1323 aliud
1680 1284 1713 1322 a
1737 1265 1850 1322 Deo
1877 1264 2136 1322 credatur.

540 1367 769 1436 --Quid
812 1378 974 1432 nunc,
1009 1362 1089 1436 (2)
1121 1376 1274 1434 rogo,
1317 1361 1560 1417 stultitiae
1591 1367 1697 1415 tua:
1725 1372 1888 1415 sensu
1919 1359 2141 1415 Christo

542 1464 796 1531 deputas,
829 1458 1103 1520 haeretice,
1133 1454 1209 1528 (υ)
1240 1464 1298 1510 ut
1323 1466 1446 1510 esse
1469 1452 1752 1517 credatur;
1800 1459 1857 1507 et
1896 1449 2140 1518 Christo,

544 1553 637 1626 qui
665 1552 830 1607 vitam
857 1561 1118 1607 aeternam
1149 1547 1356 1613 tribuit,
1384 1546 1475 1616 qui
1502 1541 1946 1600 bonorillcandus
1969 1557 2000 1597 a
2042 1541 2144 1597 Pa-

547 1658 632 1704 tre
683 1646 898 1701 Patrem
945 1639 1341 1708 honoriﬁcavit,
1394 1636 1490 1709 qui
1553 1635 1813 1693 mundum
1864 1634 2016 1702 vicit,
2044 1635 2147 1706 qui

548 1740 701 1796 solus
747 1734 1139 1808 relinquendus
1188 1747 1297 1788 non
1336 1730 1488 1786 solus
1511 1738 1616 1795 est,
1646 1726 1743 1784 sed
1771 1741 1957 1782 secum
1985 1726 2149 1783 habet

2233 619 2379 694 quod
2411 618 2582 677 solum
2616 637 2802 677 verum
2847 620 3017 678 Deum
3070 620 3317 679 confessa
3359 621 3432 675 sit
3470 618 3707 676 Patrem.
3759 614 3837 673 Ita

2234 714 2378 788 quod
2408 715 2560 772 solus
2593 714 2732 772 Deus
2760 726 2912 788 pater
2948 719 3087 773 Deus
3115 731 3277 773 verus
3307 726 3410 778 est.
3441 712 3612 770 Deum
3647 728 3837 769 verum

2235 827 2357 869 esse
2403 813 2691 869 confirmat
2733 822 2789 866 et
2841 809 3137 867 Christum.
3193 808 3307 867 Non
3366 811 3512 867 enim
3561 810 3841 884 unigenito

2236 904 2349 960 Deo
2398 915 2605 960 naturae
2653 903 3079 960 demutatiouem
3148 903 3407 958 naturalis
3461 900 3712 958 nativitzts
3762 903 3838 957 iu-

2239 997 2360 1053 tulit
2387 1015 2399 1052 :
2426 996 2503 1071 (ε)
2533 1011 2633 1053 nec
2660 995 2750 1069 qui
2780 1013 2844 1051 ex
2893 995 3225 1052 subsistente
3275 994 3387 1051 Deo
3417 991 3714 1051 secundum
3760 991 3843 1048 di-

2236 1092 2380 1147 vinas
2408 1088 2775 1161 generationis
2807 1099 3055 1143 naturam
3086 1087 3230 1142 Deus
3254 1083 3330 1159 (4)
3365 1084 3626 1154 subsistit,
3656 1080 3723 1139 ab
3752 1101 3839 1150 eo,

2241 1183 2330 1256 qui
2381 1183 2531 1240 solus
2561 1199 2720 1239 verus
2763 1182 2909 1237 Deus
2956 1190 3062 1247 est,
3116 1172 3433 1250 separahiiis
3481 1186 3564 1233 est
3615 1175 3844 1232 veritate

2243 1288 2469 1333 naturae.
2498 1275 2697 1331 Tenuit
2727 1286 2905 1330 autem
2935 1281 3122 1328 natura
3150 1269 3395 1327 veritatis
3421 1285 3533 1324 sua!
3564 1266 3836 1335 ordinem,

2248 1376 2331 1447 (ά)
2358 1384 2416 1431 ut
2445 1373 2739 1430 nativitatis
2772 1372 3052 1427 veritatem
3085 1368 3281 1423 veritas
3311 1360 3573 1422 naturalis
3620 1363 3844 1420 invehe-

2243 1481 2347 1535 ret,
2382 1483 2483 1523 nec
2534 1466 2759 1522 alterius
2810 1480 2874 1519 ex
2924 1479 2985 1519 se
3030 1461 3246 1533 generis
3300 1452 3471 1516 Deum
3516 1454 3659 1512 Deus
3707 1470 3847 1511 unus

2246 1560 2324 1634 (5)
2358 1559 2599 1618 eﬂ‘erret.
2628 1559 2803 1632 Atque
2829 1556 2897 1613 ita
2930 1566 3329 1612 sacramentum
3349 1550 3444 1610 Dei
3465 1567 3563 1607 uec
3582 1549 3637 1606 in
3658 1550 3849 1607 solitu-

2249 1652 2398 1721 dine,
2428 1668 2527 1710 nec
2555 1654 2608 1708 in
2655 1650 2970 1707 diversitate
3000 1646 3251 1705 consistit
3281 1665 3294 1701 :
3321 1660 3442 1702 cum
3489 1659 3666 1714 neque
3713 1640 3854 1699 alter

2254 1746 2399 1805 Deus
2439 1746 2746 1820 deputetur,
2802 1740 2895 1816 qui
2934 1759 2997 1799 ex
3050 1740 3159 1798 Deo
3206 1754 3326 1797 cum
3354 1750 3563 1795 natura:
3589 1753 3698 1793 suae
3733 1752 3855 1807 pro-

548 1832 789 1897 Pau‘emt
818 1827 915 1900 ειυί
940 1845 966 1881 ²¹
995 1826 1110 1883 θθθ
1134 1822 1304 1881 “Ml
1347 1826 1510 1893 alque
1536 1835 1566 1876 ³
1613 1820 1774 1876 Pure
1798 1818 1981 1875 “mm
2008 1819 2151 1914 Ωυίιι
2178 1814 2229 1881 Β
2255 1847 2490 1914 prietate
2513 1814 2853 1905 substiterit;
2881 1854 3057 1909 neque
3086 1835 3141 1891 in
3170 1835 3373 1891 unione
3405 1840 3642 1901 tuaneat,
3691 1847 3850 1904 quem

548 1927 600 1982 ei
628 1926 683 1980 in
713 1922 877 1979 tantis
910 1921 1005 1977 Dei
1036 1918 1326 1975 virtutibus
1373 1925 1500 1971 nato
1548 1922 1756 1969 natura
1796 1926 1862 1969 ac
1905 1912 2150 1970 veritatis

550 2014 870 2087 imperties?
899 2014 1083 2069 Solum
1100 2009 1257 2066 enim
1294 2025 1483 2066 verum
1534 2009 1700 2065 Deum
1736 2019 1940 2081 patrem
1973 2006 2155 2087 inuti-

553 2111 676 2165 liter
702 2106 973 2181 ςεββ)
1002 2104 1293 2170 credimus,
1325 2101 1428 2158 nisi
1455 2102 1744 2159 credamus
1771 2113 1827 2158 et
1855 2116 2015 2173 quem
2052 2100 2154 2157 mi-

556 2201 629 2256 sit
668 2200 857 2256 Iesum
902 2196 1200 2253 Christum.
1264 2194 1406 2262 Quid
1454 2196 1671 2251 haeres?
1725 2195 1855 2267 quid
1905 2194 2155 2250 Christus

556 2292 902 2350 confitendus
929 2293 1000 2346 sit
1026 2290 1184 2346 doce.
1217 2288 1352 2346 Nam
1382 2288 1478 2360 qui
1520 2302 1641 2360 quas
1665 2289 1865 2360 scripta
1906 2298 2033 2344 suttt
2059 2300 2158 2345 ne-

557 2401 673 2458 gas,
707 2384 835 2456 quid
893 2388 1084 2452 restat,
1111 2382 1221 2439 nisi
1248 2390 1309 2438 ut
1336 2394 1461 2454 quae
1489 2397 1597 2438 non
1625 2381 1822 2454 scripta
1866 2390 1995 2438 sunt
2038 2396 2160 2438 ere-

565 2477 704 2533 das?
746 2478 792 2532 0
844 2474 1032 2532 infelix
1082 2474 1358 2542 voluntas,
1396 2483 1451 2530 et
1507 2474 1726 2531 veritati
1760 2474 2016 2531 obnitens
2060 2473 2162 2530 fal-

560 2570 729 2625 sitas!
782 2567 916 2624 Cum
962 2567 1018 2623 in
1060 2565 1169 2621 ﬂde
1209 2575 1266 2622 et
1311 2566 1656 2624 confessione
1699 2568 1814 2624 veri
1844 2567 1939 2625 Dei
1993 2568 2162 2641 patris

565 2663 816 2719 Christus
839 2662 1026 2717 unitus
1050 2669 1157 2727 est.
1187 2672 1320 2732 rogo
1346 2677 1451 2732 qua
1474 2660 1578 2717 ﬁde
1607 2672 1765 2717 verus
1813 2663 1957 2718 Deus
2000 2670 2161 2732 negti-

538 2769 652 2814 -tua
703 2765 953 2813 creatura
1001 2770 1126 2812 esse
1162 2755 1399 2822 dicetur,
1436 2769 1560 2811 cum
1606 2742 1939 2811 tidcs'uulia
1987 2755 2061 2811 sit
2109 2756 2163 2811 in

566 2851 742 2908 solum
793 2866 985 2907 verum
1024 2850 1192 2905 Deum
1239 2848 1539 2905 credidisse
1577 2850 1697 2906 sine
1741 2847 1998 2906 Christo?
2056 2849 2165 2906 Sed

561 2952 850 3015 angustum
884 2952 958 3010 te,
993 2942 1269 3024 itaretice,
1300 2952 1356 2997 et
1374 2940 1545 2996 divini
1573 2941 1808 3012 Spiritus
1830 2945 2165 3010 incapacem,

565 3037 870 3094 caelestium
933 3035 1201 3090 dictorum
1247 3044 1356 3089 nun
1395 3033 1511 3089 adit
1554 3046 1747 3089 sensus
1793 3051 1806 3087 :
1846 3044 1900 3090 et
1947 3034 2169 3104 vipereo

564 3128 859 3200 inspiratus
889 3142 1096 3193 errore,
1129 3124 1405 3182 Christum
1447 3140 1634 3182 verum
1683 3126 1849 3182 Deum
1881 3127 2067 3182 nescis
2114 3128 2169 3182 in

2256 1944 2461 2007 patrem
2509 1931 2800 1988 nativitatis
2843 1931 3043 1986 veritas
3083 1927 3275 1984 doceat
3312 1921 3702 1983 confitendum.
3731 1923 3848 1981 Non

2255 2027 2502 2085 deseruit
2532 2026 2696 2098 igitur
2718 2032 2876 2080 natus
2902 2023 3044 2079 Deus
3075 2030 3280 2078 naturae
3297 2035 3410 2076 sua:
3433 2019 3815 2091 proprietatem
3839 2036 3855 2074 :

2258 2129 2311 2178 et
2350 2116 2580 2177 naturali
2608 2119 2660 2175 in
2689 2134 2755 2174 eo
2786 2118 2985 2173 virtute
3012 2102 3118 2183 est,
3145 2113 3300 2185 cuius
3331 2112 3384 2167 in
3415 2126 3475 2168 se
3506 2119 3655 2166 tenet
3698 2119 3854 2165 natu-

2259 2212 2664 2274 ralinativitate
2709 2210 2978 2269 naturam.
3016 2210 3133 2267 Non
3183 2207 3328 2266 enim
3371 2208 3423 2264 itt
3464 2222 3530 2263 eo
3583 2204 3723 2262 Deus
3768 2211 3864 2260 aut

2259 2306 2593 2375 demtttatus,
2642 2308 2734 2363 aut
2778 2306 3013 2377 degener
3049 2312 3163 2369 est;
3218 2318 3342 2358 cum
3400 2301 3445 2357 si
3478 2297 3625 2374 quod
3674 2296 3861 2355 vitium

2262 2400 2517 2457 nativitas
2560 2392 2853 2466 intulisset,
2884 2397 2934 2453 ei
2984 2396 3161 2468 potius
3205 2402 3412 2452 naturae
3455 2387 3862 2458 contumeliam,

2264 2506 2363 2563 per
2398 2504 2559 2562 quam
2588 2489 2842 2545 nativitas
2869 2487 3217 2553 subsistebat,
3250 2482 3321 2559 (e)
3375 2484 3686 2551 inveheret,
3737 2483 3863 2539 dum

2265 2574 2410 2656 quod
2438 2597 2503 2639 ex
2532 2598 2591 2638 se
2617 2589 2702 2638 est
2729 2580 3003 2637 desineret
3031 2576 3195 2652 285
3223 2593 3346 2633 esse
3374 2572 3519 2648 quod
3550 2591 3707 2632 suum
3734 2585 3817 2631 est
3846 2593 3861 2631 :

2266 2687 2429 2748 atque
2472 2677 2546 2731 ita
2593 2688 2699 2731 non
2741 2684 2864 2729 eum
2912 2671 3211 2727 demutatio
3234 2667 3314 2744 (6)
3342 2666 3426 2747 (ί)
3469 2676 3862 2738 corrumperet,

2268 2770 2359 2842 qui
2426 2769 2480 2824 in
2543 2766 2899 2823 substantiam
2962 2772 3156 2819 novam
3207 2758 3485 2817 nativitate
3523 2759 3863 2824 substiterat;

2270 2861 2367 2917 sed
2394 2874 2540 2927 eum,
2579 2860 2674 2931 qui
2704 2857 2758 2914 in
2791 2854 3069 2913 nativitate
3095 2852 3190 2909 lilii
3221 2851 3489 2923 impotens
3518 2860 3723 2908 natura:
3754 2866 3867 2906 suae

2271 2963 2461 3012 tenere
2485 2952 2870 3018 constantiam,
2902 2960 3186 3006 externum
3210 2940 3414 3020 aliquid
3450 2962 3481 3002 a
3520 2956 3579 3003 se
3604 2944 3869 3002 alienum-

2271 3058 2380 3117 que
2404 3045 2701 3116 genuisset.
3592 3054 3599 3061 '

2346 3140 2437 3196 57.
2486 3136 2669 3194 Unitas
2714 3132 2890 3190 Patris
2926 3135 2972 3189 et
3007 3132 3131 3189 Filii
3159 3138 3260 3189 non
3308 3130 3532 3187 humano
3562 3146 3704 3187 more
3730 3130 3872 3203 cogi-

569 3224 677 3281 lide
718 3222 889 3279 solius
932 3221 1048 3277 veri
1101 3221 1196 3278 Dei
1244 3220 1310 3276 ad
1350 3219 1476 3277 vita:
1522 3221 1883 3277 aeternitatem
1909 3221 2170 3277 conﬁteri.
2201 3215 2247 3280 C
2280 3234 2458 3290 cauda,
2514 3230 2643 3287 Fuit
2672 3230 2931 3286 autimas,
2957 3259 3029 3270 _
3071 3224 3187 3284 Non
3217 3236 3303 3284 est
3350 3234 3528 3282 autem
3558 3268 3572 3293 ,
3620 3236 3675 3280 ιιι
3728 3240 3872 3293 εει-με

568 3319 722 3375 dum.

640 3412 733 3467 36.
776 3409 857 3464 Eo
897 3409 1034 3480 quod
1074 3409 1218 3463 solus
1249 3407 1390 3463 Deus
1435 3424 1584 3462 uerus
1612 3406 1788 3476 Pater,
1828 3414 1977 3462 uerus
2019 3408 2173 3463 etiam

578 3503 716 3558 Deus
743 3512 815 3557 est
843 3499 1094 3556 Christus.
1126 3500 1286 3554 Aliud
1310 3516 1424 3555 eum
1461 3500 1632 3554 dicere
1657 3497 1809 3554 Patri
1838 3510 1912 3555 est
1958 3501 2170 3570 injuria-

575 3611 711 3651 σωκ.
746 3620 816 3636 -
838 3592 946 3649 Sed
979 3592 1239 3648 Ecclesiae
1267 3590 1405 3648 ﬂdes
1428 3592 1603 3647 solum
1645 3608 1833 3648 verum
1868 3594 2033 3649 Deum
2087 3607 2180 3664 pa-

577 3697 715 3744 trem
742 3684 1018 3752 eonl'essa,
1049 3683 1339 3739 conﬁtetur
1366 3692 1421 3740 et
1444 3682 1740 3740 Christum.
1772 3683 1958 3755 Neque
1987 3702 2175 3742 verum

576 3777 851 3834 Christum
901 3776 1070 3832 Deum
1118 3774 1447 3843 conﬁtendo,
1479 3790 1587 3832 non
1637 3786 1694 3833 et
1750 3779 1926 3834 solum
1986 3795 2178 3837 verum

576 3878 748 3932 Deum
767 3880 974 3948 patrem
996 3871 1319 3930 conﬁtetur:
1341 3884 1516 3946 neque
1538 3888 1752 3931 rursum
1782 3876 1956 3933 solum
1988 3890 2177 3933 verum

645 4038 724 4108 (Vl)
754 4036 946 4108 Plane;
975 4051 1123 4101 mox,
1154 4050 1256 4091 non
1280 4033 1539 4106 relinquit.

658 4107 710 4165 '2
769 4107 928 4181 Ergo.

651 4107 734 4336 ξε)
764 4174 1057 4245 Credamus.
1085 4175 1297 4241 Postea,
1320 4170 1445 4259 quid
1464 4176 1672 4260 fueras?
1696 4174 1823 4249 quid
1850 4178 2114 4234 moraris?

651 4252 742 4336 ⁵4)
785 4250 843 4306 In
891 4260 994 4306 ms.
1043 4257 1252 4315 nostro,
1275 4247 1515 4304 substitit.
1547 4248 1715 4306 Paulo
1746 4260 1887 4322 post,
1918 4250 2114 4322 inceptu

586 4247 742 4381 ﬁt?)
785 4250 843 4306 In
891 4260 994 4306 ms.
1043 4257 1252 4315 nostro,
1275 4247 1515 4304 substitit.
1547 4247 1717 4306 Paulo
1746 4260 1887 4322 post,
1918 4250 2184 4322 insepara-

656 4485 737 4560 (a)
787 4484 929 4560 δοιει⁸
955 4482 1124 4560 editio
1155 4478 1300 4560 Pan,
1334 4474 1750 4560 uutts_Q_ominus
1772 4478 1971 4560 Pater-5
2009 4481 2172 4539 male.
2207 4494 2258 4555 ι)

585 4550 894 4629 Respicitur
918 4555 1003 4629 hie
1024 4554 1174 4610 locus
1201 4550 1645 4629 Apostolilﬂor.
1679 4564 1799 4620 vnt,
1828 4552 1882 4629 β,
1916 4551 2052 4608 libro
2084 4564 2178 4608 su-

588 4622 834 4702 peri'ore,
903 4627 1058 4697 cujus
1106 4622 1262 4681 num.
1310 4625 1382 4680 '55
1428 4622 1627 4679 videsis
1653 4664 1670 4691 ,
1722 4624 1943 4694 copiose
1989 4633 2186 4679 tracta—
2222 4664 2225 4665 ν

589 4714 696 4759 tus.

662 4772 737 4846 (ὁ)
782 4769 913 4827 Bad.
960 4783 1103 4823 cum.
1156 4766 1564 4846 aliquotﬂmss“
1612 4773 1669 4819 ut
1715 4781 1835 4846 sunt
1874 4764 2113 4821 credatur
2139 4775 2187 4822 et

591 4835 794 4899 Christo
838 4857 856 4897 :
896 4835 1292 4912 quuruurloco
1353 4835 1630 4912 Erasmus.
1684 4836 1880 4912 oblitus
1925 4846 2186 4912 quantum

590 4904 1029 4986 prteiatioue'sua
1062 4911 1112 4986 in
1140 4904 1556 4986 interpolatores
1584 4904 2187 4986 deciamasset,ﬂsttbsti-

591 4972 713 5053 tuit,
745 4993 801 5038 ut
828 5000 953 5053 cum)
972 4972 1195 5053 creditur
1221 4972 1331 5032 Déo
1356 4975 1540 5053 Patri,_
1576 4979 1814 5033 credatur
1860 4986 1905 5033 et
1950 4976 2175 5035 Christo.

590 5049 813 5131 Lips-jus
831 5050 1046 5110 tandem
1076 5052 1145 5131 de
1186 5064 1287 5131 suo
1334 5049 1590 5131 restituit,
1632 5065 1746 5131 cum
1790 5054 2181 5131 esse-credatur

590 5118 958 5183 et'CItristus:
988 5121 1131 5194 quod
1172 5130 1361 5193 postea
1381 5118 1630 5175 obtinuit.
1679 5120 1883 5194 Locum
1917 5121 2059 5194 hunc
2090 5139 2179 5178 re-

589 5200 852 5254 sarcimus
880 5196 947 5252 ad
980 5186 1141 5250 iidem
1172 5186 1303 5248 inss.
1338 5195 1389 5247 itt
1420 5207 1649 5261 quorum
1692 5192 1877 5261 tribus.
1904 5186 2181 5250 desidera-

592 5280 701 5337 tur,
731 5281 778 5324 et
808 5270 1012 5325 Christo
1036 5281 1209 5337 aqua:
1255 5256 1505 5334 repetitio
1524 5263 1823 5337 quatttdanr
1861 5256 2024 5320 habet
2044 5332 2051 5337 Α
2070 5281 2185 5319 etn-

610 5330 825 5406 ittasim,
878 5341 980 5393 hoc
1025 5330 1281 5392 nimirum
1319 5330 1489 5391 sensu
1543 5330 1558 5390 Ξ
1613 5334 1691 5390 'l‘tt
1734 5330 1824 5404 qui
1870 5351 1976 5406 non
2006 5332 2086 5391 vis
2128 5352 2186 5392 ut

610 5359 825 5406 “IaSIm,
879 5359 980 5393 IIOC
1025 5359 1281 5392 ΙΙΙΙΙΙΙΙῚΙΙΙΙ
1327 5359 1489 5391 κιιδυ
1544 5359 1558 5390 ἱ
1626 5359 1691 5390 tu
1734 5359 1824 5404 ψιι
1870 5359 1976 5389 ΙΙυΙΙ
2006 5359 2086 5391 γιδ
2128 5359 2183 5392 tu

592 5359 865 5466 Christum
911 5406 1076 5465 Deum
1125 5422 1246 5464 esse
1294 5407 1604 5477 credamus,
1650 5421 1809 5477 quam
1851 5402 1903 5460 ei
1941 5414 2183 5462 naturam

593 5482 855 5565 deputas?
901 5482 974 5549 ei,
1026 5481 1266 5550 inquam,
1314 5476 1405 5548 qui
1446 5479 1610 5532 vitam
1662 5476 1926 5534 aeternam
1975 5477 2182 5546 tribuit,

633 5561 707 5616 ui,
738 5561 845 5609 etc.

595 5573 1119 5698 quibelftsulgatis,
1160 5628 1347 5698 et_pro
1391 5610 1788 5698 nec;‘etl.nfra,
1827 5612 2185 5691 inseparabilis

598 5660 697 5765 prt‘:
725 5660 1046 5765 erarabitis.
1077 5660 1513 5765 Congiiiniorest’

672 5761 754 5832 (ά)
781 5757 1008 5844 ζιῃιιίιιηί⁸
1027 5760 1150 5816 cod.
1171 5758 1352 5828 Colb.,
1382 5757 1546 5816 Caro.
1576 5766 1632 5818 et
1655 5760 1839 5818 Germ.
1869 5767 1927 5814 ut
1944 5760 2187 5818 natiuita-

599 5844 698 5889 tam
725 5839 930 5897 ueritas,
962 5839 1067 5886 etc.

2269 3327 2383 3398 jam
2415 3320 2963 3381 commemOravimus
2988 3364 3001 3388 ,
3035 3320 3087 3375 in
3123 3321 3328 3376 unitate
3357 3310 3451 3374 Dei
3483 3318 3651 3389 patris
3679 3324 3733 3373 et
3774 3314 3871 3375 irei

2280 3416 2374 3476 lilii
2402 3420 2756 3475 humanarum
2791 3416 2977 3472 vitium
3008 3412 3322 3486 ‘opiulonum
3348 3430 3361 3470 :
3388 3412 3448 3468 ‘ut
3472 3412 3542 3468 sit
3571 3413 3657 3468 vel
3687 3412 3874 3467 cxten-

2279 3513 2383 3577 sio,
2417 3511 2501 3567 vel
2529 3510 2730 3576 series,
2761 3508 2845 3564 vel
2894 3506 3102 3573 ﬂuxus;
3133 3515 3189 3559 ttt
3225 3515 3315 3560 aut
3357 3500 3527 3560 rivtttlt
3559 3503 3679 3558 t'ous
3706 3496 3877 3559 etimi-

2279 3605 2373 3661 dat
2394 3605 2460 3661 ab
2492 3603 2719 3675 origine,
2750 3604 2843 3656 aut
2873 3614 3081 3656 ramum
3122 3598 3284 3653 arbor
3315 3596 3578 3652 teneat'in
3610 3597 3828 3650 caudice
3860 3639 3874 3659 ,

2282 3704 2374 3751 aut
2393 3694 2627 3751 calorem
2653 3692 2791 3763 ignis
2809 3692 3019 3747 emittat
3041 3688 3091 3743 in
3114 3688 3370 3761 spatium.
3391 3682 3516 3743 Ilaec
3544 3686 3686 3742 enim
3712 3688 3790 3757 (g)
3809 3686 3878 3739 ah

2283 3801 2343 3843 se
2385 3782 2726 3856 inseparabili
2774 3781 3118 3853 protensione
3164 3784 3385 3835 manent
3439 3778 3616 3849 putius
3638 3770 3876 3843 detenta,

2284 3863 2444 3953 quam
2467 3876 2546 3953 (It)
2571 3876 2672 3934 sibi
2702 3878 2860 3933 sunt:
2889 3874 3015 3931 dum
3045 3883 3099 3931 et
3134 3871 3283 3929 calor
3312 3870 3393 3945 (7)
3422 3866 3473 3927 in
3506 3871 3628 3944 igne
3652 3872 3735 3927 est
3761 3913 3778 3940 ,
3824 3880 3883 3927 et

2361 4035 2444 4108 (Β)
2460 4107 2463 4108 ν
2481 4035 2738 4108 cherret.
2772 4034 2948 4105 Atque
2968 4031 3040 4089 ita
3071 4044 3219 4103 saepe
3246 4028 3503 4087 scribitur
3524 4027 3629 4085 hoc
3656 4028 3882 4085 verbum

2287 4108 2342 4164 in
2369 4106 2559 4163 eodem
2590 4106 2797 4162 codice.

2387 4178 2442 4248 6)
2476 4176 2866 4245 Corrumpebat.

2387 4249 2442 4320 Ἰ)
2473 4248 2543 4305 ιη
2567 4249 2677 4322 igni
2703 4255 2796 4304 est.

2353 4485 2426 4560 (e)
2457 4485 2619 4560 Editi,
2645 4485 2881 4560 inferret.
2907 4484 2977 4560 A_t
2998 4495 3130 4560 mss.
3156 4478 3340 4544 Corb.,
3365 4477 3668 4560 MariuY‘at.
3688 4477 3804 4560 bas.
3824 4494 3887 4535 ac

2293 4548 2475 4628 plures
2498 4548 2617 4623 alii,
2635 4548 2909 4610 inueheret.
2934 4552 3181 4628 Quinque
3201 4548 3706 4628 eaantiquioribus,
3725 4550 3887 4628 initte-

2290 4622 2424 4684 ret'et
2450 4648 2462 4683 :
2489 4628 2579 4697 qui
2600 4622 2815 4698 quidem
2833 4634 2989 4698 antea
3014 4624 3213 4698 habent
3228 4622 3281 4676 id
3297 4622 3488 4698 potius,
3506 4637 3611 4698 non
3633 4622 3676 4675 ei
3696 4624 3886 4691 petitis.

2292 4688 2556 4769 Quocirca
2596 4688 2704 4753 lion
2729 4695 2978 4765 displicet
3006 4710 3134 4769 cum
3158 4688 3380 4769 Caru'ttt.
3494 4693 3665 4769 po_tt'us
3692 4688 3886 4748 natura:

2293 4763 2703 4826 coutumelia....
2748 4763 3038 4823 inhaereret.
3092 4766 3207 4821 Non
3251 4766 3395 4820 male
3424 4763 3513 4818 ltic
3544 4764 3702 4818 Pater
3751 4781 3889 4818 nuu-

2295 4849 2521 4911 cupatur
2569 4852 2759 4896 natura
2805 4854 2902 4909 per
2945 4853 3105 4908 quam
3154 4837 3407 4911 n‘ativitas
3439 4834 3730 4911 subsistit;
3762 4852 3885 4891 cum

2295 4906 2556 4971 adversus
2596 4906 2883 4968 haereticos
2927 4906 3109 4965 sermo
3156 4909 3246 4972 sit,
3298 4909 3388 4977 qui
3438 4906 3573 4961 Filio
3618 4906 3885 4977 diversam

2282 4984 2353 5040 ait
2395 5001 2463 5041 eo
2510 4997 2760 5040 naturam
2806 4980 3209 5037 adscribebant.
3256 4974 3425 5046 Quam
3476 4978 3578 5033 hoc
3623 4974 3767 5033 Patri
3819 4982 3889 5033 sit

2285 5056 2760 5122 contumeliosum,
2808 5053 3147 5108 demonstrat
3198 5053 3422 5121 August.
3450 5047 3631 5122 Serm.
3652 5064 3884 5122 cxxxtx,

2288 5120 2342 5183 n.
2376 5128 2432 5190 5.
2463 5138 2520 5184 et
2546 5128 2604 5185 4.
2642 5120 2760 5182 Vid.
2792 5140 2911 5194 sup.
2942 5123 3044 5178 col.
3078 5122 3205 5191 {03,
3244 5120 3353 5178 net.
3412 5136 3465 5187 a,
3494 5128 3541 5174 et
3569 5120 3696 5185 126.
3727 5132 3837 5178 not.
3871 5122 3887 5176 i

2285 5194 2445 5273 hujus
2467 5198 2727 5273 editionis.

2362 5261 2441 5343 (Ι)
2476 5269 2595 5325 Par.
2620 5274 2953 5343 corruperat;
2982 5264 3111 5343 editi
3141 5262 3256 5329 alii,
3284 5261 3639 5336 corrumpebat
3658 5279 3678 5318 :
3697 5277 3886 5318 emen-

2288 5334 2484 5397 dantur
2508 5356 2575 5395 ex
2606 5354 2736 5395 mss.
2764 5334 2919 5393 Culb.
2950 5347 3007 5392 et
3034 5334 3218 5392 Germ.

2368 5410 2445 5484 (g)
2479 5411 2637 5484 Bad.,
2660 5406 2753 5465 Er.
2783 5420 2837 5484 et
2860 5424 3049 5484 unuse
3079 5402 3391 5484 niss.Vatic.
3424 5404 3680 5484 omittunt
3716 5405 3779 5460 ab
3801 5421 3887 5460 se:

2292 5474 2520 5554 pro'quo
2541 5474 2677 5554 alter
2701 5474 2870 5554 codex
2901 5478 3071 5554 V_atic_.
3107 5477 3267 5534 habet
3293 5477 3347 5531 in
3374 5493 3447 5532 se.
3467 5474 3888 5554 Utruutqttepo-

2292 5548 2398 5609 test
2430 5548 2679 5607 'admitti.
2721 5548 2855 5606 Nam
2895 5551 2962 5606 ab
2990 5550 3183 5604 arbore
3230 5560 3413 5604 ramus
3438 5589 3452 5614 ,
3483 5560 3512 5601 a
3566 5550 3715 5602 fonte
3742 5549 3888 5603 rivus

2292 5624 2723 5695 protenduntur,
2751 5625 2885 5678 etin
2920 5623 2982 5677 iis
3026 5621 3196 5676 nihilo
3236 5621 3414 5674 minus
3469 5616 3723 5674 indivulsi
3772 5632 3886 5674 ma-

2293 5704 2440 5752 nent.

2367 5765 2447 5840 (It)
2477 5756 2822 5840 Mitt-illgms.
2847 5764 2943 5819 sibi
2970 5764 3183 5840 insunt.-
3210 5760 3351 5833 quod
3384 5760 3641 5840 Erasmus
3670 5761 3737 5817 ad
3767 5760 3890 5817 lim-

2296 5830 2735 5902 buin'adscripstt
2760 5879 2777 5909 ,
2803 5851 2866 5893 ac
2887 5846 3076 5908 postea
3118 5830 3264 5910 Lips.
3307 5842 3365 5891 et
3399 5832 3524 5891 Par.
3579 5831 3637 5890 in
3681 5840 3887 5891 textum
