4266 6260
556 295 657 356 511

1761 295 2008 353 SANCTI
2049 296 2308 355 lllLARll
2353 293 2661 355 EPISCOPI

3765 302 3870 357 51:!

558 429 684 470 nem
731 412 988 469 unitatem
1042 411 1275 467 Verbum
1326 424 1452 464 caro
1491 409 1720 479 factum,
1763 427 1886 466 cum
1928 411 2154 482 gloriam
2187 418 2236 474 Α
2265 411 2424 466 tionis
2451 421 2784 467 excesserat:
2813 413 3017 469 scilicet
3048 425 3103 469 ut
3132 413 3185 470 in
3231 429 3292 469 ea
3326 423 3516 469 natura
3550 429 3644 485 per
3667 417 3874 488 gloriﬁ-

566 505 729 562 Verbi
758 521 886 562 caro
906 514 1178 575 assumpta
1205 504 1484 560 tenuisset.
1516 504 1810 561 lteddenda
1841 506 2000 576 igitur
2020 505 2163 575 apud

562 601 822 668 seipsum
851 599 933 670 (a)
981 597 1125 652 Patri
1151 606 1269 654 erat
1322 599 1498 653 unitas
1537 613 1666 665 sua,
1711 609 1771 654 ut
1817 609 2024 654 natura:
2053 615 2166 654 sure

562 690 824 748 natis-itas
866 691 921 744 in
953 703 1012 744 se
1059 702 1270 743 rursum
1318 688 1665 759 glorilicanda
1716 689 2010 746 resideret:
2041 693 2168 761 quia

561 784 980 855 diSpensationis
997 785 1207 838 novitas
1222 783 1572 840 oliensionem
1595 785 1814 840 unitatis
1827 786 2094 850 intulerat;
2115 794 2171 840 et

565 879 748 934 unitas
763 885 820 931 ut
843 877 1074 948 perlecta
1116 888 1272 932 antea
1304 878 1506 941 luerat,
1533 878 1679 932 nulla
1701 893 1822 934 esse
1841 894 1984 934 nunc
2017 886 2168 946 pote-

565 980 671 1037 rat,
709 970 811 1025 nisi
841 969 1134 1040 gloriﬁcata
1173 969 1312 1038 apud
1334 984 1394 1025 se
1424 970 1610 1026 luisset
1635 972 1814 1025 carinis
1845 971 2166 1040 assumptio.

642 1063 735 1121 39.
761 1063 942 1119 Gloria
975 1063 1150 1118 Patris
1170 1064 1338 1132 gloria
1368 1062 1528 1129 Filii,
1558 1065 1710 1132 idque
1744 1076 1891 1119 sonat
1926 1063 2066 1134 apud
2095 1073 2167 1118 te.

571 1158 702 1215 Haec
731 1159 923 1213 homini
944 1169 1207 1229 assumpto
1240 1174 1340 1211 non
1369 1173 1611 1212 concessa
1633 1201 1646 1222 ,
1679 1169 1885 1229 peracta
1906 1161 2171 1229 dispensa-

568 1256 707 1310 tione
735 1262 964 1323 rogatur.
987 1281 1057 1291 -—
1087 1252 1152 1305 Et
1183 1252 1384 1306 idcirco
1409 1261 1558 1306 tanto
1588 1264 1745 1306 antea
1779 1261 2078 1322 praeparato
2102 1251 2172 1306 ad

573 1345 698 1401 iidei
739 1344 894 1413 hujus
927 1343 1334 1413 intelligentiam
1363 1359 1527 1399 sensu
1550 1386 1563 1409 ,
1597 1360 1719 1398 cum
1751 1345 2006 1399 dixisset:
2050 1342 2172 1397 Herc

567 1448 638 1491 est
653 1447 820 1492 autem
838 1438 938 1490 vita
953 1447 1162 1499 (eterna,
1181 1446 1234 1488 ut
1246 1444 1550 1506 cognoscant
1565 1445 1611 1489 te
1627 1435 1788 1489 solum
1803 1451 1969 1490 verum
1984 1432 2170 1498 Deum,

572 1539 619 1584 et
639 1545 787 1600 quem
803 1529 986 1582 misisti
1001 1527 1179 1581 Jesum
1203 1527 1458 1583 Christum
1485 1527 1665 1600 (Joau.
1683 1543 1814 1595 ιιι-ιι,
1828 1528 1885 1598 3)
1907 1545 1920 1591 ;
1948 1527 2176 1598 subjecit

575 1619 872 1676 secundum
890 1619 1309 1688 dispensationis
1326 1636 1437 1674 sua:
1460 1620 1846 1687 obedientiam,
1869 1621 1976 1693 Ego
2001 1630 2049 1674 te
2064 1619 2175 1690 glo-

577 1714 776 1784 riﬁcavi
799 1729 951 1784 super
975 1723 1167 1766 terram
1187 1756 1201 1777 ,
1243 1730 1372 1783 opus
1417 1715 1787 1780 consummaui,
1819 1715 1958 1784 quod
1989 1714 2176 1769 dedisti

2270 505 2535 559 cntionem
2583 521 2767 562 rursus
2812 517 2985 574 esset,
3017 510 3070 564 in
3097 523 3203 580 qua
3243 519 3584 566 sacramento
3629 521 3746 567 erat
3792 514 3875 568 ili-

2271 599 2409 655 viua:
2439 602 2726 656 nativitatis
2779 603 2988 669 uuitus,
3017 601 3098 675 (g)
3125 614 3378 675 essetque
3409 604 3556 660 Patri
3607 606 3747 675 apud
3787 621 3876 664 se-

2271 695 2556 765 metipsum
2588 695 2950 764 glorilicatus:
2983 707 3039 751 ut
3084 699 3225 765 quod
3275 698 3414 769 apud
3460 715 3581 755 eum
3629 711 3752 756 ante
3782 703 3876 756 ha-

2271 785 2433 842 bebat
2454 800 2722 856 maneret,
2755 805 2926 861 neque
2953 791 3218 846 alienaret
3249 793 3316 847 ab
3343 809 3408 848 co
3439 794 3625 849 lormze
3656 796 3747 850 Dei
3781 811 3878 852 na-

2272 889 2470 948 turam,
2503 883 2690 937 fortine
2721 883 2935 938 servilis
2981 887 3319 955 assumptio;
3361 887 3454 942 sed
3490 889 3628 958 apud
3676 899 3872 945 semet-

2273 973 2448 1042 ipsum
2497 974 2819 1044 glorilicaret
2854 975 3079 1032 formam
3101 979 3265 1040 servi.
3292 988 3347 1034 ut
3374 990 3617 1037 maneret
3646 981 3724 1054 (Ιι)
3751 998 3873 1038 esse

2273 1068 2368 1122 Dei
2399 1067 2607 1123 forma:
2639 1070 2763 1139 quia
2814 1073 2900 1141 qui
2955 1072 3006 1127 in
3039 1073 3133 1127 Dei
3165 1072 3333 1128 forma
3383 1087 3685 1142 manserat,
3736 1077 3878 1132 idem

2273 1168 2394 1216 erat
2421 1161 2471 1215 in
2501 1163 2642 1217 servi
2675 1162 2864 1218 forma.
2898 1163 2967 1219 Et
2997 1180 3117 1219 cum
3149 1169 3288 1222 servi
3323 1167 3493 1222 forma
3531 1167 3878 1240 gloriﬁcanda

2276 1264 2419 1307 esset
2449 1253 2500 1306 in
2525 1254 2618 1308 Dei
2647 1255 2838 1318 forma,
2868 1257 3005 1328 apud
3027 1273 3148 1312 eum
3171 1259 3342 1325 ipsum
3365 1260 3712 1329 gloriﬁcanda
3737 1272 3875 1330 erat,

2275 1343 2328 1397 in
2347 1343 2499 1413 cujus
2523 1344 2690 1400 l'orma
2717 1346 2902 1401 turma:
2919 1349 3130 1403 servilis
3149 1361 3265 1405 erat
3282 1350 3495 1406 habitus
3515 1352 3875 1408 honorandus.

2349 1437 2438 1491 40.
2467 1437 2632 1493 Verba
2656 1439 2752 1494 Dei
2777 1441 2970 1510 qualia.
3000 1440 3230 1496 Gloriam
3249 1445 3393 1498 carni
3415 1461 3516 1498 non
3557 1445 3712 1500 Verbo
3738 1463 3884 1517 qum-

2276 1532 2393 1586 sivit
2421 1531 2674 1587 Christus.
2714 1533 2911 1589 -Non
2968 1551 3108 1590 nova
3161 1552 3290 1591 vero
3336 1537 3484 1603 lucc,
3527 1554 3706 1610 neque
3736 1555 3880 1596 nunc

2279 1628 2510 1696 primum
2546 1628 2868 1699 evangelicis
2911 1629 3170 1684 doctrinis
3202 1629 3267 1702 (i)
3289 1633 3598 1701 consignata
3643 1648 3745 1688 vox
3774 1634 3885 1688 Du-

2280 1720 2412 1776 mini
2435 1730 2520 1777 est
2543 1741 2558 1775 :
2583 1731 2638 1776 et
2661 1722 2760 1777 hoc
2789 1724 2964 1794 ipsum
2990 1725 3068 1796 (j)
3103 1721 3437 1795 glorificandi
3469 1724 3585 1780 Filii
3631 1727 3772 1796 apud
3800 1741 3889 1782 se-

577 1805 706 1859 mihi
732 1815 787 1859 ut
810 1805 1028 1875 [acerem
1051 1803 1214 1876 (Ibid.
1249 1805 1328 1876 4).
1357 1805 1485 1862 Post
1511 1822 1650 1876 quae,
1677 1815 1734 1860 ut
1764 1807 2013 1860 meritum
2043 1807 2174 1862 obe-

2286 1815 2571 1885 nietipsum
2602 1816 2695 1870 Dei
2747 1818 2913 1885 patris
2959 1828 3354 1872 sacramentum
3387 1818 3746 1888 pulcherrima
3797 1820 3886 1874 illa

578 1899 794 1956 dientizc
811 1910 864 1954 et
881 1911 1274 1955 sacramentum
1299 1900 1459 1954 totius
1480 1899 1896 1969 diSpensationis
1917 1899 2179 1970 intellige-

576 2013 784 2060 remus,
806 1995 1033 2065 adjecit,
1063 1994 1129 2049 Et
1157 2010 1291 2048 nunc
1314 1993 1388 2064 (ὁ)
1417 1993 1652 2063 gloriﬁca
1673 2009 1752 2046 me
1778 2002 1832 2046 tu
1862 1991 2020 2046 Pater
2044 1993 2184 2064 apud

580 2091 902 2162 temetipsum
928 2088 1096 2161 gloria
1133 2104 1287 2158 quam
1328 2087 1572 2141 habebam
1597 2128 1610 2152 ,
1636 2096 1908 2156 antequam
1940 2085 2184 2139 siccatum

580 2192 739 2249 esset,
768 2182 910 2252 apart
953 2191 999 2234 te
1028 2179 1190 2252 (Ibid.
1226 2180 1304 2253 5).
1337 2180 1441 2249 Qui
1465 2194 1686 2236 manere
1707 2177 1978 2234 Christum
2010 2181 2062 2232 in
2091 2193 2173 2232 na-

580 2286 702 2331 tura
727 2274 824 2329 Dei
851 2275 1100 2346 denegat,
1117 2285 1171 2330 et
1194 2274 1609 2344 inseparabilem
1639 2273 1761 2329 esse
1782 2283 1944 2344 atque
1971 2271 2183 2328 indill‘e-

580 2379 789 2424 rentem
826 2384 855 2422 a
887 2369 1003 2422 solo
1042 2368 1153 2422 Deo
1185 2383 1310 2423 vero
1339 2383 1444 2422 non
1467 2365 1672 2432 credit;
1717 2369 2042 2437 respondeat
2066 2381 2184 2437 qua:

582 2462 744 2532 hujus
772 2463 1046 2532 petitionis
1065 2464 1135 2518 sit
1158 2462 1314 2527 ratio,
1335 2461 1401 2517 Et
1425 2478 1560 2518 nunc
1587 2461 1824 2534 glori/ira
1845 2477 1922 2516 me
1947 2471 2001 2514 tu
2029 2459 2188 2514 Pater

510 2537 533 2558 ⁸
581 2561 727 2630 apud
744 2561 1080 2630 temetipsum.
1115 2559 1254 2630 Quid
1279 2560 1422 2616 enim
1446 2574 1622 2614 causa:
1651 2567 1756 2626 est,
1788 2567 1844 2612 ut
1873 2573 1996 2612 eum
2029 2556 2188 2612 Pater

583 2652 851 2724 glorificct
873 2653 1015 2724 apud
1043 2655 1429 2724 semetipsum?
1461 2661 1553 2706 aut
1581 2666 1700 2722 qua:
1741 2650 1892 2706 verbi
1933 2649 2091 2721 hujus
2117 2653 2186 2704 si-

581 2745 860 2815 gnificatio
881 2746 1000 2801 est?
1022 2747 1186 2816 quive
1202 2745 1610 2816 signiﬁcationis
1637 2743 1860 2800 effectus
1884 2745 2000 2798 est?
2028 2742 2190 2798 Pater

582 2851 818 2906 namque
838 2851 947 2892 non
969 2845 1090 2907 eget
1107 2837 1276 2906 gloria
1297 2877 1312 2901 ,
1343 2852 1441 2891 nec
1463 2852 1523 2892 se
1557 2837 1895 2892 exiuanierat
1921 2835 1989 2892 de
2016 2835 2186 2892 forma

582 2929 770 3002 gloria:
800 2944 932 2984 suae.
967 2927 1047 3001 (1)
1089 2928 1372 2998 Quomodo
1425 2941 1602 2985 autem
1650 2929 1793 2998 apud
1838 2930 2188 3000 semetipsum

585 3024 983 3095 glorilicaturus
1011 3032 1095 3079 est
1135 3023 1366 3090 Filium,
1396 3034 1536 3080 etea
1587 3025 1760 3095 gloria
1814 3041 1972 3095 quam
2002 3025 2189 3080 habuit

585 3119 728 3190 apud
789 3133 910 3172 eum
959 3127 1085 3172 ante
1131 3117 1317 3172 mundi
1369 3117 1846 3173 conetitutionem?
1894 3117 1999 3174 Sed
2047 3117 2187 3189 apud

591 3228 716 3269 eum
746 3212 948 3268 habere
979 3212 1069 3283 qui
1099 3226 1294 3268 sensus
1323 3212 1442 3266 est?
1473 3211 1589 3266 Non
1639 3213 1781 3266 enim
1814 3212 1885 3267 ait
1926 3212 2151 3282 gloriam
2175 3254 2190 3279 ,

588 3320 750 3376 quam
801 3303 1064 3359 habebam
1110 3315 1396 3374 antequam
1437 3305 1694 3359 saeculum
1758 3313 1936 3370 esset,
1970 3304 2042 3377 (e)
2069 3321 2190 3360 cum

589 3412 768 3454 essem
798 3396 940 3466 apud
994 3405 1081 3460 te;
1115 3395 1212 3452 sed
1259 3398 1511 3463 gloriam,
1541 3413 1701 3466 quam
1748 3396 2011 3453 habebam
2050 3397 2192 3468 apud

590 3500 667 3546 te.
697 3490 834 3545 Esse
866 3490 1011 3546 enim
1040 3489 1180 3560 apud
1213 3499 1286 3557 te,
1329 3492 1712 3546 consistentem
1760 3491 2059 3562 signiﬁcat:
2095 3493 2193 3545 ha-

589 3581 725 3639 bere
767 3593 948 3640 autem
1000 3584 1140 3655 apud
1188 3594 1272 3647 te,
1321 3593 1524 3640 naturae
1572 3596 1970 3640 sacramentum
2011 3585 2191 3640 docet.

594 3674 847 3745 Glori/ica
876 3677 955 3747 (2)
979 3692 1110 3732 vero
1140 3676 1223 3750 (ά)
1255 3694 1334 3732 me
1356 3678 1497 3746 apud
1526 3687 1592 3742 te,
1627 3693 1732 3732 non
1760 3678 1902 3733 idem
1940 3677 2190 3748 estquod

589 3770 832 3841 glorilica
871 3786 973 3830 me.
1008 3770 1126 3826 Non
1161 3772 1304 3826 enim
1352 3771 1702 3840 semetipsum
1749 3771 2040 3842 gloriﬁcari
2079 3781 2195 3827 tan-

591 3874 710 3917 tum
738 3863 902 3936 288
925 3863 1020 3930 ita,
1053 3872 1110 3917 ut
1130 3863 1232 3918 sibi
1260 3864 1458 3934 aliquid
1486 3864 1556 3918 sit
1584 3865 1654 3936 (e)
1685 3865 1956 3934 proprium
1983 3865 2193 3934 gloriae,

592 3965 749 4026 rogat
771 3973 784 4008 :
809 3956 904 4010 sed
931 3956 1070 4027 apud
1102 3957 1453 4026 semetipsum
1484 3957 1697 4013 Patrem
1721 3958 2010 4029 glorilieari
2039 3972 2098 4013 se
2128 3957 2198 4013 ab

593 4066 662 4108 eo
685 4061 955 4122 precatur.
987 4051 1056 4109 Ut
1081 4053 1224 4108 enim
1256 4053 1307 4107 in
1338 4053 1541 4110 unitate
1567 4068 1665 4108 sua
1689 4062 1932 4108 maneret
1961 4063 2019 4106 ut
2047 4069 2199 4109 man-

593 4155 782 4209 serat,
815 4146 1212 4217 glorillcaturus
1251 4161 1375 4203 eum
1405 4147 1546 4218 apud
1587 4162 1646 4202 se
1688 4148 1846 4202 Pater
1889 4157 2040 4210 erat;
2073 4147 2199 4217 quia

593 4238 778 4309 gloria:
801 4254 914 4294 suae
948 4239 1030 4312 (5)
1066 4241 1244 4294 unitas
1286 4239 1354 4311 (Ῑ)
1388 4255 1483 4312 per
1520 4239 1883 4295 obedientiam
1916 4239 2203 4312 dispensa-

699 4398 747 4468 t)
781 4395 1052 4462 Quomodo
1078 4412 1220 4468 ergo.

699 4398 718 4452 t
781 4396 1052 4462 Quomodo
1078 4412 1114 4451 et

667 4396 749 4541 i2;
784 4468 950 4524 Abest
977 4485 1114 4524 vero.

2285 1909 2400 1978 spei
2443 1925 2556 1964 sure
2586 1910 2943 1980 gratulatione
2972 1920 3200 1967 testatus
3222 1922 3303 1967 est
3331 1921 3442 1966 tum
3466 1954 3481 1978 ,
3515 1928 3635 1968 cum
3657 1912 3788 1968 Juda
3819 1913 3888 1970 ad

2286 2001 2649 2071 proditionem
2702 2011 2934 2058 exeunte
2979 2047 2992 2069 ,
3039 2005 3235 2074 gaudio
3283 2006 3719 2060 consummauda:
3776 2021 3890 2062 sute

2285 2091 2717 2162 dispensationis
2751 2094 2920 2150 elatus
2965 2095 3080 2150 lucc
3121 2097 3290 2150 dixit:
3325 2096 3480 2150 Nunc
3525 2096 3891 2167 honori/iratus

2289 2195 2367 2240 est
2395 2186 2537 2255 [ilius
2565 2186 2788 2242 hominis
2808 2230 2822 2252 ,
2872 2197 2918 2241 et
2950 2187 3090 2243 Deus
3137 2187 3508 2261 honoriﬁcatus
3534 2201 3607 2244 est
3634 2191 3684 2244 in
3710 2207 3785 2244 co.
3829 2189 3892 2245 Si

2289 2278 2431 2334 Deus
2481 2279 2852 2350 honoriﬁcatus
2895 2291 2972 2336 est
3016 2282 3069 2336 in
3111 2297 3170 2335 eo
3201 2324 3215 2348 ,
3260 2291 3306 2335 et
3340 2281 3479 2335 Deus
3527 2282 3888 2351 honori/ienuit

2289 2390 2405 2428 eum
2430 2375 2485 2428 in
2514 2391 2587 2437 se,
2614 2384 2662 2428 et
2688 2375 2831 2430 Deus
2872 2377 3108 2447 protinus
3161 2375 3519 2445 honori/ienuit
3563 2392 3680 2429 eum
3708 2373 3889 2444 (Joan.

2293 2484 2410 2536 xut,
2441 2469 2532 2533 3i,
2563 2468 2680 2541 52).
2717 2468 2855 2536 Quid
2887 2467 3069 2523 limosi
3093 2469 3340 2536 corporis
3372 2483 3564 2537 graves
3590 2469 3804 2533 animm,
3837 2477 3893 2522 et

2292 2561 2551 2617 sordeutc
2606 2561 2844 2632 peccatis
2899 2561 3229 2616 conscientia
3293 2561 3492 2616 [ualidae
3554 2576 3894 2632 carnosa-que

2293 2654 2371 2728 (Ιί)
2387 2664 2595 2711 mentes
2613 2671 2780 2725 usque
2795 2654 3132 2725 adjudicium
3159 2653 3358 2708 diviute
3381 2653 3522 2736 dese
3549 2653 3896 2723 professionis

2296 2749 2598 2803 inﬂantur?
2629 2757 2684 2804 et
2709 2749 2945 2804 arbitros
2975 2761 3072 2802 nos
3102 2756 3307 2802 naturm
3324 2747 3560 2802 caelestis
3589 2746 3663 2818 (id
3689 2756 3780 2813 est,
3811 2745 3896 2800 di-

2297 2841 2462 2911 vinaa)
2489 2840 2832 2910 deputantes,
2867 2839 3045 2909 impiis
3093 2838 3157 2892 ad
3185 2839 3352 2893 Deum
3383 2839 3665 2896 calumnia:
3698 2848 3897 2894 nostra:

2296 2931 2750 3002 disputationibus
2783 2930 2847 3003 (ι)
2883 2931 3251 2988 rebellamus?
3277 2929 3487 2998 Quanta
3539 2930 3709 3000 potuit
3748 2929 3894 2985 enim

2297 3022 2561 3078 Dominus
2603 3025 2888 3080 verborum
2945 3024 3293 3094 simplicitate
3338 3022 3700 3093 evangelicam
3737 3021 3897 3078 [idem

2295 3116 2508 3172 locutus
2537 3126 2649 3172 est:
2679 3127 2734 3172 et
2771 3117 2821 3172 in
2866 3125 3070 3172 tantum
3101 3117 3168 3171 ad
3217 3115 3622 3187 intelligentiam
3656 3128 3896 3172 nostram

2220 3196 2266 3258 C
2301 3224 2583 3265 sermones
2613 3210 2848 3279 aptavit,
2885 3210 2936 3264 in
2968 3219 3228 3280 quantum
3261 3220 3465 3264 natura:
3497 3222 3698 3265 nostra:
3731 3208 3900 3264 ferret

2300 3304 2612 3370 inﬁrmitas;
2646 3313 2954 3359 nontamen
2988 3313 3046 3358 ut
3104 3303 3306 3374 aliquid
3354 3305 3532 3359 minus
3556 3303 3776 3375 dignum
3805 3317 3902 3357 na-

2303 3405 2437 3452 turae
2465 3412 2577 3450 sure
2599 3397 2881 3466 majestate
2921 3397 3253 3466 loqueretur.
3305 3396 3374 3451 Et
3408 3397 3633 3467 primam
3682 3394 3898 3467 quidem

2301 3488 2427 3545 dicti
2477 3489 2559 3543 sui
2614 3488 3066 3560 signiﬁcationem
3110 3505 3217 3544 non
3265 3491 3568 3560 ambiguam
3617 3489 3898 3556 existimo,

2300 3596 2422 3636 cum
2449 3581 2556 3636 ait:
2589 3580 2746 3636 Nunc
2775 3581 3146 3651 honori/iectus
3168 3593 3242 3638 est
3271 3585 3413 3654 ﬁlius
3440 3582 3682 3638 hominis.
3713 3582 3899 3638 Gloria

2303 3674 2448 3728 enim
2475 3674 2651 3729 omnis
2695 3689 2799 3728 non
2831 3674 3032 3737 Verbo,
3073 3675 3167 3730 sed
3220 3677 3370 3732 carni
3411 3676 3819 3748 acquiri-batur:
3849 3675 3902 3730 itl

2259 3827 2264 3834 _
2304 3777 2408 3832 est,
2440 3784 2544 3823 non
2571 3768 2832 3823 nativitati
2859 3769 3024 3841 289
3053 3769 3188 3837 Dei,
3223 3770 3317 3825 sed
3362 3771 3471 3826 nati
3518 3771 3753 3826 hominis
3789 3769 3905 3825 dis-

2306 3863 2630 3933 pensationi.
2661 3861 2774 3916 Hoc
2820 3876 2951 3917 vero
2979 3861 3122 3930 quod
3168 3865 3433 3934 sequitur,
3461 3863 3590 3935 quid
3633 3863 3904 3934 signiticet

2306 3964 2600 4030 intermgo,
2636 3959 2700 4014 Et
2731 3958 2866 4014 Deus
2911 3958 3286 4029 honoriﬁcotus
3313 3967 3387 4012 est
3415 3959 3466 4011 in
3513 3974 3590 4011 eo.
3638 3957 3902 4012 llonorili-

2305 4066 2482 4110 catmn
2513 4057 2656 4111 enim
2684 4056 2822 4110 ineo
2852 4059 3016 4111 Deum
3048 4054 3206 4108 audio
3233 4072 3245 4108 :
3276 4064 3328 4108 et
3353 4053 3477 4124 quid
3521 4052 3660 4108 istud
3707 4053 3776 4108 sit
3817 4068 3904 4109 se-

2307 4147 2540 4202 cundum
2574 4147 2980 4216 intelligentiam
3011 4153 3177 4211 tuam,
3212 4145 3489 4213 lucretice,
3509 4146 3717 4214 ignoro.
3755 4143 3901 4199 Deus

2309 4241 2362 4296 in
2385 4255 2450 4296 eo
2497 4241 2886 4296 honoriﬁcatus
2927 4249 3041 4307 est,
3090 4241 3142 4294 iu
3172 4239 3284 4295 ﬁlio
3321 4240 3504 4312 utique
3548 4238 3816 4293 hominis:
3850 4248 3906 4294 et

2376 4397 2458 4472 (5)
2489 4397 2532 4454 U
2539 4399 2768 4454 nitatem.

665 4613 742 4687 (a)
769 4613 879 4671 Seu
903 4634 935 4670 a
961 4614 1139 4680 Patre,
1176 4615 1335 4670 tacita
1357 4629 1493 4670 voce
1521 4611 1694 4666 Filio:
1715 4610 1808 4682 qui
1837 4609 2077 4664 nativitas
2105 4625 2197 4661 na—
2225 4611 2278 4672 D
2303 4617 2355 4663 et
2384 4608 2500 4674 Er.,
2535 4618 2586 4662 ut
2613 4617 2838 4687 maneret
2862 4606 2961 4687 Dei
2983 4611 3150 4687 [arma
3173 4650 3213 4687 ,_
3218 4609 3340 4687 quia
3361 4609 3448 4681 qui
3486 4609 3538 4663 in
3565 4612 3732 4680 forma
3770 4608 3903 4664 srrri

596 4699 728 4742 ιιινιε
754 4704 862 4758 sua:
884 4697 1068 4758 ροειθίι
1095 4697 1336 4758 vocatur.

667 4759 743 4843 (ὁ)
769 4753 992 4843 ρειτὴιιι.
1018 4758 1211 4843 cod‘ex,
1246 4757 1490 4843 Cleri/ica
1521 4772 1708 4843 me...
1735 4753 1900 4843 gloria
1916 4753 2198 4843 quantm-rt:

600 4824 734 4886 buif
769 4830 902 4884 Tum
963 4845 1068 4884 ms.
1111 4828 1231 4883 Vat.
1276 4829 1395 4884 bas.
1444 4836 1717 4897 antequam
1781 4824 2002 4878 mundus
2073 4833 2200 4876 esset

601 4901 742 4956 anud
769 4910 835 4956 te.

635 4922 746 5045 Pili?)
769 4922 897 5027 (tinge
910 4971 1096 5045 verba,
1113 4987 1227 5025 cuin
1250 4986 1409 5045 essent
1421 4968 1562 5041 apud
1577 4979 1644 5035 te,
1660 4966 1859 5022 omittit
1879 4966 2051 5022 codex
2077 4965 2194 5020 Vat.

600 5041 748 5106 has.,
771 5044 864 5099 sed
897 5041 1072 5099 omitti
1104 5057 1208 5098 non
1241 5043 1458 5098 debent.

673 5117 754 5184 (ά)
782 5115 916 5170 Illud
947 5130 1025 5168 me
1049 5114 1346 5184 adjeeimus
1372 5129 1440 5168 ex
1490 5127 1592 5167 ms.
1620 5110 1743 5164 Vat.
1776 5109 1892 5164 bas.
1945 5119 1998 5165 et
2029 5109 2204 5164 altero

603 5187 876 5242 Vaticana;
900 5185 1264 5242 bibliothecae.

675 5258 751 5330 (e)
784 5259 839 5314 ιιι
861 5269 946 5314 est
972 5299 988 5323 ,
1017 5273 1124 5312 non
1153 5266 1306 5328 rogat
1328 5265 1404 5330 “ut
1454 5253 1659 5330 aliquid
1705 5253 1888 5330 gloria;
1929 5252 2064 5330 sibi_
2084 5266 2208 5330 pro-

602 5323 779 5400 prium
808 5330 1062 5386 obveniat
1088 5344 1152 5384 ac
1181 5323 1486 5399 péculiare,
1514 5326 1657 5398 quod
1678 5340 1801 5380 cum
1829 5323 2000 5397 gloria
2027 5323 2207 5379 Patris

603 5417 712 5458 non
746 5415 968 5472 prorsus
991 5415 1278 5455 commune
1302 5401 1395 5456 sit.

677 5469 862 5543 (θεία
880 5472 1139 5544 potiores
1167 5486 1298 5527 mss.
1326 5474 1392 5526 Αι
1414 5469 1567 5544 editi,
1599 5469 1866 5544 unitatem.

676 5537 752 5616 (ᾖ)
781 5537 973 5616 eode;
998 5543 1117 5598 Vat.
1169 5545 1282 5598 bas.
1313 5559 1434 5599 cum
1475 5540 1716 5609 Marum,
1747 5549 1971 5611 essetque
2015 5537 2206 5594 Pater:

600 5614 742 5686 quod
786 5629 892 5686 non
924 5614 1122 5682 placet.

674 5687 754 5758 (Ιι)
807 5685 861 5736 1η
891 5688 1123 5762 vulgatis
1150 5685 1303 5740 deest
1344 5703 1472 5752 esse,
1492 5684 1640 5762 quod
1663 5683 1946 5762 suppletur
1969 5697 2033 5737 ex
2065 5696 2197 5762 mss.

588 5753 689 5807 Sic
723 5753 888 5828 sgprft
919 5753 1122 5816 of“;
1156 5772 1256 5810 non
1297 5769 1350 5817 ut
1380 5753 1624 5828 Christus
1637 5789 1660 5819 ,ς
1684 5753 1779 5828 qui
1811 5756 1863 5807 in
1893 5759 2078 5828 [arma
2104 5753 2199 5828 Dei

577 5832 701 5898 erat,
734 5820 973 5889 G/n‘itms
999 5841 1122 5893 esse
1149 5837 1246 5882 non
1278 5839 1505 5890 Maneat.
1531 5825 1665 5887 Male
1687 5820 1865 5887 autem
1893 5820 2191 5896 'npudttttd.

2303 4689 2583 4743 manserat,
2616 4679 2752 4733 idem
2773 4689 2879 4733 erat
2900 4681 2952 4732 in
2979 4679 3144 4748 forma
3169 4679 3285 4734 Dei.

2378 4749 2442 4820 (i)
2465 4752 2582 4804 Par.
2608 4765 2729 4804 cum
2755 4762 2935 4806 vetere
2965 4766 3065 4806 ms.
3097 4751 3276 4817 Colb.,
3299 4753 3622 4820 conﬁrmata.

2379 4821 2458 4894 (il
2481 4821 2605 4877 Mss.
2645 4821 2788 4894 Vat;
2801 4822 2917 4876 b'IS.
2945 4831 3000 4877 et
3025 4821 3235 4877 Martin.
3261 4866 3274 4888 ,
3301 4823 3582 4894 gloriﬁcari
3600 4839 3620 4878 :
3648 4834 3756 4878 tum
3811 4837 3908 4878 so-

2307 4893 2391 4948 lus
2416 4893 2538 4948 Vat.
2571 4895 2711 4960 has.,
2741 4892 2937 4947 Filium
2979 4896 3123 4964 apud
3167 4892 3488 4965 semetipsum
3523 4895 3588 4949 de
3621 4894 3794 4949 Patris
3825 4911 3914 4949 sa-

2306 4974 2598 5020 cramento:
2629 4965 2904 5021 mendose.
2935 4965 3029 5020 Hic
3048 4981 3148 5019 vox
3171 4977 3548 5020 sacramentum
3577 4967 3801 5036 perinde
3823 4966 3912 5020 in-

2309 5035 2733 5108 telligendaest,
2768 5051 2831 5091 ac
2850 5037 2894 5091 si
2937 5036 3160 5104 repetita
3193 5045 3339 5092 esset
3370 5039 3420 5091 in
3460 5035 3604 5092 hunc
3649 5039 3866 5094 modum
3895 5055 3910 5092 :

2309 5107 2441 5162 Filii
2489 5107 2630 5175 apud
2682 5109 3032 5178 semetipsum
3080 5107 3413 5176 glorilicandi
3469 5119 3910 5178 sacramentum,

2309 5179 2452 5252 quod
2488 5181 2580 5234 Dei
2603 5180 2777 5234 Patris
2805 5192 3203 5252 sacramentum
3236 5191 3346 5252 est,
3385 5180 3435 5234 id
3465 5190 3569 5245 est,
3600 5183 3815 5252 propria
3841 5181 3907 5234 il-

2309 5251 2413 5304 lius
2439 5252 2608 5305 ratio:
2641 5267 2748 5321 quo
2777 5265 2942 5307 sensu
2973 5266 3117 5305 num.
3154 5251 3217 5305 3|
3250 5251 3450 5306 dictum
3509 5251 3615 5319 est,
3639 5254 3915 5308 Auctorem

2312 5323 2590 5376 nativitatis
2621 5337 2729 5375 esse
2749 5363 2763 5386 ,
2796 5331 3173 5377 sacramentum
3203 5332 3469 5390 paternum
3497 5332 3588 5378 est.

2384 5391 2463 5465 (k7)
2485 5393 2809 5465 ,Adjecimus
2835 5403 3023 5448 mentes
3045 5409 3108 5448 ex
3143 5408 3273 5448 mss.

2385 5464 2455 5539 (gl)
2481 5464 2690 5539 Bad._et
2712 5465 2812 5539 Er.
2836 5480 2958 5539 eum
2988 5480 3094 5519 uno
3123 5480 3224 5520 ms.
3254 5465 3426 5539 V_atic.
3477 5467 3710 5539 fallimus
3730 5508 3742 5530 ,
3766 5468 3913 5536 quod

2312 5547 2368 5592 et
2399 5533 2763 5590 habuitCurh.
2793 5553 2818 5587 a
2855 5537 3022 5605 prima
3053 5552 3234 5591 manu.
3281 5537 3402 5593 Par.
3427 5533 3548 5593 cum
3589 5554 3718 5594 mss.
3751 5533 3910 5594 Colb.

2308 5623 2372 5664 ac
2393 5607 2578 5682 Germ.
2605 5623 2983 5682 repugnamus.
3003 5607 3352 5682 Praeferimus
3379 5625 3501 5665 eum
3536 5608 3683 5682 Lips.
3715 5620 3764 5664 et
3785 5611 3912 5667 aliis

2308 5695 2436 5736 mss.
2480 5678 2804 5733 rebellamns.
2849 5679 2940 5733 Sic
2973 5680 3068 5734 lib.
3101 5695 3137 5733 ιι
3183 5682 3250 5734 ad
3305 5678 3681 5736 Constantfn.
3714 5682 3776 5737 ϐε
3811 5686 3910 5736 sub

2301 5749 2594 5880 geﬁcicndis
2621 5750 2925 5808 novitatibus
2953 5751 3095 5808 novis
3149 5751 3249 5823 ipsi
3273 5751 3342 5806 ad
3374 5753 3535 5808 Deum
3576 5752 3779 5810 vocibus
3819 5763 3909 5808 rt:-

2330 5843 2356 5880 c
2401 5833 2567 5878 cuius:

2297 5827 2567 5883 bellamus:
