4266 6260
603 295 708 352 515

1809 292 2055 350 SANCTI
2095 293 2351 350 llllAllll
2381 293 2683 352 EPISCOPI

3806 297 3914 352 5m

605 409 674 465 Et
699 424 822 466 cum
851 417 971 481 post
993 409 1572 464 uativitatemhominis
1584 408 1918 480 gloriﬂcatns
1941 409 1992 465 in
2019 410 2190 465 homi-
2223 408 2278 472 Ᾱ
2302 411 2413 466 veri
2442 412 2511 466 sit
2549 411 2663 467 lucc
2691 411 3025 468 necessitatis
3046 412 3336 468 confessio:
3372 413 3556 481 Amen,
3602 429 3754 470 amen
3785 417 3905 469 dico

607 523 695 574 ne,
714 507 766 562 in
787 514 994 563 natura)
1020 520 1130 561 sua:
1157 519 1366 560 rursum
1384 506 1608 576 gloriam
1641 505 1910 570 clarescit;
1928 508 2054 561 inse
2077 519 2199 559 eum

606 597 751 654 Deus
781 597 1063 663 clariﬁcat,
1115 612 1236 652 cum
1269 597 1320 652 in
1354 606 1558 652 natura:
1589 604 1826 668 paternae
1854 597 2101 669 gloriam,
2137 597 2203 654 ab

608 707 670 748 ea
701 707 795 761 per
823 691 1280 760 dispensationem
1317 698 1638 756 evacuatus,
1667 690 1985 745 assumitur.

678 783 769 837 η.
816 782 938 836 Νοη
967 783 1072 837 alia
1119 781 1298 838 Patris
1323 792 1370 838 et
1416 783 1539 838 Filii
1589 783 1772 852 gloria.
1813 781 1928 836 Vita
1981 797 2084 835 non
2131 790 2203 835 est

607 876 774 931 Deum
799 893 948 931 nosse
976 879 1084 932 sine
1110 875 1338 941 Christo,
1354 880 1441 948 qui
1463 887 1510 931 et
1534 877 1675 933 Deus
1704 894 1852 932 verus
1882 875 2194 931 est—Con-

607 968 777 1023 cludit
814 977 994 1023 autem
1040 969 1770 1040 audacissimumttnpietatis
1817 978 1920 1024 tuae
1967 967 2204 1023 furorem

607 1061 906 1132 apostolica
963 1061 1115 1126 fides,
1147 1079 1212 1115 ne
1234 1078 1341 1132 quo
1372 1063 1584 1118 licentia
1625 1064 1808 1118 liberae
1836 1061 2206 1132 intelligentia:

609 1157 874 1225 cvageris,
904 1171 1025 1210 cum
1049 1157 1120 1210 ait
1148 1174 1161 1211 :
1195 1155 1259 1208 Et
1283 1157 1450 1210 omnis
1506 1155 1682 1227 lingua
1718 1153 2060 1226 confitebitur,
2085 1153 2204 1221 quia

609 1245 863 1302 Dominus
883 1246 917 1301 J
923 1266 1040 1304 esus
1072 1249 1153 1319 (Ι)
1177 1250 1230 1302 in
1250 1249 1416 1319 gloria
1434 1247 1532 1302 Dei
1564 1249 1724 1317 patris
1751 1248 1977 1318 (Philip.
2003 1263 2062 1312 ιι,
2093 1245 2204 1317 ll).

611 1341 780 1406 Quem
811 1340 953 1394 enim
986 1339 1039 1393 in
1079 1353 1204 1395 sese
1251 1341 1409 1394 Pater
1434 1340 1777 1410 gloriﬁcavit,
1814 1340 1866 1393 in
1892 1353 2008 1407 ejus
2035 1338 2207 1408 gloria

611 1432 947 1488 coniltcudus
993 1444 1096 1490 est.
1147 1435 1208 1488 Et
1236 1435 1326 1502 qui
1358 1434 1408 1488 in
1441 1433 1616 1487 Patris
1655 1432 1827 1504 gloria
1869 1431 2208 1488 conﬁtendus

611 1538 718 1593 cst,
749 1526 822 1598 (a)
857 1533 913 1581 et
940 1542 1100 1596 quem
1143 1526 1194 1578 in
1227 1541 1284 1580 se
1314 1525 1471 1580 Pater
1497 1525 1817 1595 gloriﬁcavit
1838 1567 1852 1590 ,
1898 1525 1950 1580 in
1984 1524 2067 1578 his
2093 1524 2209 1580 sine

612 1621 773 1677 dubio
801 1621 1181 1691 intelligendus
1229 1631 1312 1676 est
1334 1635 1477 1686 esse,
1525 1621 1722 1692 quibus
1747 1620 1906 1674 Pater
1930 1631 2042 1685 est;
2086 1635 2206 1673 cum

613 1724 668 1770 et
701 1716 750 1768 in
784 1727 984 1770 secum
1009 1715 1417 1785 gloriticaverit.
1451 1724 1504 1769 et
1534 1715 1588 1770 iu
1629 1713 1802 1784 gloria
1833 1716 1952 1782 ejus
1983 1714 2052 1768 sit
2073 1729 2208 1768 con-

2306 505 2466 572 uobis,
2509 522 2610 560 non
2655 516 2813 576 potest
2862 504 2911 558 F
2914 506 3034 561 ilius
3068 506 3135 560 ab
3160 521 3215 561 se
3243 511 3415 578 facere
3467 507 3768 578 quidquam,
3807 511 3910 564 nisi

2305 595 2443 666 quod
2473 597 2653 652 uiderit
2684 596 2903 652 Patrem
2929 599 3204 668 facientem
3234 597 3416 670 (Joan.
3444 613 3500 664 ν,
3532 597 3643 671 l9).
3674 599 3787 657 Nisi
3813 602 3914 655 du-

2308 689 2499 759 plicem
2553 692 2961 760 responsionem
3007 690 3217 761 duplex
3265 692 3905 766 Judaeorumindignatio

2310 781 2388 854 (5)
2415 785 2614 854 exigit;
2648 786 2719 838 sit
2750 785 2864 840 lucc
2891 784 3047 854 plane
3073 783 3403 840 infirmitatis
3448 785 3739 855 professio,
3772 790 3905 844 nihil

2309 876 2375 930 ab
2401 891 2457 932 se
2508 878 2682 932 facere
2723 877 2916 932 Filium
2945 893 3125 948 posse,
3158 878 3259 933 nisi
3288 881 3429 949 quod
3463 879 3656 935 Viderit
3692 881 3904 937 Patrem

2307 969 2614 1025 facientem.
2643 971 2794 1039 Quod
2833 973 2879 1026 si
2906 967 3004 1026 iud
3027 973 3105 1027 eis
3132 982 3187 1027 et
3215 972 3397 1027 violati
3447 974 3657 1028 sabbati
3689 987 3895 1030 reatum

2309 1062 2706 1131 objicientibus,
2741 1074 2795 1118 et
2850 1063 3216 1132 aequalitatem
3273 1065 3323 1119 in
3350 1062 3568 1120 Christo
3593 1066 3690 1120 Dei
3719 1066 3786 1137 (Ι)
3815 1081 3912 1137 per

2310 1154 2611 1224 professum
2663 1156 2763 1210 sibi
2797 1157 2966 1210 Deum
3015 1165 3225 1226 patrem
3281 1169 3390 1211 non
3431 1157 3754 1222 ferentibus,
3805 1159 3910 1213 sub

2310 1247 2503 1303 eodem
2552 1249 2698 1304 dicto
2733 1249 2800 1304 ad
2828 1261 3115 1320 utrumque
3150 1265 3471 1322 responsum
3521 1263 3642 1319 est;
3679 1262 3912 1324 putasne

2311 1356 2408 1412 per
2434 1341 2830 1397 confessionem
2861 1345 3228 1412 responsionis
3256 1359 3414 1414 posse
3441 1345 3706 1400 dictorum
3763 1349 3908 1401 oculi

2313 1434 2641 1489 veritatem?
2671 1435 2734 1490 Et
2776 1451 3096 1506 quamquam
3127 1436 3178 1490 in
3210 1437 3320 1491 alio
3350 1437 3531 1491 libello
3563 1437 3702 1507 (Lib.
3730 1453 3823 1503 ru,
3852 1453 3908 1493 η.

2313 1527 2343 1581 7
2372 1527 2392 1598 )
2421 1533 2677 1581 tractatus
2707 1527 2793 1582 hic
2821 1543 2852 1582 a
2905 1529 3062 1582 nobis
3109 1529 3261 1601 locus
3311 1529 3505 1584 fuerit:
3561 1539 3739 1586 tamen
3783 1531 3910 1601 quia

2313 1635 2418 1675 non
2450 1620 2610 1675 modo
2642 1636 2749 1674 non
2793 1621 2972 1688 obest,
3000 1621 3096 1676 sed
3145 1623 3305 1676 etiam
3332 1621 3399 1676 ad
3434 1622 3750 1692 religionem
3783 1631 3913 1692 pro-

2313 1716 2445 1780 ﬁcit,
2483 1714 2643 1771 fidem
2673 1715 2993 1784 retractari,
3025 1716 3275 1771 eumdem
3327 1718 3524 1786 ipsum,
3579 1719 3700 1787 quia
3743 1727 3912 1772 causa

616 1807 866 1864 mundus.
898 1808 1014 1863 Non
1042 1809 1186 1862 enim
1236 1807 1320 1862 hic
1368 1823 1509 1862 nunc
1540 1806 1912 1861 tantummodo
1941 1804 1993 1859 in
2036 1807 2207 1876 gloria
2238 1805 2286 1866 B
2317 1810 2570 1882 postulat,
2603 1809 2962 1864 revolvamus.

616 1901 713 1956 Del
743 1913 844 1966 est,
875 1902 970 1959 sed
996 1903 1048 1957 in
1074 1902 1242 1973 gloria
1275 1901 1372 1958 Dei
1397 1900 1562 1971 patris
1600 1911 1703 1955 est.
1735 1900 1920 1970 Neque
1939 1900 2211 1972 glorifica-

615 1994 881 2061 vitgloria
903 1996 1194 2061 exteriore,
1244 1997 1322 2067 (2)
1365 1996 1460 2051 sed
1497 1996 1817 2066 gloriticavit
1859 1995 1932 2068 (b)
1964 1997 2016 2051 in
2061 2009 2204 2050 sese.

617 2084 673 2140 ln
695 2099 814 2140 eam
841 2101 964 2140 eum
989 2101 1108 2156 quas
1138 2102 1234 2142 sua
1257 2100 1338 2143 est
1362 2083 1587 2159 gloriam
1620 2088 1969 2156 resumendo,
2005 2097 2060 2144 et
2085 2102 2208 2142 eam

616 2177 842 2247 gloriam
868 2195 1025 2249 quant
1048 2181 1191 2250 apud
1219 2197 1344 2237 eum
1369 2182 1574 2250 habuit,
1603 2199 1725 2238 eum
1760 2193 1814 2239 et
1843 2184 1984 2254 apud
2008 2199 2067 2239 se
2092 2184 2211 2254 glo-

619 2271 795 2326 rilicat
823 2283 877 2326 et
903 2272 958 2327 in
990 2288 1131 2329 sese.
1179 2273 1354 2345 Atque
1385 2275 1454 2330 ita
1503 2275 1880 2346 inseparabilis
1909 2291 1939 2330 a
1965 2275 2091 2331 fidei
2114 2277 2214 2331 hu—

615 2362 710 2433 jus
741 2362 1124 2432 conjunctione
1166 2364 1484 2437 intelligitur
1514 2369 1673 2422 ctiam
1714 2369 1815 2422 sub
1859 2367 2090 2423 hominis
2119 2367 2218 2422 hu-

619 2455 870 2523 militate,
903 2457 981 2512 sic
1007 2456 1223 2513 dicens:
1249 2457 1374 2514 Haec
1399 2469 1472 2514 est
1493 2471 1662 2516 autem
1683 2461 1785 2514 vita
1811 2469 2023 2525 reterna,
2053 2472 2106 2514 ut
2132 2477 2219 2516 r0-

621 2561 866 2622 gnoscant
895 2562 942 2606 te
963 2552 1131 2606 solum
1169 2569 1342 2607 verum
1376 2552 1560 2619 Deum,
1585 2562 1630 2607 et
1657 2569 1802 2621 quem
1837 2555 2018 2608 misisti
2037 2551 2218 2608 Iesum

623 2642 885 2696 Christum
916 2642 1097 2712 (Joan.
1141 2659 1275 2711 xvn,
1306 2645 1364 2714 5)
1391 2663 1404 2698 :
1456 2661 1578 2701 cum
1609 2655 1666 2701 et
1692 2647 1809 2701 sine
1834 2646 2072 2709 Christo.
2100 2647 2220 2701 solo

622 2734 732 2790 Deo
765 2746 915 2804 patre
954 2738 1192 2807 cognito,
1226 2737 1332 2792 vita
1373 2747 1574 2794 aeterna
1605 2755 1710 2794 non
1751 2740 1841 2806 sit,
1896 2747 1950 2795 et
1973 2739 2222 2796 Christus

621 2827 956 2899 glorificatus
981 2830 1035 2884 in
1071 2829 1228 2884 Patre
1279 2831 1368 2884 sit.
1407 2831 1462 2887 Si
1491 2841 1670 2886 autem
1727 2847 1788 2887 ea
1839 2831 2056 2886 demum
2102 2831 2214 2886 vita

625 2929 828 2976 aterna
859 2932 964 2990 est,
1015 2923 1190 2979 solum
1239 2940 1424 2978 verum
1457 2924 1528 2998 (c)
1573 2926 1743 2981 Deum
1775 2942 1956 2992 nosse,
1981 2935 2038 2982 et
2061 2941 2222 2997 quem

626 3014 772 3070 misit
808 3012 994 3069 Iesum
1016 3015 1322 3082 Christum;
1349 3033 1455 3072 non
1485 3019 1824 3074 existimetur
1857 3019 2014 3089 plane
2067 3033 2226 3076 vetns

625 3105 768 3162 Deus
807 3102 1081 3174 Christus,
1128 3109 1171 3161 si
1213 3109 1322 3163 vita
1368 3109 1437 3163 sit
1479 3109 1530 3163 in
1577 3109 1745 3166 Deum
1775 3111 2071 3167 credidisse
2107 3112 2226 3168 sine

2383 1900 2475 1953 44.
2518 1900 2732 1955 Sabbati
2786 1901 2959 1954 violati
3005 1901 3216 1954 crimen.
3264 1900 3366 1966 Qui
3429 1909 3741 1955 amoveatur.
3791 1898 3912 1953 Non

2311 1991 2456 2046 aliud
2484 1991 2654 2046 Patris
2677 2009 2737 2046 ac
2757 1989 2884 2046 Filii
2906 2009 3052 2064 opus.
3073 1992 3276 2046 Crimen
3310 1993 3526 2048 alterum
3544 1994 3604 2047 ob
3632 2005 3916 2064 prtrsump-

2315 2095 2417 2140 tam
2447 2085 2546 2139 Dei
2570 2086 2929 2154 requalitatem.
2949 2105 3022 2128 —--'
3048 2085 3183 2141 Hinc
3210 2098 3390 2141 autem
3423 2087 3652 2156 primam
3694 2101 3918 2155 respon-

2316 2178 2487 2234 siouls
2519 2178 2815 2234 necessitas
2847 2187 2965 2233 orta
2992 2187 3106 2235 est:
3163 2178 3228 2232 Et
3249 2189 3456 2251 propter
3511 2179 3606 2232 hoc
3651 2193 3914 2248 perseqtte‘

2317 2271 2502 2326 bantur
2545 2271 2721 2327 ἱειαωὶ
2757 2271 2957 2338 Iesum,
3005 2281 3052 2328 et
3098 2274 3393 2342 qumrebant
3433 2287 3552 2326 eum
3599 2271 3916 2340 interﬁcere,

2319 2366 2562 2434 quoniam
2601 2366 2708 2419 licet:
2737 2365 2958 2435 faciebat
2999 2363 3214 2418 sabbato
3239 2363 3422 2434 (Joan.
3468 2379 3524 2430 ν,
3555 2362 3672 2434 16).
3708 2363 3786 2417 Ira
3809 2364 3917 2417 ita-

2321 2473 2427 2527 que
2455 2473 2639 2513 eorum
2673 2473 2844 2528 usque
2875 2458 2941 2512 ad
2991 2457 3341 2528 cupiditatem
3384 2457 3741 2512 interficiendi
3795 2471 3918 2509 eum

2319 2552 2758 2616 accendebatur,
2805 2561 3022 2622 propter
3073 2566 3236 2620 opera
3307 2550 3531 2605 sabbato
3587 2559 3754 2619 gesta.
3816 2548 3922 2604 Sed

2325 2656 2376 2701 et
2409 2645 2683 2701 videamus
2709 2644 2835 2715 quid
2863 2644 3124 2699 Dominus
3151 2643 3526 2713 responderit:
3576 2641 3737 2697 Pater
3783 2657 3928 2696 mens

2327 2753 2487 2810 usque
2506 2739 2656 2794 modo
2679 2748 2947 2808 aperatnr,
2980 2750 3026 2793 et
3073 2754 3165 2808 ego
3206 2753 3392 2810 operor
3417 2735 3579 2808 (Ibid.
3609 2733 3718 2809 l7).
3769 2737 3930 2801 Quod

2328 2847 2458 2902 rogo
2491 2831 2628 2888 istud
2662 2848 2796 2902 opus
2824 2830 3001 2885 Patris
3021 2841 3126 2895 est,
3151 2828 3424 2894 haeretica,
3455 2826 3787 2882 demonstra.
3823 2826 3934 2881 Per

2329 2924 2522 2980 Filium
2552 2926 2696 2980 enim
2718 2935 2772 2980 et
2802 2925 2854 2978 in
2885 2923 3020 2978 Filio
3047 2921 3226 2976 omnia
3249 2930 3396 2984 sunt,
3425 2930 3478 2977 et
3505 2921 3734 2975 visibitia
3761 2929 3810 2974 rt
3835 2920 3928 2973 in-

2333 3018 2583 3072 t'isibilia.
2617 3017 2684 3071 Et
2707 3027 2782 3083 tu,
2811 3016 2900 3086 qui
2927 3015 3064 3070 ultra
3095 3013 3384 3084 Evangelia
3406 3013 3570 3083 sapis,
3602 3027 3824 3066 necesse
3851 3019 3938 3066 est

2333 3122 2392 3168 ut
2418 3110 2496 3185 (g)
2522 3112 2640 3168 aliis
2665 3112 2933 3184 aliquibus
2984 3124 3308 3166 arcanorum
3361 3108 3620 3162 doctrinis
3663 3108 3936 3177 cognitio—

625 3197 862 3253 Christo.
893 3197 964 3253 Et
991 3198 1132 3266 quod
1179 3200 1328 3255 solus
1355 3201 1498 3256 Deus
1549 3211 1699 3271 pater
1729 3203 1872 3260 Deus
1906 3219 2063 3260 verus
2097 3214 2214 3270 est;
2246 3201 2293 3266 C
2325 3227 2444 3263 nem
2479 3209 2684 3278 paterni
2711 3208 2890 3277 aperis
2917 3206 3266 3276 adeptussis,
3297 3214 3352 3260 ιιι
3379 3214 3689 3275 operantem
3723 3204 3802 3276 (h)
3841 3221 3937 3257 ne-

627 3307 734 3346 non
786 3293 1054 3361 pertineat
1095 3292 1160 3347 ad
1212 3293 1379 3348 Deum
1412 3293 1713 3362 Christum,
1766 3297 1869 3352 nisi
1920 3299 2089 3368 gloria
2144 3299 2222 3369 (tl)

627 3384 831 3440 Christi
853 3386 1028 3440 omnis
1058 3385 1110 3440 in
1137 3386 1254 3441 solo
1295 3403 1422 3442 vero
1449 3388 1561 3444 Deo
1593 3398 1742 3460 patre
1768 3403 1869 3446 est.
1900 3392 1954 3449 Si
1995 3393 2138 3449 enim
2172 3396 2224 3447 in

627 3494 749 3534 sesc
775 3494 898 3533 eum
927 3479 1193 3550 gloriﬁcat
1214 3481 1394 3548 Pater,
1425 3492 1480 3536 ct
1518 3483 1667 3538 solus
1697 3484 1855 3539 Pater
1883 3481 2028 3540 Deus
2060 3496 2224 3540 verus

631 3581 732 3637 est,
764 3587 867 3626 non
898 3579 1056 3629 extra
1086 3575 1260 3630 solum
1287 3591 1472 3632 verum
1497 3579 1660 3634 Deum
1691 3578 1938 3636 Christus
1962 3591 2045 3635 est
2066 3599 2078 3636 :
2103 3582 2228 3652 quia

629 3665 990 3736 gloriﬁcatum
1015 3667 1066 3722 in
1093 3667 1262 3724 Deum
1306 3669 1604 3733 Christum.
1634 3671 1900 3742 gloriﬁcet
1947 3673 2103 3728 Pater
2135 3690 2228 3727 ve-

631 3775 726 3814 rus
751 3761 894 3816 Deus
915 3763 1064 3819 solus
1092 3763 1144 3818 in
1173 3778 1315 3820 sese.
1344 3765 1410 3820 Et
1447 3763 1588 3836 quod
1613 3781 1641 3820 a
1675 3767 1794 3821 solo
1816 3783 1944 3822 vero
1975 3765 2046 3840 (e)
2074 3769 2234 3838 glori-

635 3853 829 3909 ficatur
858 3855 910 3910 in
937 3870 1079 3924 sese,
1113 3873 1218 3912 non
1250 3858 1517 3914 alienatur
1547 3875 1576 3914 a
1605 3861 1722 3915 solo
1754 3876 1911 3927 vero;
1945 3862 2069 3933 quia
2097 3863 2150 3917 in
2177 3875 2234 3918 se

631 3948 749 4004 solo
777 3949 1102 4017 glorificatur
1122 3966 1151 4006 a
1178 3968 1326 4007 vero.

705 4042 790 4095 45.
840 4039 1107 4114 Objectum
1157 4043 1257 4098 Ill
1305 4057 1482 4100 contra
1538 4045 1668 4102 Filii
1719 4048 1978 4103 deitatem.
2024 4048 2231 4106 —-Sed

636 4133 774 4189 forte
806 4131 904 4204 pia:
932 4134 1054 4191 huic
1096 4137 1222 4194 tldel
1269 4153 1490 4210 nostrae,
1532 4141 1709 4215 impia!
1740 4143 1978 4214 perfidia!
2007 4153 2110 4200 tua:
2141 4159 2232 4200 cc-

635 4233 814 4282 currat
834 4231 1094 4296 assertio;
1127 4241 1182 4286 ut
1212 4231 1387 4290 aliena
1417 4235 1581 4310 292
1635 4235 1704 4293 ab
1735 4238 2097 4311 intelligentia
2131 4239 2230 4295 Dei

708 4386 789 4532 (1)
828 4388 896 4443 In
916 4390 1082 4460 gloria
1107 4401 1184 4446 est
1213 4391 1304 4449 Dei
1330 4396 1528 4454 Patris.

708 4459 764 4530 (ἓ
832 4460 938 4516 Sed
965 4461 1270 4532 glori/ienuit
1309 4470 1527 4532 gloriam

641 4530 653 4542 .
708 4459 788 4532 (ἓ)
832 4459 938 4543 Sed
965 4461 1270 4543 glori/ienuit
1309 4470 1527 4540 gloriam
1561 4472 1614 4525 in
1639 4485 1770 4527 seret
1800 4471 1966 4527 Paulo
1994 4482 2135 4543 post,
2167 4479 2218 4526 et

634 4535 689 4585 in
717 4547 830 4586 eam
853 4535 1092 4605 gloriam,
1117 4552 1224 4594 nou
1255 4535 1434 4596 et'eam
1461 4543 1699 4614 gloriam.

735 4675 787 4751 a)
825 4677 882 4734 lu
909 4681 1056 4750 prius
1082 4682 1308 4750 vulgatis
1335 4683 1523 4740 deerat
1541 4683 1800 4751 particula
1828 4693 1898 4738 et.

733 4746 786 4820 b)
829 4746 1322 4809 Aubtoritateinss.
1373 4746 1706 4811 remorimus
1755 4755 1880 4810 hinc
1900 4751 2227 4809 vocabulum

638 4819 824 4902 gloria.
851 4821 984 4888 Quae
1020 4831 1347 4902 sequuntur,
1403 4827 1623 4895 majoris
1666 4827 2060 4902 perspicuitatis
2101 4839 2232 4902 ergo

640 4893 708 4945 ita
733 4893 1066 4969 tlispooenda
1109 4904 1262 4950 sunt:
1298 4896 1434 4952 Eum
1472 4893 1520 4953 et
1571 4893 1711 4968 apud
1739 4893 2068 4969 se'gloriﬁcat
2097 4906 2143 4948 et
2173 4896 2228 4948 in

639 4979 768 5038 sese.
800 4964 1016 5038 ineant
1047 4981 1163 5038 eum
1213 4983 1326 5036 qua
1372 4986 1467 5022 sua
1513 4964 1616 5034 est,
1646 4983 1750 5024 etc.
1792 4964 1931 5038 quod
1957 4979 2225 5033 notamus,

640 5035 940 5112 quiaprins
971 5035 1156 5112 vitiosa
1181 5035 1614 5112 interpunctione
1645 5035 1950 5112 perturbata
1979 5048 2151 5094 erant.

715 5099 805 5176 (c)
834 5099 1172 5184 [n.Vttlgatis,
1206 5099 1372 5166 Deum
1395 5099 1928 5181 patremfreduudat
1957 5120 2227 5184 postrema

641 5191 766 5243 vox,
793 5188 847 5231 et
866 5177 1020 5233 abest
1042 5196 1070 5233 a
1104 5197 1233 5236 mss.

683 5248 792 5329 ⁹((1)
817 5245 872 5329 L_i
884 5266 962 5316 ps.
995 5252 1198 5329 ctHPar.
1227 5271 1292 5329 ex
1321 5258 1562 5329 margine
1591 5258 1820 5324 Erasini,
1849 5255 2038 5313 Christi
2064 5253 2232 5307 homi~

642 5322 752 5374 nis:
779 5322 1167 5380 reluctantibus
1193 5326 1312 5381 aliis
1356 5322 1524 5384 libris.
1573 5331 1682 5386 Nec
1722 5322 1852 5386 Sane
1871 5329 2070 5384 Christi
2106 5335 2228 5380 lan-

643 5401 755 5472 tum
779 5404 832 5446 ut
858 5391 1124 5472 heminis.
1154 5397 1248 5472 sed
1285 5401 1518 5456 maxime
1563 5414 1618 5457 ut
1661 5404 1774 5469 llei,
1804 5402 1972 5472 gloria
2014 5401 2064 5452 in
2117 5396 2234 5450 solo

643 5461 755 5516 Deo
787 5480 1006 5534 seraper
1029 5467 1146 5522 fuit.
1178 5469 1246 5524 Et
1269 5474 1388 5539 quia
1415 5474 1590 5528 omnia
1619 5485 1683 5530 ex
1711 5461 1894 5528 Detret
1921 5473 1974 5528 in
2003 5472 2114 5526 Deo
2142 5482 2233 5535 Pi"

645 5547 725 5615 tre
748 5551 974 5618 semper.
1013 5539 1278 5618 militum
1315 5545 1416 5598 alia
1451 5545 1549 5600 fuit
1585 5545 1782 5600 Christi
1813 5545 2089 5618 Patrisque
2119 5544 2236 5618 glo-

648 5608 746 5660 ria.
775 5623 883 5690 ltti'l‘l
908 5608 1010 5667 alia
1052 5615 1334 5690 divinitas:
1379 5634 1439 5674 at:
1485 5623 1709 5690 proinde
1759 5619 1845 5673 ubi
1883 5608 2055 5690 l’atér
2093 5611 2240 5667 solus

645 5692 809 5758 "erus
837 5679 1350 5758 Peluspraadicatnr,
1379 5679 1496 5745 non'
1516 5692 1822 5747 excluditur
1867 5687 2136 5743 Christus.

704 5753 780 5825 (θ)
811 5751 954 5825 3"”-
984 5751 1108 5814 ὕδε-
1132 5759 1297 5813 εοάεκ
1334 5751 1421 5820 hic
1459 5763 1606 5818 addit
1628 5763 1765 5819 Deo:
1793 5762 1923 5816 citra
1953 5755 2240 5825 necessita-

636 5815 768 5882 tem:
810 5815 944 5872 Τυιιι
972 5826 1125 5906 apud
1153 5825 1274 5886 f’ar.
1304 5815 1418 5893 non
1439 5815 1632 5892 alienat
1656 5815 1698 5893 ά
1711 5815 1833 5895 solo
1863 5846 1999 5900 tero,
2029 5828 2148 5899 ‘lm
2187 5824 2244 5880 ίη

2328 3302 2407 3356 bis
2457 3302 2665 3357 Patrem
2730 3300 3003 3356 ostendas.
3058 3300 3210 3369 Quod
3245 3301 3288 3354 si
3353 3299 3508 3354 Pater
3557 3309 3812 3368 operatur
3884 3300 3940 3352 in

2331 3393 2470 3448 Filio
2491 3435 2504 3458 ,
2533 3392 2830 3447 secundum
2863 3391 3004 3462 quod
3035 3393 3147 3462 ipse
3189 3393 3298 3446 ait:
3360 3390 3545 3456 Verba,
3599 3397 3712 3461 qua!
3737 3404 3829 3460 ego
3860 3391 3942 3444 lo-

2331 3493 2457 3556 quor
2485 3484 2643 3549 vobis,
2676 3483 2753 3556 (4)
2787 3502 2887 3539 non
2911 3501 3000 3555 ego
3026 3483 3087 3556 (i)
3119 3483 3436 3551 loqhor;sed
3461 3481 3636 3547 Pater,
3670 3483 3757 3553 qui
3779 3484 3828 3535 in
3857 3497 3936 3534 me

2334 3591 2522 3642 manet,
2557 3579 2662 3652 ipse
2697 3579 2822 3651 facit
2845 3595 3000 3650 opera
3035 3595 3129 3632 sua
3164 3575 3341 3648 (Joan.
3375 3592 3484 3640 xtv,
3527 3573 3637 3647 l0).
3696 3561 3934 3628 Videsne

2335 3671 2462 3744 quid
2489 3675 2589 3727 hoc
2621 3672 2692 3726 sit
2715 3689 2729 3724 :
2757 3669 2918 3726 Pater
2965 3687 3104 3725 meus
3131 3685 3290 3739 usque
3313 3668 3464 3722 modo
3485 3668 3771 3737 operatur?
3820 3666 3933 3720 lloc

2338 3768 2479 3822 enim
2520 3766 2640 3820 ideo
2679 3766 2770 3832 ait,
2807 3774 2862 3818 ιιι
2897 3772 3132 3835 paternae
3159 3763 3212 3815 in
3241 3778 3300 3816 se
3328 3771 3531 3815 uatnrtc
3559 3759 3634 3834 (j)
3661 3759 3934 3829 intellige-

2341 3871 2493 3916 retur
2544 3867 2807 3930 potestas,
2836 3858 2889 3912 in
2937 3855 3144 3910 sabbati
3174 3870 3335 3926 opere
3365 3853 3642 3923 potestatis
3690 3864 3800 3904 sua:
3833 3865 3938 3902 usa

2342 3965 2553 4010 natura.
2584 3953 2718 4008 Cum
2747 3952 2889 4007 enim
2919 3949 2996 4022 (5)
3023 3951 3076 4003 in
3097 3963 3156 4001 sc
3183 3959 3438 4017 operetur
3461 3953 3720 4014 operante
3750 3943 3937 4007 Pater,

2342 4051 2458 4121 ipse
2491 4059 2710 4103 necesse
2733 4053 2815 4101 est
2841 4044 2997 4099 Patre
3025 4051 3281 4110 operante
3301 4047 3582 4118 operetur:
3617 4046 3778 4106 atque
3805 4033 3935 4089 ideo

2342 4145 2436 4200 ait:
2466 4141 2625 4197 Pater
2650 4157 2787 4194 mens
2817 4154 2972 4207 usque
2995 4137 3143 4189 modo
3175 4141 3415 4208 cperatnr
3455 4121 3634 4203 (Joan.
3665 4145 3718 4197 ν,
3749 4127 3860 4200 l7).
3887 4139 3948 4182 ut

2340 4236 2515 4308 ipsum
2547 4233 2678 4290 illud
2701 4223 2806 4288 hoc
2852 4243 3094 4302 praesens
3137 4221 3406 4283 dictorum
3455 4231 3616 4296 atque
3651 4230 3933 4294 gestorum

2397 4398 2477 4542 :3)
2521 4396 2730 4469 Exegit.

2420 4470 2478 4540 4)
2522 4468 2642 4542 Non
2664 4485 2696 4521 a
2726 4488 2730 4519 π

2420 4470 2478 4540 4)
2522 4467 2696 4524 Nona
2726 4483 2806 4521 me
2825 4467 3026 4534 loquor.

2396 4541 2478 4612 (5)
2509 4541 2577 4596 In
2606 4557 2660 4596 se
2685 4549 2924 4611 operante
2945 4545 3202 4609 operetur.

2255 4683 2310 4743 D
2335 4697 2388 4734 se
2413 4680 2524 4734 solo
2552 4680 2874 4749 glorificatur
2924 4678 2976 4730 in
3004 4690 3154 4749 uero:
3204 4669 3498 4749 mendose;-
3531 4669 3644 4749 haec
3678 4666 3834 4749 enim
3869 4667 3947 4720 ita

2336 4739 2635 4822 intelligére
2657 4739 2742 4806 est
2785 4767 2797 4802 :
2843 4763 2948 4822 non
2977 4747 3245 4799 alienatur
3281 4743 3450 4822 abeo,
3482 4739 3756 4822 qui_solus
3781 4752 3949 4822 serus

2335 4832 2448 4887 est;
2477 4809 2601 4894 (ιῖιίιι
2632 4823 2700 4877 ab
2727 4835 2815 4885 eo,
2839 4820 2931 4890 qui
2972 4831 3133 4873 verus
3175 4827 3280 4878 est,
3314 4814 3364 4867 in
3404 4827 3464 4866 se
3502 4809 3633 4866 solo
3677 4809 3951 4880 gloritira-

2337 4905 2446 4949 tur.

2409 4964 2478 5038 (Ι)
2519 4966 2653 5020 Tres
2701 4979 2830 5020 mss.
2862 4961 3072 5038 _Vatic.,
3092 4962 3350 5038 "professo
3374 4955 3471 5038 sibi
3497 4951 3702 5038 Pentri.
3735 4951 3948 5007 Sensus

2335 5027 2776 5107 sicvperstiicuior
2797 5036 2930 5090 erit:
2959 5050 3061 5088 non
3088 5027 3382 5107 fetentibus
3406 5029 3466 5107 _in
3494 5027 3712 5107 Christo
3737 5039 3936 5107 atqua-

2336 5100 2540 5164 litit'em
2564 5100 2680 5174 Dei,
2713 5124 2872 5179 quam
2919 5108 3020 5162 ibi
3072 5101 3374 5174 proﬁtendo
3406 5100 3572 5154 Deum
3606 5105 3813 5166 patrem
3847 5104 3934 5149 at-

2337 5183 2626 5235 tribuerat.

2408 5251 2486 5322 (g)
2531 5252 2587 5306 ln
2610 5252 2767 5306 editis
2806 5249 3144 5322 desideratur
3170 5246 3309 5310 aliis,
3365 5257 3464 5322 nec
3495 5256 3604 5296 non
3646 5238 3826 5294 verbis
3873 5239 3947 5292 sis

2335 5315 2749 5384 cum'sequente
2780 5321 3036 5392 particula
3061 5329 3134 5380 ut,
3169 5327 3288 5388 post
3314 5315 3552 5384 adeptus.

2410 5396 2491 5464 (ἡ)
2532 5382 2647 5448 Duo
2671 5382 2810 5466 Inss'.
2827 5393 2979 5466 Coll).
3005 5392 3148 5466 nobis
3172 5382 3721 5466 'postt'einoystendas.

2410 5456 2485 5537 (i)
2512 5468 2672 5522 Solus
2715 5465 2886 5519 codex
2937 5463 3056 5537 Vat.
3237 5475 3357 5513 cum
3411 5456 3830 5537 hlartitt.mitoita
3861 5467 3947 5537 me

2344 5524 2546 5608 loqdor,
2598 5536 3062 5608 rousentientihus
3091 5532 3307 5604 quidem
3333 5543 3494 5598 supra
3521 5545 3576 5580 n.
3610 5525 3701 5590 9.9,
3727 5531 3780 5578 et
3804 5524 3944 5608 intra

2348 5602 2707 5668 n.'55.reditis
2736 5619 2789 5662 et
2817 5607 3054 5675 scriptis,
3087 5602 3294 5659 necnon
3333 5615 3488 5675 sacro
3511 5607 3657 5675 textu
3685 5611 3864 5665 graaco
3891 5602 3949 5652 et

2349 5681 2544 5735 latino:
2579 5682 2672 5734 sed
2715 5680 2836 5736 ideo
2867 5669 3047 5734 minus
3065 5685 3314 5746 suspecta
3351 5672 3438 5727 hic
3478 5669 3688 5725 videtur
3725 5682 3948 5721 eorum-

2347 5753 2468 5809 dem
2492 5753 2800 5808 consensio.
3219 5819 3226 5821 _
3467 5813 3485 5821 _
3679 5811 3689 5821 .

2421 5824 2443 5900 (
2454 5822 2508 5900 j)
2546 5823 2714 5899 Editi,
2739 5823 3105 5894 intelligeretur
3124 5811 3945 5894 majestasﬁefragantibusmss.
