4266 6260
651 289 760 350 319
1865 293 2107 352 SANtLTl
2150 297 2402 354 llllntl'tII
2447 297 2747 354 EPISCOPI
3857 305 3962 361 5'20

649 411 1000 481 confirmatur.
1048 407 1307 466 Meritum.
1353 443 1422 452 —-
1471 413 1540 468 Et
1585 413 1700 470 haec
1735 413 1950 486 quidem
2005 413 2247 485 quamvis
2275 417 2329 476 Α
2423 414 2514 470 49.
2543 416 2627 472 Λὶι
2669 434 2770 472 non
2806 434 2860 474 se
2880 434 3046 486 suam,
3091 419 3180 474 sed
3208 419 3384 476 Patris
3413 419 3584 491 facere
3616 422 3957 483 voluntatem.

652 518 775 560 cum
805 505 916 576 ipsa
945 521 1124 562 rerum
1155 505 1496 561 absolutione
1533 516 1758 563 tractata
1798 507 1943 574 sint;
1975 517 2152 564 tamen
2184 524 2252 564 ne

2357 508 2480 566 Non
2524 511 2586 566 ob
2616 513 2802 582 agendi
2833 513 3217 579 necessitatem,
3246 513 3336 568 sed
3363 513 3422 568 ob
3446 515 3716 570 unitatem.
3751 547 3823 558 —
3849 518 3966 575 Αιι-

651 600 776 670 quid
802 601 855 656 iu
885 616 951 657 eo
981 600 1122 670 quod
1146 599 1214 655 ait
1242 601 1539 657 Dominus:
1579 601 1698 658 Non
1731 611 1896 674 potest
1916 604 2057 674 ﬁlius
2085 603 2252 674 facere
2351 603 2516 676 junge
2544 620 2756 676 quoque
2787 605 2910 660 huic
2944 605 3072 660 illud
3095 647 3108 670 ,
3153 606 3295 676 quod
3323 607 3387 664 ad
3419 609 3771 678 opprobrium
3810 613 3962 668 inﬁr-

651 693 716 747 ab
755 709 808 747 se
844 693 1144 764 quidquam,
1197 695 1298 748 nisi
1333 695 1470 766 quod
1507 695 1688 750 viderit
1736 695 1944 751 Patrem
1983 697 2252 768 facientem

651 785 833 856 (Joan.
869 801 926 854 v,
961 785 1073 858 19),
1101 786 1167 842 ad
1193 786 1526 843 infirmanti-.1:
1546 797 1752 844 natura:
1774 789 1892 858 ejus
1920 791 2249 859 impietatem

653 879 902 951 proﬁciat
935 880 1112 952 potius
1136 923 1150 946 ,
1185 896 1344 953 quam
1372 882 1436 937 ad
1469 881 1906 939 demonstranda:
1936 893 2171 954 paterna:
2199 885 2250 938 in

653 986 715 1028 se
757 982 962 1027 natura:
1010 974 1426 1040 conscientiam,
1469 991 1567 1046 per
1609 991 1768 1046 quam
1817 992 1881 1031 ex
1933 977 2254 1032 auctoritate

652 1074 908 1137 operatus
939 1065 990 1121 in
1023 1066 1248 1121 sztbbato
1276 1080 1395 1134 est;
1420 1067 1546 1124 dicti
1578 1085 1790 1140 quoque
1817 1069 2074 1126 dominici
2102 1069 2168 1126 ad
2200 1071 2252 1126 id

652 1162 977 1233 pertinentis
1000 1161 1416 1219 demonstranda
1447 1163 1682 1235 cognitio
1713 1173 1816 1229 est,
1841 1179 1948 1235 quo
1983 1164 2094 1219 ait:
2123 1162 2193 1218 Et
2223 1181 2254 1218 a

654 1273 735 1312 tne
762 1258 898 1327 facio
926 1259 1078 1327 ni/til,
1107 1258 1196 1312 sed
1228 1270 1282 1313 ut
1307 1259 1479 1314 docuit
1503 1277 1583 1314 me
1610 1259 1792 1322 Pater,
1816 1260 1924 1314 haec
1952 1259 2151 1329 loquor.
2191 1257 2254 1312 Et

652 1351 740 1419 qui
765 1367 844 1405 me
869 1351 1024 1416 misit,
1050 1368 1245 1405 mecum
1268 1362 1342 1407 est
1362 1394 1378 1418 ,
1404 1353 1482 1426 (Ι)
1512 1363 1557 1407 et
1593 1369 1694 1406 non
1735 1353 1939 1423 reliquit
1961 1369 2038 1405 me
2065 1351 2252 1418 solum,

652 1449 892 1515 quoniam
905 1461 996 1516 ego
1017 1462 1131 1516 quw
1143 1455 1260 1500 sunt
1280 1446 1329 1498 ei
1349 1446 1539 1513 placita
1557 1446 1694 1514 facio
1714 1462 1911 1516 semper
1932 1444 2114 1518 (loan.
2139 1461 2253 1511 vm,

651 1538 721 1594 28
753 1548 799 1593 ct
826 1539 940 1609 ‘29).
973 1539 1226 1596 Sentisne
1253 1540 1378 1610 quid
1407 1540 1496 1606 sit,
1536 1555 1641 1594 non
1672 1554 1829 1611 posse
1857 1539 2146 1610 quidquam
2176 1539 2256 1594 fa-

654 1647 779 1688 cere
803 1630 1030 1698 Filium,
1067 1633 1169 1687 nisi
1199 1631 1378 1689 videat
1413 1633 1629 1688 Patrem
1669 1633 1994 1688 facientem?
2050 1640 2104 1688 et
2148 1647 2255 1701 quo

654 1736 996 1782 sacramento
1013 1725 1217 1782 dictum
1251 1727 1342 1794 sit,
1369 1735 1416 1782 et
1436 1745 1467 1781 a
1489 1744 1568 1782 me
1589 1727 1722 1799 facio
1745 1727 1911 1794 nihil;
1935 1735 1988 1781 et
2015 1743 2252 1793 rursum,

2357 698 2560 753 mitatis
2588 713 2852 767 usurpas;
2889 698 3052 752 Omne
3091 699 3226 768 quod
3253 700 3343 753 dat
3383 701 3508 755 milii
3549 700 3742 769 Pater,
3777 705 3846 758 ad
3882 722 3963 760 nte

2356 793 2509 856 venit,
2543 803 2590 846 et
2628 794 2909 847 venientem
2946 792 3013 846 ad
3051 809 3260 848 menon
3296 795 3507 865 apello;
3555 799 3676 866 quia
3722 799 3962 856 descendi

2357 885 2420 940 de
2445 885 2568 939 σωιο
2597 902 2698 938 ιιοιι
2731 895 2784 939 nt
2807 885 2998 956 faciam
3028 887 3337 941 voluntatem
3365 904 3550 954 meant,
3593 890 3682 944 sed
3720 891 3960 946 volunta-

2357 985 2455 1032 tem
2485 976 2660 1030 Patris
2681 979 2765 1048 qui
2787 994 2864 1030 me
2887 978 3024 1032 misit
3050 975 3232 1048 (Joan.
3259 995 3330 1045 vt,
3362 980 3431 1034 57
3461 991 3508 1034 et
3535 981 3650 1053 58).
3685 981 3791 1039 Sed
3824 983 3964 1042 forte

2357 1071 2474 1125 sine
2503 1070 2795 1126 voluntatis
2823 1072 3072 1126 libertate
3095 1071 3165 1126 sit
3188 1071 3378 1140 Filius,
3405 1083 3462 1130 ut
3487 1075 3536 1130 ei
3577 1086 3782 1133 naturae
3811 1079 3965 1134 infir-

2356 1163 2516 1218 mitas
2559 1163 2786 1232 imperet
2825 1165 3224 1218 necessitatem.
3265 1165 3390 1220 Ideo
3430 1177 3608 1222 autem
3643 1171 3955 1226 necessitati

2359 1257 2430 1310 sit
2454 1255 2732 1318 subditus,
2766 1272 2871 1310 non
2900 1257 3193 1321 voluntati,
3225 1268 3281 1310 ιιι
3309 1257 3463 1313 datos
3492 1260 3592 1315 sibi
3623 1262 3904 1319 venientes
3931 1279 3964 1319 ιι

2361 1345 2521 1400 Patre
2566 1363 2670 1401 non
2709 1347 2926 1419 apellat.
2965 1347 3070 1403 Sed
3122 1349 3445 1405 sacramenti
3491 1353 3743 1408 unitatem
3773 1354 3827 1409 in
3880 1355 3965 1410 his

2359 1437 2620 1493 Dominus
2641 1437 2970 1508 significans,
2995 1439 3121 1494 dum
3143 1456 3246 1494 non
3271 1441 3476 1510 repellit
3507 1443 3605 1498 sibi
3630 1443 3804 1510 datos,
3829 1445 3966 1501 dum

2359 1544 2466 1585 non
2494 1545 2667 1597 suam,
2700 1530 2794 1586 sed
2819 1530 3082 1586 mittentis
3119 1547 3177 1588 se
3203 1533 3312 1603 agit
3341 1535 3694 1602 voluntatem,
3725 1547 3845 1607 post
3871 1553 3967 1594 re-

2361 1625 2578 1695 petitam
2608 1623 2745 1679 hanc
2767 1625 3013 1680 eamdem
3041 1625 3241 1682 Judteis
3261 1631 3720 1686 murmurantibus
3745 1645 3964 1701 vocem,

2360 1719 2729 1787 intelligentia:
2753 1729 2950 1774 nostra:
2979 1735 3194 1776 sensum
3221 1721 3525 1791 confirmat,
3583 1724 3804 1780 dicens:
3837 1725 3968 1780 0m-

656 1816 781 1874 Non
810 1818 1017 1886 reliquit
1049 1836 1130 1872 me
1157 1820 1343 1886 solum,
1375 1820 1614 1889 quoniam
1653 1836 1745 1890 ego
1774 1835 1888 1890 qua:
1913 1829 2029 1874 sunt
2064 1819 2111 1872 ei
2145 1819 2260 1886 pla-
2291 1816 2336 1876 Β
2363 1812 2463 1874 nis,
2489 1811 2576 1876 qui
2602 1811 2745 1865 audit
2769 1829 2800 1865 a
2825 1809 2981 1866 Putre
3006 1823 3051 1868 et
3079 1814 3250 1878 discit,
3293 1817 3428 1870 venit
3451 1815 3521 1869 ad
3559 1833 3658 1883 me,
3697 1835 3799 1872 non
3826 1821 3968 1889 quod

654 1911 755 1966 cita
783 1911 918 1980 facio
943 1927 1139 1980 semper
1170 1909 1333 1982 (Ibid.
1365 1909 1492 1981 29)?
1521 1909 1576 1966 Si
1607 1911 1748 1966 enim
1786 1911 1908 1966 ideo
1938 1910 2072 1965 nihil
2099 1911 2166 1965 ab
2196 1925 2264 1966 se‘

654 2002 804 2070 facit,
831 2004 954 2075 quia
984 2004 1034 2058 in
1060 2017 1119 2058 se
1149 2013 1329 2058 manet
1360 2003 1557 2068 Pater;
1589 2002 1860 2074 quomodo
1889 2018 2103 2058 rursum
2132 2003 2256 2058 ideo

655 2110 714 2151 se
733 2095 908 2152 solum
936 2095 1095 2150 Pater
1125 2110 1228 2150 non
1257 2095 1490 2166 reliquit.
1525 2095 1646 2168 quia
1683 2111 1803 2168 qtae
1830 2106 1954 2151 sunt
1982 2096 2032 2152 ei
2061 2094 2252 2165 placita

655 2189 828 2248 facit?
863 2189 978 2245 Non
1010 2190 1309 2246 concordat
1335 2189 1632 2247 secundum
1675 2205 1892 2245 sensum
1937 2199 2110 2257 tuum,
2144 2189 2256 2244 haz—

658 2284 847 2348 retice,
882 2283 1148 2340 dictorum
1179 2283 1501 2352 diversitas,
1535 2293 1594 2338 ιιι
1637 2283 1765 2338 nihil
1801 2283 1959 2339 faciat
1995 2297 2024 2335 a
2065 2297 2126 2337 se
2153 2282 2253 2337 nisi

656 2378 850 2435 doetus
870 2395 900 2433 a
932 2393 1182 2439 manente
1213 2384 1266 2438 in
1303 2399 1365 2440 se
1389 2383 1549 2440 Patre
1575 2402 1588 2439 :
1630 2391 1684 2440 et
1714 2397 1927 2436 rursum
1972 2381 2175 2437 idcirco
2202 2377 2254 2431 in

657 2498 717 2540 se
756 2485 915 2542 Pater
943 2494 1158 2542 maneat
1184 2529 1198 2552 ,
1245 2486 1368 2557 quia
1399 2501 1520 2558 qua:
1546 2485 1596 2542 ei
1629 2493 1754 2542 sunt
1782 2485 1981 2551 placita
2006 2485 2167 2554 gerit.
2201 2475 2257 2534 Si

656 2577 800 2633 enim
834 2577 966 2632 nihil
997 2577 1066 2632 ab
1094 2591 1153 2634 se
1183 2577 1310 2633 facit
1351 2587 1572 2648 propter
1616 2585 1921 2632 manentem
1956 2576 2007 2630 in
2053 2591 2113 2631 se
2158 2575 2259 2629 Pa-

658 2677 796 2727 trem
823 2687 840 2737 ;
872 2671 1144 2742 quomodo
1174 2671 1301 2728 hinc
1330 2681 1386 2726 ut
1425 2671 1478 2726 in
1511 2671 1762 2727 se-Pater
1793 2678 2007 2726 maneat
2035 2669 2259 2725 meritus

658 2772 762 2828 est,
789 2763 932 2833 quod
963 2779 1024 2820 ea
1053 2779 1174 2834 quae
1201 2764 1249 2820 ei
1273 2765 1519 2835 placeant
1544 2763 1697 2834 agit?
1728 2761 1844 2818 Non
1868 2773 1950 2818 est
1971 2763 2114 2819 enim
2143 2776 2257 2816 me-

660 2857 822 2914 ritum
855 2857 1095 2923 aliquod,
1125 2874 1232 2914 non
1261 2858 1330 2914 ab
1357 2874 1414 2914 se
1447 2857 1527 2931 (2)
1554 2873 1744 2927 gerere
1773 2858 1852 2930 (τι)
1881 2873 2000 2928 qua:
2027 2865 2167 2928 agat.
2198 2856 2260 2912 Et

660 2961 871 3017 contra,
896 2949 1169 3017 quomodo
1199 2950 1342 3006 Patri
1375 2966 1496 3020 qute
1535 2950 1702 3004 Filius
1737 2959 1859 3020 agat
1889 2951 2078 3020 placita
2111 2959 2258 3013 sunt,

657 3059 782 3100 cum
809 3060 870 3099 ea
899 3044 1014 3116 ipsa
1044 3051 1168 3115 agat
1192 3059 1415 3098 manens
1471 3041 1522 3098 in
1553 3042 1692 3097 Filio
1717 3041 1916 3098 Pater?
1948 3043 2002 3097 In
2033 3051 2262 3113 augusto

659 3150 738 3202 es,
770 3136 1038 3205 impietas,
1065 3143 1120 3190 et
1167 3143 1218 3189 te
1264 3133 1623 3189 munitissima
1679 3132 1801 3188 fidei
1851 3143 2050 3190 nostra:
2090 3134 2262 3204 pietas

2357 1904 2538 1958 viderit
2568 1903 2780 1959 Patrem
2815 1907 3103 1979 quisquam,
3133 1909 3232 1963 nisi
3261 1909 3346 1978 qui
3383 1919 3458 1966 est
3499 1929 3530 1964 ιι
3567 1910 3698 1979 Deo,
3733 1913 3812 1968 hic
3839 1915 3970 1970 vidit

2360 1995 2590 2052 Patrem.
2617 1999 2794 2064 Amen,
2820 2017 2968 2054 amen
2994 2001 3109 2054 dico
3135 2001 3292 2067 vobis,
3318 2004 3402 2072 qui
3427 2004 3587 2059 credit
3610 2006 3664 2060 in
3686 2022 3785 2071 me,
3808 2007 3963 2062 habet

2358 2091 2517 2145 vitam
2544 2101 2788 2146 wternam
2816 2090 2981 2162 (Ibid.
3007 2093 3080 2149 45
3103 2101 3149 2147 et
3191 2095 3378 2165 seqq.).
3408 2095 3478 2152 Et
3498 2111 3682 2167 quaero
3704 2099 3966 2169 primum,

2358 2184 2451 2238 ubi
2498 2182 2713 2238 auditus
2755 2184 2826 2239 sit
2867 2184 3047 2251 Pater,
3090 2186 3180 2240 ubi
3228 2185 3478 2242 docuerit
3507 2188 3810 2246 audientes.
3857 2190 3969 2248 Sed

2363 2275 2574 2331 Patrem
2607 2292 2766 2332 nemo
2789 2277 2942 2341 vidit,
2976 2278 3080 2334 nisi
3109 2277 3201 2350 qui
3239 2294 3266 2332 a
3296 2279 3408 2334 Deo
3433 2290 3536 2334 est.
3592 2281 3660 2336 Et
3688 2283 3965 2353 quomodo

2359 2386 2484 2426 cum
2515 2370 2797 2442 quisquam
2827 2371 3080 2438 audierit,
3127 2386 3285 2442 quem
3327 2387 3488 2428 nemo
3517 2373 3685 2429 vidit?
3726 2376 3969 2435 Audiens

2360 2479 2491 2536 ergo
2516 2479 2543 2518 a
2574 2465 2766 2530 Patre,
2796 2464 2862 2519 ad
2892 2465 3084 2519 Filium
3112 2466 3278 2522 venit.
3313 2467 3521 2524 Etcum
3561 2467 3728 2531 Filius
3751 2469 3828 2541 (4)
3863 2485 3966 2526 au-

2360 2556 2506 2611 ditur
2532 2565 2585 2611 et
2613 2555 2794 2622 docet,
2839 2564 3044 2612 natura:
3071 2557 3121 2611 in
3168 2572 3235 2613 eo
3273 2565 3514 2628 paterna:
3565 2561 3865 2632 proprietas
3897 2560 3970 2635 (c)

2361 2660 2417 2707 et
2468 2653 2665 2708 auditae
2690 2662 2744 2708 ct
2763 2652 3006 2709 docentis
3029 2653 3333 2710 ostenditur
3358 2672 3372 2708 :
3418 2665 3474 2710 ut
3495 2655 3617 2718 hoc,
3641 2656 3782 2727 quod
3804 2657 3975 2713 docet

2362 2745 2536 2800 Filius
2561 2754 2617 2801 et
2645 2745 2881 2813 auditur,
2915 2757 3154 2818 paterna:
3193 2749 3456 2804 doctrina:
3497 2748 3826 2817 intelligatur
3865 2766 3971 2804 au-

2364 2838 2516 2896 ditio.
2549 2839 2681 2895 Nam
2713 2855 2835 2896 cum
2881 2856 3042 2897 nemo
3072 2841 3270 2896 viderit
3299 2841 3513 2896 Patrem
3534 2883 3547 2906 ,
3581 2850 3636 2895 et
3671 2841 3736 2896 ad
3767 2841 3974 2898 Filium

2364 2935 2612 2997 veniens,
2637 2951 2664 2988 a
2689 2935 2848 2989 Patre
2869 2935 3051 2989 audiat
3075 2943 3234 3006 atque
3259 2933 3434 2990 discat
3456 2943 3513 2988 ιιι
3539 2935 3749 2990 veniat:
3774 2933 3973 2991 admo-

2365 3044 2560 3083 nemur
2580 3027 2885 3098 intelligere
2915 3028 3038 3100 quid
3068 3029 3140 3084 sit
3159 3037 3213 3084 et
3243 3030 3296 3083 in
3319 3029 3571 3100 loquente
3592 3028 3730 3084 Filio
3751 3029 3972 3086 Patrem

2365 3121 2584 3186 ducere,
2619 3129 2673 3176 et
2708 3121 3082 3190 ingcouspecto
3122 3121 3260 3176 Filio
3289 3121 3528 3186 Patrem,
3561 3122 3649 3192 qui
3692 3137 3722 3175 a
3755 3124 3973 3180 nemine

659 3228 951 3285 concludit.
968 3229 1091 3300 Agit
1111 3227 1307 3299 aliquid
1327 3227 1517 3294 Filius,
1540 3239 1631 3282 aut
1648 3242 1752 3282 non
1775 3230 1916 3299 agit:
1941 3229 1985 3283 si
2008 3243 2113 3284 non
2135 3229 2260 3297 agit,

2374 3213 2447 3269 sit
2470 3213 2636 3278 visus,
2664 3213 2872 3279 audiri;
2915 3214 3036 3285 quia
3079 3225 3284 3269 natura:
3317 3223 3552 3284 paternae
3586 3214 3969 3284 proprietatem

603 3312 608 3316 ⁸
659 3319 933 3391 quomodo
959 3320 1010 3375 in
1044 3320 1126 3374 his
1153 3336 1272 3392 qua:
1300 3322 1409 3391 agit
1441 3321 1655 3389 placet?
1688 3320 1730 3373 si
1758 3329 1934 3375 autem
1964 3321 2094 3391 agit,
2123 3336 2260 3391 quo.

661 3413 825 3469 modo
851 3413 960 3483 agit
986 3413 1038 3468 in
1089 3411 1172 3468 his
1203 3428 1321 3482 qua:
1361 3412 1429 3467 ab
1459 3415 1656 3468 se'non
1697 3413 1850 3482 agit?
1891 3428 2011 3468 cum
2053 3422 2109 3469 et
2135 3429 2261 3483 pro-

660 3505 836 3578 prium
866 3508 936 3562 sit
965 3506 1139 3577 egisse
1161 3521 1280 3576 quae
1308 3505 1556 3576 placeant
1575 3547 1590 3572 ,
1617 3514 1672 3562 et
1695 3505 1813 3562 sine
1839 3505 2030 3562 merito
2055 3505 2126 3561 sit
2152 3522 2278 3561 non

660 3601 730 3657 ab
759 3615 818 3656 se
847 3599 1024 3670 egisse
1051 3616 1171 3669 qu:e
1194 3600 1444 3671 gesserit.

733 3693 823 3750 48.
861 3692 1031 3748 Filius
1055 3693 1144 3764 qui
1167 3708 1258 3765 per
1277 3709 1350 3761 se,
1376 3693 1461 3762 qui
1479 3709 1584 3762 pan
1614 3692 1677 3746 ab
1702 3708 1756 3747 se
1783 3701 1923 3763 agat.
1951 3721 2021 3733 —-
2039 3689 2142 3748 Sed
2167 3707 2262 3746 na-

661 3795 819 3850 turae,
853 3783 932 3858 (5)
961 3785 1051 3856 qui
1080 3784 1411 3840 contradicis
1435 3827 1450 3850 ,
1481 3783 1597 3839 hrec
1620 3784 1800 3839 unitas
1831 3792 1946 3842 est.
1977 3792 2037 3839 ut
2067 3784 2138 3839 ita
2168 3799 2264 3854 per

659 3893 721 3935 se
743 3889 886 3949 agat,
937 3894 1006 3934 ne
1047 3893 1076 3932 a
1107 3893 1166 3933 se
1193 3885 1350 3949 agat;
1393 3886 1448 3934 et
1478 3877 1548 3932 ita
1579 3893 1681 3933 non
1709 3878 1777 3935 ab
1814 3892 1875 3934 se
1899 3889 2044 3948 agat,
2081 3888 2140 3932 ut
2170 3894 2264 3946 per

661 3987 722 4028 sc
751 3983 891 4044 agat.
940 3973 1184 4043 lntellige
1211 3983 1459 4043 agentem
1493 3972 1722 4039 Filium,
1753 3984 1807 4028 et
1835 3989 1931 4043 per
1951 3989 2070 4028 eum
2101 3988 2266 4044 agen-

665 4073 773 4121 tem
801 4065 1037 4121 Patrem.
1067 4065 1181 4119 Non
1208 4065 1275 4119 ab
1297 4081 1356 4121 se
1383 4070 1512 4138 agit,
1547 4079 1667 4121 cum
1693 4065 1852 4122 Pater
1873 4066 1926 4120 in
1954 4081 2018 4122 eo
2041 4081 2265 4122 manere

664 4159 738 4233 (ὁ)
788 4159 1174 4215 monstrandus
1217 4168 1322 4215 est.
1372 4160 1477 4216 Per
1511 4175 1572 4216 se
1610 4162 1736 4231 agit,
1793 4175 1916 4217 cum
1969 4159 2264 4216 secundum

661 4251 784 4306 Filii
828 4252 1160 4307 nativitatem
1203 4253 1312 4322 agit
1337 4254 1450 4323 ipse
1477 4269 1598 4325 quae
1624 4253 1819 4324 placita
1846 4262 1991 4310 sunt.
2023 4251 2264 4308 Inﬁrmis

661 4345 732 4401 sit
759 4360 864 4400 non
891 4361 922 4400 ιι
946 4360 1006 4401 se
1033 4345 1264 4416 agendo,
1302 4347 1404 4404 nisi
1431 4347 1568 4404 adeo
1599 4349 1715 4420 ipse
1742 4349 1872 4419 agit,
1910 4356 1969 4402 ut
2007 4363 2127 4419 qua:
2156 4347 2267 4418 agit

664 4439 930 4508 placeant.
955 4439 1070 4497 Non
1102 4441 1173 4496 sit
1213 4456 1341 4497 vero
1362 4442 1414 4498 itt
1451 4442 1654 4498 unitate
1681 4453 1907 4508 naturae,
1935 4443 1980 4498 si
2015 4458 2121 4498 non
2143 4457 2266 4513 qua:

663 4533 780 4604 ipse
811 4535 973 4608 296
993 4535 1122 4606 agit,
1152 4545 1205 4590 et
1239 4533 1291 4590 in
1325 4535 1518 4604 quibus
1543 4535 1738 4605 placet,
1769 4549 1876 4590 non
1913 4549 2008 4605 per
2035 4549 2097 4589 se
2132 4534 2260 4604 agit,

2369 3305 2625 3360 nativitas
2653 3305 2774 3361 Filii
2809 3306 2860 3360 in
2887 3319 2946 3360 se
2978 3305 3212 3376 perfecta
3245 3306 3541 3361 contineat.
3576 3306 3778 3361 Volens
3810 3307 3976 3378 igitur

2369 3398 2674 3470 nnigeuitus
2709 3398 2851 3453 Deus
2887 3399 3264 3454 auctoritatem
3296 3406 3573 3469 paternam
3601 3440 3615 3464 ,
3649 3400 3802 3453 salva
3829 3401 3879 3454 in
3909 3415 3974 3456 se

2369 3501 2574 3546 natura:
2604 3493 2826 3557 unitate,
2855 3492 3062 3560 testari,
3087 3502 3138 3547 et
3167 3492 3320 3548 datos
3340 3493 3442 3548 sibi
3461 3508 3492 3547 a
3511 3493 3669 3548 Patre
3694 3495 3972 3564 uuu'apel-

2369 3582 2465 3648 lit,
2494 3592 2547 3638 et
2579 3583 2910 3640 voluntatem
2947 3601 3052 3640 non
3083 3600 3235 3641 suam
3257 3627 3272 3653 ,
3304 3587 3398 3642 sed
3429 3588 3546 3654 ejus
3573 3588 3662 3658 qui
3691 3603 3749 3644 se
3787 3589 3927 3644 misit
3953 3632 3968 3656 ,

2370 3674 2556 3741 efticit,
2592 3691 2696 3730 non
2725 3678 2866 3747 quod
2898 3692 3002 3732 non
3035 3677 3182 3745 velit,
3217 3694 3340 3750 qua:
3381 3681 3508 3751 agit,
3554 3689 3648 3736 aut
3686 3682 3827 3750 quod
3861 3697 3968 3738 non

2370 3768 2486 3838 ipse
2508 3769 2755 3826 audiatur
2781 3771 2871 3840 qui
2897 3771 3056 3827 docet
3081 3789 3093 3826 :
3123 3772 3215 3827 sed
3241 3783 3298 3826 ιιι
3321 3780 3378 3828 et
3407 3788 3530 3827 eum
3562 3775 3649 3843 qui
3675 3789 3734 3829 se
3765 3774 3963 3841 mittat,

2370 3873 2424 3919 et
2450 3879 2508 3919 se
2532 3865 2623 3935 qui
2655 3867 2853 3920 missus
2883 3873 2984 3931 est,
3021 3866 3121 3920 sub
3152 3868 3481 3938 proprietate
3512 3879 3715 3925 natura:
3747 3869 3962 3926 indiffe—

2371 3956 2544 4011 rentis
2569 3956 2918 4013 ostenderet:
2971 3973 3091 4013 cum
3129 3975 3249 4029 qua:
3279 3962 3410 4027 vult,
3461 3960 3591 4030 agit,
3621 3969 3675 4016 et
3703 3961 3960 4032 loquitur,

2373 4064 2437 4104 ea
2458 4059 2510 4105 et
2533 4049 2870 4105 voluntatem.
2904 4057 2959 4105 et
3003 4066 3162 4120 opera
3191 4060 3248 4107 et
3282 4051 3421 4120 dicta
3451 4052 3625 4109 Patris
3658 4067 3777 4110 esse
3805 4053 3974 4125 signi-

2372 4143 2516 4201 licet.

2445 4239 2605 4312 297
2627 4237 2717 4294 50.
2741 4237 2944 4295 Christo
2967 4238 3126 4295 libera
3146 4240 3396 4296 voluntas.
3419 4238 3530 4294 Nec
3551 4256 3582 4294 a
3604 4239 3778 4294 Patris
3794 4239 3979 4296 volun—

2375 4341 2476 4386 tate
2495 4332 2844 4387 dissidens.—
2863 4331 3018 4402 Quod
3035 4342 3211 4388 autem
3235 4334 3306 4390 sit
3321 4333 3504 4390 libera:
3526 4333 3839 4399 voluntatis,
3866 4349 3974 4390 non

2373 4427 2622 4498 ambigue
2650 4426 2887 4482 ostendit
2927 4441 3048 4481 eum
3079 4427 3184 4482 ait:
3220 4427 3366 4483 Sicut
3407 4427 3542 4481 enim
3578 4426 3736 4482 Pater
3759 4429 3981 4484 suscitat

2371 4530 2600 4576 mortuos
2643 4533 2687 4573 et
2731 4521 2986 4591 viviﬁcat,
3027 4520 3100 4574 sic
3134 4528 3182 4574 et
3224 4518 3398 4574 Filius
3436 4537 3563 4592 quos
3592 4520 3700 4575 vult
3743 4521 3976 4592 viviﬁcat

660 4625 756 4682 sed
803 4641 1028 4684 manens
1059 4628 1110 4682 in
1151 4642 1218 4684 eo
1252 4627 1320 4682 ad
1360 4627 1625 4698 agendum
1657 4627 1818 4682 Pater
1853 4627 2066 4682 edocet.
2100 4626 2176 4681 Ita
2208 4635 2260 4683 et

2366 4610 2547 4685 (Joan.
2573 4629 2623 4679 ν,
2649 4611 2763 4683 21).
2793 4613 2924 4668 Cum
2948 4613 3170 4684 mqualis
3198 4615 3248 4668 in
3277 4613 3437 4670 Patre
3462 4625 3516 4669 et
3547 4614 3683 4670 Filio
3709 4626 3763 4671 et
3794 4617 3974 4671 virtu-

661 4720 931 4776 manendo
974 4719 1136 4775 docet
1175 4719 1354 4787 Pater,
1397 4729 1449 4774 et
1494 4717 1663 4774 Filius
1691 4717 1902 4789 agendo
1945 4733 2052 4773 non
2092 4716 2161 4773 ab
2202 4732 2260 4773 se

659 4811 788 4881 agit,
815 4819 871 4865 et
896 4824 1003 4865 non
1021 4811 1089 4865 ab
1114 4824 1174 4866 se
1199 4823 1364 4882 agens
1390 4809 1576 4875 Filius,
1604 4824 1726 4864 cum
1754 4825 1873 4881 quae
1914 4809 2106 4880 placita
2139 4819 2265 4881 sunt

659 4908 805 4969 facit,
825 4909 937 4977 ipse
965 4907 1094 4978 agit.
1122 4907 1202 4963 Ac
1217 4906 1295 4964 sic
1317 4906 1494 4963 unitas
1517 4915 1722 4961 natura:
1743 4905 2008 4962 retinetur
2029 4906 2081 4960 in
2101 4919 2265 4974 agen-

658 4999 730 5057 do
751 5019 762 5055 :
790 4999 916 5056 dum
938 5009 992 5055 et
1016 5001 1128 5070 ipse
1145 5015 1374 5071 Operans
1398 5013 1503 5054 non
1533 5006 1784 5070 operatur
1800 4998 1866 5054 ab
1883 5014 1962 5066 se,
1988 5007 2042 5055 et
2067 4997 2182 5070 ipse
2197 4997 2266 5053 ab

655 5109 717 5150 SC
743 5111 849 5150 non
879 5104 1132 5165 operatus
1162 5103 1438 5165 operatur.

729 5209 810 5349 ξι)
847 5209 968 5268 Non
991 5210 1254 5288 relinquit,
1280 5221 1367 5282 atq
1389 5223 1441 5267 ’ς
1473 5212 1544 5268 ita
1571 5209 1709 5266 infra
1736 5209 1841 5267 bis.

752 5283 807 5349 2)
843 5281 1056 5339 Facere.
1672 5299 1674 5301 ‘

730 5281 807 5349 (2)
843 5281 1056 5339 Facere.
1135 5281 1146 5288 ’
1241 5281 1246 5282 ⁷
1672 5299 1674 5301 ’
2051 5325 2054 5327 .

730 5356 811 5428 (5t
835 5351 930 5411 Cui
958 5355 1283 5411 contradicis.
1312 5354 1431 5412 Mox
1486 5371 1547 5411 se
1577 5354 1634 5410 ab
1653 5370 1705 5409 se
1729 5363 1866 5426 agat.
1890 5351 2040 5421 Quod
2069 5349 2269 5421 repeti-

731 5473 811 5550 (a)
851 5473 979 5530 Bad.
1007 5490 1128 5550 cum
1153 5474 1503 5550 aliqttot_mss
1524 5546 1536 5550 Α
1562 5490 1774 5547 quiaque
1801 5480 1940 5550 agat.
1980 5471 2262 5528 Editiones

657 5545 799 5611 alite,
835 5562 952 5615 qua:
993 5547 1109 5620 quis
1132 5545 1286 5620 agat.
1328 5545 1605 5604 Sincerin's
1648 5545 1780 5620 mss.
1830 5545 2101 5615 potiores,
2147 5557 2263 5620 qua:

655 5630 798 5691 agat,
825 5615 1097 5691 quomodo
1129 5615 1372 5686 inferius,
1403 5637 1506 5676 non
1528 5619 1592 5673 ab
1611 5636 1664 5674 se
1689 5619 1853 5691 egisse
1877 5632 1993 5688 qua:
2009 5615 2218 5688 gesserit
2241 5631 2262 5681 ;

571 5731 576 5736 .
651 5686 799 5759 quod
827 5686 892 5759 ad
929 5687 1134 5759 Filium
1160 5691 1409 5748 refertur.

707 5754 796 5874 μθ)
831 5751 1261 5821 “st-vetustiores
1293 5760 1435 5820 libri.
1475 5759 1748 5826 Aliivero,
1783 5758 2113 5816 monstratur.

737 5828 794 5874 ι’)
821 5812 872 5871 lu
901 5837 1016 5874 ιιηη
1049 5838 1149 5874 nm.
1187 5820 1377 5874 Vatia.
1413 5841 1462 5874 ιρι
1495 5825 1747 5874 maritaret;
1772 5838 1784 5862 ι
1828 5821 1986 5874 mnia.
2019 5819 2236 5874 iterandi

709 5812 794 5898 ξε)
821 5812 872 5871 "l
901 5812 1016 5897 ita;
1035 5812 1149 5882 ιιιεσ
1187 5812 1382 5900 νειίρῖξ
1401 5812 1747 5890 ’ἑιιιειήῖσῖιῑξὲ
1765 5812 1808 5888 ,⁸⁷7
1828 5812 1986 5886 malet
2019 5812 2264 5885 Defendit

2372 4705 2440 4759 tis
2467 4713 2703 4775 potestas
2729 4715 2784 4760 et
2817 4706 3037 4762 honoris
3071 4705 3305 4776 dignitas
3348 4705 3723 4764 manifestatur
3745 4750 3760 4774 ,
3795 4708 3866 4764 ibi
3915 4719 3975 4766 et

2371 4796 2593 4854 libertas
2620 4798 2910 4854 voluntatis
2937 4799 3274 4856 ostenditur:
3308 4816 3430 4856 cum
3458 4810 3632 4858 autem
3675 4801 3754 4874 (ά)
3795 4803 3982 4859 unitas

2371 4889 2814 4960 demonstratur,
2847 4893 2918 4951 ibi
2949 4902 3189 4963 paterna:
3215 4893 3505 4948 voluntatis
3531 4892 3864 4963 signiﬁcatur
3897 4896 3983 4952 af-

2373 4985 2554 5044 fectio.
2586 4987 2718 5056 Qua:
2743 4989 2886 5044 enim
2910 4988 3023 5043 vult
3062 4989 3252 5058 Pater,
3295 5004 3357 5044 ea
3389 4987 3734 5058 Filiusfaeit.
3769 4989 3983 5050 Facere

2375 5092 2553 5138 autem
2587 5082 2709 5152 plus
2741 5092 2860 5148 est,
2897 5096 3056 5151 quam
3099 5082 3360 5137 voluntati
3394 5080 3615 5137 obedire
3643 5098 3657 5135 :
3687 5081 3812 5153 quia
3847 5084 3984 5142 ohe-

2367 5214 2452 5260 tur
2479 5202 2641 5276 infra,
2671 5201 2734 5254 ab
2765 5219 2819 5256 se
2846 5201 3064 5276 agendo.
3097 5201 3193 5276 Ubi
3225 5201 3384 5256 etiam
3413 5203 3670 5276 inﬁrmus,
3697 5215 3802 5255 non
3830 5203 3984 5272 inﬁr-

2367 5277 2484 5330 mis.
2516 5273 2681 5345 Paulo
2708 5283 2848 5342 post,
2881 5273 3177 5327 mandando
3210 5287 3306 5343 pro
3334 5273 3618 5329 manendo:
3649 5282 3926 5345 corrupte.

2443 5345 2523 5420 (.t)
2550 5344 2620 5398 Et
2649 5345 2896 5399 audiatur
2922 5356 2969 5400 et
2992 5346 3191 5400 doceat.

2371 5467 2607 5524 Hilarius
2655 5466 2870 5522 Patrem
2920 5477 3212 5533 numquam
3255 5461 3428 5516 audiri
3475 5457 3560 5516 vel
3598 5460 3823 5529 docere,
3873 5463 3982 5519 nisi

2370 5550 2635 5612 quatenus
2664 5537 2903 5612 loquitur
2937 5549 3002 5590 ac
3021 5535 3188 5612 docet
3215 5533 3537 5612 Eilius_(qu_i
3567 5542 3622 5612 ut
3650 5534 3983 5612 Augustinus

2371 5603 2560 5666 contra
2593 5603 2770 5665 Serui.
2807 5611 2902 5662 Ar.
2933 5621 2983 5660 c.
3017 5605 3348 5678 24,7scr‘ibit,
3381 5603 3558 5658 Patris
3584 5603 3820 5659 doctrina
3845 5609 3980 5678 est).

2372 5683 2456 5739 Ex
2486 5697 2593 5752 quo
2623 5696 2730 5736 non
2761 5680 2903 5734 male
2929 5679 3096 5752 sumit
3125 5677 3176 5729 in
3206 5675 3344 5752 Fili_o
3367 5690 3487 5752 esse
3509 5685 3718 5752 natura:
3739 5675 3983 5746 paterna:

2373 5743 2776 5822 proprietatem,
2791 5766 2886 5822 seu
2901 5747 3145 5822 eamdem
3161 5745 3470 5822 essePatris
3495 5756 3549 5822 et
3564 5743 3683 5822 Filii
3696 5743 3980 5822 naturam.

2375 5805 2425 5828 Γ
2448 5805 2597 5888 (itilu
2627 5805 2911 5884 mast'Vatt
2947 5817 3060 5874 bna.
3087 5817 3140 5872 el.
3170 5813 3378 5873 Martia.
3409 5805 3732 5875 tittelotitutit
3763 5813 3980 5878 ttnittta.‘
