4266 6260
291 276 398 333 59.1

1498 269 1586 330 on
1629 269 2006 330 TRINITATE
2049 238 2251 330 Lmen
2284 272 2378 330 tx.

3519 274 3632 334 3‘29.

294 392 414 446 dire
440 387 746 453 voluntati,
774 385 934 442 habet
969 386 1260 467 exterioris
1303 390 1709 455 necessitatem;
1747 387 1822 460 (a)
1848 389 1924 443 fac
1953 390 2006 453 Α
2034 391 2159 447 tiam
2183 397 2648 448 sacramentorum
2674 399 2756 448 est
2782 411 2794 447 :
2825 401 2876 451 et
2901 391 3198 450 doctrinam
3222 392 3502 464 Evangelii
3525 409 3634 449 non

299 499 424 539 cere
455 483 828 547 voluntatem,
864 479 1144 551 proprium
1175 491 1253 535 est
1299 480 1523 545 unitati,
1556 497 1680 536 cum
1721 482 1918 534 tactum

297 578 368 634 sit
394 574 716 632 voluntatis.
754 574 816 628 Et
838 587 959 628 cum
994 572 1164 627 Filius
1189 574 1519 628 voluntatem
1552 573 1723 628 Patris
1754 572 1920 639 lacit,

297 671 458 726 docet
490 685 590 740 per
624 676 834 723 natura:
863 664 1288 722 indifferentiam
1315 708 1327 732 ,
1356 665 1653 722 naturalem
1686 664 1790 720 sibi
1828 679 1924 718 vo-

299 767 560 822 luntatem
582 778 707 819 esse
729 777 850 817 etim
882 760 1042 816 Patre
1068 780 1080 815 :
1113 775 1235 816 cum
1259 761 1503 816 voluntas
1525 760 1642 831 ejus
1664 761 1733 815 sit
1760 773 1922 814 omne

299 858 445 930 quod
476 857 660 912 faciat.
692 855 821 911 Vult
843 854 1004 924 plane
1031 852 1203 908 Filius
1227 854 1407 908 omnia
1436 869 1553 922 quae
1583 854 1739 907 Pater
1768 851 1920 917 vult,

298 969 404 1010 nec
443 951 711 1009 naturalis
737 948 992 1004 dissentit
1033 949 1303 1002 voluntas.
1347 948 1586 1016 Namque
1626 962 1747 1001 cum
1803 944 1921 1000 hinc

301 1045 560 1101 voluntas
602 1041 777 1098 Patris
818 1039 924 1106 sit,
965 1054 1126 1110 quam
1161 1039 1396 1094 ostendit
1424 1039 1640 1094 dicens:
1677 1037 1802 1092 "rec
1849 1045 1922 1091 est

305 1139 448 1194 enim
477 1137 714 1191 voluntas
741 1133 906 1205 patris
933 1133 1030 1186 mei
1052 1174 1066 1196 ,
1101 1141 1156 1185 ut
1197 1131 1362 1186 omnis
1391 1131 1478 1201 qui
1504 1130 1634 1185 videt
1679 1128 1879 1184 Filium
1904 1169 1919 1195 ,

306 1242 355 1286 et
387 1232 552 1286 credit
593 1231 648 1283 in
677 1243 790 1282 eum
815 1269 830 1294 ,
862 1225 1046 1278 habeat
1076 1225 1232 1278 vitam
1281 1233 1556 1292 teter-nam,
1589 1235 1635 1278 et
1681 1224 1923 1278 suscitem

307 1343 426 1381 eum
459 1327 515 1379 in
537 1323 814 1378 uottissmta
839 1319 922 1373 die
944 1317 1126 1388 (Joan.
1154 1334 1205 1372 vt
1227 1358 1241 1384 ,
1273 1317 1395 1388 59):
1426 1317 1547 1372 audi
1579 1332 1718 1372 nunc
1739 1333 1806 1372 an
1836 1315 1924 1370 Fi-

306 1419 364 1474 lii
389 1434 418 1473 a
452 1418 619 1472 Patre
646 1413 976 1470 dissentiens
1004 1414 1076 1467 sit
1103 1411 1378 1477 voluntas,
1424 1426 1545 1465 cum
1588 1411 1690 1464 ait:
1730 1409 1919 1476 Pater,

305 1527 437 1583 quos
460 1510 590 1564 mihi
624 1508 845 1572 dedisti,
879 1507 996 1560 volo
1025 1516 1078 1560 ut
1109 1506 1194 1558 ubi
1216 1521 1307 1576 ego
1332 1522 1476 1571 sum,
1511 1513 1556 1558 et
1587 1505 1662 1558 illi
1692 1505 1793 1558 sint
1818 1519 1920 1556 me-

308 1619 430 1656 cum
453 1599 634 1669 (Joan.
658 1615 764 1654 xvu
784 1597 934 1666 ,9.4).
951 1596 1064 1652 Non
1079 1613 1207 1666 ergo
1230 1595 1518 1664 ambigitur
1542 1595 1734 1650 Filium
1760 1595 1918 1650 velle.

309 1694 450 1749 Nam
481 1709 601 1750 cum
639 1693 802 1746 I‘atcr
831 1691 963 1745 velit
991 1689 1276 1745 credentes
1313 1689 1364 1743 in
1406 1688 1542 1742 Filio
1573 1690 1735 1743 vitam
1765 1697 1924 1743 aiter-

308 1803 439 1843 nam
487 1785 721 1850 habere,
759 1781 927 1838 Filius
955 1783 1072 1836 vult
1117 1781 1225 1836 illic
1270 1779 1361 1834 ubi
1404 1783 1518 1850 ipse
1547 1781 1617 1834 sit
1646 1795 1766 1836 csse
1805 1796 1925 1836 cre-

303 1879 523 1934 dentes.
569 1877 680 1932 Nisi
725 1876 866 1931 forte
907 1874 1219 1930 cohabitare
1255 1872 1473 1927 Christo
1519 1888 1626 1929 non
1666 1875 1737 1927 sit
1763 1882 1924 1929 a-ter-

305 1973 452 2028 nitas
484 1972 617 2044 (vita
647 1967 919 2038 interna):
954 1976 1044 2022 aut
1073 1983 1177 2021 non
1226 1964 1461 2037 perfecta
1491 1976 1545 2020 et
1585 1967 1737 2021 beata
1769 1965 1821 2020 in
1865 1981 1924 2022 sc

300 2064 660 2120 credentibus
687 2062 887 2118 tribuat
913 2057 1194 2125 Christus,
1229 2062 1343 2113 lucc
1379 2058 1599 2113 dicens:
1636 2056 1802 2112 Nemo
1829 2074 1924 2112 no-

297 2157 375 2210 vit
408 2154 460 2208 F
463 2155 644 2219 ilium,
676 2155 776 2209 nisi
813 2151 980 2207 Pater
1000 2193 1014 2216 ,
1044 2167 1203 2222 neque
1228 2149 1440 2204 Patrem
1472 2151 1583 2220 quis
1616 2151 1790 2216 novit,
1823 2152 1925 2206 nisi

303 2250 487 2306 Filius
508 2293 521 2315 ,
556 2261 602 2305 et
633 2251 716 2304 cui
744 2249 957 2304 voluerit
986 2245 1157 2301 Filius
1191 2247 1413 2301 revelare
1438 2245 1654 2317 (Matth.
1687 2263 1739 2300 xt
1761 2289 1775 2313 ,
1803 2245 1920 2315 25).

299 2348 472 2404 Anne
505 2362 612 2401 non
643 2346 695 2400 in
725 2343 982 2399 libertate
1009 2353 1090 2397 est
1120 2341 1412 2395 voluntatis
1435 2340 1623 2395 volens
1651 2339 1804 2395 nobis
1835 2355 1924 2395 sc-

309 2441 454 2496 crcti
504 2439 650 2494 illius
693 2438 900 2504 paterni
949 2434 1184 2492 tribuere
1213 2433 1642 2490 conscientiam?
1684 2435 1746 2488 Et
1786 2435 1923 2489 adeo

298 2532 565 2586 voluntas
591 2532 639 2586 ei
672 2529 842 2585 libera
866 2539 949 2584 est
975 2570 989 2593 ,
1025 2537 1084 2582 ιιι
1113 2526 1474 2597 cognitionem
1517 2526 1600 2581 sui
1631 2535 1792 2598 atque
1823 2527 1923 2581 Pa-

297 2628 406 2682 tris
431 2625 629 2696 quibus
651 2625 887 2680 voluerit
919 2623 1230 2694 impertiat?
1251 2622 1424 2693 Atque
1448 2621 1516 2675 ita
1542 2622 1679 2676 inter
1705 2621 1918 2678 Patrem

299 2730 360 2776 et
389 2719 589 2775 Filium
612 2730 664 2773 et
697 2717 994 2773 nativitatis
1018 2723 1070 2770 et
1101 2716 1266 2788 298
1293 2714 1515 2768 unitatis
1554 2714 1922 2771 demonstrata

297 2822 499 2868 natura
530 2819 651 2866 est:
682 2825 802 2864 cum
830 2811 912 2864 sic
943 2808 1082 2862 liber
1118 2810 1168 2860 in
1199 2806 1476 2860 voluntate
1515 2805 1586 2859 sit
1627 2805 1797 2860 Filius
1818 2848 1831 2872 ,
1865 2814 1924 2861 ut

301 2909 454 2983 quod
486 2908 674 2962 volens
699 2905 841 2976 agit,
875 2903 1076 2959 factum
1114 2910 1350 2970 paterna:
1379 2901 1450 2954 sit
1477 2900 1789 2954 voluntatis.

383 3002 477 3056 5|.
522 2999 654 3072 Spes
683 2998 791 3052 sine
820 2996 923 3066 ﬁde
945 2993 1114 3048 nulla.
1143 2994 1244 3060 Qui
1275 2993 1429 3046 Pater
1447 3003 1495 3046 et
1517 2990 1567 3043 F
1571 2993 1693 3046 ilius
1715 2992 1767 3044 in
1791 3007 1920 3049 sese.

309 3093 476 3149 Pater
503 3101 556 3146 ut
587 3101 792 3155 auctor,
828 3091 998 3161 major
1035 3084 1210 3152 Filio,
1240 3085 1328 3156 qui
1364 3095 1410 3139 et
1448 3086 1613 3139 minor
1649 3093 1704 3138 ut
1744 3085 1916 3142 homo.

307 3187 381 3242 In
407 3185 614 3242 Christo
639 3183 826 3238 mansit
852 3191 1040 3236 natura
1080 3178 1179 3234 Dei
1210 3183 1378 3250 [arma
1419 3180 1700 3233 exinanita.
1724 3209 1795 3218 -——
1817 3179 1924 3235 Ne-

310 3281 498 3338 scicns
537 3279 693 3349 plane
733 3275 1197 3347 dispensationem
1228 3271 1380 3339 ﬁdei,
1417 3281 1567 3328 extra
1616 3271 1919 3344 intelligen-

390 3394 474 3468 (Ι)
513 3394 690 3466 Aspe.

314 3532 603 3590 perperam
647 3513 1032 3590 adjeeltnnest
1063 3511 1383 3590 auctoritatis
1429 3511 1927 3590 vocabuln_tn,_quo

318 3583 468 3658 apud
500 3583 753 3642 llilarinut
786 3584 971 3658 Patris
993 3595 1047 3658 ct
1077 3583 1202 3658 Filii
1234 3583 1817 3658 distiuctiosignilicari
1840 3602 1926 3638 so-

315 3655 399 3718 let
419 3704 434 3728 ,
468 3675 575 3715 non
601 3660 795 3711 unitas.
821 3655 975 3728 llaud
1007 3655 1324 3724 displiceret
1352 3655 1668 3728 simpliciter
1690 3671 1804 3728 cunt
1833 3673 1929 3710 au-

315 3726 429 3788 tem
464 3731 770 3791 auctoritas,
796 3727 883 3783 vel
928 3744 1045 3781 cum
1087 3737 1261 3780 autent
1311 3727 1569 3780 nativitas.
1613 3726 1718 3782 Sed
1768 3728 1927 3782 lectio

317 3820 523 3875 magno
541 3803 783 3857 codicum
805 3807 1125 3875 ca-tcrorutn
1150 3812 1419 3875 consensu
1445 3807 1656 3864 recepta
1680 3812 1744 3853 eo
1765 3814 1926 3854 sensu

318 3869 604 3932 retinenda
635 3881 717 3927 est
738 3914 750 3931 .
785 3882 844 3924 Ill.
864 3871 989 3924 dum
1023 3871 1198 3924 unitas
1224 3869 1380 3924 simul
1412 3885 1532 3922 cum
1566 3879 1802 3936 paterna:
1831 3887 1926 3923 vo-

319 3947 549 4003 luntatis
578 3943 861 3999 affectione
892 3941 1224 4012 stgniﬁcntur
1243 3981 1257 4005 ,
1290 3951 1343 3996 et
1370 3939 1511 4012 Patri
1537 3940 1712 4012 debita
1737 3957 1921 3998 serve-

321 4030 417 4075 tur
444 4017 777 4076 rcverentia,
807 4023 861 4069 et
900 4010 1252 4082 pérsooarum
1294 4010 1646 4082 singularitas
1673 4013 1926 4067 excluda-

321 4103 415 4146 tur
441 4105 454 4117 ·
492 4089 592 4144 hoc
629 4088 826 4157 quippe
857 4081 1157 4140 membrum
1185 4082 1494 4152 superiores
1532 4081 1825 4153 Scriptura:
1849 4085 1924 4140 lo.

320 4177 424 4219 cos
457 4162 634 4230 potius
653 4168 856 4230 spectat
880 4197 897 4223 ,
921 4172 1078 4230 quam
1109 4157 1436 4230 proximum.

404 4224 483 4304 (α)
523 4224 732 4304 Clarius
773 4229 876 4304 hoc
921 4224 1145 4304 habetur
1171 4225 1462 4304 postremis
1508 4224 1666 4295 hujus
1712 4229 1922 4284 numeri

324 4296 546 4369 verbis,
581 4303 683 4357 nisi
705 4300 826 4371 quis
847 4299 1000 4354 malit
1033 4301 1102 4354 ita
1130 4296 1354 4368 intelligi
1383 4315 1401 4371 :A
1428 4296 1604 4371 facere
1632 4309 1808 4371 autem
1833 4317 1933 4371 qvo-

325 4381 594 4434 luntalem
636 4369 858 4427 alterius
887 4373 1163 4442 proprium
1193 4380 1278 4425 est
1318 4369 1542 4442 unitati,
1577 4370 1790 4442 quando
1819 4370 1928 4427 fac-

328 4462 446 4503 tum
475 4459 559 4503 est
590 4445 751 4500 etiam
786 4440 1015 4513 propriae
1049 4442 1338 4497 voluntatis
1367 4440 1510 4495 illius
1538 4441 1628 4511 qui
1652 4441 1796 4496 facit.

405 4520 487 4592 (ὁ)
527 4517 678 4592 Lips.
700 4524 761 4592 et
781 4515 901 4592 Par.
937 4514 1251 4592 contestatio.

403 4583 483 4661 (ε)
527 4583 679 4658 Apud
723 4586 863 4661 Bari:
886 4597 933 4661 et
968 4585 1060 4661 Er.
1081 4628 1095 4648 ,
1119 4587 1172 4661 in
1203 4583 1935 4661 natura_Itominis_tnansisse:

327 4655 425 4720 cui
445 4655 816 4728 depravationi
845 4657 1059 4724 Lipsius
1085 4659 1307 4712 alteram
1331 4655 1558 4728 subinde
1582 4657 1810 4726 adjecit,
1838 4674 1935 4726 pro

330 4739 386 4791 in
413 4727 656 4788 naturam
688 4729 872 4783 divinw
910 4729 1118 4783 unitatis
1149 4729 1320 4783 statim
1343 4770 1356 4790 ,
1391 4727 1718 4784 substituens
1749 4730 1802 4783 in
1842 4746 1935 4783 na-

332 4820 472 4861 tura:
501 4805 686 4856 divina:
724 4801 933 4855 unitatis
961 4809 1149 4854 statum
1173 4817 1190 4854 .'
1224 4816 1396 4869 neque
1418 4798 1556 4866 apud
1596 4800 1718 4856 Par.
1748 4816 1931 4854 cmen-

334 4881 500 4934 datus
547 4876 664 4928 fuit.
707 4872 994 4927 Proﬁtetur
1044 4872 1276 4926 llilarius
1314 4871 1586 4926 Christum
1637 4871 1930 4927 secundum

335 4952 574 5006 formam
607 4945 701 5000 Dei
741 4959 954 5013 semper
993 4944 1256 4998 mansisse
1297 4944 1349 4996 in
1392 4952 1582 4996 natura
1606 4984 1620 5008 ,
1650 4945 1851 4997 unitate
1879 4952 1935 4998 ct

339 5022 516 5092 gloria
553 5017 650 5092 Dei
679 5058 693 5080 ,
721 5016 820 5092 etsi
853 5015 1146 5092 secundum
1179 5013 1406 5069 formam
1439 5013 1718 5092 servinon
1752 5015 1930 5068 statim

337 5083 408 5148 5o
439 5093 558 5160 ipsa
592 5088 823 5160 hominis
865 5087 1229 5160 assumptione
1257 5093 1462 5140 natura:
1493 5083 1689 5160 divina:
1720 5100 1935 5160 assecu-

339 5177 428 5219 tus
455 5157 544 5217 est
567 5159 860 5224 unitatem,
893 5157 986 5212 sed
1019 5168 1221 5212 tantum
1257 5173 1350 5227 per
1380 5157 1789 5211 resurrectionis
1819 5157 1935 5228 glu-

337 5238 480 5291 riam
500 5274 515 5298 ,
552 5233 714 5285 modo
737 5230 981 5297 superius
1009 5228 1274 5300 exposito.

417 5305 504 5378 (d)
547 5303 720 5378 Egditi,
749 5301 1065 5378 genitam_in_
1083 5299 1144 5355 se
1173 5311 1428 5378 naturam.
1450 5299 1676 5378 Boetius
1703 5299 1851 5378 abest
1883 5299 1937 5353 in

341 5396 396 5433 se
426 5371 458 5430 il
486 5371 788 5445 potioribus
815 5388 942 5428 mss.
969 5371 1160 5426 Filium
1194 5375 1420 5442 appellat
1450 5371 1682 5426 Hilarius
1719 5372 1938 5440 genitam

343 5459 620 5504 naturam.
656 5446 868 5500 Patrem
901 5460 1028 5499 vero
1053 5455 1290 5498 naturam
1317 5447 1600 5516 gignentem
1625 5460 1643 5497 :
1671 5459 1733 5498 ex
1767 5457 1938 5516 eoque

341 5519 573 5577 conﬁcit
598 5521 879 5587 utriusque
907 5522 1149 5570 naturam
1189 5513 1426 5584 ejusdem
1453 5531 1573 5570 esse
1611 5513 1854 5587 generis,
1887 5524 1940 5568 et

345 5593 401 5647 in
435 5605 498 5645 se
535 5591 768 5645 invicem
794 5585 929 5642 ﬂesse
969 5603 1090 5642 cum
1122 5587 1336 5642 diverso
1382 5598 1625 5657 respectu
1671 5585 1939 5656 gignenlis

345 5673 403 5720 et
439 5665 662 5729 genitas.
709 5660 908 5715 Eodem
966 5658 1217 5729 loquendi
1261 5659 1420 5713 modo
1456 5660 1590 5713 dixit
1625 5657 1938 5726 Fulgentius

344 5734 416 5790 ad
444 5732 710 5789 Ferrand.
746 5746 888 5800 resp.
917 5732 952 5786 2
976 5749 988 5783 :
1025 5729 1280 5785 Naturam
1311 5729 1436 5784 Filii
1463 5731 1524 5784 de
1556 5746 1610 5784 se
1633 5730 1742 5800 ipso
1768 5730 1941 5800 genuit

346 5806 547 5875 Pater,
572 5812 627 5860 et
654 5803 747 5859 lib.
773 5799 848 5858 de
867 5803 1072 5860 lncarn.
1099 5814 1149 5859 ct
1175 5803 1343 5872 gratia
1366 5801 1562 5859 Christi
1593 5799 1700 5858 αὖ
1724 5817 1736 5854 :
1765 5799 1942 5871 Neque

2027 484 2254 556 adeptus
2276 529 2290 553 ,
2327 485 2408 554 (ί)
2441 485 2510 539 ab
2539 501 2634 555 spe
2665 486 2937 560 Evangelii
2972 489 3363 559 peregrinatur.
3393 487 3634 544 Credcn-

2029 582 2130 636 dus
2153 593 2235 638 est
2260 581 2416 637 Pater
2445 581 2498 636 in
2531 581 2664 637 Filio
2686 625 2700 649 ,
2733 593 2784 638 et
2815 582 2982 638 Filius
3011 583 3065 637 in
3084 583 3269 649 Patre,
3300 599 3395 654 per
3427 594 3636 638 natura:

2027 675 2334 742 unitatem,
2397 690 2491 744 per
2556 673 2770 730 virtutis
2830 684 3189 746 potestatem,
3249 690 3347 746 per
3409 672 3636 728 honoris

2027 769 2392 838 inqualitatem
2418 809 2433 835 ,
2463 783 2558 838 per
2589 769 2884 824 nativitatis
2909 768 3334 839 generationem.
3363 765 3472 822 Sed
3503 781 3636 819 con-

2030 861 2194 915 traria
2215 861 2354 916 forte
2379 859 2501 914 huic
2523 869 2722 914 nostra:
2749 860 3067 931 professioni
3095 869 3176 915 est
3200 860 3410 914 Dontini
3433 858 3510 931 (b)
3532 867 3632 912 tes-

2029 954 2159 1008 tatio
2182 995 2195 1018 ,
2228 970 2352 1009 cum
2403 953 2507 1008 ait:
2537 952 2696 1007 Pater
2724 958 2893 1028 major
2921 971 3001 1008 me
3045 965 3116 1008 est
3157 952 3338 1021 (Joan.
3373 967 3488 1017 xtv,
3514 951 3632 1023 28).

2027 1047 2243 1116 Hocne,
2276 1050 2526 1104 lneretice
2556 1091 2570 1112 ,
2599 1049 2888 1117 impietatis
2935 1059 3039 1103 tua:
3067 1048 3228 1104 telum
3253 1048 3368 1105 est?
3397 1047 3511 1101 lucc
3552 1047 3639 1101 fu-

2029 1140 2168 1196 roris
2191 1143 2264 1197 tui
2289 1156 2436 1196 arma
2459 1141 2620 1196 sunt?
2648 1140 2927 1197 Exciditue
2953 1140 3046 1196 tibi
3073 1139 3371 1195 Ecclesiam
3395 1138 3530 1192 duos
3557 1137 3640 1192 itt-

2031 1233 2316 1289 nascibiles
2337 1233 2566 1300 nescire,
2585 1233 2783 1288 ctduos
2803 1243 2978 1304 patres
3001 1250 3104 1288 non
3126 1231 3405 1288 conﬁteri?
3426 1230 3638 1288 Oblitus

2029 1338 2090 1379 es
2128 1324 2434 1380 Mediatoris
2463 1324 2952 1394 dispensationem,
2985 1333 3040 1380 et
3075 1325 3124 1380 in
3157 1340 3220 1382 ea
3263 1336 3468 1396 partum
3497 1366 3511 1390 ,
3542 1339 3637 1379 cu-

2030 1434 2163 1485 nas,
2196 1428 2408 1474 :etutem
2431 1460 2446 1484 ,
2481 1421 2814 1490 passionem,
2846 1437 3064 1476 crucem
3088 1461 3102 1486 ,
3151 1421 3422 1475 mortem?
3455 1419 3523 1474 Et
3551 1435 3639 1475 rc-

2029 1525 2259 1566 nascens
2277 1528 2382 1566 non
2398 1513 2678 1569 coiifessus
2700 1530 2758 1569 es
2781 1516 2860 1585 (in
2881 1514 3164 1586 Symbolo)
3189 1529 3252 1568 ex
3275 1513 3438 1568 Maria
3465 1511 3632 1568 lilium

2031 1601 2126 1659 Dei
2157 1604 2378 1658 uatum?
2406 1604 2459 1661 Si
2488 1605 2539 1661 in
2574 1605 2656 1662 his
2685 1607 2933 1663 omnibus
2961 1607 3126 1663 Filius
3146 1622 3372 1662 manens
3395 1606 3498 1662 ait:
3530 1605 3639 1661 Pa-

2031 1706 2105 1751 ter
2137 1699 2301 1767 major
2332 1715 2410 1752 me
2439 1708 2546 1765 est;
2577 1699 2926 1769 ignorandum
2955 1701 3232 1756 existimas
3260 1701 3396 1756 hanc
3422 1700 3638 1772 dispen-

1956 1783 2001 1845 Β
2043 1789 2306 1845 sationem
2341 1791 2529 1846 salutis
2556 1801 2658 1846 tua:
2708 1793 3129 1848 cxinanitionem
3159 1793 3341 1847 fortine
3361 1792 3455 1848 Dei
3480 1789 3637 1847 esse?

2028 1889 2084 1934 et
2119 1881 2328 1936 Patrem
2353 1890 2498 1937 extra
2530 1881 2667 1938 hanc
2692 1883 3042 1940 ltumanarum
3063 1883 3638 1955 passionumassnmp—

2041 1973 2282 2040 tionem,
2335 1972 2388 2028 in
2435 1974 2524 2029 illa
2581 1975 3016 2032 incontaminata:
3067 1985 3270 2032 natura:
3321 1993 3431 2032 suae
3481 1979 3634 2032 beata

2028 2065 2329 2120 aeternitate
2357 2066 2474 2122 siue
2503 2068 2680 2122 carnis
2734 2079 2936 2124 nostra:
2965 2070 3308 2139 susceptione
3339 2069 3637 2124 mansisse?

2027 2156 2135 2212 Nos
2162 2160 2302 2213 enim
2338 2161 2670 2232 unigenitum
2699 2162 2866 2218 Deum
2901 2164 2953 2218 in
2984 2163 3151 2219 forma
3185 2164 3278 2219 Dei
3323 2175 3632 2220 manentem

2029 2251 2102 2321 (c)
2143 2252 2194 2306 in
2223 2263 2410 2308 natura
2439 2253 2532 2310 Dei
2580 2257 2843 2312 mansisse
2871 2258 3211 2326 proﬁtemur,
3255 2274 3429 2328 neque
3465 2259 3642 2314 unita—

2029 2351 2136 2398 tem
2177 2344 2362 2401 forma:
2386 2347 2598 2402 servilis
2628 2348 2679 2402 in
2711 2359 2954 2404 naturam
2985 2349 3181 2406 divina:
3205 2351 3430 2405 unitatis
3453 2351 3637 2408 statim

2030 2434 2367 2492 refundimus
2408 2456 2419 2491 :
2478 2453 2651 2509 neque
2689 2455 2899 2494 rursum
2949 2440 3216 2510 corporali
3268 2441 3636 2499 insinuatione

2027 2526 2239 2584 Patrem
2271 2530 2321 2583 in
2356 2528 2488 2585 Filio
2513 2530 2898 2600 prindicamus,
2932 2531 3024 2586 sed
3053 2547 3118 2587 ex
3161 2548 3226 2587 eo
3253 2532 3493 2601 ejusdem
3543 2549 3638 2605 ge—

2028 2624 2173 2677 neris
2198 2624 2274 2694 (οὶ)
2297 2624 2529 2693 genitam
2578 2624 2660 2694 (tt)
2706 2635 2950 2678 naturam
3000 2625 3319 2680 naturaliter
3364 2627 3414 2680 in
3456 2641 3516 2681 sc
3555 2627 3639 2696 gi-

2031 2723 2285 2783 gnentem
2317 2730 2376 2769 se
2405 2713 2658 2769 habuisse
2686 2727 2931 2770 naturam
2956 2733 2968 2768 :
2993 2733 3112 2785 qum
3145 2716 3196 2770 in
3228 2715 3395 2771 forma
3425 2726 3636 2774 natura:

2027 2819 2086 2861 se
2121 2805 2391 2876 gignentis
2419 2821 2676 2872 manens,
2709 2806 2933 2862 formam
2975 2817 3183 2863 naturae
3223 2820 3383 2878 atque
3409 2809 3640 2864 inﬁrmi-

2029 2900 2156 2954 tatis
2191 2899 2489 2968 corporalis
2524 2899 2816 2969 acceperit.
2850 2899 2979 2954 Erat
3007 2899 3148 2954 enim
3175 2899 3245 2973 (ε)
3274 2910 3479 2956 natum
3512 2916 3639 2972 pro-

2029 2993 2266 3062 prietas:
2311 2991 2404 3047 sed
2445 2991 2516 3064 (f)
2562 2991 2657 3047 Dei
2689 2991 2858 3047 forma
2898 2992 3006 3063 jam
3056 3009 3160 3049 non
3202 3002 3349 3062 erat,
3383 2995 3505 3066 quia
3541 3012 3640 3067 per

2029 3085 2146 3152 ejus
2175 3084 2592 3139 exinanilionetn
2624 3085 2767 3140 servi
2796 3093 2911 3139 erat
2938 3085 3106 3140 forma
3147 3095 3415 3156 suscepta.
3449 3086 3638 3158 Neque

1954 3185 2000 3250 ρ
2032 3177 2197 3249 299
2221 3176 2365 3231 enim
2393 3175 2662 3231 defecerat
2689 3186 2908 3244 natura,
2933 3193 3000 3232 ne
3027 3189 3172 3233 esset
3199 3195 3213 3234 :
3247 3178 3340 3235 sed
3371 3180 3422 3233 in
3446 3194 3505 3235 se
3537 3179 3640 3237 hu-

2027 3272 2309 3328 militatem
2339 3269 2414 3342 (g)
2447 3281 2674 3327 terrenm
2701 3271 2997 3328 nativitatis
3025 3288 3249 3329 manens
3277 3269 3379 3330 sibi
3412 3272 3508 3331 Dei
3539 3291 3638 3332 na-

2113 3389 2192 3462 (2)
2236 3388 2467 3444 Genitam
2495 3391 2548 3444 in
2574 3406 2627 3445 se
2655 3399 2914 3444 naturam.

2033 3511 2166 3588 enim
2190 3513 2242 3563 in
2273 3519 2415 3588 utero
2443 3520 2631 3565 sancta:
2659 3511 2800 3588 illius
2827 3510 3008 3588 matris
3032 3521 3078 3588 et
3104 3512 3316 3588 virginis
3335 3513 3449 3588 _ill_a
3477 3517 3638 3588 spiri-

2034 3585 2149 3638 talis
2174 3592 2220 3636 et
2246 3598 2308 3654 ea;
2340 3581 2444 3635 Deo
2467 3592 2616 3653 patre
2643 3583 2751 3638 sine
2777 3582 2920 3654 initio
2950 3587 3121 3654 genita
3154 3581 3302 3638 Verbi
3325 3582 3421 3639 Dei
3451 3581 3636 3645 natura

2033 3663 2230 3725 poterat
2259 3653 2445 3725 absque
2472 3671 2624 3709 carne
2647 3653 2995 3722 temporaliter
3021 3656 3242 3723 concipi.

2105 3725 2176 3798 (ε)
2219 3725 2354 3780 Editi
2390 3725 2476 3780 hic
2503 3729 2785 3797 prailigunt
2818 3725 3072 3779 humanm.
3109 3726 3465 3782 Tolerabilius
3492 3743 3634 3798 prte-

2035 3797 2277 3852 ﬁxisseut
2305 3798 2528 3850 divina}:
2556 3813 2674 3867 qua:
2706 3813 2809 3854 vox
2843 3798 2943 3852 etsi
2981 3813 3086 3851 non
3115 3813 3400 3868 expressa,
3432 3797 3632 3857 intelli-

2032 3869 2203 3940 genda
2233 3875 2412 3940 tamen
2444 3875 2546 3940 est.
2699 3939 2704 3940 ν
2892 3937 2916 3940 _
2967 3939 2974 3940 ί
3095 3879 3100 3884 ’

2101 3940 2192 4011 (Ῑ)
2232 3938 2286 3993 ln
2320 3939 2569 4005 vulgatis,
2616 3939 2706 4011 sed
2733 3956 2835 3994 non
2881 3937 2977 3992 Dei
3020 3944 3214 4010 forma,
3252 3940 3428 3997 addita
3458 3945 3628 4009 parti-

2030 4009 2145 4067 cula
2180 4021 2406 4080 negante
2426 4021 2609 4064 contra
2635 4009 2794 4067 ﬁdem
2824 4025 2954 4065 mss.
2979 4009 3033 4066 et
3062 4013 3244 4068 llilarii
3265 4014 3622 4082 sententiam,

2031 4099 2132 4154 qua
2165 4096 2270 4151 pro-
2294 4097 2443 4156 more
2470 4096 2568 4136 suo
2599 4084 2853 4156 praedicat
2875 4083 2928 4136 iu
2959 4083 3179 4140 Christo
3211 4085 3630 4156 dispensationis

2034 4153 2276 4220 tempore
2299 4153 2393 4207 Dei
2419 4161 2661 4207 naturam
2687 4154 2946 4224 integram
2972 4153 3333 4221 permansisse
3354 4199 3369 4223 ,
3401 4157 3494 4212 sed
3518 4158 3630 4214 for-

2035 4239 2179 4298 mant
2221 4225 2384 4298 fuisse
2420 4225 2766 4298 exinanitum.
2799 4226 2875 4280 Ex
2917 4242 3036 4298 quo
3067 4227 3232 4298 liquet
3275 4244 3395 4283 eum
3440 4229 3628 4288 forma:

2037 4295 2253 4351 nomine
2293 4295 2437 4351 aliud
2477 4306 2722 4372 attatura
2770 4298 2881 4372 ipsa
2915 4295 3264 4372 intellexisse.
3307 4299 3492 4372 Neque
3531 4304 3630 4358 ob-

2037 4382 2252 4443 scarum
2285 4375 2367 4422 est
2403 4367 2529 4438 quid
2577 4367 3212 4443 intellexerit.__Formam
3255 4367 3450 4443 quippe
3495 4373 3628 4431 dixit

2040 4438 2277 4494 habitum
2305 4453 2466 4508 quem
2511 4454 2620 4502 pra:
2646 4457 2705 4496 se
2736 4440 2854 4494 tulit
2892 4439 3159 4496 Christus.
3207 4438 3400 4500 Habitu
3446 4453 3627 4502 autent

2039 4527 2144 4565 non
2169 4519 2225 4564 ut
2250 4509 2421 4583 Deus.
2447 4511 2539 4566 sed
2567 4522 2623 4565 ttt
2652 4511 2812 4583 homo
2839 4511 3084 4566 inventus
3111 4513 3178 4567 ab
3208 4515 3466 4582 Apostolo
3492 4532 3631 4583 pric-

2039 4583 2277 4644 dicatur,
2306 4581 2445 4636 Phil.
2480 4597 2551 4648 tt,
2580 4583 2634 4638 7.
2668 4582 2817 4639 Unde
2853 4597 2971 4637 cum
3003 4597 3162 4651 supra
3197 4581 3342 4638 num.
3375 4586 3443 4640 58
3471 4581 3628 4643 docet

2038 4653 2310 4710 Christum
2341 4654 2392 4707 in
2439 4652 2658 4710 homine
2688 4655 2957 4710 nascendo
2998 4655 3286 4709 novitatem
3338 4657 3437 4711 sibi
3478 4657 3626 4712 intu-

1960 4749 2012 4809 Β
2043 4726 2329 4809 lisseanatt
2366 4726 2565 4780 virtutis
2607 4737 2900 4809 natumque
2927 4725 3120 4809 (lupino
3137 4769 3152 4794 ,
3182 4729 3273 4809 sed
3299 4727 3511 4809 habitus
3539 4729 3629 4784 de-

2039 4799 2345 4871 mutatione,
2377 4813 2608 4871 cumque
2635 4799 2768 4854 infra
2799 4813 2946 4852 num.
2976 4797 3044 4854 δι
3065 4841 3078 4859 ,
3108 4800 3330 4869 largitur
3373 4799 3512 4871 quod
3536 4818 3628 4856 na-

2039 4869 2206 4923 tivitas
2255 4869 2472 4924 hominis
2519 4881 2758 4925 naturam
2809 4887 2989 4924 novam
3034 4871 3233 4931 intulit.
3280 4880 3327 4926 et
3362 4869 3626 4926 humilitas

2039 4943 2257 5010 formam
2290 4942 2566 4996 demutavit
2593 4945 2686 4997 sub
2714 4943 3058 5004 assmnptioue
3091 4942 3261 4997 servili
3284 4959 3307 5008 ;
3330 4944 3460 4999 satis
3491 4943 3628 4998 indi-

2038 5023 2125 5066 cat
2154 5011 2454 5081 promiscua
2486 5012 2587 5067 sibi
2628 5030 2748 5070 esse
2777 5014 2960 5068 formai
2987 5023 3042 5067 et
3076 5012 3290 5068 habitus
3327 5015 3582 5071 vocabula
3609 5034 3624 5070 :

2039 5084 2232 5153 qnibtts
2257 5100 2388 5139 sane
2411 5084 2673 5140 intellexit
2697 5085 2921 5155 gloriam
2947 5082 3471 5155 Unigeniloiquidem
3498 5102 3628 5142 cou-

2039 5158 2273 5228 genitam
2296 5196 2311 5222 ,
2347 5155 2442 5210 sed
2478 5171 2639 5224 quam
2671 5154 2818 5212 carni
2843 5154 3152 5228 assumptm
3189 5154 3254 5210 ad
3288 5165 3498 5228 tempus
3530 5174 3628 5212 ne-

2040 5226 2220 5308 gavit,
2269 5236 2430 5308 atque
2473 5236 2698 5282 eatenus
2747 5227 2960 5308 amisit_,
3014 5244 3115 5308 non
3160 5226 3479 5308 conueniente
3530 5230 3628 5308 sibi

2041 5299 2224 5380 forma:
2252 5297 2516 5380 utriusque
2543 5315 2812 5380 c-oncursu,
2845 5307 2900 5352 ut
2929 5297 3163 5380 loquitur
3187 5316 3240 5354 u.
3269 5299 3360 5355 14.
3379 5300 3628 5380 Apertius

2040 5366 2092 5423 in
2127 5369 2208 5423 his
2241 5385 2364 5423 ntnu
2417 5366 2521 5424 40:
2554 5367 2710 5424 Pater
2739 5387 2839 5424 non
2871 5378 2977 5439 eget
3015 5371 3180 5438 gloria
3200 5410 3215 5434 ,
3247 5387 3338 5424 nec
3373 5388 3426 5426 se
3446 5374 3627 5427 exina-

2039 5441 2205 5514 nierat
2241 5440 2304 5493 de
2334 5442 2499 5510 forum
2537 5441 2717 5514 gloria;
2735 5457 2871 5514 sure,
2891 5440 2958 5514 id
2989 5441 3056 5495 ab
3089 5457 3153 5496 eo
3182 5441 3346 5512 gloria
3371 5458 3432 5497 ac
3461 5447 3630 5514 [arma

2041 5513 2217 5582 gloria:
2243 5521 2491 5578 vocatur,
2524 5512 2664 5582 quod
2695 5511 2780 5566 hic
2805 5511 2901 5565 Dei
2929 5515 3116 5581 forma.

2116 5581 2193 5655 (g)
2237 5582 2331 5636 Hic
2359 5581 2559 5655 terrena
2589 5584 3138 5655 nati_vitas__lntmanam
3164 5593 3407 5640 naturam
3435 5596 3590 5643 sonat
3615 5605 3628 5642 :

2046 5653 2184 5710 sicut
2202 5668 2365 5724 supra
2393 5653 2445 5707 in
2474 5655 2558 5709 his
2598 5671 2650 5708 n.
2676 5653 2746 5710 40
2769 5672 2782 5709 :
2817 5653 2998 5708 Gloria
3026 5655 3190 5709 omnis
3217 5673 3316 5710 non
3351 5656 3518 5712 Verbo
3546 5675 3635 5714 ac-

2046 5723 2346 5800 quirebatur
2363 5766 2379 5791 ,
2409 5725 2500 5781 sed
2509 5725 2666 5800 parui
2685 5767 2700 5793 ,
2724 5725 2778 5779 id
2797 5736 2902 5800 est,
2927 5743 3027 5781 non
3055 5726 3306 5800 natiuitati
3336 5727 3434 5784 Dei
3455 5771 3468 5793 ,
3490 5740 3597 5787 etc.
3617 5772 3634 5800 ,

2052 5796 2348 5853 nativitatis
2376 5798 2596 5855 nomine
2627 5809 2816 5855 natura
2843 5799 3025 5860 divina
3058 5797 3409 5870 signiﬁcatur.
3435 5796 3642 5862 Deinde
