4266 6260
361 306 479 364 529

1630 313 1716 370 DE
1745 304 2121 371 TRINITATE
2164 305 2364 367 LIBER
2398 316 2489 372 IX.

3614 333 3722 395 550

352 417 511 491 quod
540 430 646 475 ner
677 428 743 471 se
774 412 1043 485 intraque
1069 428 1130 472 se
1160 426 1238 473 est
1261 461 1276 487 ,
1314 422 1550 483 nescisse
1576 425 1994 485 cxistimabituri

2120 427 2556 520 prmscientiam?
2579 434 2841 492 llumanm
2868 430 3006 496 istud
3032 445 3382 505 conscientire
3407 463 3514 503 non
3541 461 3724 520 potest

346 515 428 573 Et
479 509 658 569 alieni
696 519 910 580 potens
935 548 954 574 ,
1006 507 1282 578 impotens
1311 515 1394 570 sui
1440 527 1548 584 est;
1575 520 1641 575 de
1672 535 1779 588 quo
1804 519 2007 574 dictum

336 605 821 669 meminerimus,
843 599 1049 655 Omnia
1072 617 1167 671 per
1186 604 1378 676 ipsum,
1401 617 1447 663 et
1468 609 1520 663 in
1540 610 1648 683 ipso
1668 614 1844 666 ’creata
1862 617 2005 675 sunt,

338 714 394 761 et
413 704 533 773 ipse
560 708 643 757 est
661 705 792 753 ante
819 707 1013 750 omnes
1029 689 1262 765 (Colore.
1282 713 1321 763 t,
1354 698 1478 771 16);
1508 702 1589 758 vel
1614 701 1764 770 illud,
1787 701 1923 768 Quia
1951 700 2008 753 in

346 797 468 869 ipso
494 788 834 867 complacuit
864 801 1083 842 omnem
1112 786 1198 858 (1)
1227 789 1596 859 plenitudinem
1618 793 1927 857 inhabitare,
1956 800 2006 846 et

350 908 446 966 per
477 890 661 962 ipsum
691 879 1047 941 reconciliari
1090 881 1273 936 omnia
1313 882 1388 956 (α)
1420 885 1475 940 in
1499 901 1617 942 eum
1643 885 1835 960 (lbid.,
1870 882 2005 957 i9)?

342 984 486 1041 Cum
511 982 680 1054 igitur
705 974 894 1034 omnis
923 973 981 1028 in
1010 985 1085 1027 eo
1131 972 1207 1026 sit
1242 974 1540 1044 plenitudo,
1587 988 1643 1036 et
1693 978 1872 1034 omnia
1907 991 2005 1047 per

348 1082 532 1150 ipsum
560 1085 618 1133 ει
648 1076 704 1130 in
734 1073 860 1143 ipso
885 1063 1331 1125 reconcilientur
1353 1109 1368 1135 ,
1397 1078 1453 1125 et
1478 1069 1597 1126 dies
1630 1072 1722 1126 illa
1751 1070 2000 1126 reconci-

347 1168 596 1227 liationis
622 1171 828 1222 nostra:
852 1155 1205 1230 exspectatio
1227 1155 1298 1212 sit
1329 1172 1344 1214 :
1379 1158 1522 1213 hanc
1548 1160 1642 1217 ille
1669 1160 1815 1217 diem
1842 1161 2001 1230 igno-

351 1273 477 1331 rat,
530 1259 691 1332 cujus
726 1266 781 1314 et
821 1256 875 1311 in
923 1269 989 1309 se
1021 1263 1242 1320 tempus
1282 1260 1409 1316 est,
1445 1260 1506 1305 et.
1549 1269 1645 1321 per
1686 1268 2000 1309 sacramen-

350 1369 469 1415 tum
492 1355 568 1430 (lt)
590 1353 713 1423 ejus
737 1350 854 1406 est?
879 1346 1090 1403 Etenim
1119 1342 1401 1399 adventus
1420 1342 1509 1397 sui
1540 1343 1663 1399 dies
1688 1344 1789 1400 ista
1811 1352 1916 1412 est,
1933 1345 2004 1401 de

350 1465 456 1524 qua
486 1443 792 1520 Apostolus
817 1440 933 1505 ait,
976 1436 1108 1492 Cum
1132 1444 1302 1490 autem
1352 1430 1539 1504 305
1572 1434 1805 1490 Christus
1837 1452 2004 1508 αρρα..

351 1544 518 1603 ruerit
574 1541 683 1596 vita
724 1546 930 1600 vestra,
990 1541 1114 1585 tunc
1159 1536 1205 1581 et
1250 1541 1345 1581 vos
1402 1539 1533 1577 cum
1591 1541 1654 1579 eo
1690 1526 2004 1596 apparebitis

361 1639 445 1713 (Ξ)
472 1639 528 1693 in
554 1634 724 1710 gloria
745 1630 974 1707 (Coloss.
998 1640 1080 1686 tu.
1108 1622 1185 1695 4).
1207 1620 1398 1677 Nemo
1428 1616 1630 1713 itaque
1655 1621 1798 1713 quod
1820 1637 1919 1692 per
1943 1637 2003 1678 sc

359 1709 590 1792 etintra
623 1745 685 1785 se
711 1736 822 1790 est,
854 1720 1033 1781 nescit
1063 1736 1077 1772 :
1107 1715 1363 1773 Christus
1402 1709 1630 1780 aderit,
1654 1723 1709 1768 et
1735 1712 2002 1770 adventus

358 1827 449 1884 sui
489 1824 633 1881 diem
664 1817 921 1894 ignorat?
950 1815 1080 1869 Dies
1108 1813 1390 1916 sunsestr
1411 1805 1725 1916 secundum
1752 1807 2001 1916 ευηιιξυιιι
2032 1810 2082 1872 Β
2107 1813 2258 1882 (ιιιοᾶ
2290 1825 2442 1884 pater
2456 1831 2535 1875 est
2571 1840 2584 1876 :
2618 1840 2723 1879 non
2751 1828 2896 1899 quod
2923 1830 3038 1885 sibi
3071 1805 3434 1916 corum-qn;
3455 1869 3482 1908 s

356 1917 687 1993 Apostoium
713 1956 730 1981 ,
775 1912 904 1986 quia
953 1909 1065 1963 dies
1100 1901 1309 1958 Domini
1346 1898 1479 1953 sicut
1524 1904 1619 1970 fur
1650 1909 1796 1993 nocte
1845 1900 1999 1956 αιιυε.

359 1992 468 2071 niet
498 2011 547 2084 (ι
568 2010 760 2066 Thess.
812 2022 871 2073 γ,
902 1998 964 2074 2)
995 2018 1010 2054 :
1040 2008 1098 2057 et
1125 1992 1465 2068 ignoratione
1497 1994 1623 2061 ejus
1651 1992 1880 2049 detineri
1913 1993 1998 2049 in-

358 2102 701 2177 telligendus
731 2097 860 2155 est?
907 2095 1174 2151 Hmuanse
1222 2095 1431 2141 naturae
1457 2084 1619 2187 quod
1664 2099 1824 2156 agere
1866 2086 1999 2143 dett-

356 2201 565 2263 niunt,
606 2200 882 2267 quantum
936 2187 990 2243 iu
1024 2199 1086 2241 se
1127 2189 1249 2247 est,
1282 2181 1615 2248 pra-sciunt,
1656 2188 1712 2234 et
1756 2181 2000 2249 sequitur

358 2291 742 2367 gerendorum
772 2282 1024 2355 cognitio
1051 2278 1389 2335 voluntatem
1419 2271 1614 2367 agendi
1653 2289 1668 2327 :
1701 2273 1842 2330 Deus
1871 2290 2000 2333 vero

365 2365 533 2445 natus
557 2382 706 2456 quod
739 2380 798 2436 in
846 2393 909 2435 se
935 2384 993 2433 et
1019 2389 1119 2446 per
1143 2386 1205 2427 se
1225 2377 1310 2426 est
1335 2365 1545 2423 nescit?
1572 2366 1677 2423 Per
1704 2384 1827 2424 eum
1855 2370 2000 2426 enim

366 2491 621 2552 tempora
646 2521 663 2545 ,
697 2485 756 2532 et
787 2475 843 2529 in
874 2486 944 2528 eo
979 2468 1098 2525 dies
1126 2472 1209 2522 cst
1235 2479 1251 2530 ;
1283 2461 1406 2534 quia
1434 2468 1491 2515 et
1518 2474 1613 2532 per
1640 2461 1816 2531 ipsum
1857 2462 1998 2520 futu.

363 2587 560 2633 rerum
605 2563 943 2627 constitutio
971 2570 1057 2619 est
1084 2600 1100 2627 ,
1129 2568 1185 2615 ct
1213 2560 1265 2612 in
1296 2554 1413 2625 ipso
1452 2554 1716 2610 adventus
1761 2556 1843 2611 sui
1882 2556 1998 2613 dis-

364 2652 626 2740 pensatio
655 2668 741 2718 est
774 2675 789 2712 :
824 2664 883 2713 et
908 2654 1014 2711 erit
1048 2653 1104 2708 in
1144 2665 1206 2706 ea
1236 2644 1594 2712 hebetudine,
1626 2657 1685 2703 ut
1713 2648 1856 2718 quod
1895 2650 1999 2707 sibi

365 2766 623 2822 constat,
675 2766 848 2811 sensu
888 2759 1098 2807 natura:
1150 2742 1416 2814 torpentis
1460 2740 1711 2812 ignoret,
1760 2741 1997 2801 ferarum

364 2852 803 2916 belluarumque
853 2841 1057 2906 modo,
1106 2853 1229 2909 quae
1266 2846 1418 2892 extra
1467 2833 1731 2891 rationem
1779 2837 1989 2893 consilii

368 2939 730 3019 providentis
773 2936 1034 2993 animata:
1058 2974 1074 3000 ,
1106 2932 1282 3002 ipsum
1313 2927 1454 3000 quod
1498 2935 1666 2998 agunt
1709 2928 1996 2997 nesciunt,

358 3018 496 3096 cum
526 3031 770 3106 quodam
818 3035 970 3083 motu
1011 3020 1248 3094 stupida:
1277 3018 1570 3076 voluntatis
1594 3019 1841 3090 agitalte,
1888 3021 1998 3079 for.

366 3130 511 3187 Inito
540 3126 609 3183 ad
641 3120 854 3194 aliquid
881 3126 938 3175 et
967 3118 1179 3173 incerto
1208 3112 1456 3170 feruntur
1482 3109 1763 3180 ingressu?

2116 514 2259 573 ferre
2291 524 2581 593 trepidatio
2598 570 2611 592 ,
2638 536 2693 585 ttt
2717 530 2820 586 hoc
2840 531 2942 587 sibi
2970 533 3039 589 tle
3061 537 3175 593 Deo
3198 539 3480 595 arbitrium
3511 514 3720 608 p—rmstto

2114 619 2255 678 mat,
2284 625 2340 669 et
2368 618 2419 672 ei
2448 621 2576 675 vitia
2604 621 2850 679 humanae
2872 625 3260 687 demutationis
3306 630 3614 703 adscribat;
3660 649 3723 697 ut.

2111 711 2205 756 aut
2231 704 2433 777 aliquid
2467 711 2602 767 Filio
2630 712 2796 771 Pater
2823 715 3077 789 deneget,
3110 721 3427 792 autaliquid
3453 722 3597 786 Deus
3620 746 3722 789 na-

2113 801 2198 850 tus
2224 795 2459 867 ignoret.

2183 886 2272 942 6i.
2311 889 2382 946 Ut
2408 892 2585 963 Dens,
2615 897 2810 956 invidia
2834 913 3021 971 vacat;
3064 914 3121 958 ut
3172 903 3357 972 Pater,
3384 909 3460 966 nil
3490 928 3592 970 non
3640 918 3731 976 dat

2104 981 2245 1075 quod
2264 983 2437 1050 habet,
2468 991 2750 1056 prtesertim
2777 1009 2891 1048 cum
2911 997 2979 1050 sit
2998 997 3253 1067 simpiex.
3278 996 3346 1053 Ut
3378 1000 3508 1075 Deo,
3531 1009 3606 1066 ita
3633 1012 3734 1071 Dei

2105 1072 2241 1168 Lilia,
2278 1079 2549 1148 praprinm
2570 1091 2645 1136 est
2672 1086 2849 1154 futura
2880 1089 3162 1158 praescire.
3205 1120 3273 1131 -—
3321 1072 3505 1159 Nescit
3553 1120 3738 1168 autem

2106 1162 2254 1280 thlf
2305 1170 2448 1226 aliud
2504 1173 2792 1245 aliquando
2841 1195 3009 1248 quam
3070 1180 3307 1240 dilectio
3359 1208 3516 1268 esse,
3570 1162 3750 1280 neque

2105 1257 2445 1361 aliudquam
2470 1275 2622 1335 pater
2649 1282 2790 1325 esse.
2817 1271 3004 1343 ΕΗιυί
3048 1270 3284 1351 ὀὶὶῑὲὶὶ,
3334 1303 3438 1346 uno

2104 1360 2161 1461 ει
2179 1354 2269 1455 qui
2581 1403 2595 1428 ,
2626 1378 2732 1418 l'tOli
2756 1365 2916 1422 etiam
2944 1379 3093 1461 non
3126 1349 3291 1439 pater
3320 1391 3466 1449 lt‘liiS

2104 1448 2250 1499 enim
2273 1448 2515 1505 admittit
2540 1452 2643 1509 hoc
2669 1470 2866 1513 nomen
2911 1456 3276 1530 portionem
3301 1521 3315 1544 ,
3373 1498 3428 1541 υι
3472 1448 3765 1553 εξ

2104 1548 2259 1571 “'"m‘
2284 1543 2351 1571 οε·
2417 1550 2555 1571 MM
2609 1547 2784 1571 ηιεηη-
3060 1549 3237 1571 ΔΑ,
3586 1531 3601 1550 ι
3662 1513 3771 1571 quo

2281 1543 2556 1652 fit”?
2583 1547 2789 1652 -Ῠ’¹ῘΪ¹Ῐ.¹⁰
2815 1562 2985 1652 Pam"
3056 1549 3250 1640 306
3290 1590 3400 1636 non

2103 1629 2250 1684 θηίιιτ
2281 1632 2648 1694 υιιῖνετείιτιιῑε
2677 1640 2747 1712 (f)
2779 1644 2897 1712 eius
2924 1657 3079 1715 quae
3139 1628 3400 1725 εῑιέεᾎέὶ

2102 1734 2325 1832 omupm
2356 1740 2417 1782 se
2444 1726 2496 1782 in
2537 1745 2602 1785 eo
2630 1731 2867 1803 habens,
2922 1738 3023 1794 cui
3094 1757 3210 1806 non
3259 1758 3331 1811 sit
3369 1726 3459 1817 exr
3475 1726 3750 1832 ᾞόὶιῶἷξέ

2125 1872 2141 1882 ,
2290 1872 2305 1917 ζ
2396 1872 2403 1873 ,
2466 1872 2535 1875 μ-
2572 1872 2583 1876 -
2620 1872 2723 1879 .--η
2753 1872 2896 1899 χιε-ν..
2923 1872 3037 1885 ωυ-
3072 1872 3266 1898 unum
3294 1872 3417 1916 qua:
3455 1872 3551 1908 sua
3604 1874 3737 1916 ευηι

2104 1912 2264 2018 pater
2292 1922 2408 2018 ipse
2432 1911 2533 1978 sit,
2557 1915 2650 1970 sed
2674 1919 2822 2018 quod
2848 1920 2900 1975 in
2930 1920 3019 1975 Itis
3049 1929 3250 1994 quibus
3271 1935 3389 2003 ipse
3409 1952 3491 1995 est
3517 1984 3532 2009 ,
3559 1947 3609 2000 ei
3631 1952 3728 2018 qui

2101 2007 2173 2048 ex
2205 2008 2269 2051 se
2290 2009 2406 2066 est,
2440 2013 2592 2070 pater
2618 2015 2760 2063 totus
2779 2009 2868 2065 sit.
2900 2012 2965 2067 Et
2995 2028 3123 2070 cum
3179 2026 3477 2084 secundum
3519 2007 3727 2092 huma-

2100 2100 2307 2190 norum
2333 2106 2619 2165 corporum
2642 2111 2861 2158 naturas
2881 2145 2895 2169 ,
2926 2121 3049 2177 qua:
3079 2126 3149 2165 ex
3182 2114 3489 2186 disparibus
3515 2140 3721 2185 conve-

2100 2191 2270 2281 niunt
2299 2194 2354 2240 et
2409 2202 2473 2242 ex
2506 2194 2820 2264 compositis
2865 2201 3204 2271 consistunt,
3248 2222 3356 2262 non
3394 2216 3563 2281 possit
3611 2220 3716 2275 nisi

2101 2276 2353 2379 omnium
2383 2297 2602 2340 suorum
2624 2288 2747 2358 quis
2771 2289 2847 2363 (g)
2880 2302 3030 2360 pater
3050 2308 3202 2367 pater
3224 2315 3346 2357 esse
3365 2276 3533 2370 ,vdum
3564 2315 3712 2382 quod

2100 2383 2159 2424 tu
2206 2387 2538 2447 unoquoque
2564 2390 2650 2435 est
2676 2397 2938 2453 generum
2967 2403 3032 2443 ac
3059 2392 3330 2463 partium,
3380 2399 3433 2453 id
3482 2405 3533 2457 in
3582 2405 3713 2463 (iliis

2101 2464 2361 2561 nativitas
2384 2470 2621 2539 perfecta
2651 2490 2966 2535 conservet:
3001 2484 3240 2542 omnium
3294 2503 3426 2561 ergo
3480 2510 3708 2556 suorum

2103 2557 2225 2661 quis
2255 2569 2596 2661 paterpater
2644 2580 2757 2636 εει,
2812 2570 2938 2627 dum
2988 2592 3067 2631 εχ·
3091 2582 3340 2641 omnibus
3360 2557 3621 2651 nativitas
3650 2608 3711 2654 ct

2186 2654 2439 2755 omnibus
2472 2671 2674 2717 manet.
2711 2663 2771 2718 Et
2805 2680 2927 2719 cum
2954 2668 3007 2722 in
3040 2669 3152 2728 Deo
3175 2691 3278 2729 non
3303 2678 3411 2734 sint
3437 2696 3702 2755 corpora-

2102 2739 2199 2837 lia,
2242 2743 2338 2798 sed
2377 2746 2661 2818 absoluta;
2714 2768 2893 2825 neque
2944 2759 3265 2828 particulam
3294 2808 3308 2833 ,
3339 2772 3432 2825 sed
3482 2739 3709 2837 to'ta—‘ct,

2101 2833 2385 2936 universa;
2414 2854 2520 2895 nou
2549 2843 2818 2902 vivificata
2839 2890 2854 2915 ,
2896 2851 2990 2907 sed
3018 2853 3167 2923 viva;
3199 2868 3343 2916 totus
3373 2865 3590 2936 tiveus,

2100 2940 2266 3029 unum
2293 2927 2370 3029 (5-)
2404 2931 2483 3003 (lt)
2515 2941 2660 2991 totus
2678 2937 2829 3029 Dens
2875 2950 2980 3008 est,
3021 2947 3148 3002 dum
3196 2967 3300 3007 non
3342 2970 3405 3010 ex
3454 2927 3707 3029 portione

2100 3020 2438 3090 coinpositus
2458 3034 2572 3092 cst,
2595 3028 2688 3084 sed
2721 3047 2788 3085 ex
2825 3034 3175 3105 simplicitate
3232 3020 3504 3113 perlectus
3545 3065 3631 3111 est

2100 3125 2329 3215 necesse
2357 3122 2443 3169 est
2466 3157 2481 3181 ,
2507 3126 2565 3171 ut
2590 3122 2890 3178 secundum
2942 3129 3085 3197 quod
3129 3145 3212 3189 est
3246 3148 3415 3206 pater,
3471 3143 3588 3215 ipse
3626 3151 3703 3207 sit

439 3220 533 3278 60.
567 3216 725 3274 Patri
751 3211 1070 3285 injuriotmm
1094 3216 1169 3263 est
1204 3203 1344 3260 Filio
1372 3204 1719 3275 ignorantiam
1773 3205 1984 3279 (ιῃῑηῃε-
2012 3200 2059 3265 C
2088 3205 2328 3260 omnium
2356 3221 2576 3265 suorum
2617 3214 2664 3268 ei
2706 3231 2866 3287 quem
2899 3235 2961 3275 ex
3015 3237 3073 3279 se
3112 3200 3299 3298 genuit
3346 3200 3698 3314 Pater-mm;

342 3333 427 3374 ,η
447 3313 601 3387 quasi
650 3311 701 3367 ei
748 3305 1020 3363 inviderit.
1064 3331 1138 3343 —
1180 3297 1468 3369 Quomodo
1519 3298 1680 3354 etiam
1727 3299 1990 3359 Dominus

362 3407 559 3482 gloriae
579 3448 595 3473 ,
622 3403 899 3459 adventus
921 3396 1003 3453 sui
1037 3391 1325 3466 ignorabili
1351 3391 1439 3447 die
1458 3434 1474 3459 ,
1504 3402 1706 3446 naturae
1734 3408 1855 3449 esse
1907 3395 1981 3449 in-

366 3498 695 3572 composita:
724 3491 1177 3565 imperfectmqnc
1220 3485 1491 3548 credetur,
1516 3501 1635 3555 qua:
1663 3494 1719 3542 et
1749 3489 1986 3544 uecessi-

370 3601 544 3649 tatem
596 3587 803 3644 habeat
866 3578 1229 3640 adveniendi,
1290 3584 1345 3632 ct
1387 3576 1668 3632 scientiam
1720 3578 1988 3638 adventus

372 3682 462 3742 sui
509 3696 618 3737 non
645 3678 842 3746 adepta
873 3673 988 3729 sit?
1034 3671 1143 3726 Per
1197 3667 1339 3739 quod
1395 3666 1571 3738 potior
1609 3668 1679 3722 sit
1724 3669 1986 3740 ignoratio

376 3777 459 3851 (ε)
490 3776 626 3839 Deo,
652 3785 779 3844 quae
805 3768 854 3825 ei
891 3766 1103 3823 auferat
1129 3762 1455 3836 cognitionis
1486 3761 1681 3817 habere
1709 3764 1979 3820 virtutem.

367 3871 493 3928 Jam
523 3882 653 3925 vero
672 3869 878 3937 quanta
910 3860 1204 3927 impietatis
1233 3853 1317 3930 (ά)
1349 3854 1654 3927 geminatur
1671 3858 1904 3924 occasio;
1938 3860 1983 3916 si

372 3971 575 4037 pratter
602 3950 1205 4015 intlrmimtemChristi
1235 3951 1396 4004 etiam
1451 3948 1563 4003 Deo
1605 3949 1741 4019 patri
1793 3949 1981 4007 vitium

371 4051 760 4126 deputabitur;
791 4056 851 4103 ut
871 4043 1207 4116 unigenitum
1238 4041 1407 4097 Deum
1431 4082 1446 4107 ,
1465 4049 1521 4097 et
1540 4040 1845 4097 dilectionis
1870 4057 1983 4101 sua:

371 4149 578 4213 ﬁlium,
603 4142 711 4201 diei
746 4140 908 4211 hujus
929 4135 1241 4208 cognitione
1281 4131 1643 4201 fraudaverit,
1679 4133 1981 4205 malignitav

374 4241 556 4312 tisque
580 4236 653 4309 (ε)
684 4230 881 4289 aﬂcctn
939 4227 1221 4285 scientiam
1274 4224 1464 4280 futurae
1501 4226 1982 4284 consummationis

373 4326 1017 4389 invideritzetcumnon
1049 4316 1402 4391 ignorabilcm
1453 4315 1502 4371 ei
1560 4330 1680 4372 esse
1713 4319 1980 4388 passionis

373 4433 429 4481 ct
454 4423 596 4479 diem
626 4429 681 4475 et
707 4416 895 4471 horam
922 4410 1190 4473 voluerit;
1222 4409 1361 4464 diem
1395 4407 1605 4463 virtutis
1626 4407 1773 4478 ejus,
1796 4417 1851 4465 et
1871 4411 1982 4467 cla-

372 4512 622 4575 riﬁcandi
645 4514 699 4568 in
726 4508 930 4568 sanctis
953 4505 1067 4562 suis
1096 4505 1284 4560 horam
1301 4501 1612 4575 negaverit,
1657 4512 1713 4559 et
1763 4504 1980 4563 ademe‘

2094 3297 2222 3403 dum
2252 3315 2373 3355 eunt
2407 3313 2612 3372 patrem
2644 3322 2709 3362 ex
2739 3312 2852 3365 suis
2878 3297 3132 3374 omnibus
3158 3297 3405 3381 nativitas
3446 3331 3536 3387 lilii

2094 3391 2231 3499 tecta
2261 3407 2622 3456 consummat.
2655 3402 2713 3460 Si
2744 3404 2910 3476 igitur
2940 3416 3193 3483 proprius
3220 3416 3358 3475 Ftlio
3390 3422 3553 3483 Pater
3574 3391 3697 3501 est;

2093 3487 2147 3542 in
2179 3503 2240 3542 ea
2266 3505 2489 3548 neccSSe
2519 3503 2605 3550 cst
2634 3496 2828 3553 Filium
2858 3517 3083 3561 manere
3113 3514 3443 3581 proprietate
3469 3538 3570 3588 qua
3601 3487 3701 3582 ινξιί

2093 3589 2176 3638 ter
2203 3591 2306 3637 est.
2332 3584 2551 3643 Manere
2601 3599 2780 3646 autem
2822 3600 3097 3665 quomodo
3153 3584 3588 3681 existimabitur,
3641 3621 3689 3676 si

2090 3679 2633 3769 estra‘przcscicntim
2658 3694 2902 3741 naturam
2933 3690 3038 3757 sit,
3064 3702 3121 3747 et
3165 3697 3367 3769 aliquid
3420 3679 3689 3767 nativitati

2089 3764 2206 3835 eius
2237 3763 2301 3838 (i)
2328 3783 2392 3823 cx
2444 3779 2665 3828 auctore
2689 3776 3153 3839 dcfnerit?dccrit
3199 3763 3341 3843 enim
3384 3808 3551 3865 prope

2090 3868 2236 3925 tum,
2270 3859 2316 3912 si
2344 3862 2485 3930 quod
2528 3866 2798 3935 proprium
2830 3868 2942 3923 Deo
2972 3883 3087 3940 cst,
3125 3893 3232 3932 non
3282 3859 3500 3941 habeat:
3554 3889 3689 3950 Pro-

2089 3951 2260 4022 prium
2292 3961 2469 4009 autem
2494 3954 2606 4010 Deo
2636 3957 2923 4028 quidaliud
2945 4005 2959 4027 ,
3014 3980 3176 4036 quam
3203 3974 3441 4044 cognitio
3486 3978 3695 4041 futuro.

2084 4059 2205 4100 rum
2234 4054 2351 4149 est;
2415 4057 2470 4103 ut
2525 4065 2613 4106 tes
2656 4053 2894 4109 nondum
2943 4072 3255 4133 manentes,
3300 4085 3693 4149 mansuraque

2086 4137 2386 4208 posmrius,
2417 4140 2769 4202 invisibilium
2800 4163 2864 4203 ac
2892 4151 3128 4210 nondum
3157 4161 3484 4219 exstantium
3513 4137 3682 4238 gene-

2085 4247 2202 4287 rum
2230 4247 2398 4303 capax
2427 4244 2615 4294 natura
2637 4243 2948 4298 contineat?

2156 4324 2248 4380 6‘2.
2279 4324 2375 4381 Nil
2394 4327 2516 4384 latet
2541 4348 2656 4387 eum
2702 4334 2754 4389 in
2805 4352 2906 4407 quo
2944 4355 3117 4398 attines
3163 4347 3393 4404 scientiw
3434 4350 3685 4428 thesauri,

2083 4418 2315 4510 quamvis
2340 4429 2509 4478 tamen
2532 4424 2768 4483 latentes.
2798 4459 2871 4469 —
2896 4429 3011 4488 Non
3038 4437 3240 4503 patitur
3269 4454 3451 4500 autent
3494 4450 3546 4503 itt
3589 4418 3689 4510 tto;

2084 4510 2167 4567 his
2194 4509 2387 4569 doctor
2413 4518 2653 4587 gentium
2679 4519 2879 4577 Paulus
2899 4522 3037 4580 hanc
3061 4529 3209 4600 impii
3252 4537 3454 4592 erroris
3473 4544 3685 4610 pmrcs-

374 4610 452 4667 rit
478 4599 833 4664 beatitudinis
862 4597 1230 4671 cognitionem
1251 4637 1266 4660 ,
1314 4594 1399 4650 cui
1453 4594 1643 4650 mortis
1687 4594 1971 4656 indulserit
1999 4600 2054 4663 Ι)
2078 4603 2287 4659 sionem
2307 4645 2320 4670 ,
2353 4615 2411 4660 υι
2432 4607 2716 4678 ῑεηιηοηεεο
2737 4610 2940 4683 aliquid
2967 4594 3162 4691 "nisa-1
3172 4623 3277 4679 ilus
3312 4594 3692 4694 ungui—gi}.

454 4741 535 4816 (l)
574 4738 970 4816 Plenitudinent
996 4731 1296 4789 divinitatis.

456 4746 502 4816 (1
578 4741 901 4797 Plenitudim

456 4741 537 4889 (εξ
565 4813 631 4869 In
656 4812 901 4886 gloriam.

457 4955 535 5029 (α)
576 4952 650 5011 Ita
696 4965 830 5029 mss.
861 4944 1521 5029 qttomodoget.lib..vtn,
1554 4962 1607 5000 η.
1643 4947 1712 5014 5,
1757 4960 1987 5004 consen-

383 5017 555 5087 tiente
575 5039 756 5093 graeco
786 5026 859 5084 ei;
886 5017 1067 5077 eam.
1102 5021 1168 5093 At
1193 5017 1344 5093 editi,
1370 5017 1425 5070 in
1450 5017 1584 5085 ipso.

466 5099 543 5173 (ὁ)
568 5090 792 5155 Scilicet
827 5090 1247 5173 dispensationis
1285 5098 1339 5142 et
1376 5099 1665 5173 assumpta:
1693 5091 1894 5173 carnis,
1928 5093 1982 5150 in

383 5160 492 5244 qua
519 5160 780 5244 valituros
802 5174 887 5244 est
908 5161 1151 5244 judicare
1168 5163 1324 5244 siros
1344 5169 1400 5244 et
1426 5170 1690 5244 mortuos:
1716 5160 1982 5244 Quocirca

383 5230 509 5301 dies
556 5241 645 5296 illa
688 5230 1024 5293 Christi'cst
1062 5241 1120 5303 ttt
1168 5230 1449 5303 hominis;
1475 5234 1520 5285 si
1561 5231 1777 5303 quidem
1823 5232 1985 5292 Pater

384 5329 553 5371 omne
593 5308 857 5381 judicium
882 5305 1036 5381 dedit
1060 5301 1233 5381 Fili‘oA,
1265 5303 1387 5381 quia
1423 5301 1563 5381 illius
1579 5301 1828 5359 hominis
1858 5317 1941 5361 est
1962 5348 1978 5374 ,

384 5398 443 5444 ut
476 5372 737 5451 scriptum
765 5388 848 5434 est
871 5375 1025 5451 Joan.
1053 5390 1120 5451 _v,
1146 5373 1218 5427 2?.
1241 5415 1255 5440 ,
1285 5372 1376 5428 9.7.
1423 5374 1530 5430 Dici
1580 5390 1794 5451 quoque
1842 5372 1982 5433 tem?-

385 5472 492 5531 pus
521 5444 607 5531 esi
632 5454 685 5531 in
713 5452 834 5531 ipso
861 5456 920 5502 ut
944 5444 1121 5531 Verbo
1145 5451 1443 5531 temporum
1467 5444 1771 5531 conditore.

466 5527 541 5601 (ι)
564 5524 620 5580 In
647 5515 857 5601 duobus
891 5532 1022 5574 mss.
1045 5516 1198 5572 deest
1220 5515 1324 5601 Deo
1348 5531 1367 5569 :
1387 5531 1644 5601 quasocc
1673 5518 1988 5601 intelligitur

388 5586 676 5661 Paie’r,eui
694 5592 935 5647 omnium
952 5586 1449 5661 cognoscendorum
1465 5587 1634 5661 virtus
1655 5586 1916 5659 neganda,
1933 5599 1988 5645 ιιι

386 5658 661 5743 ignoratio
676 5658 1013 5743 attribuenda
1030 5661 1098 5743 sit
1116 5659 1490 5743 ltotiusmttam
1505 5674 1566 5714 ea
1583 5658 1796 5743 invidiae
1814 5663 1984 5725 labes,

376 5727 495 5872 aut“)
530 5738 730 5794 dilecto
760 5734 872 5790 ﬁlio
892 5727 1250 5801 cognitionem
1271 5727 1504 5799 aliquam
1532 5731 1847 5789 subtrahere
1871 5747 1990 5789 cre-

430 5822 575 5867 alttr.

430 5822 575 5867 alttr.

797 5901 1068 5963 PATROL.
1115 5895 1198 5957 Χ.

2174 4743 2252 4819 (5)
2280 4740 2484 4801 Totum.

2165 4948 2406 5048 amyli
2421 4954 3181 5048 ['3_gen,erali{".°“‘.’3i9
3206 4988 3297 5044 P9"
3338 4973 3691 5048 inﬁrmitatem

2087 5019 2390 5165 iC)Itr:"sli.'ln
2419 5025 2542 5109 aliis
2568 5019 2784 5101 qno'quc
2836 5034 3000 5090 editis

2126 5108 2188 5149 ar
2214 5108 2299 5148 tcu
2326 5109 2355 5148 a
2394 5113 2458 5151 at.

2159 5165 2235 5307 fe)
2266 5163 2323 5219 lu
2350 5165 2562 5222 duobus
2585 5186 2715 5225 mss.
2749 5172 2953 5239 effectu.

2185 5234 2227 5306 f)
2248 5234 2298 5290 id
2327 5248 2407 5291 est
2429 5278 2446 5305 ,
2489 5237 2649 5296 Pater
2671 5242 2861 5298 Filium
2889 5261 2953 5307 ge

2185 5234 2649 5329 [)id-esLLi’atcr
2671 5234 2861 5298 Filium
2889 5251 3204 5315 generando
3233 5255 3325 5311 dat
3355 5260 3403 5315 ci
3437 5267 3685 5329 universa

2085 5320 2206 5377 quae
2230 5323 2281 5359 tn
2309 5322 2367 5362 se
2394 5319 2539 5363 sunt.

2164 5376 2323 5479 539.12
2341 5379 2573 5479 ἶῗξὲἒῗὲῗῗ
2590 5382 2811 5479 ,1³ίὲιέ
2853 5385 3168 5479 NW???"
3201 5403 3466 5468 νθιτοιίιιιτ
3494 5421 3685 5479 pater:
3770 5426 3774 5430 '

2089 5462 2323 5529 mosque
2344 5451 2570 5529 habetur
2590 5452 2641 5506 in
2673 5454 2782 5529 ﬁlio
2806 5496 2822 5522 ,
2844 5473 2957 5529 pou
2990 5460 3045 5514 in
3071 5463 3213 5529 (iliis.

2162 5519 2345 5610 ita
2378 5521 2615 5610 optimus
2635 5519 2982 5585 codex'Colh.
3016 5519 3137 5587 cum
3169 5537 3385 5599 Martio.
3414 5556 3471 5603 ct
3493 5550 3656 5610 Germ

2091 5590 2194 5644 Alii
2226 5606 2389 5654 vero,
2422 5602 2603 5648 totum.
3242 5590 3270 5593 "
3415 5590 3471 5603 ν’
3495 5590 3554 5607 νε
3577 5590 3680 5613 ιιιι.

2252 5660 2649 5752 ΙιιΔιξιιεειηεε.
2678 5664 2827 5752 γης..
2866 5680 2933 5752 et
2972 5670 3160 5752 Gai-tt"
3221 5696 3284 5735 ea:
3334 5695 3638 5752 auctoritate
3664 5715 3684 5752 .-

2090 5732 2759 5825 [εἶρξενλξξῳξ-ερέθςηςειᾴαί;ί
2778 5739 2827 5792 Id
2850 5744 2993 5797 οιιξιη
3024 5746 3223 5805 Hilario
3242 5765 3344 5821 est,
3378 5732 3677 5825 attctoriuis:

2089 5802 2233 5874 quod
2263 5804 2418 5861 nobis
2450 5802 2787 5879 principium.
3146 5802 3187 5805 “’
3247 5802 3344 5821 ““’
3378 5802 3678 5843 ““““¹’ν’“ι⁴οι

3163 5917 3229 5978 11

3435 1688 3592 1743 pater
3638 1696 3721 1740 est
3741 1728 3758 1752 ,
3846 1684 3863 1701 ‘
