4286 6264
595 338 696 409 331

1805 337 2052 398 SANCTI
2094 327 2351 398 lllLARll
2391 335 2700 400 EPISCOPI

3797 335 3904 401 352

594 468 810 525 utetur;
845 457 922 513 ait
945 459 1130 514 enim:
1163 455 1398 512 Instituti
1455 455 1509 509 in
1557 456 1866 521 dilectione,
1917 457 1973 510 in
2019 472 2192 510 omnes
2220 457 2272 517 Α
2297 465 2342 511 et
2364 457 2482 528 21).
2515 457 2786 514 Habemus
2801 471 2930 530 ergo
2953 458 3286 515 nescientem
3312 452 3508 525 Deum,
3538 456 3685 527 quod
3719 465 3900 514 tamen

600 551 810 606 divitias
833 551 1215 622 adimpletionis
1236 549 1527 604 intellectus
1556 590 1571 615 ,
1604 549 1657 603 in
1686 549 2000 621 agnitionem
2027 565 2200 602 sacra-

601 643 758 698 menti
786 642 861 713 (a)
886 640 982 696 Dei
1006 640 1228 703 Clu-isti,
1263 641 1316 694 in
1345 656 1448 710 quo
1469 649 1586 694 sunt
1614 656 1790 695 ontnes
1844 640 2070 694 thesauri
2115 656 2201 694 sa-

601 738 809 811 pientia:
833 747 879 791 et
907 736 1134 791 scientia:
1161 735 1240 807 (l)
1270 735 1523 790 absconsi.
1556 735 1698 792 Deus
1723 734 1976 790 Christus
2018 749 2201 789 sacra-

606 841 847 889 mentum
875 841 989 898 est,
1022 838 1079 886 et
1109 845 1298 886 omnes
1321 829 1608 900 sapientiae
1655 837 1710 885 et
1747 829 1988 884 scientiae
2030 829 2083 884 in
2137 843 2203 884 eo

603 927 838 984 thesauri
868 928 1056 982 latent.
1085 925 1331 980 Portioni
1385 939 1556 989 vero,
1609 933 1662 980 et
1708 923 2049 979 universitati
2093 936 2202 978 non

603 1031 788 1094 potest
812 1021 1108 1077 convenire
1143 1036 1156 1072 :
1187 1020 1311 1090 quia
1339 1035 1516 1089 neque
1545 1034 1671 1088 pars
1723 1018 1908 1072 omnia
1947 1017 2204 1087 intelligi-

607 1126 713 1181 tur,
745 1123 802 1171 et
822 1114 1003 1170 omnia
1037 1121 1245 1183 partem
1277 1127 1382 1167 non
1411 1113 1692 1182 patiuntur
1736 1111 1987 1182 intelligi.
2037 1111 2207 1166 Filius

605 1207 750 1265 enim
777 1207 822 1261 si
855 1207 1000 1261 diem
1025 1207 1230 1273 nescit,
1251 1205 1360 1275 jam
1417 1221 1523 1260 non
1576 1218 1768 1259 omnes
1794 1205 1846 1257 in
1871 1219 1938 1258 eo
1963 1202 2208 1258 scientia:

605 1301 845 1356 thesauri
875 1308 1002 1354 sunt
1031 1316 1043 1352 :
1070 1298 1150 1371 (2)
1176 1298 1253 1372 (b)
1281 1298 1422 1354 diem
1448 1312 1556 1353 non
1586 1298 1828 1366 ignorat,
1856 1311 2046 1351 omnes
2075 1296 2124 1348 in
2150 1308 2210 1351 se

608 1393 855 1448 scientia:
889 1390 1174 1446 thesauros
1221 1391 1530 1446 continens.
1584 1388 1690 1445 Sed
1748 1387 2064 1443 meminisse
2113 1400 2212 1442 nos

610 1488 885 1550 convenit,
900 1486 1059 1558 307
1073 1485 1314 1540 occultos
1340 1485 1394 1538 in
1420 1499 1484 1539 eo
1501 1485 1633 1538 istos
1657 1481 1898 1537 scientiae
1929 1481 2213 1536 thesauros

613 1595 739 1635 esse
763 1622 776 1642 ,
811 1594 982 1649 neque
1012 1577 1247 1643 idcirco,
1279 1577 1404 1646 quia
1455 1575 1651 1630 occulti
1695 1575 1832 1639 sint,
1862 1588 1966 1628 non
1991 1573 2211 1628 inesse:

613 1687 735 1726 cum
767 1687 862 1741 per
892 1670 941 1724 id
964 1711 979 1736 ,
1011 1670 1156 1739 quod
1187 1670 1331 1724 Deus
1369 1677 1474 1730 est,
1505 1668 1558 1721 in
1587 1682 1653 1723 eo
1680 1667 1876 1733 insint;
1913 1681 2010 1736 per
2038 1666 2088 1720 id
2119 1680 2214 1720 ve-

615 1781 677 1820 ro
699 1765 843 1834 quod
872 1772 1274 1820 sacramentum
1302 1772 1415 1824 est,
1441 1762 1804 1816 occultantur.
1857 1759 1974 1814 Non
2027 1758 2213 1814 occul-

2304 565 2410 604 non
2445 551 2666 608 nesciat.
2691 549 2825 605 Nam
2855 566 2976 606 cum
2999 561 3222 622 peccata
3251 565 3442 622 magna
3472 549 3630 605 valde
3659 551 3793 606 sciat
3818 566 3908 606 es-

2301 657 2390 706 se,
2424 653 2479 698 et
2505 657 2722 698 rursum
2750 643 3032 700 descendit
3064 654 3120 699 ut
3147 644 3329 699 videat
3355 641 3437 716 (It)
3465 659 3533 699 an
3557 659 3906 700 consumma-

2303 743 2354 790 ta
2377 734 2512 800 sint,
2543 744 2599 791 et
2620 736 2666 790 si
2697 736 2938 792 nondum
2970 745 3345 793 consummata
3394 746 3552 804 sunt,
3601 745 3664 792 ut
3718 737 3852 792 sciat
3884 753 3902 792 :

2305 825 2654 896 intelligimus
2705 843 2827 883 eum
2885 829 2972 900 (5)
3021 844 3127 885 non
3178 830 3390 886 nescire
3421 872 3435 895 ,
3483 829 3606 900 quia
3663 831 3902 895 nesciat;

2306 920 2371 992 (i)
2429 920 2524 975 sed
2555 929 2666 976 tum
2705 922 2878 988 scire,
2928 921 3054 992 quia
3109 932 3323 993 tempus
3370 922 3439 978 ad
3489 923 3758 994 agendum
3810 923 3904 978 sit.

2307 1012 2386 1087 (j)
2417 1014 2570 1070 Scire
2594 1029 2724 1085 ergo
2753 1015 2945 1083 Deum,
2973 1030 3081 1070 non
3109 1024 3196 1070 est
3225 1016 3542 1086 ignorantia:
3568 1015 3868 1070 demutatio
3888 1056 3905 1082 ,

2309 1107 2402 1162 sed
2437 1109 2701 1178 temporis
2725 1109 3027 1179 plenitudo.
3056 1108 3419 1179 Exspectatur
3445 1109 3589 1164 enim
3617 1108 3795 1163 adhuc
3843 1116 3906 1163 ut

2311 1201 2445 1256 sciat
2473 1219 2483 1253 :
2510 1210 2707 1257 etcum
2731 1217 2837 1256 non
2864 1202 3133 1272 possimus
3164 1201 3216 1257 id
3240 1201 3306 1257 de
3336 1217 3402 1257 eo
3430 1201 3736 1272 intelligere
3762 1200 3909 1271 quod

2312 1295 2550 1361 nesciat;
2579 1310 2702 1352 cum
2726 1307 2904 1352 tamen
2925 1296 3102 1352 adhuc
3115 1305 3391 1368 exspectet
3417 1305 3477 1349 ut
3501 1294 3656 1360 sciat,
3687 1308 3912 1350 necesse

2313 1398 2417 1454 est,
2435 1397 2492 1442 nt
2516 1387 2566 1442 id
2597 1388 2739 1459 quod
2763 1389 2942 1444 sciens
2970 1389 3163 1455 nescit,
3188 1395 3244 1444 et
3259 1386 3506 1444 nesciens
3527 1389 3651 1454 scit,
3669 1385 3746 1459 (lc)
3769 1386 3912 1444 nihil

2315 1481 2458 1536 aliud
2481 1497 2640 1552 quam
2672 1484 2754 1538 vel
2783 1482 3036 1552 loquendi
3069 1483 3402 1553 diSpenSatio
3426 1482 3518 1549 sit,
3551 1483 3636 1538 vel
3665 1481 3909 1552 gerendi.

2387 1574 2481 1630 64.
2511 1573 2650 1630 Deus
2675 1576 2863 1630 dicitur
2889 1577 2944 1630 id
2964 1579 3113 1631 modo
3141 1578 3293 1643 scire,
3325 1576 3461 1648 quod
3500 1576 3654 1630 modo
3695 1576 3912 1646 profert.

2317 1700 2390 1710 —
2417 1669 2533 1725 Non
2559 1685 2690 1742 ergo
2715 1669 2911 1742 ambigi
2935 1671 3063 1726 licet
3087 1713 3101 1735 ,
3135 1670 3228 1725 Dei
3256 1671 3539 1726 scientiam
3570 1687 3634 1726 ex
3666 1681 3916 1742 tempore

2321 1763 2500 1832 potius
2522 1776 2646 1817 esse
2675 1777 2836 1832 quam
2867 1777 2933 1818 ex
2957 1761 3326 1817 demutatione
3346 1804 3359 1826 ,
3383 1777 3506 1817 cum
3549 1761 3614 1816 ad
3669 1761 3720 1817 id
3768 1760 3914 1832 quod

615 1869 726 1912 tum
758 1868 940 1912 autem
960 1899 974 1922 ,
1002 1873 1178 1926 neque
1206 1857 1510 1925 ignoratum
1535 1854 1692 1909 nobis
1714 1864 1797 1908 est
1818 1861 2216 1906 sacramentum
2249 1851 2296 1913 B
2327 1855 2464 1909 Deus
2485 1855 2620 1920 scit,
2644 1854 2962 1924 profitenda:
2991 1854 3157 1927 308
3181 1856 3359 1924 p0tius
3411 1854 3654 1910 scientiae
3698 1863 3916 1926 tempus

620 1952 716 2006 Dei
739 1951 978 2015 Christi,
1004 1953 1056 2006 in
1081 1965 1188 2020 quo
1215 1949 1467 2004 absconsi
1497 1962 1688 2002 omnes
1717 1947 1963 2004 scientia:
1981 1945 2217 2001 thesauri

616 2057 767 2101 sunt.
801 2047 862 2100 Et
891 2047 1017 2116 quia
1046 2053 1448 2100 sacramentum
1483 2042 1557 2114 (c)
1595 2042 1713 2111 ipse
1771 2051 1886 2106 est;
1938 2041 2219 2096 videamus

618 2155 686 2192 an
713 2139 764 2192 in
795 2137 916 2200 his,
946 2153 1067 2206 qua:
1094 2136 1310 2202 nescit,
1342 2135 1599 2205 ignorans
1623 2135 1713 2188 sit.
1745 2133 1802 2190 Si
1829 2133 1974 2188 cnim
2027 2135 2082 2187 in
2111 2148 2218 2187 cae-

627 2234 757 2287 teris
787 2229 1059 2301 professio
1086 2228 1372 2300 ignorandi
1398 2243 1503 2283 non
1528 2226 1608 2301 (ά)
1643 2226 1805 2281 habet
1831 2225 2112 2282 nesciendi
2135 2227 2218 2280 in-

623 2324 1008 2393 telligentiam;
1043 2338 1112 2377 ne
1141 2336 1284 2376 nunc
1314 2321 1532 2391 quidem
1563 2319 1706 2391 quod
1763 2319 1938 2374 nescit
1985 2319 2216 2389 ignorat.

619 2415 755 2472 Nam
783 2415 855 2489 (e)
883 2431 1006 2471 cum
1038 2415 1307 2484 ignoratio
1335 2414 1456 2484 ejus
1477 2453 1492 2479 ,
1526 2412 1824 2468 secundum
1857 2411 2003 2482 quod
2031 2424 2222 2466 omnes

623 2509 862 2562 thesauri
889 2509 944 2562 in
984 2522 1050 2562 eo
1101 2507 1346 2561 scientize
1396 2506 1597 2570 latent,
1644 2504 1987 2576 dispensatio
2043 2505 2224 2574 potius

625 2615 788 2670 quam
845 2599 1116 2668 ignoratio
1146 2601 1249 2663 sit;
1278 2598 1446 2654 habes
1483 2612 1709 2653 causam
1763 2596 2053 2668 ignorandi
2103 2595 2225 2652 sine

621 2692 983 2763 intelligentia
1007 2691 1311 2747 nesciendi.

693 2785 782 2842 65.
810 2785 951 2840 Deus
971 2787 1057 2852 qui
1085 2785 1282 2840 nescire
1303 2793 1394 2838 aut
1415 2785 1521 2847 iam
1549 2785 1678 2839 scire
1723 2785 1849 2855 quid
1894 2785 2124 2840 dicatur.
2155 2811 2228 2824 ——

621 2880 678 2934 in
707 2879 962 2934 omnibus
983 2880 1127 2934 enim
1150 2919 1166 2945 ,
1197 2893 1320 2947 qua:
1348 2879 1601 2948 ignorare
1651 2893 1711 2933 se
1761 2878 1902 2934 Deus
1959 2879 2222 2948 loquitur,

621 2971 980 3044 ignorantiam
1007 2971 1228 3042 quidem
1261 2974 1567 3040 profitetur,
1622 2970 1718 3025 sed
1764 2972 1831 3041 (Ι)
1891 2971 2229 3040 ignoratione

622 3073 803 3132 ytmeu
834 3079 942 3118 non
968 3064 1243 3119 detinetur
1274 3080 1287 3115 :
1319 3063 1446 3118 dum
1479 3063 1546 3117 ad
1592 3062 1645 3117 id
1677 3061 1823 3132 quod
1876 3063 2083 3130 nescit,
2120 3077 2227 3119 non

627 3156 909 3212 nesciendi
939 3155 1224 3211 inﬁrmitas
1256 3165 1376 3223 est,
1411 3155 1506 3211 sed
1538 3166 1629 3210 aut
1654 3165 1864 3224 tempus
1912 3167 1996 3210 est
2019 3172 2126 3210 non
2151 3157 2231 3210 Io-

2320 1949 2425 2015 sit,
2457 1965 2616 2018 quam
2647 1949 2860 2019 adeptae
2887 1966 2898 2003 :
2924 1957 2985 2005 ut
3011 1951 3173 2004 etiam
3206 1965 3272 2004 ex
3297 1949 3400 2004 hoc
3441 1949 3726 2015 docemur,
3773 1947 3920 2018 quod

2320 2041 2387 2096 ad
2410 2041 2688 2096 Abraham
2714 2042 2916 2096 dictum
2945 2049 3070 2096 est:
3099 2041 3181 2096 Ne
3223 2043 3431 2113 injicias
3464 2058 3673 2096 manum
3695 2051 3833 2095 tuam
3861 2042 3920 2096 in

2322 2149 2574 2202 puerum,
2599 2143 2645 2187 et
2674 2151 2736 2187 ne
2759 2134 2919 2203 facias
2949 2133 3033 2187 illi
3061 2135 3340 2205 quidquam
3368 2150 3386 2189 :
3412 2151 3550 2189 nunc
3577 2135 3710 2189 enim
3731 2150 3922 2205 cogno-

2322 2228 2368 2281 vi
2393 2228 2516 2298 quia
2545 2228 2686 2282 times
2710 2228 2790 2298 (4)
2824 2227 2888 2300 (Ι)
2930 2227 3093 2282 Deum
3122 2238 3266 2283 tuum
3292 2271 3307 2294 ,
3337 2239 3384 2284 et
3422 2246 3524 2284 non
3555 2229 3826 2301 pepercisti
3853 2231 3924 2299 ﬁ-

2322 2320 2391 2374 lio
2413 2330 2498 2373 tuo
2526 2319 2712 2373 dilecto
2743 2329 2953 2388 propter
2980 2336 3060 2374 me
3086 2319 3241 2389 (Gen.
3267 2336 3412 2388 χχιι,
3462 2322 3578 2394 12).
3636 2321 3783 2377 Deus
3819 2321 3922 2376 ita‘

2322 2427 2429 2482 qtte
2459 2411 2622 2467 modo
2648 2411 2750 2467 scit
2779 2429 2790 2464 :
2823 2411 2983 2466 modo
3005 2422 3184 2468 autem
3209 2413 3374 2478 scire,
3422 2414 3713 2470 anterioris
3762 2418 3920 2485 igno-

2326 2507 2518 2561 rantiae
2557 2505 2826 2575 professio
2869 2516 2974 2562 est.
3003 2507 3160 2574 Quod
3189 2523 3312 2562 cum
3336 2509 3389 2562 in
3422 2508 3594 2564 Deum
3618 2523 3725 2564 non
3747 2508 3928 2576 cadat,

2327 2612 2503 2667 neque
2522 2597 2617 2670 (in)
2637 2609 2699 2651 ut
2728 2599 3058 2668 ignoraverit
3076 2609 3234 2653 antea
3260 2598 3475 2655 fidelem
3490 2600 3591 2656 sibi
3612 2615 3736 2656 esse
3755 2599 3934 2656 Abra-

2327 2688 2483 2753 ham,
2512 2689 2581 2746 dc
2607 2704 2714 2759 quo
2741 2689 2943 2744 dictum
2971 2701 3091 2757 est,
3122 2690 3373 2746 Credidit
3402 2691 3675 2748 Abraham
3701 2693 3813 2748 Deo
3836 2735 3850 2756 ,
3873 2699 3933 2749 et

2327 2783 2642 2854 deputatum
2667 2793 2750 2840 est
2774 2783 2826 2840 ei
2855 2785 2921 2838 ad
2946 2785 3210 2854 justitiam
3243 2783 3395 2856 (Gen.
3427 2800 3516 2852 xv,
3560 2785 3624 2852 6;
3673 2797 3719 2840 et
3767 2785 3927 2842 Rom.

2329 2892 2407 2944 tv,
2437 2876 2493 2948 5)
2531 2877 2675 2932 :hoe
2705 2877 2850 2948 quod
2896 2892 3039 2933 nunc
3087 2880 3376 2948 cognovit,
3435 2889 3647 2949 tempus
3690 2888 3773 2935 est
3823 2893 3934 2949 quo

2333 2968 2606 3022 Abraham
2639 2970 3007 3024 testimonium
3035 2970 3265 3040 accepit,
3291 2985 3396 3025 non
3429 2971 3590 3026 etiam
3613 2971 3766 3042 (quo)
3787 2972 3934 3027 scire

2336 3061 2475 3115 Deus
2493 3061 2678 3132 cmpit.
2714 3062 2986 3117 Abraham
3016 3063 3190 3128 enim,
3219 3063 3538 3119 holocausto
3591 3063 3685 3120 lilii
3708 3106 3722 3132 ,
3755 3064 3930 3120 dilec-

2335 3155 2535 3208 tionem
2559 3169 2722 3224 quam
2752 3154 2819 3208 ad
2851 3154 3017 3210 Deum
3064 3155 3300 3211 habebat
3363 3157 3623 3214 docuerat
3709 3174 3724 3212 :
3795 3157 3938 3213 Deus

629 3252 824 3325 quendi
844 3294 860 3317 ,
895 3261 987 3306 aut
1011 3250 1346 3321 dispensatio
1378 3260 1461 3305 est
1491 3265 1601 3304 non
1630 3249 1843 3320 agendi.
1870 3250 2134 3320 Loquitur
2161 3249 2229 3306 ad
2255 3242 2302 3306 C
2336 3260 2446 3303 tum
2477 3250 2762 3318 cognovit,
2786 3265 2910 3304 cum
2939 3250 3202 3321 loquitur.
3245 3250 3317 3306 Et
3361 3253 3483 3322 quia
3539 3262 3669 3309 ante
3721 3255 3938 3310 nescire

628 3345 902 3403 Abraham
933 3345 1074 3400 Deus
1099 3343 1287 3398 dicens
1321 3361 1334 3397 :
1363 3342 1572 3397 Clamor
1595 3343 1836 3398 Sodoma:
1857 3354 1902 3397 et
1931 3341 2234 3398 Gomoriha:

630 3439 872 3506 impletus
900 3445 971 3491 est
991 3474 1008 3502 ,
1035 3445 1082 3489 et
1115 3444 1320 3504 peccata
1341 3451 1514 3488 eorum
1565 3450 1753 3505 magna
1797 3435 1968 3490 valde.
2010 3434 2235 3489 [lescen-

635 3533 754 3586 dam
778 3549 898 3604 ergo
923 3542 969 3586 et
992 3529 1170 3586 videbo
1193 3572 1209 3595 ,
1242 3530 1288 3584 si
1314 3529 1592 3583 secundum
1633 3528 1910 3583 clamorem
1941 3545 2112 3582 eorum
2153 3527 2231 3601 (g)

635 3635 1054 3680 consummantur
1074 3640 1096 3691 ;
1116 3623 1255 3693 quod
1283 3624 1327 3677 si
1354 3638 1486 3687 non,
1519 3631 1573 3676 ut
1601 3622 1762 3675 sciam
1784 3619 1940 3694 (Gen.
1972 3637 2096 3676 xvttt
2119 3663 2134 3689 ,
2160 3621 2232 3678 20

713 3767 794 3842 (1)
828 3765 1144 3842 Absconditi.
1172 3763 1342 3818 Porro
1364 3762 1646 3842 thensauri2
1667 3761 1844 3842 littera
1875 3760 2228 3830 ninterjccta,

636 3833 952 3897 consianter
981 3838 1032 3892 in
1069 3835 1268 3891 Veron.
1302 3834 1489 3888 codice
1521 3833 1792 3888 scribitur.

712 3911 790 3984 (2)
814 3915 956 3966 Aule
987 3908 1148 3962 verba
1169 3909 1307 3984 diem
1321 3924 1422 3984 non
1450 3905 1673 3984 ignorat,
1701 3907 1814 3984 huic
1838 3903 2186 3984 hab-elepdex
2215 3919 2229 3984 ι

641 3976 791 4050 Quod
819 3984 863 4036 si
893 3985 945 4035 in
970 3997 1030 4036 eo
1052 3980 1217 4034 omnis
1236 3978 1458 4033 scientia:
1477 3976 1740 4031 thensauri
1760 3985 1900 4031 sunt.
1931 3976 2236 4046 Ριιυιοιιοει

706 4124 784 4196 (a)
800 4123 945 4191 Lips.
964 4129 1018 4177 et
1030 4121 1156 4175 Par.
1173 4117 1271 4172 Dei
1285 4118 1444 4192 patris
1461 4127 1507 4196 et
1528 4117 1744 4196 Christi;
1759 4117 2229 4196 coi'tsentientibus

642 4189 839 4250 nostris
870 4189 1030 4250 sacri
1062 4203 1238 4246 textus
1269 4189 1670 4257 exemplaribus
1707 4206 1718 4241 :
1747 4189 1842 4243 sed
1866 4189 2228 4242 renitentibus

641 4267 798 4330 Bad.,
822 4265 912 4320 Er.
947 4275 997 4318 et
1025 4279 1155 4318 mss.
1183 4277 1400 4317 necnon
1431 4261 1670 4330 subjecta
1696 4261 1981 4314 verborum
2015 4261 2230 4315 illorum

643 4339 1002 4408 expositione.

714 4401 788 4479 (ὁ)
816 4407 1163 4462 Ιὶειηιινὶηιιιε
1190 4405 1313 4479 hinc
1336 4446 1351 4470 ,
1388 4401 1538 4468 Quod
1567 4403 1611 4456 si
1641 4403 1690 4456 in
1717 4419 1777 4479 eo
1808 4418 1979 4458 omnes
2008 4403 2237 4458 scientia:

647 4475 872 4536 thesauri
901 4488 1051 4543 sunt,
1096 4477 1360 4546 potiorum
1395 4490 1525 4528 mss.
1568 4475 1908 4546 auctoritate.

716 4552 789 4624 (c)
824 4551 880 4606 In
911 4544 1279 4624 duobusmss.
1309 4548 1364 4600 in
1394 4564 1448 4600 se
1473 4556 1545 4600 est
1592 4563 1610 4597 .·
1664 4544 1810 4612 quod
1868 4560 1973 4599 non
2029 4547 2228 4624 placet.

646 4621 907 4693 Superius
939 4625 1080 4677 enim
1103 4621 1739 4693 Christussacramentum
1770 4633 1874 4693 non
1906 4621 2068 4693 semel
2092 4633 2232 4686 prte-

645 4686 878 4759 dicatitr,
909 4695 1008 4748 hoc
1035 4703 1138 4759 est,
1170 4694 1308 4744 Detts
1335 4689 1701 4751 absconditus,
1732 4687 1885 4754 cujus
1914 4686 2081 4740 forma
2139 4704 2235 4754 per

645 4769 1038 4838 suswptionem
1067 4758 1430 4838 'bttitiilitatis
1467 4775 1741 4827 corporea:
1796 4759 1894 4812 fuit
1937 4761 2229 4814 exinanita.

647 4833 836 4894 Postea
899 4852 1028 4892 mss.
1088 4833 1299 4889 Martio.
1353 4847 1466 4901 qua:
1511 4847 1573 4885 ex
1598 4847 1650 4884 se
1677 4839 1816 4894 sunt,
1864 4844 1962 4899 pro
1988 4846 2101 4895 qua:
2150 4847 2236 4884 ne-

645 4911 760 4964 δίίι.

715 4981 794 5049 (d)
825 4979 877 5032 Id
906 4987 1010 5043 est,
1046 4993 1150 5031 non
1172 4991 1233 5030 ea
1267 4982 1380 5040 est,
1428 4982 1484 5027 ut
1511 4970 1838 5049 intelligatur
1865 4970 2128 5049 ignorare.
2155 4972 2243 5028 Sic

647 5043 815 5118 inl‘ra',
846 5049 1014 5104 Habes
1047 5064 1258 5102 causam
1303 5044 1578 5116 ignorandi
1623 5045 1732 5098 sine
1777 5043 2109 5118 intelligentia
2155 5061 2244 5098 ne-

647 5115 840 5179 sciendi
863 5165 876 5185 ,
908 5122 1009 5176 hoc
1038 5133 1143 5185 est,
1177 5115 1344 5172 babes
1381 5132 1477 5172 cur
1504 5131 1564 5170 se
1594 5124 1716 5186 agat
1746 5123 1801 5168 ut
1831 5115 2104 5185 ignorans,
2140 5131 2240 5171 nec

649 5205 824 5249 tamen
853 5193 1181 5262 intelligatur
1208 5191 1436 5262 nescire.

724 5266 795 5338 (e)
822 5255 1142 5338 Pat'ticuisittt
1167 5279 1282 5317 cum
1303 5261 1560 5317 omittunt
1585 5258 1692 5315 duo
1713 5274 1846 5316 mss.
1877 5255 2058 5328 Colb.,
2093 5274 2236 5316 unus

645 5335 875 5393 Sorbon.
905 5350 958 5392 ει
987 5335 1173 5392 Germ.

715 5409 782 5478 (Ῑ)
823 5408 1076 5463 German.
1133 5405 1334 5478 codex,
1385 5404 1641 5476 ignoratio
1693 5414 1860 5460 tamen
1901 5420 2002 5458 non
2057 5404 2230 5478 datur.

649 5475 850 5536 Deinde
886 5479 1031 5547 Lips.
1064 5487 1118 5533 et
1144 5477 1268 5532 Par.
1299 5475 1424 5530 dum
1443 5477 1532 5546 id,
1586 5487 1856 5547 expuncto
1909 5478 1978 5529 ad
2028 5475 2234 5545 absque

644 5553 747 5606 ulla
780 5552 1120 5606 auctoritate.

717 5621 792 5693 lg)
825 5622 973 5678 Unus
1001 5637 1102 5675 ms.
1136 5619 1309 5675 Vatic.
1345 5635 1465 5693 cum
1518 5617 1729 5693 Remig.
1785 5628 1843 5693 _e_t
1891 5615 2238 5693 T_heod.__hic

645 5689 824 5759 addit,
857 5695 923 5746 ad
945 5709 1023 5748 me
1043 5693 1342 5746 venientem.
1376 5690 1510 5746 Tum
1541 5691 1593 5745 in
1622 5689 1755 5746 solis
1784 5690 1996 5745 Martia.
2027 5698 2084 5744 et
2113 5689 2236 5744 Vat.

645 5766 786 5828 bas.,
805 5763 1310 5817 consummabuntur.

713 5835 792 5904 (It)
820 5835 1060 5889 l‘otiores
1087 5847 1240 5898 mss.,
1264 5849 1331 5886 an
1361 5833 1696 5887 consummati
1716 5832 1840 5900 sint,
1864 5840 1911 5885 et
1935 5831 1981 5886 si
2012 5831 2241 5888 nondum

2334 3356 2442 3394 non
2476 3341 2863 3412 intelligendus
2883 3351 3000 3408 est;
3031 3358 3256 3398 necesse
3277 3355 3358 3398 εει
3389 3343 3593 3400 idcirco
3617 3355 3747 3400 tunc
3774 3345 3940 3401 intel—

2337 3433 2532 3504 ligatur
2553 3449 2820 3504 cognosse
2841 3477 2854 3498 ,
2886 3436 3011 3505 quia
3039 3435 3294 3506 loquitur.
3325 3438 3387 3491 Et
3411 3437 3481 3493 de
3514 3437 3760 3506 plurimis
3807 3438 3933 3509 qui-

2333 3528 2458 3584 dem
2485 3572 2497 3594 ,
2524 3545 2644 3600 qua:
2665 3530 2732 3584 de
2763 3531 2987 3585 scientia
3022 3531 3114 3585 Dei
3146 3531 3498 3588 Testamento
3530 3531 3712 3589 Veteri
3767 3533 3942 3590 conti-

2337 3633 2554 3691 nentur,
2577 3622 2694 3679 haec
2716 3631 2922 3677 tantum
2973 3623 3210 3694 exempli
3261 3639 3423 3679 causa
3491 3624 3862 3683 demonstrata
3903 3641 3941 3684 ιι

2341 3777 2608 3834 omnem...
2641 3762 3005 3829 thensaurum;
3033 3761 3250 3828 deinde,
3277 3763 3376 3816 sint
3405 3779 3505 3834 pro
3525 3763 3703 3819 insint.

2411 3833 2490 3902 (ὅ)
2517 3834 2622 3904 Sed
2644 3843 2765 3886 tunc
2794 3834 2923 3904 scire
2942 3875 2957 3901 ,
2987 3851 3101 3887 cum
3126 3845 3344 3904 tempus.

2413 3905 2490 3975 (4)
2523 3903 2801 3960 Dominum
2828 3903 2995 3960 Deum
3025 3916 3194 3962 tuum.

2337 4117 2674 4172 consummati
2699 4116 2838 4189 sint.
2881 4117 3121 4186 Martin.,
3153 4135 3219 4174 an
3239 4118 3634 4176 consummandi
3672 4121 3808 4189 sint,
3838 4121 3934 4177 etsi

2339 4207 2440 4243 non
2469 4187 2859 4242 consummandi
2888 4190 3010 4243 sint.

2411 4259 2474 4330 (i)
2511 4262 2599 4315 Sic
2640 4276 2769 4333 mss.
2805 4276 2912 4314 uno
2940 4271 3168 4330 excepto
3195 4261 3354 4318 Vind.
3391 4263 3444 4318 in
3473 4277 3584 4333 quo
3613 4273 3806 4328 eXstat,
3831 4281 3937 4320 non

2341 4349 2398 4385 ea
2423 4333 2584 4396 scire,
2616 4332 2736 4392 quia
2782 4334 2990 4386 nesciat.
3047 4335 3275 4399 Excusi,
3330 4352 3432 4390 non
3478 4332 3540 4390 ea
3595 4344 3718 4390 tunc
3766 4338 3932 4402 scire,

2343 4404 2461 4477 quia
2491 4405 2630 4472 prius
2657 4405 2868 4457 nesciat.
2904 4404 3006 4477 Pro
3025 4406 3147 4475 quia
3203 4407 3428 4472 nesciat,
3472 4422 3664 4463 sensus
3717 4409 3937 4477 exigere

2344 4475 2554 4528 videtur
2579 4477 2698 4546 quia
2722 4493 2855 4528 nunc
2872 4476 3018 4528 sciat.
3049 4479 3111 4529 Et
3131 4477 3345 4546 quidem
3369 4493 3490 4532 cum
3538 4487 3750 4533 veteres
3809 4475 3933 4533 libri

2344 4562 2480 4599 nunc
2502 4547 2707 4601 duabus
2735 4547 2930 4601 litteris
2977 4563 3040 4600 nc
3074 4548 3396 4612 exhibeant,
3457 4564 3559 4604 nec
3607 4552 3770 4604 verba
3821 4552 3936 4605 ullo

2345 4618 2506 4670 modo
2531 4632 2561 4671 a
2589 4633 2709 4672 sese
2737 4628 3026 4686 separent,
3069 4635 3134 4674 ex
3167 4621 3359 4674 nesciat
3415 4621 3572 4677 facile
3625 4621 3936 4676 coniectum

2345 4687 2415 4741 sit
2443 4691 2653 4742 nesciat.
2690 4689 2892 4742 Deinde
2922 4706 3022 4744 tns.
3054 4691 3263 4745 Martia.
3285 4692 3373 4746 sed
3395 4701 3502 4746 tum
3522 4693 3685 4759 scire,
3719 4710 3837 4746 cum
3863 4702 3943 4749 est

2345 4769 2544 4830 tempus
2565 4762 2631 4812 ad
2659 4761 2933 4827 agendum.

2266 4866 2323 4933 D
2421 4833 2490 4912 tj)
2520 4830 2840 4911 Loco‘verbt
2869 4834 2996 4884 scire
3013 4834 3526 4901 praetulitErasmus
3549 4837 3938 4907 nescire,qnod

2353 4900 3144 4955 delude:ll‘l‘IDllCl'llttlLiDSillS
3170 4919 3222 4955 et.
3254 4907 3340 4955 nui
3389 4908 3440 4955 in
3500 4918 3772 4955 nostrmna
3823 4909 3938 4955 eili-

2428 4904 2548 4976 inde
2571 4903 3144 4976 arripuerunllfipsius
3170 4919 3222 4959 et.
3254 4907 3340 4976 qui
3389 4908 3440 4961 in
3500 4918 3772 4976 postrema
3808 4903 3942 4963 ἐιη-

2354 4976 2498 5028 tione
2527 4974 2644 5026 Par.
2677 4974 2995 5044 Corrigenda
3047 4974 3284 5043 operam'
3306 4974 3570 5033 navarunt

2352 5061 2520 5114 prope
2544 5062 2673 5100 mss.
2709 5046 3114 5100 reluctantibus.
3149 5049 3258 5102 Hoc
3279 5051 3378 5102 sibi
3409 5051 3523 5104 vult

3621 4997 3634 5032 :
3686 4980 3940 5036 omnibus

2352 5061 2520 5114 prope
2544 5062 2673 5100 mss.
2709 5052 3114 5100 reluctantibus.
3149 5052 3258 5102 Hoc
3279 5052 3378 5102 sibi
3409 5052 3523 5104 vult
3584 5070 3598 5106 ε
3642 5065 3763 5105 cum
3797 5052 3938 5105 licus

2350 5117 2482 5194 εςίνε
2503 5117 2720 5194 dicitur,
2752 5132 2856 5194 non
2888 5117 3395 5194 ﬁtineodemutatio
3418 5121 3581 5194 (male
3605 5123 3745 5190 apud
3767 5121 3930 5194 ΒΜ..

2349 5186 2444 5260 Er.
2477 5199 2534 5242 et
2561 5189 2612 5242 in
2640 5204 2771 5260 mss.
2801 5189 3038 5253 Martiu.,
3067 5190 3362 5255 diminutio)
3417 5186 3485 5246 ab
3535 5186 3836 5260 ignorantia
3864 5193 3932 5248 ad
3981 5227 3988 5234 ο

2347 5259 2660 5334 scientiam,
2685 5259 2777 5334 sed
2808 5261 3064 5314 indicatur
3090 5263 3332 5331 temporis
3359 5265 3646 5334 plenitudo.

2420 5329 2497 5412 (It)
2527 5329 2580 5412 In
2616 5331 2888 5403 plerisque
2917 5347 3045 5387 mss.
3103 5343 3156 5388 ει
3194 5329 3369 5404 'apud'
3395 5335 3519 5390 Par.
3547 5336 3812 5406 repetitur
3851 5335 3940 5392 hic

2343 5404 2603 5470 particula
2633 5412 2704 5456 ut.
2853 5425 2868 5432 “

2420 5473 2487 5541 (Ι)
2521 5474 2575 5527 In
2620 5474 2881 5544 vulgatis,
2920 5474 3196 5530 Dominum
3222 5474 3388 5531 Deum
3413 5488 3577 5532 tuum.
3625 5481 3780 5534 abest
3821 5477 3938 5532 Do-

2346 5545 2542 5621 minum
2573 5559 2601 5597 a
2634 5562 2764 5598 mss.
2795 5545 2962 5601 Abest
2987 5557 3251 5616 prteterea
3267 5559 3413 5603 tuum
3441 5566 3470 5604 a
3495 5565 3672 5621 grzeco
3692 5559 3748 5606 et
3771 5551 3938 5605 latino

2345 5615 2639 5683 Scriptura:
2671 5626 2839 5671 textu.

2423 5687 2532 5814 (ηιξ)
2549 5687 2675 5741 Post
2702 5704 2858 5759 neque
2880 5688 3137 5744 reticetor
3166 5692 3341 5758 cadat;
3363 5691 3937 5763 adeoquepartirulam

2436 5775 2495 5813 su
2537 5770 2847 5814 sequentem
2875 5775 2903 5814 a
2938 5760 3120 5814 Liusio
3149 5778 3429 5814 uernat-am
3477 5776 3803 5814 exrmnctam
3850 5779 3937 5814 re-

2349 5760 2852 5837 ut-subsequenteni
2875 5775 2903 5814 a
2938 5760 3120 5837 [:ipsio
3149 5778 3429 5834 perperam
3477 5760 3803 5837 cupencum
3850 5779 3940 5822 re-

2351 5829 2626 5886 snituimus
2657 5846 2722 5886 ex
2745 5831 2874 5888 Bad.
2897 5874 2912 5899 ,
2945 5829 3035 5887 Er.
3070 5843 3124 5889 et
3152 5829 3284 5890 mss“.
