4286 6264
218 449 249 465 ο

415 314 518 335 -.ο

413 319 520 383 .555
1633 319 1722 389 DE
1763 324 2133 397 TRINITATE
2173 331 2377 397 LIBER
2416 335 2506 401 IX.
3612 354 3721 419 35b

408 432 570 535 nobis
598 441 726 535 sunt
751 453 766 489 :
801 433 971 535 tit-id,
1004 436 1147 499 quod
1171 438 1347 496 nescit
1372 440 1516 535 Deus
1536 484 1550 508 ,
1587 457 1691 499 non
1721 442 2013 515 ignoratio—
2039 464 2094 526 Α
2120 445 2255 505 forte
2274 449 2666 521 ignorationem
2694 456 2742 511 ei
2771 456 3127 529 deputabunt,
3149 461 3217 518 ab
3240 477 3307 521 eo
3335 468 3424 535 qui
3459 468 3592 525 sciat
3629 486 3722 527 co-

403 526 491 582 nis
518 541 681 582 causa
705 526 1108 599 intelligeretur
1135 546 1259 588 esse
1285 574 1298 596 ,
1328 534 1423 589 sed
1464 536 1746 605 temporis.

483 617 575 674 65.
611 616 820 675 Dicitur
839 622 1037 677 nescire
1085 625 1378 695 cognitione
1396 642 1490 681 sua
1516 626 1757 697 indignos
1777 668 1793 694 ,
1833 645 2020 701 apera-

404 710 512 766 rios
532 710 824 780 iniquitatis
841 752 855 776 ,
880 712 1105 785 virgines
1128 716 1338 772 stultas.
1371 747 1443 758 —
1472 716 1526 773 In
1557 718 1865 792 Evangeliis
1888 736 2017 776 vero

406 802 699 859 Dominum
726 804 906 863 multa
945 808 1208 864 scientem
1238 812 1455 867 nescire
1497 810 1824 877 invenimus.
1877 815 2019 886 Ope-

404 896 578 951 rarios
608 898 945 969 iniquitatis,
978 900 1030 954 in
1062 900 1352 958 virtutibus
1381 905 1564 960 multis
1613 899 1667 961 et
1710 907 1763 962 in
1793 908 2016 967 nomine

405 988 528 1060 ejus
548 989 1018 1061 gloriantes,non
1056 996 1207 1051 nevit
1234 995 1467 1055 dicens:
1512 995 1584 1052 Et
1629 1008 1751 1057 tunc
1784 1001 2013 1072 jurabo,

407 1083 529 1150 quia
558 1099 658 1139 non
685 1084 802 1139 novi
826 1100 934 1141 vos.
968 1083 1229 1142 Discedite
1249 1105 1280 1143 a
1302 1106 1402 1156 me,
1435 1107 1609 1147 omnes
1637 1092 1722 1163 qui
1757 1094 2014 1165 aperanti-

409 1176 466 1230 ni
502 1178 819 1249 iniquitatem
842 1178 1026 1253 (Matt.
1048 1196 1141 1247 vn,
1165 1180 1284 1252 23).
1311 1183 1483 1239 Etiam
1513 1200 1633 1240 cum
1660 1185 2014 1257 jurejurando

409 1282 510 1335 eos
532 1284 640 1325 non
670 1270 840 1341 novit,
879 1286 1017 1343 quos
1050 1282 1227 1331 tamen
1256 1273 1557 1345 iniquitatis
1582 1277 1864 1347 operarios
1893 1291 2017 1335 esse

410 1378 520 1418 non
552 1363 739 1418 nescit.
762 1361 944 1421 Nescit
966 1380 1098 1436 ergo
1116 1406 1132 1431 ,
1158 1382 1266 1422 non
1295 1367 1496 1425 idcirco
1512 1369 1633 1440 quia
1666 1371 1892 1437 nesciat,
1916 1368 2012 1426 sed

403 1456 530 1526 quia
578 1456 888 1529 cognitione
915 1458 1036 1531 ejus
1064 1457 1141 1532 (α)
1172 1474 1266 1528 per
1310 1460 1648 1535 iniquitatem
1676 1463 2011 1534 cpe-rationis

403 1548 612 1620 indigni
642 1549 750 1613 sint
777 1567 790 1603 :
821 1550 977 1609 tidem
1004 1551 1139 1609 dieti
1171 1553 1335 1609 etiam
1362 1554 1719 1626 jurisjnrandi
1746 1558 2011 1631 religione

404 1643 771 1715 confirmans,
805 1654 858 1703 et
886 1645 1095 1703 habens
1120 1648 1170 1703 in
1204 1660 1409 1705 natura:
1432 1651 1630 1711 virtute
1669 1670 1738 1709 ne
1766 1658 2008 1724 nesciat,

406 1745 463 1791 et
483 1736 719 1795 retinens
748 1736 803 1791 in
830 1748 1172 1797 sacramento
1200 1740 1496 1797 voluntatis
1539 1755 1595 1797 ut
1646 1748 1871 1807 nesciat.
1906 1750 2008 1806 Ne-

2119 543 2407 634 gitationes
2423 562 2611 604 eorum
2638 549 2745 607 dici
2764 551 2863 609 sibi
2897 564 3158 619 metuant.
3193 556 3335 623 Quid
3347 563 3581 634 cogitatis
3611 584 3722 621 nia-

2121 633 2172 689 la
2200 636 2254 730 in
2273 638 2510 694 cordibus
2540 643 2717 698 vestris
2747 643 2962 717 (Matth.
3016 664 3100 717 Ix,
3125 648 3225 722 4)?
3253 651 3386 709 Nam
3411 633 3543 712 ﬁcum
3574 661 3721 730 cogi-

2121 728 2384 785 tationum
2411 741 2795 805 gestorumque
2818 752 2924 793 non
2948 740 3168 808 ignarus
3186 728 3718 815 cognitorintcrdum

2118 818 2188 911 de
2218 822 2466 892 cogitatis
2488 827 2765 896 gestisque
2789 832 2942 900 quasi
2975 832 3195 904 ignarus
3216 836 3540 911 interrogat,
3570 844 3722 903 velut

2118 909 2188 966 de
2221 922 2365 970 tactu
2395 916 2624 974 ﬁmbriae
2657 921 2961 992 mulierem,
2992 926 3080 982 vel
3113 928 3183 984 de
3210 909 3478 990 dictorum
3507 936 3722 994 dissen-

2115 1003 2270 1061 sione
2299 1005 2608 1077 Apostolos,
2641 1011 2725 1067 vel
2754 1012 2821 1069 de
2847 1016 3099 1087 sepulcro
3128 1019 3317 1083 anari
3349 1023 3577 1083 ﬂentes:
3608 1045 3715 1089 non

2118 1099 2367 1155 nesciens
2388 1098 2768 1173 intelligendus
2787 1114 2868 1161 est
2892 1109 3122 1176 nescire,
3141 1112 3235 1169 sed
3259 1112 3507 1183 loquens.
3533 1117 3719 1189 Neque

2118 1191 2263 1245 cnim
2296 1200 2490 1248 natura
2523 1193 2648 1261 fert,
2678 1206 2736 1253 ut
2785 1198 2875 1268 qui
2907 1204 3103 1263 absens
3141 1202 3404 1263 Lazarum
3444 1222 3713 1271 mortuum

2114 1285 2495 1359 sepultumque
2535 1291 2694 1360 sciat,
2748 1295 2983 1365 sepulcri
3015 1296 3192 1353 locum
3238 1302 3481 1370 nesciat;
3522 1315 3578 1360 et
3624 1310 3717 1378 qui

2115 1378 2189 1452 (ε)
2210 1384 2564 1453 cogitationes
2596 1386 2760 1456 videt,
2793 1388 3031 1446 mulieris
3063 1390 3223 1448 (idem
3245 1410 3351 1450 non
3380 1402 3717 1468 cognoverit,

2114 1483 2170 1531 et
2192 1476 2281 1546 qui
2307 1480 2684 1537 necessitatem
2714 1498 2821 1537 non
2849 1481 3008 1545 habet
3035 1484 3104 1543 de
3132 1486 3317 1557 aliquo
3347 1488 3718 1563 interrogandi

2111 1563 2291 1638 (Joan.
2332 1587 2440 1638 xvi,
2470 1572 2586 1640 50),
2642 1574 3037 1634 dissensionem
3079 1578 3466 1650 Apostolorum
3501 1587 3719 1656 ignora-

2113 1662 2269 1717 verit.
2303 1661 2383 1735 (3)
2418 1663 2487 1736 (f)
2517 1665 2622 1723 Sed
2665 1669 2739 1733 ei,
2781 1670 2871 1740 qui
2904 1672 3054 1728 novit
3089 1675 3293 1743 omnia,
3343 1692 3406 1734 ea
3444 1679 3558 1748 ipsa
3590 1696 3713 1750 qua:

2113 1766 2220 1809 non
2243 1752 2435 1820 nescit,
2477 1755 2814 1828 di~pensatio
2854 1773 2936 1817 est
2965 1763 3258 1834 aliquando
3296 1770 3508 1825 nescire
3532 1787 3594 1827 se
3634 1773 3717 1828 lo-

407 1828 507 1885 seit
538 1843 751 1901 quoque
778 1828 1088 1899 unigenitus
1104 1829 1248 1885 Deos
1264 1828 1498 1899 virgines
1515 1831 1708 1889 stultas
1732 1848 1744 1883 :
1775 1840 1831 1887 et
1858 1848 2009 1889 com-
2041 1844 2084 1901 Β
2112 1844 2245 1905 quis
2270 1846 2405 1895 duass
2426 1840 2705 1905 «nam
2722 1828 3721 1908 Wm

403 1921 636 1990 parandi
678 1920 779 1975 sibi
804 1921 909 1977 olei
944 1920 1281 1988 incuriosos,
1329 1921 1551 1991 gloriosi
1603 1920 1872 1980 adventus
1926 1923 2010 1981 sui

409 2011 708 2067 thalamum
732 2013 1040 2083 ingreSSus,
1098 2011 1328 2080 ignorat.
1366 2010 1611 2081 Namque
1638 2022 1694 2068 et
1713 2012 1917 2068 adeunt
1958 2023 2015 2070 et

400 2115 590 2175 rogant
614 2145 629 2170 ,
666 2105 743 2175 (Ι)
775 2114 829 2161 et
856 2120 1026 2175 usque
1055 2102 1130 2177 (b)
1155 2103 1292 2158 adeo
1324 2118 1429 2160 llOtl
1469 2104 1812 2176 ignorantur,
1840 2116 1899 2159 ut
1928 2104 2013 2161 his

397 2197 801 2271 respondeatur
826 2214 842 2255 :
865 2200 1026 2253 Amen
1051 2199 1165 2253 dico
1183 2198 1342 2259 vobis.
1366 2198 1489 2267 quia
1510 2198 1679 2257 nescio
1692 2213 1780 2253 vos
1793 2196 2007 2273 (Matth.

399 2303 530 2354 xxv,
588 2287 702 2362 i2).
728 2287 860 2347 Nam
887 2298 942 2345 ct
968 2287 1408 2363 occursu5309
1442 2297 1497 2344 et
1552 2288 1866 2359 deprecatio
1898 2304 2008 2347 non

398 2379 735 2451 ignorabilcs
756 2394 880 2435 esse
909 2395 1001 2437 eas
1025 2380 1226 2453 patitur
1252 2397 1265 2432 :
1290 2383 1385 2435 scd
1415 2380 1698 2439 neseiendi
1723 2381 2011 2453 responsio

398 2485 510 2527 non
539 2479 749 2527 naturae
771 2472 951 2545 potius
976 2486 1139 2541 quam
1170 2471 1463 2527 voluntatis
1492 2480 1605 2538 est;
1650 2472 1777 2528 dum
1806 2473 1876 2527 ab
1897 2489 1997 2543 eo,

399 2566 491 2643 qui
515 2565 649 2621 nihil
694 2564 769 2640 (c)
795 2580 900 2623 non
928 2565 1136 2631 nescit,
1165 2564 1399 2638 indigna:
1439 2575 1568 2622 sunt
1598 2582 1716 2639 quas
1745 2568 2007 2623 sciantur.

405 2655 652 2735 Denique
679 2673 747 2717 ne
775 2673 875 2731 per
898 2658 1267 2716 inﬁrmitatem
1297 2660 1550 2731 ignorare
1581 2660 2006 2729 existimaretur,

399 2747 666 2804 continuo
695 2748 977 2820 Aposxolis
1004 2750 1076 2805 ita
1124 2752 1336 2807 locutus
1366 2765 1449 2806 est
1495 2769 1508 2806 :
1554 2751 1772 2826 Vigilate
1814 2755 2011 2822 itaque,

398 2844 526 2915 quia
555 2843 761 2901 nescitis
790 2844 922 2898 diem
963 2861 1123 2918 neque
1150 2845 1330 2900 horam
1375 2845 1539 2915 (Ibid.
1560 2885 1574 2908 ,
1607 2847 1699 2916 15)
1732 2862 1744 2897 :
1786 2854 1839 2898 ut
1888 2860 2010 2899 cum

400 2935 641 3008 vigilare
671 2930 860 3007 eosub
884 2937 1278 3011 ignorationem
1304 2938 1413 2993 diei
1440 2946 1601 3008 atque
1626 2938 1779 2992 liora:
1803 2946 2007 3003 monet,

403 3042 503 3097 per
535 3026 586 3083 id
612 3027 807 3089 nesciri
835 3028 903 3084 ab
929 3043 996 3085 co
1026 3031 1262 3101 virgines
1298 3036 1682 3096 noscerentur,
1713 3028 1855 3100 quod
1883 3044 2015 3084 con-

406 3121 602 3193 sopita:
644 3130 700 3181 et
746 3122 1112 3197 negligentes,
1164 3121 1397 3194 indigna:
1462 3122 1610 3178 aditu
1652 3121 1873 3178 thalami
1927 3122 2009 3177 sui

404 3213 485 3295 (2)
516 3214 640 3268 oleo
672 3214 965 3286 indigentia
1007 3215 1355 3275 mansiSsent.

477 3306 568 3362 66.
595 3304 832 3362 Christus
862 3307 936 3362 nil
955 3309 1186 3365 nesciens
1212 3306 1608 3376 dispensationis
1631 3323 1750 3378 ergo
1779 3307 2011 3377 loquitur

405 3401 554 3472 quasi
569 3401 817 3457 nesciens.
834 3399 951 3457 Diei
963 3403 1177 3461 scientia
1197 3401 1399 3459 occulta
1420 3419 1438 3458 .°
1460 3403 1575 3459 ideo
1594 3404 1739 3474 quasi
1753 3404 2011 3476 ignorata.

408 3522 481 3533 ——
507 3490 625 3549 Non
667 3503 748 3548 est
776 3494 938 3564 igitur
970 3495 1227 3550 Dominus
1260 3494 1416 3551 Jesus
1435 3494 1708 3562 Christus,
1737 3498 1828 3566 qui
1859 3513 2014 3552 scru-

412 3594 534 3641 l’llls
562 3585 725 3640 corda
757 3597 810 3642 et
842 3601 999 3642 renes
1032 3586 1172 3647 Deus
1199 3594 1302 3652 est,
1348 3588 1398 3643 in
1437 3603 1499 3641 ea
1551 3597 1758 3643 natura:
1790 3588 2017 3644 inlirmi-

413 3690 545 3742 tate.
572 3679 681 3754 (ut)
704 3696 771 3736 ne
799 3682 1003 3739 nesciat
1022 3723 1038 3751 ,
1068 3696 1189 3737 eum
1215 3681 1504 3753 hocipsnm
1527 3698 1593 3736 ex
1621 3692 1825 3737 natura:
1841 3681 2021 3739 scien-

414 3777 488 3833 tia
525 3774 862 3851 intelligatur
914 3790 1055 3843 βεδε,
1085 3775 1168 3849 (d)
1216 3776 1359 3846 quod
1408 3776 1598 3831 nescit.
1648 3774 1803 3842 Quod
1852 3774 2020 3845 siqui

524 3915 576 3987 Ι)
607 3915 675 3970 Et
700 3931 862 3987 usque
888 3932 966 3971 eo.

491 3914 576 4133 ΞΙ)
607 3915 675 3970 Et
700 3931 820 3987 usqu

516 3988 553 4044 2
610 3988 820 4043 Oleum.

518 4060 575 4130 5)
609 4060 716 4116 Sed
740 4069 789 4115 et
818 4093 820 4108 .

518 4060 575 4130 5)
609 4060 716 4116 Sed
740 4069 789 4115 et
818 4060 927 4128 qui.

493 4193 575 4267 (α)
599 4193 748 4249 Unus
791 4209 893 4249 ms.
925 4193 1124 4257 Vatia,
1183 4207 1275 4265 per
1312 4194 1603 4267 iniquitatis
1645 4191 2018 4265 operationem.

415 4266 817 4336 "Ox'ptitiores
844 4267 1092 4333 iurandi,
1125 4283 1231 4319 non
1246 4266 1619 4337 jurisjurandi.

520 4338 572 4405 l7)
602 4337 692 4394 Sic
716 4354 848 4395 mss.
874 4339 946 4393 At
979 4338 1120 4393 Ι·ὶαὶιὶ
1142 4380 1154 4400 ,
1185 4354 1343 4404 usque
1365 4354 1445 4393 eo.

520 4338 572 4405 l7)
602 4337 692 4394 Sic
716 4354 848 4395 mss.
874 4339 946 4393 At
979 4338 1120 4393 Ι·ὶαὶιὶ
1142 4380 1154 4400 ,
1185 4354 1343 4404 usque
1365 4354 1445 4393 eo.

493 4337 571 4481 ie)
603 4408 656 4462 In
690 4411 919 4475 vulgatis
948 4408 1284 4463 desideratur
1329 4407 1582 4481 particula
1614 4424 1736 4471 non,
1774 4421 1895 4481 qua!
1922 4420 2020 4481 ex:

422 4475 533 4536 stat
552 4475 615 4533 in
647 4482 897 4537 omnibus
940 4495 1068 4551 mss.
1121 4475 1346 4551 qumque
1394 4480 1477 4533 hic
1508 4496 1615 4551 non
1644 4475 1897 4549 negandi,
1925 4475 2022 4551 sed

419 4566 725 4627 granorum
768 4566 927 4627 more
948 4548 1150 4627 Hilario
1173 4548 1421 4604 familiari
1457 4550 1692 4627 amplius
1722 4548 2025 4604 allirmandi

420 4620 536 4679 vim
569 4623 749 4681 habet.
777 4621 931 4692 quasi
958 4620 1090 4676 nihil
1116 4637 1330 4694 prorsus
1355 4622 1535 4677 nescit.

500 4693 579 4765 (ά)
611 4693 773 4758 Editi,
800 4691 940 4764 quod
965 4691 1177 4747 nesciat.
1221 4692 1349 4748 Mss.
1378 4703 1578 4757 autem,
1603 4691 1739 4764 quod
1761 4692 1938 4765 nescit,
1973 4706 2024 4742 v.

423 4782 481 4841 g.
502 4763 960 4841 vti'ginesslttltzts,
986 4766 1262 4841 operarios
1283 4763 1760 4841 iniquitatis,etc.,
1790 4763 1892 4819 hoc
1925 4778 2029 4841 non

424 4833 791 4908 isrolléiscitur
819 4833 1252 4908 exﬁignbrantia,
1284 4833 1388 4891 sed
1419 4851 1491 4892 ex
1528 4838 1753 4891 scientia
1798 4850 1900 4903 qua
1929 4833 2030 4887 hos

426 4906 582 4964 novit
610 4906 840 4977 iniquos,
869 4906 987 4961 illas
1015 4909 1227 4962 stultas.

507 4978 578 5051 (ε)
611 4976 778 5051 yetus
798 4979 966 5051 codex
997 4977 1151 5033 Coll).
1185 4977 1516 5051 cognitiones.

507 4980 556 5051 (ε
611 4980 778 5033 Vetus
798 4980 966 5033 codex
997 4980 1151 5033 Colb.
1185 4980 1516 5050 cognitiones.

503 4980 579 5122 (ἶ)
607 5049 933 5122 Inpluribus
959 5065 1091 5122 mss.
1125 5051 1215 5103 sed
1252 5057 1300 5103 et
1317 5050 1436 5122 qui.
1471 5048 1594 5104 Mox
1647 5047 1701 5102 in
1730 5062 1839 5103 uno
1859 5045 2021 5122 _Colb.

429 5118 717 5187 aliquando
760 5121 957 5176 nescire
997 5121 1089 5175 sed
1121 5122 1278 5192 loqui.
1315 5118 1481 5191 Hagis
1513 5121 1711 5190 placet,
1736 5118 1930 5192 nescire
1976 5134 2031 5171 se

431 5193 599 5260 loqui,
631 5192 733 5249 huc
755 5201 859 5257 est,
897 5193 966 5256 ei,
999 5193 1090 5263 qui
1134 5190 1281 5251 novit
1317 5190 1520 5260 omnia,
1568 5190 1900 5258 dispensatio
1947 5198 2036 5244 est

428 5263 723 5347 aliquando
765 5266 847 5323 sic
874 5264 1040 5334 loqui,
1071 5265 1223 5335 quasi
1270 5266 1477 5320 nesciat.
1522 5279 1585 5321 ea
1614 5264 1731 5333 ipsa
1770 5277 1890 5333 qua:
1918 5275 2029 5317 non

431 5350 630 5403 μιαιι.

510 5407 592 5479 (g)
626 5405 871 5479 Plerique
903 5422 1031 5461 mss.
1058 5408 1197 5479 apud
1226 5404 1485 5461 Abraham
1507 5414 1601 5479 est.

508 5473 592 5549 (7i)
622 5478 760 5533 Editi
789 5473 1021 5534 veritate.
1054 5473 1274 5535 Rectius
1302 5495 1432 5537 mss.
1458 5477 1676 5533 vanitati.
1707 5475 1861 5549 Hunc
1890 5473 2035 5549 liilaf

434 5545 723 5622 rii'locum
768 5551 847 5622 sic
891 5551 1191 5622 intelligere
1222 5558 1341 5606 est:
1381 5550 1727 5622 interrogatio
1756 5547 1894 5617 ejus,
1940 5545 2031 5616 qui

437 5620 688 5693 ignorare
717 5621 950 5687 videtur,
984 5637 1047 5677 ex
1068 5618 1299 5699 homine
1329 5630 1411 5699 est
1433 5638 1445 5677 :
1469 5623 1566 5699 _q_ui
1594 5618 1803 5699 veritati
1833 5633 2031 5699 corpu-

435 5690 551 5753 τέε
591 5702 797 5747 natura:
842 5708 903 5748 se
963 5693 1335 5748 accommodat
1377 5694 1426 5746 in
1469 5692 1551 5749 his
1599 5690 1872 5756 omnibus,
1916 5690 2034 5758 qui-

438 5763 563 5833 bus,
610 5774 718 5818 etc.
757 5763 813 5819 Id
860 5763 1033 5833 ipsum
1081 5766 1243 5821 variis
1290 5763 1462 5820 modis
1515 5763 1747 5833 inculcat
1797 5761 2032 5833 Cyrillus

438 5832 538 5893 lib.
565 5835 847 5892 Thesauri.
884 5830 975 5893 Sic
1004 5851 1164 5907 porro
1196 5835 1356 5893 habet
1390 5849 1506 5907 pag.
1535 5834 1642 5895 2‘20
1668 5851 1678 5885 :
1705 5830 1956 5906 Ignoi'are
1979 5847 2033 5887 se

2116 1931 2201 1983 tur
2223 1924 2277 1981 in
2309 1934 2546 1996 tempus,
2577 1935 2668 1983 aut
2694 1926 2835 1997 apud
2862 1926 3056 1984 stultas
3078 1927 3312 1999 virgines
3330 1937 3387 1987 et
3412 1930 3713 2003 iniquitatis

2114 2018 2392 2087 operarios
2446 2019 2687 2088 cognitio
2734 2026 2963 2090 negatur
3016 2019 3273 2091 indignis,
3299 2031 3395 2079 aut
3433 2025 3487 2079 in
3531 2038 3714 2079 sacra-

2116 2122 2301 2167 mento
2328 2111 2421 2166 lilii
2443 2111 2700 2177 hominis,
2724 2113 3071 2182 interrogatio
3087 2116 3389 2186 ignorantis
3409 2133 3473 2174 ex
3495 2117 3716 2174 homine

2114 2213 2231 2263 est:
2252 2205 2302 2258 in
2330 2204 2413 2261 his
2430 2220 2491 2261 se
2503 2207 2756 2262 omnibus
2776 2204 2857 2278 (h)
2883 2207 3094 2263 veritati
3119 2222 3396 2277 corporea:
3423 2208 3717 2265 nativitatis

2113 2295 2553 2362 accommodans,
2587 2297 2783 2367 quibus
2806 2306 3013 2353 natura:
3050 2308 3249 2355 nestra:
3278 2300 3558 2356 inﬁrmitas
3580 2300 3717 2356 detiv

2114 2397 2310 2454 stetur;
2346 2404 2449 2443 non
2479 2387 2678 2463 (ita)ut
2701 2389 2780 2462 (4)
2812 2389 3039 2446 inlirmis
3065 2399 3301 2447 essetex
3335 2393 3499 2465 διο
3529 2403 3715 2451 natura

2114 2482 2204 2551 qui
2235 2482 2377 2538 Deus
2402 2493 2509 2549 est,
2538 2483 2635 2538 sed
2663 2491 2721 2536 ut
2750 2483 3092 2539 inﬁrmitates
3119 2484 3219 2540 sibi
3262 2484 3542 2540 hominum
3573 2485 3718 2543 Deus

2116 2574 2281 2630 homo
2298 2585 2455 2631 natus
2470 2575 2844 2644 assumpserit,
2864 2578 3216 2646 assumpserit
3230 2585 3408 2633 autem
3425 2578 3517 2635 ita.
3536 2588 3715 2632 nonut

2114 2668 2171 2725 in
2201 2680 2447 2725 naturam
2472 2668 2738 2723 inﬁrmam
2764 2660 3709 2727 natus-studemutabilissitredacta,

2116 2762 2213 2814 sed
2243 2767 2301 2810 ut
2327 2755 2393 2828 (i)
2423 2754 2478 2810 in
2524 2762 2713 2810 natura
2757 2753 3130 2808 indemutabili
3163 2753 3524 2823 suseeptionis
3569 2763 3719 2810 esset

2118 2859 2520 2905 sacramentum
2550 2865 2563 2901 :
2596 2847 2723 2901 dum
2755 2854 2811 2903 et
2835 2848 2926 2918 qui
2949 2856 3069 2902 erat
3090 2847 3246 2913 Deus,
3279 2849 3440 2902 homo
3465 2854 3585 2913 est;
3620 2862 3720 2903 nec

2118 2940 2263 2995 Deus
2293 2940 2500 2995 destitit
2529 2954 2772 3004 manere,
2795 2937 2888 3008 qui
2918 2938 3081 2993 homo
3108 2948 3210 2994 est.
3237 2942 3417 3010 Agens
3446 2938 3628 3009 itaque
3657 2952 3720 2993 se

2115 3044 2278 3103 atque
2311 3033 2381 3106 (j)
2403 3030 2732 3089 conﬁrmans
2764 3030 3036 3085 hominem
3069 3038 3251 3084 natum
3276 3069 3292 3096 ,
3321 3046 3549 3086 manens
3576 3030 3717 3086 Deus

2117 3126 2379 3192 Verbum,
2411 3125 2710 3197 sepissime
2738 3125 2791 3178 in
2819 3138 2881 3177 ea
2925 3134 3007 3180 est
3047 3124 3403 3194 professione,
3431 3140 3531 3196 qua
3561 3125 3723 3182 homo

2043 3216 2090 3281 C
2120 3229 2226 3287 est,
2246 3234 2367 3275 cum
2396 3217 2473 3291 (lt)
2505 3225 2684 3274 tamen
2700 3227 2755 3273 et
2784 3215 3101 3287 protestatio
3128 3217 3222 3272 Dei
3251 3231 3313 3272 ea
3343 3217 3414 3273 sit
3436 3233 3581 3288 saepe
3602 3235 3723 3289 qua:

2121 3314 2397 3370 hominum
2420 3330 2432 3365 :
2453 3326 2575 3367 cum
2597 3326 2661 3367 ea
2677 3311 2867 3377 nescit,
2884 3326 3006 3380 qua:
3025 3320 3113 3365 aut
3128 3327 3233 3365 non
3267 3312 3376 3366 sint
3403 3310 3456 3365 in
3483 3321 3725 3382 tempore

2119 3405 2447 3469 confitenda,
2492 3413 2588 3460 aut
2632 3419 2740 3460 non
2784 3413 3150 3474 agnoscuntur
3180 3403 3246 3476 (Ι)
3274 3403 3342 3460 ad
3375 3406 3646 3461 meritum.

2194 3500 2285 3555 67.
2341 3500 2508 3565 Quam
2544 3500 2808 3568 sapienter
2842 3498 3091 3553 absconsa
3108 3499 3195 3553 sit.
3218 3529 3290 3540 -—-
3311 3499 3722 3572 lntelligendmn
3808 3508 3813 3511 ’

2123 3589 2309 3661 itaque
2340 3597 2445 3655 est,
2481 3606 2580 3644 cur
2608 3589 2881 3660 professus
2911 3592 2982 3644 sit
3007 3588 3149 3645 diem
3172 3604 3236 3646 se
3264 3592 3498 3647 nescire.
3522 3593 3577 3648 Si
3605 3608 3725 3648 om-

2124 3682 2255 3738 nino
2286 3681 2495 3737 nescire
2524 3679 2607 3753 (5)
2638 3678 2733 3751 (in)
2763 3680 3021 3745 creditur,
3065 3682 3358 3751 Apostolus
3396 3683 3471 3739 ita
3514 3693 3731 3738 contra-

2125 3773 2287 3830 dicit:
2312 3772 2379 3829 ln
2405 3789 2509 3844 quo
2536 3783 2652 3828 sunt
2676 3788 2852 3827 omnes
2889 3771 3114 3828 thesauri
3137 3775 3404 3846 sapientia:
3429 3785 3479 3831 et
3499 3777 3725 3833 scientiis

2200 3909 2280 4038 (ιζ)
2309 3911 2584 3999 Inﬁrmus.
2923 3983 2935 3995 .

2209 3989 2225 4038 t
2275 3982 2586 4038 Μιτραίων.
2616 3981 2933 4038 Anostolust

2209 3981 2293 4056 (5)
2319 3983 2586 4052 Credetur,
2616 3981 2889 4054 Apostolus
2916 3983 3106 4054 itaque.

2123 4189 2269 4263 dicit,
2299 4196 2548 4258 quatenus
2578 4189 2891 4256 hominibus,
2914 4191 2969 4245 in
2998 4207 3125 4263 quos
3155 4190 3450 4263 ignorantia
3475 4196 3636 4262 cadit,
3661 4199 3732 4255 si-

2126 4260 2265 4336 milis
2288 4265 2453 4329 factus
2483 4270 2604 4336 esti
2631 4270 2684 4336 et
2714 4264 2872 4331 paulo
2895 4260 3040 4336 ante,
3069 4260 3193 4316 Non
3212 4265 3351 4336 qugd
3366 4267 3559 4336 ignoret
3596 4260 3728 4325 Ver-

2128 4332 2247 4388 ltum
2282 4341 2530 4398 quatenus
2566 4331 2781 4387 Verbum
2804 4344 2879 4387 est
2905 4346 2950 4388 et
2978 4331 3251 4401 Sapientia
3273 4331 3449 4393 Patris
3470 4353 3489 4401 ς
3511 4340 3641 4397 dicit
3671 4348 3749 4398 se‘

2129 4402 2370 4479 nescire:
2410 4403 2500 4455 sed
2550 4406 2824 4479 humanam
2851 4406 2903 4458 in
2951 4422 3004 4460 se
3035 4416 3271 4459 naturam
3308 4410 3599 4479 ostendens,
3646 4416 3731 4468 cui

2132 4474 2393 4544 praecipue
2428 4478 2659 4529 convenit
2684 4477 2946 4545 ignorare.

2204 4545 2266 4617 (i)
2286 4545 2360 4599 lti
2398 4547 2852 4627 mss.rAt_et_tcusi,
2879 4549 2931 4599 in
2954 4556 3154 4627 natura!
3174 4549 3501 4627 demutabilis
3526 4571 3733 4627 estsaep-

2054 4637 2109 4696 Β
2135 4617 2303 4672 tione.
2336 4626 2585 4686 corrupta
2622 4617 2805 4696 Hilarii
2837 4619 3126 4682 sententia,
3160 4635 3260 4696 qua
3287 4622 3401 4696 vult
3418 4617 3731 4696 sacramen-

2136 4696 2247 4741 tum
2274 4698 2538 4758 suscepta:
2564 4689 2743 4742 carnis
2767 4690 3102 4745 factumesse
3123 4690 3267 4745 salva
3293 4703 3343 4746 et
3363 4691 3731 4755 indetnutabili

2136 4773 2222 4830 pet
2236 4770 2487 4814 manente
2517 4759 2676 4815 Verbi
2703 4771 2916 4815 natura.

2208 4830 2283 4903 (j)
2334 4830 2390 4884 lu
2422 4831 2670 4901 vulgatis,
2702 4833 3052 4902 conformatus.
3083 4832 3274 4889 Melius
3301 4833 3355 4889 in
3382 4852 3512 4894 mss.
3545 4841 3735 4908 con/ir-

2134 4918 2367 5045 ηιιῖιέᾒά
2394 4981 2496 5041 est,
2526 4988 2850 5046 quamquam
2884 4974 3049 5046 ipsius
3076 4976 3236 5031 etiam
3266 4975 3359 5033 Dei
3391 4978 3459 5034 ad
3488 4991 3732 5039 nostrum

2134 5055 2350 5170 ﬁaptum
2379 5060 2500 5102 sese
2529 5045 2987 5102 accommodatius
3013 5061 3075 5102 ea
3100 5061 3247 5118 sape
3282 5049 3482 5106 locutio
3509 5055 3576 5108 sit
3604 5069 3729 5125 qua:

2175 5131 2439 5171 ominum.

2549 5187 2675 5267 quia
2694 5190 3100 5267 carentinerito
3118 5207 3139 5267 7;
3169 5190 3349 5267 sicuti,
3372 5208 3424 5248 v.
3447 5209 3525 5264 g..
3541 5210 3736 5267 opera-

2137 5257 2527 5341 rii‘iniquitatis
2549 5269 2605 5314 et
2628 5260 2863 5331 virgines
2889 5261 3048 5316 fatua:
3078 5266 3147 5317 ob
3178 5257 3411 5334 inopiam
3438 5257 3613 5323 [ᾖρήἰὶ
3636 5285 3735 5325 ne.

2138 5337 2491 5479 belimi‘fipud
2516 5399 2645 5479 _Par._
2672 5401 2823 5458 deest
2875 5403 3119 5479 creditur.
3156 5404 3368 5479 (Deinde
3419 5408 3471 5463 in
3497 5409 3738 5479 pluribus

2146 5470 2591 5552 msSJAp’ostolus
2627 5473 2822 5552 itaque,
2851 5489 2957 5552 non
3011 5477 3104 5552 ita.
3138 5477 3306 5552 Quam
3345 5481 3432 5552 hic
3469 5470 3739 5552 iitterpreo

2144 5545 2405 5619 tationem
2448 5543 2665 5619 adhibet
2722 5545 2974 5611 l-Iilarius,
3010 5548 3149 5619 (sic;
3178 5549 3357 5604 laudat
3409 5543 3736 5619 Augustinus

2144 5615 2304 5680 epist.
2343 5616 2407 5668 ad
2440 5613 2639 5669 Ocean.
2672 5630 2876 5679 ccxxs,
2921 5633 2972 5670 n.
3006 5618 3039 5671 5
3069 5635 3080 5671 :
3114 5617 3305 5675 Beatus
3356 5613 3592 5677 Hilarius
3621 5640 3737 5678 cum

2145 5685 2415 5765 obscuram
2439 5686 2769 5765 qutpuionent
2792 5685 3007 5765 obscuro
3035 5690 3132 5765 hoc
3158 5708 3339 5764 genere
3369 5695 3579 5765 tropica:
3606 5711 3739 5765 quie-

2143 5757 2323 5812 stionis
2351 5758 2574 5827 aperuit,
2602 5767 2658 5813 ut
2686 5756 3089 5829 intelligeremus
3114 5756 3180 5816 ia'
3192 5779 3251 5817 eo
3276 5779 3334 5818 se
3376 5756 3627 5819 nititirntu'
3662 5767 3742 5819 di-

2141 5830 2276 5893 xisse
2301 5830 2623 5897 nescientem,
2640 5829 2693 5885 in
2707 5844 2806 5900 quo
2825 5830 2955 5887 alios
2971 5832 3096 5902 facit
3119 5834 3420 5891 occultando
3441 5837 3735 5906 nescientes,
