4286 6264
238 1990 563 2018 ﬂ

567 348 676 405 555

1786 340 2031 400 ΞΑΝΟΤΙ
2064 338 2319 395 ιιιιΑιιιι
2353 340 2657 400 EPISCUPI

3770 345 3883 403 556

573 461 809 516 absconsi
838 459 1060 528 (Coloss.
1111 474 1174 526 ιι,
1205 457 1284 530 5).
1317 456 1414 512 Est
1450 468 1579 525 ergo
1627 455 1891 511 absconsa
1919 450 2175 509 scientia:
2206 453 2261 513 A
2284 463 2340 509 et
2362 455 2535 510 solida
2563 455 2784 528 liquidis
2813 455 2892 530 (2)
2920 472 3027 512 non
3077 457 3309 523 cedant;
3342 459 3465 530 quia
3487 472 3609 514 cum
3641 472 3747 512 non
3784 474 3875 527 pa.

577 572 701 626 qua:
740 553 863 624 quia
894 550 1267 609 abscondenda
1305 559 1408 616 est,
1452 546 1716 605 interdum
1768 557 1823 601 et
1873 545 2168 601 nescientia

578 648 886 706 conﬁtenda
923 654 1024 709 est.
1073 655 1129 700 ut
1167 659 1288 701 esse
1316 645 1486 715 possit
1519 644 1804 699 absconsa.
1836 639 1966 695 Nam
1992 639 2035 693 si
2068 638 2171 693 erit

573 741 629 797 in
664 737 1080 814 protestatione,
1108 751 1214 792 non
1240 739 1403 793 etiam
1451 737 1505 792 in
1537 743 1745 791 secreto
1775 731 2031 788 manebit.
2061 728 2166 785 Ne-

574 843 667 905 gat
691 847 824 903 ergo
862 846 922 887 sc
942 830 1084 887 scire
1110 848 1124 884 :
1152 840 1210 886 ut
1230 830 1455 886 scientia
1486 827 1657 899 possit
1683 841 1805 883 esse
1827 823 2165 881 abscondita.

573 926 729 995 Quod
749 925 797 981 si
818 924 1020 980 idcirco
1052 924 1247 990 nescit,
1277 933 1340 979 ut
1358 921 1582 978 scientia
1612 929 1827 975 maneat
1853 917 2117 974 absconsa
2150 930 2168 983 ;

576 1036 687 1079 non
721 1034 816 1090 per
855 1025 1101 1073 naturam
1146 1018 1318 1074 nescit
1346 1017 1524 1072 omnia
1562 1016 1762 1081 sciens,
1796 1012 1939 1085 quod
1970 1011 2172 1067 idcirco

573 1122 806 1179 tantum,
852 1120 911 1167 ut
955 1112 1278 1168 absc0usum
1323 1111 1416 1179 sit,
1474 1109 1667 1167 nescit.
1698 1109 1806 1164 Cur
1846 1116 2029 1163 autem
2060 1103 2170 1161 diei

579 1204 805 1262 scientia
835 1204 1100 1260 absconsa
1137 1203 1229 1269 sit,
1260 1218 1367 1259 non
1417 1203 1472 1258 in
1523 1202 1753 1259 obscuro
1791 1210 1894 1256 est.
1931 1199 2175 1271 Namque

577 1312 808 1355 monens
839 1311 938 1351 nos
969 1297 1240 1352 irremissa
1273 1295 1379 1352 title
1422 1295 1657 1350 intentos
1687 1307 1901 1363 semper
1930 1306 2170 1358 manere,

578 1388 922 1445 securitatem
955 1388 1276 1459 cognitionis
1307 1386 1385 1459 (a)
1415 1386 1652 1441 detinitae
1681 1385 1883 1440 ademit
1918 1401 1931 1437 :
1962 1390 2019 1438 ut
2041 1398 2173 1454 pen-

579 1483 723 1539 dulae
753 1481 1173 1552 exspectationis
1207 1480 1416 1536 incerto
1447 1494 1599 1535 mens
1625 1477 1873 1542 sollicita,
1911 1474 2173 1530 festinans

580 1584 635 1631 et
663 1574 927 1630 adventus
949 1573 1091 1629 diem
1114 1586 1330 1641 semper
1349 1578 1689 1642 ex5pectans,
1717 1582 1931 1638 semper
1951 1580 2174 1638 exspec—

580 1669 746 1724 tando
776 1676 1062 1739 speraret;
1100 1681 1394 1737 curamque
1439 1664 1751 1737 pervigilem
1785 1663 2047 1717 incertum
2091 1661 2172 1730 ip-

579 1774 723 1827 sum,
754 1774 861 1814 non
909 1757 1213 1828 ambigendi
1245 1768 1422 1811 tamen
1464 1756 1742 1825 temporis,
1772 1753 2065 1809 detineret.
2094 1752 2171 1807 Ita

2274 554 2418 603 teant
2446 548 2620 603 valida
2668 550 2993 614 iuiirmibus,
3020 550 3212 606 validis
3243 559 3419 606 tamen
3453 551 3664 605 infirma
3711 566 3874 621 peuc-

2276 648 2503 695 trantur.
2548 639 2630 697 Ob
2674 641 2727 696 id
2757 657 2888 712 ergo
2927 643 3282 713 cogitationes
3304 643 3399 698 Dei
3432 643 3599 714 patris
3626 643 3874 714 ignorare

2273 732 2440 788 Filius
2468 733 2535 788 ab
2563 733 2742 804 impiis
2783 734 3001 802 dieitur,
3041 735 3166 806 quia
3195 734 3442 791 inﬁrmus
3469 736 3584 806 ipse
3621 751 3743 791 cum
3771 738 3863 803 sit,

2273 840 2379 882 non
2410 826 2564 882 adeat
2596 825 2830 883 ineundo
2857 832 3144 899 ponerem,
3171 843 3274 885 nec
3304 828 3576 885 valentem
3601 827 3867 886 invalidus

2277 927 2631 974 transcurrat.

2346 1011 2434 1068 69.
2467 1012 2723 1069 Christum
2748 1012 2909 1069 Patre
2935 1014 3231 1086 inferiorem
3256 1013 3360 1069 dici
3390 1030 3493 1070 non
3532 1014 3709 1069 sinunt
3731 1013 3875 1069 Scri-

2276 1113 2458 1175 pturtv.
2497 1103 2652 1159 Pater
2692 1114 2740 1159 et
2776 1103 2944 1160 Filius
2974 1106 3238 1177 speculum
3278 1106 3777 1175 mutuum—Qua:
3825 1107 3871 1163 si

2275 1198 2395 1267 quis
2418 1214 2524 1252 non
2556 1197 2719 1253 modo
2749 1214 2845 1254 ore
2874 1198 3159 1255 temerario
3180 1199 3321 1267 loqni
3344 1199 3567 1255 audebit
3590 1199 3658 1256 dc
3681 1200 3870 1271 unigeo

2276 1289 2389 1343 nito
2414 1288 2544 1352 Deo.
2579 1304 2764 1345 verum
2807 1291 2970 1345 etiam
3020 1290 3185 1347 corde
3230 1291 3395 1361 impio
3424 1293 3696 1363 cogitare;
3729 1293 3874 1363 Apo-

2274 1381 2473 1437 stolum
2490 1382 2561 1437 ita
2574 1380 2643 1438 de
2661 1381 2865 1452 Spiritu
2901 1391 3089 1438 sancto
3118 1382 3183 1438 ad
3206 1382 3521 1439 Corinthios
3541 1383 3869 1441 scribentem

2276 1475 2575 1532 credidisse
2600 1485 2895 1548 cognoscat
2915 1475 3103 1533 :Nobis
3140 1486 3311 1532 autent
3341 1479 3581 1533 revelavit
3609 1475 3752 1548 Dens
3778 1494 3869 1551 per

2278 1569 2535 1641 Spiritum
2576 1587 2748 1626 suum.
2814 1572 3043 1641 Spiritus
3080 1573 3214 1626 enim
3267 1573 3440 1628 omnia
3481 1583 3763 1639 scrutatur,
3827 1584 3875 1630 et

2275 1663 2382 1717 alta
2413 1661 2529 1718 Dei.
2563 1664 2689 1730 Quis
2725 1665 2863 1719 enim
2904 1665 3001 1719 scit
3045 1664 3310 1720 hominum
3333 1682 3447 1738 qua:
3463 1677 3585 1722 sunt
3622 1666 3865 1736 hominis,

2276 1771 2389 1818 qua:
2428 1757 2485 1805 iu
2522 1757 2634 1817 ipsa
2680 1754 2772 1822 (ῃ,
2805 1758 2906 1806 nisi
2934 1757 3143 1823 spiritus
3172 1759 3259 1824 qui
3304 1759 3359 1811 in
3387 1761 3499 1827 ipso
3539 1759 3662 1814 est?
3690 1759 3777 1815 Ita
3821 1770 3870 1815 et

649 1852 1002 1888 Μ
1027 1851 1101 1887 ..ιι
1120 1867 1134 1883 .
1172 1848 1292 1895 id,"
1318 1857 1364 1893 ρι
1392 1863 1479 1895 mu
1501 1845 1852 1902 ρςιηιρῃηνηιῑ,
1870 1845 1997 1900 quia
2014 1841 2177 1886 ncooi-
2202 1838 2251 1897 B
2279 1857 2391 1908 quin
2414 1842 2467 1894 in
2494 1839 2895 1898 Deosuntnemo
2919 1846 3076 1913 novit,
3102 1848 3201 1902 nisi
3221 1846 3451 1918 Spiritus
3477 1848 3579 1905 Dei
3599 1851 3642 1923 (l
3664 1850 3785 1908 Cor.
3811 1868 3869 1922 tl,

580 1928 646 1989 gis
657 1940 759 1990 qua
775 1922 903 1975 hora
917 1921 1054 1990 ﬁlius
1066 1919 1287 1977 hominis
1301 1931 1543 1977 venturus
1558 1933 1630 1977 est
1657 1921 1867 1992 (Matth.
1892 1939 2040 1989 χχιιι,
2056 1922 2172 1994 44).

576 2106 692 2176 ejus
717 2102 793 2177 (ὁ)
817 2105 1059 2159 invenerit
1087 2107 1161 2160 sic
1187 2106 1454 2176 facientem
1503 2105 1567 2182 (1
1575 2108 1702 2175 ιιὶιι.,
1743 2108 1858 2180 ιϐ).
1905 2108 2174 2181 ignoratio

573 2208 682 2248 non
700 2194 766 2249 ad
783 2199 1023 2251 errorem
1045 2194 1142 2250 fuit
1156 2197 1481 2263 necessaria,
1498 2199 1590 2254 sed
1606 2199 1670 2254 ad
1691 2201 2168 2270 perseverantiam.

580 2282 693 2339 Nec
713 2295 963 2353 negatum
995 2285 1048 2341 id
1070 2286 1135 2341 ad
1165 2287 1547 2344 detrimentum
1570 2299 1676 2358 est,
1699 2290 1842 2361 quod
1870 2291 2170 2363 ignoratum

549 2374 740 2449 .311
796 2376 980 2433 tribuit
1027 2379 1442 2449 incrementum,
1491 2397 1558 2436 ne
1617 2382 1855 2438 scientiae
1911 2386 2172 2443 securitas

573 2468 951 2536 negligentiam
981 2466 1106 2523 ﬁdei
1133 2468 1486 2527 dissimulata:
1508 2470 1582 2545 (c)
1604 2472 1883 2542 excitaret,
1907 2475 2000 2531 sed
2018 2493 2171 2548 prac-

580 2557 913 2617 Paralionem
957 2559 1285 2616 irremissam
1361 2566 1693 2633 exspectatio
1749 2566 2022 2622 indeﬁnita
2077 2585 2170 2626 re-

568 2634 774 2693 tiueret
797 2654 810 2691 :
839 2637 917 2711 (ιι)
935 2655 1053 2710 qua:
1067 2650 1233 2698 modo
1253 2653 1384 2700 furis
1414 2656 1759 2712 metuendum
1782 2674 1997 2729 semper
2016 2676 2171 2717 cave-

573 2735 657 2784 ret
687 2730 763 2799 (t)
790 2729 1101 2800 adventum,
1153 2734 1247 2790 illo
1268 2735 1499 2807 eligente
1527 2741 1700 2795 somni
1726 2752 1932 2813 tempus
1954 2750 2020 2801 ad
2059 2751 2170 2803 fur-

570 2830 717 2874 tum:
742 2823 1126 2892 patreiantilias
1154 2841 1283 2884 vero
1296 2829 1507 2900 domus,
1529 2831 1934 2907 damnisemper
1952 2838 2165 2909 timore,

563 2912 838 2982 vigilante.

635 3006 727 3062 68.
772 3006 1050 3077 Christum,
1083 3013 1175 3068 etsi
1212 3013 1438 3070 humana
1486 3029 1709 3086 penetret
1749 3031 1804 3076 ut
1856 3025 2040 3095 potior,
2072 3044 2168 3099 pa-

572 3107 720 3152 terna
762 3111 1032 3168 penetrare
1069 3105 1249 3160 nolunt
1297 3118 1352 3161 ut
1395 3109 1710 3179 inferiorem.
1743 3116 2162 3191 -—Quatnquam

564 3190 727 3263 igitur
748 3209 853 3248 non
882 3194 1169 3253 obscurum
1202 3200 1292 3267 sit,
1328 3201 1715 3273 ignorationem
1749 3207 1839 3264 Dei
1866 3227 1971 3267 non
2006 3190 2161 3284 iguo-
2189 3220 2234 3283 C

560 3286 824 3341 rationem
854 3302 994 3355 esse,
1025 3292 1121 3347 sed
1174 3307 1574 3353 sacramentum
1601 3318 1611 3354 :
1645 3301 1770 3357 dum
1820 3320 1918 3376 per
1942 3306 2159 3377 dispen-

558 3377 823 3435 sationem
865 3391 957 3436 aut
999 3384 1216 3455 agendi,
1258 3397 1351 3442 aut
1398 3394 1754 3462 protestandi,
1805 3406 1898 3452 aut
1935 3399 2162 3457 demon-

468 3483 491 3504 ο
568 3471 777 3526 strandi
805 3472 884 3527 sic
902 3476 1094 3541 nescit,
1122 3487 1179 3531 ut
1210 3479 1383 3545 sciat;
1416 3491 1471 3536 et
1498 3483 1577 3538 sic
1606 3500 1710 3541 non
1739 3491 1931 3557 nescit,
1960 3501 2017 3546 ut
2038 3508 2164 3549 nes-

557 3564 707 3619 ciat:
751 3574 930 3622 tamen
961 3566 1248 3624 videndum
1290 3581 1373 3628 cst
1396 3614 1410 3638 ,
1444 3589 1510 3629 nc
1560 3575 1694 3650 forte
1719 3588 1772 3633 et
1802 3579 1874 3634 ita
1915 3582 2161 3641 inﬁrmus

551 3655 645 3721 sit,
671 3663 729 3710 ut
756 3671 841 3722 ca,
868 3673 988 3729 quas
1020 3658 1179 3716 Pater
1208 3662 1334 3729 scit,
1358 3665 1495 3720 scire
1536 3683 1641 3722 non
1692 3670 1895 3739 possit:
1932 3685 2149 3744 potente

551 3747 771 3818 quidem
797 3764 865 3805 eo
906 3752 1259 3823 cogitationes
1289 3755 1645 3815 humanorum
1677 3763 1923 3820 eordium
1950 3781 2142 3826 nosse:

553 3839 680 3911 quia
731 3851 919 3897 natura
952 3844 1131 3915 potior
1168 3847 1403 3903 motibus
1429 3863 1488 3906 se
1526 3861 1729 3908 natnrm
1760 3854 2032 3915 inferioris
2052 3861 2148 3917 ad-

562 3930 808 3997 misceat,
861 3950 1089 4007 eamque
1139 3945 1407 4010 tamquam
1465 3941 1791 4001 imbecillam
1845 3948 2152 4009 vehementi

557 4024 755 4079 virtute
778 4033 1141 4083 transcurrat:
1173 4030 1265 4087 sed
1306 4032 1575 4103 impotens
1596 4037 1666 4092 sit
1693 4037 2152 4103 vehementiorem

552 4116 623 4189 (e)
655 4119 736 4175 sui
761 4128 1006 4177 naturam
1031 4123 1298 4182 inﬁrmior
1327 4127 1439 4199 ipsa
1469 4139 1753 4199 penetrare
1778 4150 1794 4200 ;
1833 4136 1956 4207 quia
1986 4147 2043 4196 ut
2072 4140 2152 4196 le-

554 4209 637 4263 via
669 4212 947 4282 gravibus,
974 4225 1028 4271 et
1084 4232 1202 4271 rara
1248 4218 1453 4285 densis,
1481 4231 1536 4276 ct
1567 4222 1764 4295 liquida
1809 4229 1996 4286 solidis
2025 4243 2155 4290 sunt

552 4304 774 4371 pervia;
801 4305 872 4360 ita
902 4315 1096 4363 contra
1137 4317 1191 4364 et
1221 4312 1410 4382 gravia
1447 4313 1689 4383 levibus,
1721 4329 1774 4374 ct
1803 4318 1970 4377 densa
2006 4324 2154 4381 raris

584 2011 653 2066 Et
677 2028 889 2068 rursum
919 2031 932 2069 :
959 2012 1146 2069 Beatus
1173 2015 1263 2069 ille
1303 2031 1475 2070 servus
1502 2031 1652 2085 quem
1690 2016 1894 2071 veniens
1922 2013 2176 2072 Dominus

2282 1932 2350 1988 i0
2372 1974 2387 1999 ,
2419 1933 2529 2004 11).
2562 1935 2667 1991 Sed
2718 1936 2832 1992 haec
2863 1938 3040 1993 inania
3073 1942 3435 2011 corporalium
3477 1959 3658 2001 rerum
3686 1962 3874 2003 exem-

2279 2023 2363 2093 pla
2406 2035 2744 2094 spernentes,
2776 2027 2943 2084 Deum
2985 2030 3052 2085 de
3082 2031 3218 2101 Deo,
3243 2044 3297 2089 ct
3340 2035 3600 2105 Spiritum
3642 2036 3709 2093 dc
3752 2039 3876 2110 Spi-

2276 2117 2406 2180 ritu,
2429 2117 2716 2175 virtutibus
2744 2123 2854 2177 suis
2896 2122 3092 2192 potius,
3123 2141 3282 2196 quam
3312 2125 3389 2200 (g)
3427 2129 3657 2186 terrenis
3684 2132 3874 2188 condi-

2277 2208 2512 2265 tionibus
2557 2210 2908 2268 mstimemus.
2940 2212 3295 2272 [Estimemus
3347 2228 3548 2287 autem,
3578 2237 3682 2276 non
3708 2237 3873 2278 sensu

2276 2308 2482 2367 nostro,
2515 2302 2609 2359 sed
2658 2304 2991 2374 professione
3021 2308 3237 2364 divina:
3272 2320 3326 2366 et
3374 2312 3662 2368 credamus
3689 2314 3739 2370 ei
3783 2314 3875 2385 qui

2274 2395 2367 2462 ait,
2401 2394 2503 2460 Qui
2547 2413 2625 2451 tne
2656 2397 2800 2463 vidit,
2832 2399 2955 2453 vidit
2981 2411 3027 2455 et
3055 2399 3268 2455 Patrem
3292 2401 3473 2469 (Joan.
3516 2421 3627 2471 XIV,
3657 2405 3739 2476 9).
3766 2404 3873 2462 Nec

2273 2487 2584 2559 ignoremus
2615 2506 2736 2545 eum
2767 2492 2856 2563 qtti
2893 2492 3047 2559 dixit,
3089 2493 3180 2550 Vel
3208 2496 3448 2567 operibus
3490 2499 3568 2571 ('5)
3606 2500 3735 2553 meis
3764 2516 3876 2565 cre-

2276 2577 2399 2646 dite,
2430 2582 2550 2651 quia
2580 2580 2736 2636 Pater
2768 2585 2818 2637 in
2840 2600 2940 2651 me,
2972 2593 3022 2640 el
3051 2603 3146 2656 ego
3195 2587 3249 2641 in
3281 2585 3440 2643 Patre
3464 2588 3638 2661 (Joan.
3679 2608 3732 2658 ς,
3754 2590 3871 2664 58).

2271 2670 2381 2728 Nec
2425 2672 2734 2744 ignoremus
2773 2692 2917 2743 eum,
2951 2680 3040 2750 qui
3085 2680 3298 2737 locutus
3343 2692 3449 2751 cst,
3479 2683 3641 2757 διε
3671 2683 3779 2756 Ego
3825 2694 3875 2741 et

2276 2762 2430 2816 Pater
2456 2783 2608 2820 unum
2631 2784 2803 2822 sumus
2825 2769 2987 2839 (Ibid.
3013 2769 3126 2844 50).
3148 2772 3202 2829 Si
3223 2774 3365 2829 enim
3394 2790 3609 2832 sensum
3625 2789 3869 2834 nostrum

2273 2867 2453 2906 rerum
2511 2858 2728 2911 nomina
2787 2861 3080 2916 secundum
3125 2862 3413 2921 humanam
3464 2869 3867 2939 intelligentiam

2271 2960 2689 3004 commemorata
2736 2954 3091 3011 confirmant:
3128 2972 3233 3011 non
3286 2959 3447 3015 habet
3475 2962 3543 3017 ab
3569 2976 3635 3018 eo
3661 2974 3869 3020 natura:

2270 3036 2651 3110 ditl‘ercutiam,
2680 3043 2731 3096 in
2758 3059 2865 3114 quo
2896 3060 2991 3115 per
3020 3046 3424 3118 intelligentiam
3455 3052 3537 3124 (It)
3561 3055 3682 3125 quis
3714 3056 3869 3114 vide-

2272 3138 2390 3193 tur;
2428 3146 2526 3187 nec
2557 3132 2732 3188 differt
2773 3135 2826 3189 in
2851 3151 3070 3207 genere,
3102 3141 3191 3210 qui
3242 3154 3546 3216 manentem
3588 3145 3643 3202 in
3687 3163 3746 3204 se
3773 3149 3872 3205 tia-

2270 3219 2423 3289 bens,
2447 3220 2590 3278 inest
2631 3226 2681 3278 iu
2707 3240 2954 3283 manente
2983 3246 2998 3296 ;
3033 3247 3131 3288 nec
3158 3230 3354 3290 diversi
3394 3247 3540 3305 sunt,
3571 3239 3660 3309 qui
3702 3257 3867 3298 unum

2265 3320 2410 3368 sunt.
2463 3313 2705 3388 lntellige
2765 3319 3051 3389 unitatem,
3081 3324 3207 3379 dum
3249 3342 3355 3382 non
3408 3328 3624 3385 dividua
3675 3342 3865 3391 natura

2270 3414 2372 3461 cst.
2416 3405 2633 3464 Naturae
2669 3426 2798 3467 vero
2848 3429 3059 3470 rursum
3121 3418 3412 3476 individua:
3466 3437 3861 3485 sacramentum

2248 3501 2633 3583 \apprchendc,
2683 3504 2808 3561 dum
2860 3518 3129 3580 tamquam
3177 3515 3454 3583 speculum
3509 3534 3649 3575 unus
3703 3522 3862 3581 unius

2265 3603 2369 3648 est.
2401 3592 2688 3663 Speculum
2741 3607 2921 3656 autem
2965 3602 3060 3672 ita,
3109 3613 3168 3660 ut
3207 3622 3313 3663 non
3367 3609 3709 3682 imaginatam
3741 3632 3865 3688 spc-

2263 3687 2401 3741 ciem
2438 3699 2642 3746 natura:
2682 3695 2968 3750 exterioris
3014 3698 3273 3767 Splendor
3318 3702 3574 3772 emittat;
3606 3707 3700 3763 sed
3732 3687 3860 3767 dum

2253 3781 2439 3838 vivens
2485 3794 2672 3843 natura
2701 3798 2902 3845 naturae
2935 3791 3137 3849 viventi
3170 3794 3487 3855 indili‘ercns
3513 3813 3594 3857 est
3619 3844 3634 3869 ,
3662 3804 3863 3877 quippe

2260 3888 2379 3942 qua:
2405 3889 2469 3931 ex
2505 3886 2613 3933 tota
2643 3886 2752 3935 tota
2799 3882 2890 3950 sit,
2920 3899 3040 3954 quae
3077 3894 3133 3941 et
3166 3886 3295 3943 dum
3340 3889 3615 3963 unigenita
3647 3905 3730 3951 est
3756 3896 3859 3952 Pa-

2263 3973 2401 4022 trem
2450 3968 2504 4024 itt
2541 3986 2601 4027 se
2627 3971 2842 4041 babcat,
2893 3986 2948 4030 et
2993 3990 3209 4035 maneat
3259 3980 3312 4037 in
3358 3982 3518 4042 Patre
3548 3986 3677 4044 dum
3719 3989 3861 4048 Deus

2257 4067 2361 4114 est.

2329 4151 2415 4209 70.
2447 4153 2529 4210 De
2556 4165 2754 4214 natura:
2778 4161 2973 4219 unitate
2997 4164 3134 4220 dicta
3160 4172 3294 4226 male
3311 4171 3381 4226 ad
3400 4173 3650 4231 unitatem
3671 4179 3859 4234 volun-

2259 4249 2378 4301 tatis
2421 4248 2719 4319 detorquent
2759 4252 3004 4312 Iucretici.
3027 4289 3100 4300 —
3127 4260 3255 4319 Hmc
3299 4264 3501 4337 itaque,
3546 4269 3616 4325 ad
3650 4271 3856 4343 signiti-

2262 4338 2494 4396 candum
2539 4343 2835 4402 nativitatis
2878 4362 3275 4412 sacramentum
3311 4372 3341 4413 a
3386 4358 3613 4417 Domino
3644 4338 3848 4435 praedi-

626 4465 707 4541 (ι)
736 4466 857 4523 Vox
899 4466 1173 4524 adventum
1227 4469 1381 4553 deest
1430 4473 1480 4528 in
1521 4485 1709 4535 nostro
1740 4480 1944 4539 codice.
1995 4486 2142 4562 Mox,

626 4554 699 4594 me
720 4548 938 4594 lentum.
972 4555 1077 4594 non
1099 4558 1261 4594 somnt
1288 4552 1505 4594 tempus-

2256 4499 2407 4594 Μςὸὶ
2439 4503 2545 4594 γρβ
2578 4510 2705 4564 meis
2730 4510 3067 4573 desideratur
3095 4517 3365 4594 incodice
3386 4523 3719 4594 Veronensi;
3751 4545 3856 4588 nec

548 4554 699 4615 omne
720 4548 938 4615 tempus,
962 4555 1077 4615 non
1099 4548 1262 4597 somni
1288 4552 1505 4615 tempus.

618 4577 697 4619 ..ιν
720 4577 938 4609 .....,....,
1099 4577 1259 4597 ουηι...
1288 4577 1505 4615 ισιημιισ.
2253 4577 2489 4631 occurrit
2512 4579 2563 4633 in
2594 4596 2771 4650 greccu
2794 4594 2959 4645 textu.
2985 4596 3041 4644 ct
3063 4577 3329 4650 omittitur
3346 4577 3853 4663 inlinifiiihiiéi

618 4609 700 4683 (i)
728 4609 851 4665 Non
876 4610 1085 4666 cedunt.
2171 4608 2228 4671 Β
2250 4651 2305 4697 et
2333 4644 2425 4711 26,
2459 4648 2549 4705 ubi
2578 4659 2659 4706 ter
2681 4652 2769 4709 hic
2794 4655 2944 4712 locus
2972 4661 3256 4730 repetitur.

546 4763 649 4827 non
686 4748 946 4827 excusavit
990 4750 1328 4827 meudaciuttt,
1390 4753 1485 4827 sed,
1523 4770 1624 4827 non
1672 4774 1782 4814 esse
1820 4769 2136 4827 monstravit.

546 4818 959 4908 Eamde‘mnipse
993 4825 1236 4908 sequitur
1404 4839 1417 4877 ι
1457 4826 1525 4881 de
1552 4825 1726 4908 Trit_t.,
1760 4833 1937 4908 ο-κλιξΣ

544 4891 686 4967 sicut
709 4887 1087 4967 etnGregorius
1136 4892 1273 4967 Papa
1316 4892 1419 4967 lib.
1441 4912 1557 4967 vtu,
1585 4887 1742 4967 epist.
1776 4905 1862 4957 42.
1890 4887 2140 4967 Νέέίιῆἓὶ

543 4960 723 5035 seutit_
751 4960 1007 5035 Cyrinus,
1036 4962 1129 5018 lib.
1161 4960 1422 5020 'l‘hesauri
1455 4984 1507 5035 p.
1537 4960 1663 5034 22%,
1691 4970 1890 5028 Christi
1923 4960 2134 5035 seruio-

547 5049 670 5124 pem
711 5032 782 5086 im
815 5032 883 5124 δι’)
913 5031 1030 5117 ips?
1063 5042 1415 5124 ‘°"'Pe"'.l".m
1443 5031 1730 5124 έηπνδῖθδν
1752 5046 1881 5124 fluia

545 5104 717 5188 lorum
737 5111 939 5188 captum
968 5107 1083 5177 ejus
1112 5104 1185 5188 rei
1215 5108 1398 5161 notitia
1423 5104 1727 5188 superabat.
1750 5104 1932 5188 Longe
1961 5104 2130 5188 magis

542 5175 610 5229 ad
647 5176 893 5251 capidem
915 5175 1256 5251 sententiam
1296 5175 1503 5235 accedit
1530 5175 2125 5251 rjttstacliiusKntioeli:

541 5246 683 5316 apud
716 5245 1165 5323 Ιΐιιιειιιι-ιειιιιιι.λιιι»ἶ
1202 5263 1277 5323 ιιι,
1308 5252 1397 5323 ubi
1431 5253 1534 5309 hoc
1559 5269 1588 5308 a
1622 5254 1837 5314 Christo
1874 5245 2133 5323 adittveii;

546 5326 658 5371 tum
690 5317 927 5371 ostendit
955 5318 1197 5374 utilitatis
1222 5319 1495 5377 hominum
1518 5340 1700 5382 causa.

614 5388 692 5469 (a)
734 5387 965 5471 Yerbnm
1011 5391 1256 5474 tte/initia,
1293 5393 1345 5446 iu
1401 5396 1550 5464 prius
1585 5399 1812 5471 vulgatis
1846 5406 2127 5475 omissum,

544 5461 849 5531 restituitur
872 5475 938 5516 ex
967 5462 1198 5531 scriptis.

615 5529 689 5602 (lt)
733 5530 873 5585 Editi
897 5571 911 5595 ,
941 5529 1186 5587 invenerit
1224 5536 1555 5607 vigilantem:
1583 5540 1968 5606 dissidentibus
1998 5569 2129 5610 mss.

539 5610 594 5655 Cl
617 5616 774 5657 sacro
799 5610 967 5657 textu.

612 5673 685 5753 (c_)
717 5672 936 5755 Excusi,
964 5684 1208 5755 escepto.
1256 5677 1405 5747 Pan,
1431 5696 1532 5739 non
1551 5700 1853 5746 euerreret.
1886 5694 1986 5750 Alii
2013 5711 2143 5755 vero

540 5741 686 5819 libri,
712 5745 972 5819 ιξειτιτὶιαιίιει9
1004 5741 1113 5819 hoc
1132 5758 1216 5803 est
1233 5789 1249 5814 ,
1274 5741 1486 5819 pareret
1515 5771 1578 5811 ac
1601 5741 1829 5816 foverei.

613 5812 693 5885 (tt)
721 5813 866 5869 lianc
896 5815 1179 5874 lectionem
1205 5812 1297 5876 ιιιιῖ
1323 5820 1492 5879 Vatic.
1524 5836 1581 5884 et
1604 5812 1995 5908 alteriviiemig.
2024 5854 2133 5897 ms.

2250 4778 2513 4881 habemus
2541 4798 2843 4881 acceptam,
2874 4795 3181 4881 aliisetiatn
3213 4804 3535 4875 faventibus,
3571 4808 3623 4865 in
3653 4812 3850 4881 quibus

2248 4860 2424 4946 tamen
2467 4872 2573 4912 Vox
2610 4864 2879 4946 adventum
2904 4869 3192 4946 omittitur,
3237 4860 3357 4946 qua:
3386 4860 3847 4941 eii'sin'ib‘s'éﬁéﬁ

2242 4927 2417 5021 omitti
2436 4940 2630 4994 potest.
2647 4936 2722 5021 iit
2735 4936 2796 5021 in
2830 4940 3078 5021 vulgatis,
3106 4927 3220 5013 qua:
3242 4927 3846 5021 iliaéo'furii

2238 5010 2436 5064 semper
2462 5014 2679 5067 caveret,
2706 5007 2797 5061 illo
2824 5007 3037 5080 eligente
3056 5007 3201 5069 omne
3232 5007 3450 5091 tempus:

2314 5087 2386 5162 (ρ)
2416 5091 2580 5159 Editi,
2610 5114 2696 5164 se;
2732 5103 3091 5164 renitentibus
3113 5125 3245 5166 mss.

2307 5182 2829 5284 gignit-invulgatisnltic
2858 5195 3075 5284 additur
3097 5213 3238 5284 sunt,
3270 5207 3413 5284 quod
3441 5208 3595 5266 abest
3622 5226 3652 5269 τι
3680 5228 3840 5284 mss.,

2234 5257 2867 5357 gittigllsnttnttsuc'ttlh.
2920 5279 2974 5323 et
3003 5273 3141 5357 alter
3169 5257 3413 5334 sértldﬁ.‘

2319 5328 2482 5453 ltﬁsﬁzi
2498 5340 2554 5385 ut
2577 5341 2632 5387 et
2680 5336 2895 5408 vulgata
2921 5345 3058 5397 sacri

2338 5416 2347 5447 ι
2397 5415 2407 5450 ι
2453 5435 2504 5453 ι.

2313 5467 2387 5539 (g)
2422 5469 2538 5525 Duo
2565 5489 2694 5530 mss.
2721 5483 2936 5537 terrenis
2959 5487 3354 5557 cogitationibus
3384 5509 3403 5549 :
3433 5496 3596 5552 male.

2429 5562 3028 5661 Avulg‘atgistquisque.
3057 5579 3277 5661 [tectius
3320 5585 3676 5661 ittgplerisque
3701 5607 3836 5649 mss.

2245 5634 2404 5726 ἔμιξεῂ
2428 5634 2532 5691 hoc
2554 5634 2743 5726 .esjtxi'u
2761 5634 2879 5726 μιιο
2913 5634 3033 5717 quis
3054 5634 3676 5726 yiéd'siaué’iﬁiéiiéiio'

2244 5710 2514 5791 tttr‘atquc
2535 5710 2884 5791 intelligitur,
2917 5710 3021 5775 non
3053 5722 3213 5779 habet
3238 5710 3307 5782 ab
3335 5710 3655 5787 ἐόῖιῐιιῖῶζ

2712 5776 2882 5877 ἓξὲξ(
2901 5798 2966 5877 ει
3004 5776 3302 5877 Pars—nec"
3328 5776 3836 5877 diiréii'i':

2240 5848 2593 5909 emcndantur
2619 5868 2685 5910 ex
2712 5848 2819 5913 Ba'd
2849 5902 2864 5925 ,
2901 5859 2995 5918 Er.
3028 5872 3081 5920 et
3111 5848 3239 5923 mss.
