4286 6264
437 369 542 425 ’557

1675 379 1761 433 DE
1801 377 2170 436 ΤΠΙΝΙΤΛΤΕ
2211 380 2411 438 LIBER
2455 381 2547 438 IX.

3641 393 3744 450 533

434 497 576 549 cata,
613 485 853 542 heretici
886 489 1004 559 quia
1037 507 1231 560 negare
1263 507 1366 547 non
1401 503 1644 563 rossunt,
1676 496 1745 551 ita
1773 508 2040 553 conantur
2065 502 2115 562 Α
2145 500 2318 555 solum
2345 503 2487 559 scire
2513 505 2774 575 dixisset,
2804 509 3022 564 maximi
3057 511 3279 580 periculi
3312 526 3400 566 res
3433 512 3741 582 intelligen-

435 580 680 646 eludere,
713 597 767 638 ut
801 584 865 639 ad
898 587 1186 642 voluntatis
1214 589 1563 645 concordiam
1603 590 1870 657 referant;
1903 602 1953 647 ut
1985 592 2037 648 in

389 688 396 696 ·
439 672 555 729 Deo
584 684 737 744 patre
769 687 821 731 et
864 680 913 730 in
956 678 1064 732 Deo
1105 678 1213 733 ﬁlio
1258 697 1365 735 non
1394 681 1696 737 divinitatis
1737 685 1807 738 sit
1835 684 2036 750 unitas,

435 768 531 822 sed
563 769 854 824 voluntatis
882 789 894 823 :
933 780 1203 842 tamquam
1232 774 1428 830 divina:
1456 776 1716 833 doctrina:
1738 779 1894 848 inotis
1920 793 2036 834 ser-

435 879 526 919 mo
567 864 662 929 sit,
709 881 883 936 neque
921 876 1016 920 aut
1058 868 1162 922 dici
1208 883 1236 922 a
1281 868 1509 924 Domino
1554 873 1812 942 patuerit,
1845 872 1955 944 Ego
1985 883 2039 928 et

446 958 607 1014 Pater
635 975 799 1014 unum
829 959 1117 1018 volumus:
1147 972 1235 1017 aut
1265 964 1504 1033 ejusdem
1540 967 1906 1037 intelligentia:
1945 970 2036 1033 sit,

439 1047 554 1121 Ego
582 1061 627 1104 et
665 1051 824 1105 Pater
878 1069 1034 1105 unum
1061 1070 1279 1109 sumus:
1322 1058 1402 1111 vel
1446 1057 1700 1128 loquendi
1755 1059 2037 1128 imperitus

438 1159 546 1198 non
569 1144 783 1206 dixerit,
813 1145 914 1212 Qui
945 1146 1076 1201 vidit
1104 1148 1431 1204 voluntatem
1464 1166 1658 1215 meam,
1693 1151 1824 1206 vidit
1854 1161 1909 1208 et
1940 1169 2036 1207 vo-

437 1235 698 1291 luntatem
726 1237 903 1292 Patris
931 1239 1035 1292 mei
1072 1257 1084 1292 :
1119 1250 1170 1293 et
1220 1241 1270 1294 id
1326 1242 1496 1310 ipsum
1527 1243 1618 1308 sit,
1653 1243 1752 1310 Qui
1780 1262 1858 1298 me
1887 1247 2029 1314 vidit,

435 1330 563 1383 tidit
590 1341 636 1383 et
671 1329 914 1386 Patrem:
944 1332 1028 1386 vel
1069 1343 1217 1388 certe
1255 1351 1363 1389 non
1395 1335 1558 1391 fuerit
1605 1339 1656 1392 in
1708 1354 1805 1392 usu
1834 1339 2035 1410 eloquii

438 1424 628 1491 divini,
659 1425 916 1480 Voluntas
948 1427 1120 1482 Patris
1172 1429 1275 1483 ntci
1329 1430 1380 1484 itt
1414 1446 1500 1486 tne
1531 1440 1632 1498 est,
1681 1441 1738 1488 et
1783 1435 2034 1489 voluntas

431 1533 550 1573 mea
583 1519 634 1572 in
661 1518 820 1580 Patre
843 1534 963 1575 meo
991 1529 1073 1574 est
1097 1537 1110 1584 ;
1142 1521 1237 1575 sed
1257 1522 1584 1578 conveniens
1613 1522 1737 1579 huic
1766 1525 1910 1579 dicto
1941 1528 2030 1594 sit,

432 1609 547 1683 Ego
586 1612 638 1665 in
689 1611 864 1679 Patre,
892 1622 939 1667 et
977 1611 1134 1666 Pater
1180 1614 1232 1668 in
1281 1631 1359 1668 me
1394 1614 1576 1683 (Joan.
1612 1633 1722 1684 xlv,
1755 1619 1866 1688 11).
1901 1619 2032 1686 Quae

437 1721 759 1776 quamquam
793 1706 972 1760 omnia
1027 1705 1165 1762 [teda
1205 1716 1254 1763 ct
1278 1710 1454 1778 inepta
1499 1719 1553 1764 et
1585 1711 1746 1782 impia
1777 1714 1906 1779 sint,
1940 1729 2032 1769 ne—

432 1811 539 1866 que
565 1812 756 1851 sensus
783 1798 1048 1853 bnmanus
1072 1801 1123 1853 in
1148 1800 1285 1855 banc
1310 1802 1487 1856 stultae
1513 1804 1784 1872 Opinionis
1809 1814 2029 1861 senten-

2143 593 2230 646 tia:
2252 603 2451 649 nostra:
2476 597 2894 669 relinqueretur,
2925 616 2992 655 ne
3024 601 3163 658 forte
3191 604 3598 659 existimaretur
3629 606 3746 676 ipse

2142 689 2372 746 nescire.
2402 690 2534 746 Nam
2565 711 2685 748 cunt
2719 697 2769 749 in
2803 712 2891 764 eo,
2923 699 3064 766 quod
3093 700 3261 754 nescit
3287 741 3298 765 ,
3329 701 3662 771 diSpensatio
3691 702 3743 757 ei

2144 785 2318 852 petius
2359 786 2690 843 abscondite
2736 791 3011 860 scientiae,
3079 810 3236 864 quam
3295 803 3485 848 natura
3529 797 3601 850 sit
3646 811 3741 851 ne-

2141 881 2367 946 sciendi;
2403 898 2496 952 per
2523 884 2573 937 id
2603 900 2812 956 quoque
2843 902 3006 951 nunc,
3055 888 3194 958 quod
3244 890 3392 944 solus
3423 889 3583 944 Pater
3614 890 3738 956 scit,

2143 989 2249 1026 non
2300 975 2574 1044 ignorasse
2605 977 2908 1034 credendus
2945 990 3027 1035 est
3057 999 3069 1036 :
3104 983 3258 1052 quia,
3303 983 3440 1037 sicut
3485 984 3736 1053 superius

2141 1064 2457 1130 docuimus,
2492 1069 2714 1124 scientia
2746 1072 2883 1140 apud
2924 1073 3088 1127 Deum
3111 1117 3123 1139 ,
3159 1089 3265 1130 non
3296 1078 3654 1142 coanoscendi
3687 1079 3740 1132 id

2140 1157 2282 1226 quod
2318 1160 2569 1214 nescierit
2602 1161 2685 1229 (ιι)
2717 1163 3066 1235 intelligentia
3094 1175 3206 1228 est.
3249 1167 3342 1221 sed
3374 1168 3645 1238 loquendi.
3679 1170 3743 1224 Et

2142 1263 2237 1317 per
2268 1249 2354 1315 id,
2383 1252 2522 1321 quod
2550 1254 2694 1307 solus
2724 1255 2882 1310 Pater
2910 1258 3042 1322 scit,
3075 1257 3245 1312 Filius
3282 1274 3386 1314 non
3432 1260 3742 1330 intelligitur

2141 1341 2383 1407 nescire;
2417 1357 2538 1397 cum
2583 1344 2748 1400 Filius
2792 1347 2992 1402 idcirco
3023 1351 3233 1404 nescire
3276 1366 3334 1404 sc
3371 1351 3544 1414 dicat,
3576 1367 3643 1408 ne
3685 1363 3741 1408 et

2137 1433 2226 1487 alii
2254 1435 2425 1489 sciant
2452 1454 2464 1490 :
2501 1449 2554 1491 ct
2580 1437 2794 1494 Patrem
2823 1439 2893 1511 (e)
2925 1441 2993 1495 ob
3017 1441 3067 1496 id
3096 1441 3270 1496 solum
3297 1443 3442 1498 dicat
3471 1444 3632 1512 scire,
3667 1460 3736 1500 ne

2136 1534 2192 1581 et
2221 1526 2333 1596 ipse
2373 1543 2477 1582 non
2523 1533 2745 1586 nesciat.
2782 1531 2838 1587 Si
2880 1535 3024 1588 enim
3061 1545 3186 1590 tunc
3227 1537 3546 1606 cognovisse
3591 1538 3736 1593 Deus

2136 1619 2355 1685 dicitur,
2383 1623 2550 1677 amari
2579 1639 2638 1680 se
2668 1625 2736 1679 ab
2764 1627 3066 1694 Abraham,
3097 1644 3218 1682 etnn
3262 1630 3363 1684 boc
3396 1647 3500 1684 non
3543 1633 3737 1686 celavit

2133 1714 2368 1770 Abraha:
2420 1716 2572 1787 (Gen.
2602 1736 2750 1786 χχιι,
2785 1721 2907 1793 l2);
2963 1739 3184 1778 necesse
3224 1737 3340 1787 est.
3380 1736 3434 1779 ιιι
3479 1736 3532 1781 et
3580 1727 3741 1783 Pater

2134 1807 2273 1863 diem
2305 1809 2374 1863 ob
2413 1809 2463 1864 id
2501 1811 2641 1867 scire
2667 1812 2898 1880 dicitur,
2929 1815 3050 1885 quia
3080 1832 3184 1872 non
3216 1818 3471 1873 celaverit
3499 1819 3693 1874 Filium
3718 1863 3733 1886 ,

431 1889 561 1942 tiam
592 1889 880 1955 concedat,
925 1900 980 1944 ιιι
1025 1901 1115 1944 aut
1163 1909 1269 1947 non
1303 1895 1535 1963 p0tuerit
1595 1897 1851 1951 Dominus
1885 1898 2025 1968 loqui
2059 1901 2104 1960 Β
2135 1897 2246 1953 Deo
2273 1901 2551 1954 scientiam
2580 1919 2686 1956 non
2717 1903 2784 1959 de
2817 1909 3094 1975 repentina
3119 1909 3427 1978 cognitione
3458 1923 3730 1977 sumente,

430 1982 574 2053 quod
602 1983 835 2048 volebat,
865 1994 955 2038 aut
975 1985 1116 2040 aliud
1145 1985 1356 2042 locutus
1387 1990 1455 2042 sit
1480 2005 1640 2060 quam
1674 1991 1884 2046 locutus
1908 2001 1989 2046 est
2014 2011 2027 2047 :

432 2075 511 2145 (ιι)
539 2075 629 2144 qui
660 2092 982 2147 quamquam
1025 2078 1326 2148 reperiatur
1358 2082 1681 2151 parabolicis
1727 2093 1783 2140 et
1824 2086 2028 2156 allego-

431 2167 559 2222 ricis
580 2167 736 2223 dictis
766 2185 892 2225 usus
918 2185 1057 2235 esse,
1092 2173 1186 2228 sed
1209 2173 1354 2228 aliud
1381 2185 1465 2229 est
1505 2177 1589 2231 vel
1618 2179 1882 2250 exemplis
1907 2179 2026 2234 dic-

431 2269 483 2314 ta
545 2260 626 2334 (l)
675 2263 910 2329 ﬁrmare,
955 2265 1037 2318 vel
1085 2266 1492 2334 proverbiorutn
1545 2270 2030 2338 signiﬁcationibus

430 2369 612 2407 rerum
635 2354 952 2410 satisfacere
969 2356 1235 2426 dignitati,
1257 2360 1336 2413 vel
1355 2370 1657 2431 temporum
1684 2364 2031 2433 professioni-

432 2443 532 2499 bus
571 2459 629 2498 se
673 2457 926 2516 coaptare
958 2468 970 2503 :
1007 2459 1183 2505 tamen
1227 2451 1315 2506 hic
1361 2452 1498 2508 idem
1551 2456 1793 2524 unitatis,
1826 2458 1895 2513 de
1924 2475 2026 2528 qua

430 2545 715 2605 tractatur,
750 2539 900 2595 locus
931 2557 1034 2596 non
1061 2543 1261 2611 patitur
1284 2547 1334 2599 in
1369 2547 1525 2602 dictis
1555 2549 1722 2616 aliud,
1752 2567 1910 2620 quam
1941 2567 2030 2607 so-

427 2643 562 2688 nant
593 2634 776 2700 verba,
825 2651 946 2691 esse
989 2637 1342 2693 credendum.
1376 2640 1430 2697 Si
1472 2641 1615 2696 enim
1649 2658 1745 2712 per
1778 2644 1830 2698 id
1864 2660 2028 2701 unum

429 2739 578 2791 sunt,
613 2731 736 2799 quia
779 2745 942 2785 unum
977 2732 1198 2798 volunt;
1229 2748 1393 2788 unum
1434 2743 1614 2790 autem
1656 2737 1795 2791 velle
1826 2747 2029 2794 natura:

424 2823 766 2892 separabiles
800 2842 904 2879 non
936 2837 1182 2896 possunt,
1216 2843 1333 2896 qua:
1363 2829 1442 2902 (lt)
1472 2828 1785 2885 diversitate
1815 2833 2030 2900 generis

437 2917 757 2974 dissidentis
803 2921 856 2976 in
888 2921 1129 2977 diversas
1183 2924 1344 2996 313
1391 2925 1696 2980 necessario
1727 2925 2030 2981 voluntates

425 3021 640 3069 natura:
661 3014 974 3072 diversitate
1002 3016 1331 3073 dissentiunt
1360 3036 1373 3071 :
1402 3018 1672 3088 quomodo
1696 3035 1857 3073 unum
1888 3021 2029 3076 velle

430 3107 677 3177 possunt,
704 3109 897 3178 quibus
916 3110 1056 3165 scire
1088 3126 1191 3164 non
1219 3126 1379 3166 unum
1403 3121 1518 3176 est;
1553 3127 1676 3165 cum
1706 3111 1952 3177 scientia,
1977 3121 2031 3167 et

426 3200 696 3271 ignoratio
744 3203 1035 3258 voluntatis
1077 3205 1231 3258 unius
1259 3204 1338 3276 (εὶ)
1384 3205 1677 3272 impediant
1723 3206 2028 3262 unitatem?

2136 1990 2232 2044 sed
2276 1991 2326 2044 in
2363 2003 2602 2063 tempore
2630 2005 2983 2064 protestante.
3016 1998 3070 2052 Si
3111 2000 3290 2070 itaque
3316 2010 3368 2054 et
3398 2001 3540 2058 diem
3568 2001 3737 2058 Filius

2135 2083 2431 2137 secundum
2459 2097 2856 2142 sacramentum
2901 2090 3100 2157 nescit,
3137 2100 3193 2144 ut
3223 2101 3428 2158 taceat;
3459 2109 3489 2149 e
3519 2104 3734 2149 contra-

2134 2177 2216 2231 rio
2269 2192 2494 2233 necesse
2537 2190 2648 2246 est,
2683 2181 2806 2236 ideo
2837 2181 2980 2238 diem
3028 2183 3187 2238 Pater
3227 2185 3376 2239 solus
3420 2187 3736 2243 ostendatur

2135 2270 2297 2336 scire,
2325 2273 2447 2342 quia
2473 2289 2578 2328 non
2613 2284 2772 2330 tacet.

2208 2365 2296 2419 7:2.
2340 2365 2481 2420 Deus
2512 2369 2766 2438 simplex,
2803 2380 2850 2423 et
2889 2371 3116 2425 humano
3162 2373 3311 2426 modo
3353 2373 3562 2427 minime
3597 2372 3737 2443 cogi-

2133 2459 2338 2512 tandus.
2385 2459 2509 2516 Non
2548 2472 2793 2518 mutatur.
2829 2462 3014 2517 Omnia
3051 2474 3232 2535 potest.
3270 2496 3340 2506 -——
3373 2466 3527 2520 Absit
3556 2477 3733 2520 autem

2133 2553 2497 2623 corporalium
2521 2555 2948 2610 demutationum
2975 2559 3246 2612 novitates
3268 2559 3318 2612 in
3344 2559 3501 2612 Patre
3524 2569 3576 2612 et
3599 2559 3736 2612 Filio

2131 2645 2455 2711 existimari,
2486 2657 2542 2700 ιιι
2571 2647 2861 2716 aliquando
2887 2648 3045 2701 Pater
3067 2645 3318 2702 Filio'aut
3340 2648 3608 2718 loquatur,
3641 2657 3735 2702 aut

2137 2746 2328 2792 taceat.
2354 2737 2518 2792 Nobis
2543 2738 2761 2808 quidem
2793 2753 3174 2809 nonnunquam
3205 2739 3422 2794 missam
3447 2754 3633 2795 vocem
3663 2740 3732 2794 de

2133 2830 2275 2885 cmlo
2309 2831 2680 2893 meminimus;
2715 2839 2774 2884 ut
2803 2842 3200 2887 sacramentum
3247 2831 3387 2900 apud
3431 2846 3528 2886 nos
3575 2830 3727 2896 Filii,

2136 2925 2342 2994 paterni
2371 2923 2499 2978 dicti
2528 2923 2847 2994 signiﬁcatio
2874 2926 3136 2991 ﬁrmaret,
3169 2925 3310 2978 sicut
3336 2925 3594 2979 Dominus
3619 2925 3691 2978 ait
3717 2941 3729 2978 :

2133 3019 2248 3074 Non
2282 3027 2501 3088 propter
2541 3035 2627 3074 me
2654 3035 2755 3074 vox
2783 3019 2896 3075 bmc
2928 3020 3074 3074 venit
3098 3020 3166 3074 de
3196 3018 3356 3078 cmlo,
3390 3017 3481 3074 sed
3515 3028 3733 3089 propter

2133 3128 2230 3168 vos
2257 3111 2434 3185 (Joan.
2464 3129 2571 3178 xu,
2609 3111 2723 3184 50).
2765 3113 3030 3169 Cancrum
3077 3122 3265 3168 natura
3314 3111 3406 3166 Dei
3458 3127 3561 3164 non
3609 3121 3732 3180 eget

2133 3207 2447 3277 compositis
2467 3206 2685 3261 bumani
2705 3205 2866 3261 ofﬁcii
2887 3206 3323 3269 necessitatibus,
3347 3205 3540 3275 lingua:
3565 3201 3731 3276 314

425 3295 563 3350 Cum
592 3296 770 3366 itaque
799 3297 1042 3352 scientiae
1074 3298 1146 3369 (c)
1176 3297 1456 3352 inscientia
1485 3297 1710 3353 adversa
1735 3299 1831 3363 sit,
1858 3315 2021 3354 unum
2049 3305 2094 3368 C
2128 3313 2299 3368 motu,
2334 3309 2760 3372 temperamento
2790 3302 2924 3366 oris,
2953 3300 3175 3369 Spiritus
3203 3301 3344 3366 nisu,
3377 3298 3520 3353 aeris
3551 3299 3728 3368 pulsu.

424 3388 567 3442 velle
589 3387 813 3443 adversa
848 3403 953 3444 non
993 3401 1242 3461 possunt.

501 3481 590 3536 71.
633 3479 794 3536 Pater
820 3482 934 3536 ideo
969 3484 1108 3537 solus
1143 3483 1277 3536 diem
1313 3484 1437 3550 scit,
1469 3485 1589 3549 quia
1615 3486 1714 3538 soli
1754 3483 1896 3540 Filio
1925 3503 2028 3542 non

426 3583 557 3629 tacet
581 3591 601 3630 :
628 3571 801 3630 Filius
827 3576 1021 3644 nescit,
1049 3578 1168 3648 quia
1196 3577 1328 3631 nulli
1355 3577 1746 3633 revelat.—Sed
1777 3578 1914 3634 forte
1940 3579 2025 3647 id,

426 3668 571 3740 quod
607 3668 786 3724 solum
817 3669 1030 3724 Patrem
1064 3669 1233 3724 Filius
1262 3669 1339 3724 ait
1367 3669 1540 3734 scire,
1579 3670 1807 3735 Filium,
1841 3673 1928 3741 qui
1966 3687 2026 3728 se

425 3763 641 3820 nescire
670 3764 886 3833 dixerit,
916 3763 1128 3819 nescire
1151 3765 1458 3819 conlirmet.
1489 3762 1596 3818 Nisi
1631 3764 1787 3835 plane
1811 3764 2024 3821 Patrem

503 3905 584 3977 (l)
616 3905 746 3960 Erat
775 3906 826 3960 in
856 3907 1138 3972 anteriori,
1159 3908 1446 3976 inﬁrmare.

502 3979 580 4050 ('2)
622 3980 792 4032 Antea
825 3977 1123 4048 legebatur,
1153 3981 1419 4050 impediat.

499 4093 576 4167 (α)
608 4093 722 4167 Erg,
753 4093 900 4167 Lips.
930 4103 980 4146 et
1015 4094 1161 4160 Par.,
1194 4105 1237 4147 et
1271 4112 1592 4166 quamquam.

502 4165 574 4235 (lt)
607 4165 770 4228 Editi,
802 4166 1138 4219 diversitatem
1169 4169 1404 4236 generis:
1434 4165 1768 4237 castigantur
1793 4183 1857 4223 ex
1892 4183 2022 4222 mss.

501 4239 574 4308 (ε)
619 4237 672 4290 la
705 4238 909 4308 aliquot
952 4253 1082 4294 tttss.
1119 4239 1336 4292 inscitia.
1383 4239 1438 4294 In
1482 4239 1730 4305 Martin.,
1765 4241 1975 4294 scientia
2009 4255 2027 4292 .'

426 4311 592 4364 male.

500 4378 579 4452 (ά)
619 4380 671 4434 In
705 4381 960 4446 vulgatis,
1007 4380 1376 4450 intelligentitv.
1413 4381 1630 4436 Rectius
1676 4384 1724 4435 in
1759 4397 1913 4448 mss.,
1946 4381 2030 4436 in-

427 4454 714 4524 telligentia
743 4470 760 4506 :
794 4453 894 4506 hoc
927 4463 1028 4514 est,
1057 4469 1188 4524 cunt
1212 4453 1407 4506 dicitur
1440 4454 1577 4506 Dens
1607 4454 1777 4519 scire,
1812 4471 1916 4507 non
1951 4455 2031 4507 in-

423 4525 683 4593 telligitur
715 4543 805 4576 seu
861 4541 966 4578 nun
1022 4523 1721 4596 signiﬁcaturCognoscere
1760 4527 1900 4596 quod
1935 4541 2032 4581 ne-

423 4597 627 4658 scierit,
661 4597 752 4649 sed
786 4597 924 4665 quod
959 4612 1062 4650 non
1096 4595 1308 4650 locutus
1337 4595 1404 4649 sit
1435 4598 1599 4668 loqui,
1635 4595 2030 4668 utijamattigi-

423 4684 546 4722 ntus
579 4685 724 4720 num.
751 4670 841 4728 62.
875 4684 938 4723 ac
964 4668 1264 4721 declaratur
1295 4683 1440 4721 num.
1473 4667 1561 4723 64.

498 4741 568 4805 (ε)
610 4739 928 4792 Ριιτιὶριιιέιιιι
959 4738 1042 4802 ob,
1072 4739 1208 4793 male
1239 4754 1265 4790 a
1297 4740 1476 4807 Lipsio
1499 4750 1848 4810 expunctum,
1872 4741 2029 4794 resti-

2134 3397 2276 3452 Deus
2297 3395 2523 3465 simplex
2551 3404 2657 3463 est,
2690 3395 2954 3465 religione
2985 3403 3171 3448 nostra
3202 3391 3578 3463 intelligendus
3610 3399 3692 3444 est
3714 3431 3727 3456 ,

2133 3489 2329 3559 pietate
2359 3487 2692 3558 proﬁtendus
2728 3499 2809 3542 est
2841 3505 2854 3542 :
2887 3501 3052 3542 sensu
3079 3499 3210 3541 vero
3256 3499 3360 3538 non
3396 3497 3728 3553 persequen-

2131 3582 2230 3638 dus
2261 3592 2378 3650 est,
2408 3582 2502 3638 sed
2535 3581 2872 3649 adorandus;
2903 3581 3028 3653 quia
3060 3591 3251 3636 natura
3281 3579 3552 3634 moderata
3578 3576 3648 3650 (f)
3676 3585 3732 3631 et

2131 3675 2392 3741 inﬁrmis,
2440 3687 2646 3730 natm-re
2693 3675 2917 3730 inﬁnitae
2961 3683 3016 3730 et
3047 3675 3284 3745 potentis
3327 3679 3730 3728 sacramentum

2130 3768 2498 3839 intelligentia:
2534 3770 2787 3839 opinione
2831 3785 2938 3823 non
2982 3774 3227 3836 occupet.
3270 3763 3348 3838 (3)
3381 3764 3462 3835 (g)
3494 3761 3612 3816 Non
3648 3769 3732 3816 est

2326 3906 2447 3962 Non
2498 3917 2570 3962 est
2614 3908 2784 3978 itaque
2831 3905 3045 3960 diversis
3101 3903 3394 3975 composita:
3436 3899 3730 3956 substantia:

2203 3990 2261 4032 rtt
2299 3995 2374 4032 us.

2127 3990 2374 4049 partibus.

2130 4095 2424 4164 marginem
2457 4104 2582 4149 nota
2614 4112 2626 4147 :
2662 4092 2766 4149 Cur
2785 4110 2904 4164 ergo
2933 4103 3036 4147 tam
3065 4093 3227 4146 multa
3266 4092 3535 4159 deﬁnivit?
3565 4091 3727 4160 Quae-

2131 4182 2254 4220 nam
2282 4183 2440 4236 porro
2463 4167 2550 4220 illa
2581 4179 2684 4220 tam
2707 4167 2866 4220 multa
2887 4165 3148 4230 deﬁnivit,
3175 4167 3264 4234 qui
3294 4165 3377 4219 vix
3402 4164 3471 4219 ab
3497 4164 3596 4217 hoc
3622 4177 3730 4218 uno

2131 4253 2297 4306 εςοιιο
2325 4237 2576 4301 declinat,
2611 4253 2716 4309 quo
2755 4236 3128 4309 demonstrare
3160 4236 3374 4309 studet,
3419 4250 3518 4290 nec
3542 4236 3727 4309 Deum

2133 4305 2430 4363 solitarium
2454 4325 2596 4370 esse,
2627 4305 2725 4364 nec
2756 4308 2942 4363 Filium
2967 4324 2998 4361 ει
3026 4309 3184 4362 Patre
3213 4307 3354 4362 aliud
3384 4324 3476 4361 seu
3505 4305 3728 4361 alterius

2133 4396 2255 4436 esse
2283 4380 2638 4434 substantize?
2666 4381 2914 4434 llzeccine
2938 4395 3064 4434 vero
3093 4382 3207 4449 ipse
3229 4379 3510 4434 deﬁnivit?
3535 4381 3728 4433 Annon

2138 4453 2311 4522 potius
2344 4461 2627 4521 utrumque
2650 4453 2940 4520 Scripturis
2961 4463 3146 4520 aperte
3171 4452 3423 4505 traditum
3453 4450 3731 4522 abiit-ele-

2137 4521 2214 4578 Sia
2243 4522 2464 4578 didicit?
2500 4525 2732 4576 l’rimnm
2765 4524 2908 4576 enim
2948 4524 3056 4587 jam
3091 4525 3246 4591 longe
3286 4531 3411 4575 ante
3449 4521 3734 4575 deﬁnierat

2138 4595 2379 4650 Ecclesia
2411 4594 2629 4648 Sabellii
2650 4637 2663 4661 ,
2697 4593 2882 4654 Nocti,
2915 4593 3133 4648 Praxea:
3165 4594 3529 4661 sitniliumqne
3561 4593 3732 4646 luere-

2139 4669 2365 4722 ticorum
2385 4667 2684 4720 doctrinam
2712 4666 3072 4734 proseribcns.
3092 4667 3330 4718 Alterum
3347 4679 3473 4718 vero
3488 4664 3733 4732 proxime

2138 4740 2523 4793 Conﬁrmarant
2570 4737 2769 4792 Nicarni
2824 4737 3008 4789 Patres
3048 4753 3060 4788 :
3101 4737 3239 4803 quod
3292 4735 3498 4804 pridem
3543 4743 3732 4787 contra

427 4813 626 4864 "limus
657 4826 721 4864 εκ
755 4811 910 4874 BNL,
947 4813 1039 4865 Er.
1074 4822 1127 4865 et
1159 4825 1287 4863 mss.
1318 4805 1452 4866 Tum
1483 4828 1544 4866 ne
1569 4805 1616 4866 et
1642 4813 1752 4882 ipse
1784 4829 1882 4865 non
1911 4828 2025 4864 nes-
2050 4818 2102 4878 Ι)
2131 4811 2355 4866 Paulum
2387 4811 2654 4866 Samosat.
2689 4811 3058 4882 declaraverat
3088 4808 3420 4862 Antiochena
3452 4805 3691 4876 synodus
3713 4847 3727 4866 ,

425 4883 556 4952 ciat,
608 4882 656 4936 id
707 4892 822 4944 est,
873 4893 929 4936 ut
978 4893 1033 4937 et
1090 4885 1206 4952 ipse
1256 4883 1585 4952 intelligatur
1637 4900 1740 4938 non
1791 4886 2019 4938 nescire.

424 4951 481 5006 ld
507 4954 680 5021 ipsum
705 4953 940 5019 apertius
963 4956 1040 5007 sic
1059 4951 1398 5022 exprimitur,
1427 4951 1574 5008 nutu.
1597 4956 1666 5010 75
1691 4972 1703 5007 :
1737 4953 1906 5007 Filius
1927 4955 2024 5007 ita-

422 5041 520 5094 que
548 5027 679 5078 diem
717 5025 908 5078 idcirco
945 5025 1063 5094 quia
1107 5033 1254 5088 tacet,
1289 5026 1485 5079 nescit:
1528 5035 1574 5078 et
1619 5025 1826 5080 Patrem
1857 5028 2023 5079 solum

425 5096 616 5150 idcirco
643 5099 774 5150 scire
791 5097 885 5161 ait,
910 5099 1029 5166 quia
1051 5095 1192 5150 solus
1218 5097 1306 5151 uni
1332 5099 1427 5152 sibi
1449 5113 1549 5151 non
1570 5107 1716 5152 tacet.
1743 5097 1859 5151 Non
1885 5107 2025 5152 tacet

424 5177 604 5222 autem
660 5167 797 5222 Filio
852 5169 1038 5228 Pater;
1099 5167 1336 5235 alioquin
1387 5170 1474 5239 qui
1525 5185 1646 5223 eum
1700 5170 2024 5238 intelligeret

424 5240 586 5293 scire.
621 5239 787 5295 Filius
820 5255 945 5296 vero
973 5248 1131 5301 tacet,
1155 5240 1277 5309 quia
1308 5241 1386 5294 sic
1413 5256 1442 5294 a
1474 5240 1627 5296 Patre
1656 5241 1937 5305 didicerat,
1965 5251 2022 5294 ut

424 5313 584 5367 simul
639 5312 921 5367 tacendum
947 5310 1218 5385 didicerit,
1248 5312 1388 5385 quod
1411 5312 1731 5381 expediebat
1767 5313 2022 5385 ignorari.

426 5385 543 5439 lluc
567 5395 772 5457 spectat
794 5385 919 5438 illud
939 5382 1223 5452 Augustini
1250 5383 1426 5438 Serm.
1444 5400 1582 5457 nunc
1605 5401 1769 5450 xcv",
1788 5382 1882 5441 iul
1910 5405 1922 5440 :
1944 5385 2028 5439 Ne

427 5453 705 5528 carnaliter
727 5457 982 5528 sapientes
1004 5464 1238 5528 putemus
1267 5457 1464 5524 aliquid
1498 5453 1704 5510 Patrem
1737 5460 1867 5512 scire
1892 5458 2028 5528 quod

426 5531 621 5584 nesciat
643 5526 836 5584 Filius.
874 5527 1013 5582 Nam
1038 5527 1209 5594 utique
1229 5545 1339 5580 cum
1373 5528 1532 5592 dixit,
1564 5528 1724 5584 Pater
1753 5532 1883 5593 scit,
1905 5526 2028 5584 ideo

426 5604 526 5655 hoc
555 5601 705 5668 dixit,
737 5603 856 5672 quia
881 5612 928 5654 et
944 5602 1009 5672 in
1044 5597 1201 5672 Patre
1233 5596 1403 5652 Filius
1424 5603 1536 5653 scit.
1568 5599 1704 5667 Quid
1725 5603 1858 5656 enim
1880 5604 2027 5658 estin

425 5673 531 5740 die,
561 5673 700 5744 quod
727 5669 826 5727 non
854 5674 907 5728 in
943 5669 1107 5725 Verbo
1133 5673 1324 5743 factum
1353 5678 1446 5738 est,
1477 5687 1565 5740 per
1585 5674 1722 5741 quod
1749 5675 1917 5743 {actus
1952 5682 2028 5729 est

425 5745 575 5799 dies?

423 5859 444 5886 ι
500 5817 569 5886 (ι’)
612 5816 723 5871 lloc
767 5825 885 5882 est,
927 5814 1088 5886 modo
1133 5813 1284 5886 ﬁnito
1319 5822 1691 5886 coangustata.
1734 5815 1946 5871 Erasmi
1974 5815 2027 5872 in

429 5883 693 5942 llilarium
724 5888 882 5958 paulo
923 5884 1204 5954 iniquioris
1244 5901 1304 5941 ea
1336 5883 1594 5941 hactenus
1625 5886 1931 5945 obtinuerat
1959 5887 2026 5943 ad

2133 4887 2242 4937 imo
2276 4896 2463 4936 contra
2493 4885 2766 4937 Arletnam
2811 4881 3052 4947 aliusuue
3082 4890 3396 4934 Constanter
3426 4894 3730 4950 propugna-

2133 4964 2251 5009 rant
2272 4955 2566 5023 Apostolici
2589 4955 2711 5021 viri,
2738 4956 2810 5007 uti
2843 4955 2996 5007 testis
3042 4963 3126 5008 est
3156 4951 3441 5023 Eusebius,
3465 4953 3554 5023 qui
3577 4951 3672 5004 lib.
3699 4967 3732 5005 v

2132 5025 2259 5080 bist.
2290 5021 2339 5080 c.
2363 5027 2454 5089 ‘28,
2480 5035 2728 5081 recenset
2749 5025 2945 5094 scripta
2973 5034 3129 5078 artato
3155 5022 3387 5078 Victoris
3414 5032 3468 5077 et
3493 5021 3731 5078 Artema:

2132 5098 2460 5165 antiquiora,
2488 5111 2608 5167 qua:
2631 5099 2820 5151 fratres
2843 5103 2954 5149 tum
2983 5105 3169 5167 contra
3191 5105 3377 5167 gentes
3409 5104 3516 5167 tum
3544 5103 3732 5167 contra

2133 5171 2390 5238 temporis
2416 5165 2820 5223 sui—lmrelicos
2852 5183 2946 5235 pro
2971 5166 3266 5221 divinitatis
3301 5165 3499 5220 Christi
3541 5166 3730 5220 delen-

2130 5242 2286 5296 sione
2329 5243 2683 5312 scripserunt.
2711 5239 2909 5296 Verum
2953 5240 3160 5312 judieet
3205 5239 3432 5308 quisque
3476 5240 3528 5312 in
3568 5253 3731 5312 quem

2133 5313 2292 5368 cadat
2317 5309 2689 5370 inconstantiae
2718 5312 2889 5376 labes,
2919 5309 2970 5366 in
3007 5311 3354 5376 Ililariumne,
3387 5325 3454 5364 an
3486 5311 3537 5364 in
3568 5309 3733 5365 Eras-

2134 5401 2312 5450 mum;
2346 5386 2454 5455 qui,
2485 5386 2577 5440 lib.
2613 5400 2670 5450 ιι,
2705 5385 2847 5438 illius
2876 5385 2926 5438 in
2960 5383 3243 5455 scribendo
3259 5396 3524 5455 summam
3548 5384 3734 5437 mode-

2133 5459 2292 5512 stiam
2317 5459 2646 5525 admiratus,
2681 5471 2800 5510 eam
2848 5455 2932 5510 his
2959 5455 3137 5510 verbis
3180 5454 3495 5509 imitandam
3538 5469 3738 5525 propo-

2135 5530 2242 5585 suit
2266 5546 2280 5585 :
2305 5530 2460 5595 Audi,
2485 5530 2724 5600 deﬁnitor
2746 5528 3026 5581 temerarie.
3055 5525 3221 5581 Nobis
3232 5542 3362 5600 vero
3385 5527 3504 5600 pius
3529 5527 3733 5600 l’rarsul

2136 5617 2399 5672 nusquam
2425 5597 2569 5655 visus
2601 5611 2686 5656 est
2715 5601 3000 5672 immemor
3026 5613 3184 5668 quam
3229 5597 3500 5652 imbecilla
3538 5599 3608 5653 sit
3637 5601 3738 5672 ltu-

2139 5671 2297 5726 mana
2329 5675 2484 5728 ratio.
2519 5672 2891 5727 lnﬁrmitatetn
2924 5671 3065 5725 illius
3095 5677 3410 5726 constanter
3438 5675 3509 5724 ob
3548 5671 3736 5726 oculos

2142 5745 2311 5814 ponit,
2342 5755 2401 5799 ut
2429 5746 2602 5801 discat
2630 5744 2794 5800 homo
2825 5757 2931 5797 non
2961 5743 3072 5798 suis
3099 5745 3298 5806 sensis,
3331 5741 3427 5796 sed
3457 5741 3551 5797 Dei
3578 5743 3738 5798 dictis

2136 5819 2429 5876 credere.
2530 5853 2546 5876 .-
2679 5867 2686 5874 .
3223 5869 3227 5874 .

2199 5888 2278 5959 (ῃ)
2299 5889 2514 5960 Aliquot
2530 5903 2659 5945 mss.
2680 5903 2800 5945 cum
2818 5885 3105 5952 Bad.,Non
3119 5892 3190 5942 est
3203 5886 3371 5956 itaque
3384 5885 3594 5943 diversis
3605 5901 3717 5940 com
3731 5929 3755 5944 .
