4286 6264
410 298 512 356 διι

1646 295 1736 355 DE
1760 294 2137 355 THINITATE
2164 295 2368 355 LIBER
2397 298 2489 356 IX.

3607 316 3716 373 542

406 431 538 474 vero
566 411 861 471 nativitatis
889 409 1209 482 plerumque
1241 408 1634 468 demonstratio
1658 420 1743 468 est
1770 412 2011 469 adhibita
2036 414 2087 477 Α
2115 424 2244 471 sunt
2288 415 2581 473 secundum
2631 430 2818 474 aurem
2860 417 3191 478 intellexisse
3243 424 3455 482 nescire
3482 424 3709 495 Filium;

406 500 679 582 personae,
708 521 832 563 cum
858 504 1055 563 dicitur
1081 524 1095 562 :
1126 503 1252 560 Non
1271 506 1384 562 veni
1409 506 1725 562 uoluntatem
1745 523 1910 563 meam
1929 512 2011 580 [a-

405 617 553 672 eere,
586 599 677 657 sed
703 598 1017 657 uoluntatem
1044 600 1157 673 ejus
1180 597 1271 670 qui
1298 613 1378 652 me
1400 598 1538 654 misit
1559 596 1743 671 (Joan.
1775 614 1859 666 v1,
1891 600 2008 670 38).

407 694 587 755 Patris
613 694 949 751 voluntatem
966 734 983 760 ,
1024 707 1132 748 non
1164 706 1317 750 suam
1344 693 1471 750 lacit
1498 710 1513 748 :
1541 694 1669 750 dum
1695 708 1792 765 per
1819 695 2011 750 volun-

411 797 576 844 tatem
604 784 749 857 ejus,
778 785 867 857 qui
893 798 956 841 se
995 784 1178 851 misit,
1214 783 1483 855 signiﬁcat
1509 794 1565 841 et
1590 785 1826 841 Patrem.
1859 786 2013 853 Quod

409 891 594 937 autem
623 878 677 934 id
712 878 887 949 ipsum
914 875 1084 943 velit,
1112 892 1218 932 non
1248 875 1498 947 ambigue
1521 877 1757 934 ostendit
1776 876 1964 934 dicens
1994 867 2035 931 ε’

416 972 599 1038 Pater,
629 987 755 1043 quos
783 969 909 1024 mihi
945 967 1167 1034 dedisti,
1199 968 1315 1024 nolo
1344 978 1398 1022 at
1435 968 1521 1024 ubi
1550 986 1642 1040 ego
1677 986 1825 1036 sum,
1857 979 1902 1024 et
1939 970 2016 1025 illi

413 1068 521 1122 sint
545 1081 738 1121 mecum
764 1062 942 1137 (Joan.
972 1078 1104 1131 xvn,
1129 1060 1249 1133 24).
1268 1062 1403 1118 Cum
1431 1077 1561 1134 ergo
1577 1062 1739 1121 Pater
1766 1064 1893 1119 velit
1916 1079 2016 1120 nos

414 1175 540 1216 cum
566 1158 782 1215 Christo
803 1170 946 1223 esse,
977 1157 1030 1211 in
1055 1171 1164 1227 quo
1187 1154 1486 1212 secundum
1506 1155 1827 1226 Apostolum
1855 1159 2019 1228 elegit

416 1270 518 1311 nos
544 1262 669 1308 ante
691 1251 1132 1308 constitutionem
1164 1249 1371 1315 mundi,
1402 1259 1457 1305 et
1485 1249 1659 1320 ipsum
1695 1250 1822 1306 illud
1850 1250 2017 1307 Filius

418 1349 573 1413 velit,
597 1346 805 1402 scilicet
831 1359 954 1401 esse
984 1358 1084 1400 nos
1110 1358 1294 1399 secum
1326 1340 1546 1414 (Ephes.
1574 1358 1614 1409 ι,
1643 1341 1737 1415 4);
1770 1344 2020 1399 voluntas

411 1443 481 1498 ad
511 1450 764 1497 naturam
793 1437 984 1496 eadem
1013 1447 1124 1506 est,
1157 1452 1279 1509 quae
1304 1438 1371 1492 ad
1404 1437 1700 1493 nativitatis
1743 1438 2017 1510 signiﬁca-

411 1541 618 1595 tionem
640 1536 987 1607 distinguitur
1007 1532 1087 1608 (l)
1109 1531 1188 1607 (a)
1216 1535 1267 1588 in
1290 1533 1587 1589 voluntate.

490 1630 577 1687 75.
620 1627 755 1685 Eum
785 1643 886 1683 non
916 1627 1240 1692 nescientem,
1287 1626 1377 1680 sed
1405 1641 1468 1681 ea:
1513 1626 1898 1698 dispensatione
1940 1635 2020 1681 tua

417 1732 611 1780 tentem
640 1720 999 1777 intellexerunt
1039 1721 1295 1790 Apostoli.
1326 1748 1400 1761 —
1427 1719 1545 1775 Non
1590 1720 1772 1791 itaque
1812 1722 2023 1792 ignorat

2118 523 2240 564 cum
2267 510 2373 582 ipsi
2399 524 2524 567 eum
2551 518 2825 583 tamquam
2850 513 3114 570 scientem
3140 529 3331 572 rursus
3355 516 3711 591 interrogent.

2116 600 2223 658 Sed
2247 612 2647 659 sacramentum
2676 604 2973 674 nesciendi,
3002 605 3462 677 dispensationem
3482 625 3604 667 esse
3633 613 3716 667 iu-

2117 693 2423 766 telligentes
2448 695 2610 768 317
2637 698 2881 765 tacendi,
2915 714 3058 754 nunc
3102 708 3225 771 post
3258 705 3716 761 resurrectionem

2115 785 2376 857 loquendi
2404 794 2617 859 tempus
2652 787 2762 859 jam
2802 790 3131 849 arbitrantes
3161 808 3317 861 esse,
3358 795 3716 869 interrogant.

2117 876 2298 948 Atque
2342 878 2450 934 illis
2483 878 2651 933 Filius
2696 896 2801 936 non
2828 881 2937 952 jam
2964 898 3025 938 se
3051 885 3262 941 nescire
3304 887 3408 953 ait;
3437 889 3533 944 sed
3575 892 3719 961 quod

2119 970 2261 1026 seire
2287 986 2395 1025 non
2436 972 2510 1025 sit
2535 986 2747 1039 eorum,
2785 973 2859 1045 (c)
2889 975 3013 1046 quia
3046 976 3207 1033 Pater
3237 978 3289 1033 in
3324 988 3591 1049 potestate
3625 1000 3719 1040 sua

2120 1064 2380 1135 posuerit.
2415 1062 2474 1120 Si
2517 1064 2697 1136 itaque
2725 1064 2976 1137 Apostoli
3004 1067 3140 1137 hoc,
3168 1072 3311 1142 quod
3341 1076 3512 1131 nescit
3551 1075 3722 1136 Filius

2119 1156 2287 1225 diem,
2318 1156 2779 1228 dispensationem
2801 1174 2922 1216 esse
2948 1160 3271 1234 intelligunt,
3304 1180 3409 1223 non
3440 1168 3723 1225 inﬁrmita-

2120 1257 2265 1316 tem;
2294 1264 2395 1304 nos
2415 1248 2611 1305 Filium
2641 1251 2712 1307 ob
2733 1252 2786 1307 id
2821 1263 3025 1309 tantum
3059 1255 3202 1312 diem
3233 1257 3463 1317 dicimus
3490 1264 3724 1331 nescire,

2122 1357 2192 1396 ne
2219 1340 2362 1396 Deus
2389 1341 2498 1396 sit?
2528 1358 2649 1397 cum
2678 1343 2819 1399 diem
2858 1344 3019 1400 Pater
3050 1347 3191 1403 Deus
3218 1347 3424 1405 idcirco
3454 1352 3506 1407 in
3540 1364 3722 1424 potes-

2124 1444 2233 1491 tate
2264 1450 2360 1491 sua
2384 1437 2645 1505 posuerit,
2682 1452 2749 1492 ne
2775 1436 2843 1492 ad
2872 1438 3152 1494 scientiam
3188 1440 3437 1498 humana:
3462 1446 3727 1517 cognitio-

2122 1527 2209 1583 nis
2238 1529 2493 1584 evaderet
2523 1546 2536 1581 :
2568 1541 2623 1585 et
2652 1530 2821 1586 Filius
2851 1543 2977 1587 ante
3014 1533 3402 1607 interrogatus,
3430 1539 3640 1596 nescire
3666 1556 3726 1596 se
3810 1586 3817 1591 .

2123 1620 2313 1677 dicens
2341 1636 2486 1678 nunc
2511 1638 2723 1679 rursum
2752 1640 2858 1680 non
2888 1639 2947 1681 se
2990 1627 3200 1683 nescire
3241 1630 3596 1700 respondeat,
3628 1633 3726 1689 sed

2124 1729 2312 1770 eorum
2342 1730 2464 1772 esse
2503 1718 2742 1785 nescire;
2790 1718 3006 1775 Patrem
3055 1736 3185 1778 vero
3231 1733 3471 1794 tempora
3520 1743 3625 1782 non
3671 1729 3727 1784 in

415 1816 625 1883 Filius,
666 1814 809 1887 quod
853 1829 962 1869 non
1010 1812 1221 1884 ignorat
1270 1813 1458 1880 Pater;
1492 1829 1667 1883 neque
1696 1814 1823 1884 quia
1871 1814 2018 1870 solus
2046 1828 2095 1890 Β
2126 1810 2347 1867 scientia
2394 1826 2526 1879 sua,
2573 1812 2669 1868 sed
2714 1813 2767 1869 in
2798 1823 3063 1885 potestate
3108 1817 3394 1887 posuisse?
3441 1819 3573 1876 Nam
3602 1837 3725 1878 cum

412 1908 579 1966 Pater
611 1908 742 1975 scit,
770 1906 973 1963 idcirco
1013 1905 1183 1962 nescit
1214 1912 1270 1962 et
1299 1904 1513 1963 Filius:
1553 1922 1675 1962 cum
1719 1908 1772 1961 in
1813 1907 2017 1964 unitate

413 2013 626 2060 natura
677 2000 838 2057 Pater
879 2008 936 2057 et
970 1998 1140 2056 Filius
1179 2010 1468 2065 maneant;
1518 2000 1662 2071 quod
1699 2007 1879 2056 autem
1926 2000 2018 2056 Fi-

411 2094 520 2151 lius
563 2093 807 2162 nesciat,
856 2092 910 2146 in
943 2106 1053 2162 quo
1105 2105 1295 2147 omnes
1346 2088 1582 2146 thesauri
1634 2086 1937 2161 sapientiae‘
1965 2102 2020 2149 et

413 2186 657 2243 scientias
712 2185 1015 2242 abseonditi
1065 2185 1208 2252 sint,
1264 2184 1473 2241 tacendi
1517 2183 1849 2255 dispensatio
1891 2185 1963 2242 sit
2004 2204 2019 2243 :

413 2280 554 2335 sicut
591 2277 708 2349 ipse
751 2276 1014 2333 Dominus
1061 2285 1288 2332 testatus
1330 2284 1450 2343 est,
1486 2290 1608 2331 cum
1654 2276 2019 2347 quaerentibus

416 2372 694 2443 Apostolis
718 2370 786 2428 de
818 2369 1153 2441 temporibus
1177 2369 1457 2442 respondit
1485 2386 1505 2424 .°
1538 2367 1659 2426 Non
1681 2380 1755 2426 est
1795 2381 2019 2427 oestrum

415 2465 551 2520 scire
586 2475 819 2535 tempora
855 2463 934 2535 (2)
967 2460 1044 2535 (ι)
1079 2463 1156 2518 vel
1194 2471 1477 2531 momenta,
1519 2479 1635 2533 qua:
1665 2463 1823 2519 Pater
1854 2465 2021 2535 posuit

416 2559 476 2613 in
523 2574 621 2615 sua
668 2565 918 2627 potestate
946 2555 1101 2629 (Aet.
1130 2572 1148 2612 t
1173 2556 1301 2627 ,.7).
1332 2554 1581 2627 Cognitio
1622 2567 1848 2628 negatur
1880 2575 1895 2612 :
1928 2574 2023 2614 ne-

418 2664 530 2722 que
578 2649 754 2705 solum
806 2658 1053 2720 negatur,
1106 2648 1202 2706 sed
1250 2657 1306 2705 et
1346 2648 1651 2706 sollicitudo
1696 2651 2021 2722 cognitionis

418 2741 718 2809 inhibetur,
751 2756 875 2801 cum
914 2741 1056 2799 scire
1084 2742 1200 2798 haec
1245 2751 1501 2814 tempora
1527 2759 1634 2798 non
1677 2751 1763 2799 est
1807 2761 2019 2802 eorum.

420 2834 535 2906 ipsi
583 2844 731 2893 certe
778 2850 921 2891 nunc
974 2843 1096 2906 post
1151 2837 1601 2893 resurrectionem
1653 2836 1722 2893 de
1767 2840 2026 2909 tempori-

418 2928 530 2986 bus
580 2927 945 3000 interrogant,
999 2930 1195 2999 quibus
1248 2937 1378 2985 ante
1433 2929 1887 3001 interrogantibus
1939 2929 2024 2986 di-

422 3033 574 3079 ctum
603 3031 720 3091 est,
752 3036 822 3079 ne
860 3020 1057 3079 Filium
1096 3022 1315 3094 quidem
1353 3022 1496 3080 scire
1526 3039 1540 3077 :
1571 3037 1675 3079 nec
1703 3023 1874 3083 videri
1902 3040 2024 3097 pos-

501 3158 585 3235 (l)
621 3154 691 3235 in
721 3159 937 3216 volente.
1046 3231 1056 3235 Α
1373 3232 1382 3235 Α
1746 3233 1756 3235 _
2054 3161 2101 3226 (ἶ,

502 3231 587 3307 (2)
624 3232 743 3290 Non
772 3239 951 3288 exstat
977 3231 1057 3288 vel
1083 3240 1343 3291 momenta
1370 3232 1425 3287 in
1448 3240 1634 3290 nostro
1660 3233 1871 3292 codice.

503 3394 579 3469 (a)
609 3394 689 3451 lta
713 3397 925 3469 optime
942 3404 1093 3469 notae
1114 3408 1244 3450 mss.
1270 3394 1378 3469 duo
1401 3392 1584 3462 Colb.,
1605 3392 1794 3469 Carn.,
1817 3393 2028 3464 Germ.,

429 3466 701 3534 sorbum,
734 3466 869 3525 Vict.
900 3466 1204 3524 faventibus
1237 3467 1359 3523 aliis
1384 3482 1515 3535 sex,
1544 3469 1596 3521 in
1632 3468 1825 3537 quibus
1852 3478 2032 3524 tamen

433 3541 576 3605 male
602 3550 799 3603 exstat,
830 3555 933 3593 non
958 3538 1290 3611 distinguitur
1309 3542 1361 3591 in
1387 3541 1660 3593 voluntate.
1691 3542 1759 3593 At
1780 3539 1944 3594 Corb.
1969 3555 2035 3596 ac

431 3614 591 3696 pauci
622 3611 713 3666 alii
742 3626 862 3666 cum
894 3611 1153 3682 vulgatis,
1186 3611 1240 3666 in
1275 3611 1483 3665 volente.
1524 3616 1855 3682 Quamquam
1884 3616 2034 3673 salvo

434 3703 491 3751 et
526 3702 738 3767 integro
772 3710 932 3752 sensu
966 3712 1250 3754 removere
1278 3697 1469 3753 liceret
1501 3697 1616 3753 sive
1656 3698 1708 3753 in
1744 3698 2032 3767 voluntate,

433 3769 551 3825 sive
572 3769 628 3823 in
656 3768 869 3823 volente.

512 3838 585 3914 (li)
630 3840 678 3895 Α
701 3855 832 3895 mss.
863 3850 1175 3897 constanter
1203 3840 1355 3896 abest
1378 3841 1456 3897 uel
1485 3851 1780 3914 momenta,
1798 3842 1944 3914 sicut
1980 3852 2037 3900 et

436 3912 580 3986 apud
610 3914 965 3986 Augustinum
997 3915 1156 3982 epist.
1189 3928 1378 3986 cxcvrt
1402 3924 1454 3968 et
1477 3927 1651 3986 Δ(ικιιιιι
1679 3912 1746 3967 ad
1772 3913 2031 3986 llesych.,

437 3982 530 4054 qui
561 3982 773 4055 quidem
805 3984 961 4052 epist.
1005 3999 1215 4049 cxcvtt,
1257 4001 1310 4038 ιι.
1351 3983 1407 4045 2,
1440 3982 1690 4039 observat
1725 3982 1900 4054 graece
1931 3985 2034 4055 legi

442 4053 673 4133 χρόνους
696 4053 727 4114 ἦ
765 4057 973 4133 καιρούς
1002 4074 1015 4111 :
1051 4055 1233 4133 Nostri
1271 4065 1469 4118 autent,
1516 4053 2036 4133 inquit,’utrumqne

440 4126 542 4182 hoc
570 4126 781 4199 verbum
802 4126 1029 4198 tempora
1052 4128 1344 4199 appellant,
1377 4143 1494 4181 cum
1522 4126 1736 4180 habeant
1767 4126 1876 4181 hare
1904 4128 2038 4183 inter

442 4215 498 4276 se
518 4214 620 4250 non
650 4198 1389 4276 negligendamAdiﬂ'erentiam,
1414 4200 1626 4276 aeripch
1645 4199 1835 4267 quippe
1859 4200 2038 4276 appet-1

446 4270 557 4324 lant
600 4277 829 4335 tempora
857 4285 970 4340 qua:
1002 4271 1057 4326 in
1094 4270 1240 4325 rebus
1280 4270 1347 4323 ad
1387 4270 1584 4338 aliquid
1619 4270 1919 4338 opportunis
1965 4272 2041 4326 vel

444 4342 752 4418 importunis
776 4343 1077 4408 sentiuntur,
1103 4353 1159 4396 ut
1184 4341 1384 4418 messis,
1410 4358 1532 4418 pars,
1567 4341 1791 4407 bellum;
1819 4342 2043 4418 χρόνους

444 4421 616 4487 autem
637 4412 753 4483 ipsa
766 4425 1059 4487 temporum
1077 4415 1263 4487 spatia.
1289 4413 1588 4487 Hesychius
1611 4421 1789 4466 tamen
1814 4412 2041 4487 epistola

447 4485 589 4553 apud
621 4485 867 4540 eumdem
893 4484 1250 4556 Augustinum
1281 4486 1550 4556 praedictis
1573 4484 1893 4556 intermedia
1916 4486 2044 4555 legit

447 4567 679 4626 ternpora
720 4555 798 4628 uel
835 4554 1089 4612 momenta
1121 4574 1139 4613 :
1166 4573 1325 4628 quam
1370 4555 1655 4612 lectionem
1690 4554 1890 4612 llilario
1934 4554 2040 4614 non

450 4625 687 4699 ignotam
712 4625 879 4685 fuisse
904 4630 1076 4697 palam
1109 4630 1167 4685 fit
1184 4625 1250 4683 ex
1276 4628 1552 4699 subjectis.

523 4698 599 4770 (e)
631 4697 721 4755 Sic
745 4714 877 4756 mss.
904 4701 975 4756 At
995 4701 1147 4767 editi,
1172 4716 1287 4770 qua
1307 4697 1482 4757 Pater.

524 4772 605 4844 (α)
631 4770 764 4844 Male
789 4773 1024 4830 cohaeret
1050 4774 1176 4829 illud
1205 4790 1307 4828 non
1332 4790 1483 4844 ergo:
1510 4787 1635 4829 cum
1655 4773 1797 4829 aliud
1828 4787 2046 4841 prorsus

451 4840 819 4917 concludatur,
849 4844 1092 4917 quamin
1120 4840 1490 4917 superioribus
1517 4844 1677 4901 fuerit
1713 4844 2040 4902 confectum.

451 4914 566 4970 lmo
631 4914 883 4985 pugnare
943 4916 1156 4972 videtur
1188 4914 1344 4972 'hurc
1388 4917 1662 4971 conclusio
1709 4932 1832 4971 cum
1888 4918 2044 4974 dictis

454 4999 606 5042 num.
636 4986 706 5044 58
730 5026 745 5050 ,
775 4986 864 5042 ubi
896 4988 1300 5046 Hilarius‘diem
1330 4988 1477 5042 illum
1504 5002 1533 5039 ιι
1556 4985 1772 5043 Christo
1812 4990 2042 5058 ignorari

456 5071 618 5129 posse
657 5069 849 5128 negat,
894 5079 1002 5118 non
1034 5060 1207 5115 solum
1238 5058 1359 5128 quia
1389 5070 1689 5128 temporum
1729 5072 1918 5115 auctor
1958 5070 2047 5118 est

455 5142 513 5187 nt
538 5131 768 5187 Verbum
796 5169 812 5196 ,
846 5135 940 5189 sed
978 5131 1098 5204 quia
1129 5131 1422 5204 secundum
1454 5132 1766 5204 mysterium
1799 5146 2043 5202 assump-

458 5211 525 5257 ta:
555 5204 733 5261 carnis
762 5207 828 5262 ad
861 5201 1273 5276 eum—pertinet,
1305 5211 1361 5257 et
1392 5202 1559 5270 ipsius
1586 5201 1699 5256 dies
1727 5211 1831 5269 cst,
1860 5203 1909 5255 in
1942 5201 2047 5274 qua

454 5280 715 5331 venturus
750 5287 834 5334 est
879 5277 1124 5344 judicare
1169 5276 1317 5327 vivos
1362 5283 1415 5328 et
1464 5283 1725 5327 mortuos.
1783 5276 2046 5341 Quocirca

457 5348 735 5405 minutiori
779 5352 1096 5406 charactere
1144 5344 1515 5414 distinguenda
1564 5345 1873 5415 censuimus
1927 5360 2050 5415 qum

457 5428 754 5489 sequuntur
777 5466 795 5490 ,
822 5420 1054 5477 maxime
1073 5434 1194 5476 cum
1226 5432 1334 5472 non
1355 5424 1568 5490 exstent
1591 5414 1802 5490 in~mss.
1829 5416 2049 5487 optima)

461 5483 607 5544 nota:
634 5483 974 5550 Colbertittus
1004 5494 1208 5556 tribus,
1238 5487 1554 5542 Carnuteusi
1580 5528 1595 5553 ,
1625 5483 1809 5543 Germ.
1841 5483 1896 5543 et
1917 5490 2047 5544 Sor-

464 5562 594 5616 bon.
648 5562 725 5618 Ea
772 5574 953 5621 tanien
1008 5578 1107 5619 suo
1153 5558 1329 5614 eloco
1359 5572 1465 5611 non
1496 5559 1761 5612 movimus
1792 5575 2049 5628 prorsus;

465 5633 589 5703 quia
612 5644 669 5689 et
694 5638 748 5692 in
774 5635 1096 5706 perantiquo
1124 5629 1311 5706 codice
1340 5628 1573 5706 basilicae
1597 5628 1890 5706 Vaticanus,
1915 5631 2062 5706 hlar-

474 5698 679 5763 ίίιιίειιιο
707 5751 719 5771 ,
767 5698 1086 5765 Corbeiensi
1108 5748 1122 5770 ,
1163 5703 1411 5771 aliisque
1432 5698 1698 5754 habentur
1719 5743 1735 5767 ,
1761 5712 1813 5756 et
1843 5702 1911 5758 ab
1945 5702 2064 5757 aliis

471 5780 663 5841 llltarii
706 5780 888 5837 verbis
935 5795 1039 5851 per
1077 5792 1136 5851 se
1169 5778 1293 5827 sunt
1318 5770 1447 5824 satis
1483 5771 1844 5851 discreta.
1889 5773 2067 5851 simile

470 5856 602 5927 quid
644 5853 739 5916 lib.
772 5868 827 5926 χ,
855 5870 911 5912 ιι.
936 5842 1003 5923 ’8,
1034 5849 1321 5919 haberent,
1350 5842 1744 5917 suspicaretnur
1764 5845 2065 5917 librarium,

2122 1903 2238 1957 dies
2270 1913 2326 1958 et
2351 1913 2687 1959 momentum
2727 1906 2866 1961 intra
2912 1917 3215 1977 temporum
3260 1925 3457 1969 nomen
3486 1914 3588 1983 sit;
3618 1931 3727 1971 non

2123 2002 2304 2067 potest
2330 1997 2499 2052 videri
2526 1998 2691 2070 318
2714 1998 2855 2055 diem
2881 2009 2938 2056 et
2962 2013 3296 2060 momentum
3324 2005 3641 2065 restituendi
3673 2011 3728 2066 in

2124 2084 2347 2162 regnum
2382 2091 2545 2147 Israel
2562 2094 2679 2163 ipse
2699 2093 2917 2166 ille,qui
2942 2097 3290 2154 restituturus
3308 2116 3431 2156 eum
3454 2112 3557 2169 est,
3574 2103 3727 2176 igno—

2125 2201 2266 2242 rare.
2301 2185 2409 2243 Sed
2442 2204 2541 2243 nos
2582 2188 2649 2244 ad
2694 2188 3104 2262 intelligentiam
3150 2196 3445 2254 nativitatis
3482 2216 3596 2255 suae
3637 2217 3735 2270 per

2127 2283 2499 2352 exceptionem
2541 2291 2781 2354 paternae
2822 2288 3105 2356 potestatis
3139 2289 3429 2361 erudiens,
3460 2308 3634 2367 neque
3672 2309 3735 2352 se

2127 2374 2340 2431 nescire
2384 2376 2666 2448 respondit
2695 2392 2708 2431 :
2740 2385 2795 2433 et
2836 2377 3149 2436 facultatem
3194 2382 3330 2453 ipsis
3358 2384 3598 2441 scientiae
3625 2404 3732 2444 non

2131 2484 2445 2526 concessam
2469 2485 2590 2526 esse
2610 2469 3011 2541 demonstrans,
3033 2472 3085 2528 id
3109 2472 3285 2546 ipsum
3312 2476 3364 2532 in
3392 2489 3734 2535 sacramento

2131 2570 2369 2632 paternae
2400 2562 2680 2632 potcsmtis
2706 2563 3004 2620 consistere
3033 2573 3116 2620 est
3143 2566 3441 2636 professos.

2204 2657 2283 2728 (ὅ)
2312 2655 2389 2728 (ιι)
2419 2656 2534 2712 Non
2564 2671 2713 2729 ergo,
2745 2657 2869 2728 quia
2899 2658 3111 2714 nescire
3140 2672 3200 2714 se
3227 2658 3372 2715 diem
3396 2670 3452 2717 et
3479 2676 3730 2719 momen-

2132 2757 2246 2805 tum
2278 2749 2442 2804 Filius
2469 2745 2619 2815 dicit,
2654 2748 2869 2805 nescire
2901 2749 3207 2807 credendus
3235 2764 3338 2821 eSt,
3369 2750 3527 2810 sicuti
3554 2770 3731 2827 neque

2131 2854 2253 2896 cum
2283 2840 2578 2896 secundum
2604 2838 2878 2897 hominem
2919 2850 3012 2897 aut
3050 2842 3146 2900 ﬂet
3169 2886 3185 2911 ,
3232 2854 3332 2900 aut
3369 2844 3608 2914 dormit,
3641 2856 3735 2903 aut

2133 2931 2303 2988 tristis
2331 2941 2435 3000 est,
2467 2932 2615 2988 Deus
2640 2931 2907 2989 obnoxius
2934 2948 3056 2991 esse
3085 2945 3178 2991 aut
3205 2935 3461 3012 lacrymis
3480 2980 3495 3007 ,
3541 2936 3612 3013 (e)
3642 2948 3736 2997 aut

2133 3026 2335 3093 timori,
2363 3036 2453 3082 aut
2480 3040 2674 3083 somno
2703 3037 2786 3084 est
2813 3027 3189 3086 conﬂtendus:
3230 3032 3326 3089 sed
3355 3032 3505 3090 salva
3533 3030 3734 3106 Unige-

2206 3162 2299 3292 fit,
2315 3162 2448 3232 Quae
2472 3162 2879 3245 subsequuntur
2910 3178 3082 3235 usque
3102 3164 3173 3220 ad
3200 3165 3360 3224 linem
3385 3206 3401 3234 ,
3446 3169 3734 3239 perspicue

2244 3252 2260 3291 ι
2301 3241 2461 3292 eutur
2480 3251 2510 3290 a
2528 3243 2890 3291 vetustissnno
2904 3235 3166 3292 Ecclesia:
3178 3236 3506 3292 Veronensis
3525 3240 3734 3292 codice.

2137 3235 2461 3292 exhibentur
2480 3251 2510 3290 a
2528 3236 2890 3291 vetustissimo
2904 3235 3166 3293 Ecclesia:
3178 3235 3506 3296 Veronensis
3525 3235 3736 3300 codice.

2137 3408 2300 3467 quem
2346 3392 2400 3448 in
2447 3391 2935 3467 praedictorcodice
2976 3394 3149 3451 sancti
3193 3394 3339 3453 Petri
3373 3401 3732 3467 exscribendo

2139 3466 2334 3537 magna
2361 3481 2516 3539 usum
2560 3480 2685 3539 esse
2728 3466 2943 3521 licentia
2991 3478 3246 3535 constat,
3296 3469 3412 3526 hinc
3454 3477 3619 3531 verba
3662 3482 3732 3539 ad

2140 3536 2452 3599 Graecorum
2480 3536 2834 3610 imitationem
2857 3553 3113 3610 expressa
3136 3539 3429 3599 addidisse.
3458 3546 3604 3605 Sane
3625 3536 3732 3610 non

2141 3617 2301 3688 longe
2331 3611 2398 3666 ab
2428 3610 2508 3666 eis
2535 3606 2801 3665 dissident
2832 3606 2946 3665 haec
2971 3608 3162 3695 _Cyrilli
3190 3612 3287 3668 lib.
3316 3612 3578 3695 Thesauri
3609 3606 3727 3695 pag.

2141 3702 2242 3758 221
2274 3718 2287 3755 :
2343 3698 2787 3766 Quemadmodum
2830 3694 2927 3752 Ιιοο
2966 3691 3019 3743 in
3056 3710 3110 3748 se
3146 3695 3336 3764 recepit
3375 3691 3647 3761 Cltrt'Stus,
3670 3691 3727 3751 ut

2144 3773 2294 3828 homo
2326 3777 2493 3845 factus
2523 3788 2628 3826 una
2652 3786 2768 3824 cum
2798 3768 3089 3845 hominibus
3109 3767 3349 3835 esuriret,
3380 3768 3542 3845 sitiret
3568 3808 3582 3831 ,
3607 3766 3732 3845 reli-

2136 3837 2337 3917 quaque
2363 3854 2639 3915 pateretur,
2669 3858 2785 3917 qua:
2805 3842 2868 3894 de
2896 3840 3167 3917 ipso_dict_a
3194 3848 3354 3917 sunt_;
3381 3840 3560 3917 eadem
3578 3837 3735 3905 plane

2137 3907 2338 3971 ratione
2364 3907 2482 3969 'non
2510 3925 2581 3968 est
2606 3907 2741 3984 quod
2780 3907 2931 3982 quem
2968 3908 3195 3984 offendat
3221 3910 3339 3984 ,ῃείΔ
3368 3920 3418 3963 ιιι
3448 3907 3602 3984 homo
3629 3925 3735 3984 una

2139 4004 2256 4067 eum
2296 3984 2584 4067 hominibus
2618 3978 2899 4067 ignorasse
2953 3980 3174 4067 dicetur.
3229 3979 3433 4067 Eqdem
3487 3978 3733 4067 doctrina

2142 4059 2269 4114 licet
2315 4059 2383 4112 ab
2415 4049 2709 4111 Athanasio
2756 4063 2959 4108 asserta
3000 4053 3247 4107 videatur
3282 4049 3376 4107 0r.
3433 4068 3485 4107 tv
3542 4060 3731 4107 contra

2142 4131 2263 4195 Ar.,
2298 4145 2349 4199 p.
2398 4128 2505 4183 494
2530 4136 2587 4181 et
2610 4127 2737 4193 495,
2768 4139 2947 4199 neque
2962 4123 3223 4199 Gregorio
3244 4123 3399 4199 Nam,
3422 4123 3730 4199 Orixxxvt,

2145 4218 2201 4257 ιι.
2233 4194 2323 4268 62,
2352 4200 2584 4269 aliisque
2614 4197 2822 4268 magnis
2854 4195 2987 4269 viris
3010 4196 3347 4262 displicuisse
3370 4212 3407 4269 ;r
3435 4210 3469 4250 a
3508 4194 3739 4269 Leporio

2147 4264 2327 4328 tamen
2350 4273 2404 4326 in
2427 4264 2625 4335 libello,
2656 4264 2741 4324 cui
2763 4284 2884 4323 cum
2906 4267 3025 4322 aliis
3046 4269 3362 4336 subscripsit
3383 4264 3733 4336 Augustinus,

2146 4353 2277 4399 tom.
2335 4359 2375 4398 ιι
2427 4343 2658 4405 ConciL,
2695 4356 2801 4395 non
2831 4339 2991 4393 modo
3023 4348 3307 4393 retractata
3337 4378 3355 4405 ,
3398 4339 3577 4395 sedet
3602 4352 3737 4391 ana-

2146 4414 2385 4470 themate
2410 4416 2660 4469 damnata
2686 4420 2806 4468 est:
2852 4411 2973 4479 quia
3011 4408 3114 4462 dici
3145 4426 3245 4463 non
3273 4410 3428 4477 licet,
3461 4411 3615 4463 etiam
3657 4422 3739 4462 se-

2145 4487 2370 4542 cundum
2406 4485 2665 4541 hominem
2689 4523 2705 4549 ,
2745 4486 3007 4556 ignorasse
3028 4479 3313 4556 gemitum:
3345 4483 3732 4556 prophetarum.

2148 4560 2257 4614 lmo
2304 4558 2536 4630 Cyrillus
2557 4598 2588 4630 ,_
2615 4550 2962 4630 Athanasius,
2993 4550 3191 4621 aliique
3218 4550 3449 4618 Patres,
3475 4553 3522 4607 si
3548 4566 3736 4630 eurum

2069 4654 2121 4713 D
2148 4620 2410 4713 sententia
2444 4620 2662 4713 propius
2688 4620 3158 4708 lllSplClallll‘,“l|Otl
3182 4632 3290 4713 tam
3315 4631 3564 4713 assgrqnt
3590 4620 3739 4676 Chri-

2152 4710 2292 4756 stum
2313 4712 2369 4756 ut
2391 4692 2661 4756 hominem
2684 4692 2867 4755 revera
2892 4694 3150 4751 neSriisse
3175 4693 3317 4748 diem
3340 4692 3544 4763 judicii.
3575 4708 3739 4762 quam

2151 4776 2252 4844 ipsi
2284 4785 2339 4829 ut
2366 4772 2568 4828 homini
2598 4772 2814 4826 licuisse
2844 4768 3102 4846 singulari
3132 4766 3365 4837 quodam
3392 4763 3624 4846 consilio
3657 4764 3743 4846 di-

2149 4841 2275 4902 cere
2300 4862 2358 4901 sc
2388 4849 2634 4911 nescire;
2666 4858 2840 4914 neque
2868 4841 2937 4897 ab
2960 4841 3192 4914 humana
3227 4849 3413 4914 natura
3431 4879 3446 4903 ,
3475 4841 3627 4905 cujus
3656 4841 3741 4890 iu-

2152 4919 2432 4973 lirmitatcs
2459 4915 2717 4985 sun-epit,
2748 4910 2982 4969 alienam
3004 4926 3126 4967 esse
3154 4910 3507 4985 ignorantiam
3535 4924 3548 4960 :
3580 4920 3745 4975 quam

2148 5005 2258 5059 pne
2284 5004 2344 5045 se
2372 4980 2793 5060 quodatnjnodo
2826 4986 3003 5039 tulerit
3029 5026 3044 5052 ,
3093 4990 3151 5037 ut
3182 4980 3345 5060 nobis
3394 4986 3740 5060 congrueret.

2147 5051 2324 5134 Atque
2352 5051 2423 5114 ita
2447 5074 2570 5114 cum
2601 5057 2808 5114 Hilario
2833 5065 3039 5134 nostro.
3060 5053 3345 5134 _unm._6.6,
3379 5051 3748 5134 potiuslacere

2150 5124 2401 5188 videntur
2425 5171 2438 5193 ,
2490 5146 2650 5199 quam
2677 5145 2799 5183 cum
2832 5127 2899 5199 iis
2924 5166 2939 5193 ,
2982 5126 3073 5196 qui
3104 5124 3404 5199 Justiniano
3445 5124 3748 5199 imperante

2152 5203 2421 5259 Clll‘lsltllll
2455 5192 2812 5273 ut'ltomiuem
2838 5192 3114 5273 ignorasse
3144 5194 3548 5273 defendebant,
3598 5203 3649 5247 et
3675 5192 3747 5273 ab

2152 5284 2372 5337 auctore
2402 5288 2499 5326 suo
2523 5265 2884 5337 Thentistiani,
2911 5268 2978 5321 ab
3003 5283 3189 5322 errore
3217 5265 3450 5337 Agnoitte
3471 5265 3749 5337 cognomi-

2153 5334 2266 5400 nati
2294 5353 2458 5399 sunt:
2510 5342 2697 5396 eontra
2743 5334 2878 5409 quos
2927 5340 2984 5396 S.
3037 5334 3751 5409 EulogiiCorpruenpwipm

2153 5416 2418 5488 approbat
2442 5412 2735 5489 Gregorius
2761 5405 2906 5489 Papa
2934 5410 2992 5489 l_,
3025 5409 3121 5463 lib.
3154 5405 3252 5489 vin
3272 5406 3475 5489 ,"epist.
3507 5405 3598 5488 42..
3630 5405 3755 5489 "Ex-

2159 5476 2269 5542 siat
2295 5500 2508 5557 quoque
2537 5476 2672 5553 o'pus
2701 5476 2975 5557 Agobardi
3002 5490 3188 5545 contra
3211 5476 3468 5543 Felicem,
3498 5476 3590 5557 qui
3611 5476 3755 5557 diem

2166 5548 2350 5628 judicii
2377 5598 2391 5623 ,
2423 5548 2612 5612 Lazari
2644 5548 2998 5628 sepulcrum,
3031 5564 3311 5628 sermones
3341 5548 3672 5628 pergentium
3700 5548 3757 5602 in

2171 5619 2453 5694 Emmaus,
2473 5636 2601 5694 etc.,
2632 5619 3088 5682 Christolatuisse
3113 5619 3473 5676 existimabat.
3492 5619 3626 5675 Vide
3666 5632 3760 5672 nos

2174 5700 2577 5775 tata_adlib._x,
2606 5698 2741 5775 u.__8.
2804 5767 2817 5775 _
3032 5762 3078 5775 η
3170 5762 3183 5775 ,
3576 5760 3606 5775 _.

2247 5771 2318 5845 (e)
2352 5774 2408 5829 ln
2434 5762 2621 5845 codice
2653 5769 2771 5829 Vat.
2802 5767 2920 5826 bas.
2943 5776 2999 5823 et
3031 5762 3270 5833 Martin.,
3319 5775 3407 5821 aut
3456 5762 3630 5831 morti,
3656 5773 3766 5817 non

2174 5844 2265 5901 aut
2286 5844 2476 5907 timori.
3414 5885 3419 5889 .

3766 6044 3813 6079 ί
