4266 6260
494 255 605 313 315

500 462 710 534 fletum,
743 479 1017 532 somnum,
1043 462 1304 530 inediam,
1331 464 1476 518 sitim
1496 504 1512 529 ,
1543 462 1915 519 lassitudinem
1936 503 1952 529 ,
1983 479 2102 519 me-

502 568 615 613 tum
639 599 655 626 ,
706 558 821 629 pari
863 570 1087 613 necesse
1115 564 1199 610 est
1235 554 1534 611 secundum
1569 554 1843 610 hominem
1870 564 2061 611 natura
2084 592 2100 620 ,

503 649 611 707 dici
626 660 786 721 atque
798 649 946 705 horse
961 646 1230 717 prolessns
1249 662 1372 703 esse
1394 646 1724 718 intelligatur
1745 646 2102 705 inscientiam.

821 786 1182 860 319-320
1230 786 1432 843 LIBER
1470 785 1786 846 DECIMUS.

508 924 670 983 Totus
694 934 767 981 est
797 924 1043 981 adversus
1072 942 1177 994 eos,
1207 927 1296 999 qui
1322 926 1523 982 nullam
1562 928 1616 983 in
1644 924 1853 983 Christo
1887 927 2109 984 volentes

576 1036 686 1075 esse
724 1020 1102 1086 substantiam,
1157 1036 1273 1092 quia
1310 1038 1413 1077 non
1460 1022 1515 1076 in
1574 1023 1811 1096 passione
1861 1023 2110 1091 doluerit,

578 1111 775 1167 nullout
817 1127 932 1182 qua:
970 1112 1032 1166 ab
1063 1114 1228 1167 esurio
1250 1155 1264 1175 ,
1294 1114 1381 1168 siti
1405 1154 1421 1177 ,
1449 1114 1660 1169 tristitia
1679 1155 1695 1181 ,
1728 1115 1911 1169 timore
1941 1113 2115 1170 aliena

581 1206 763 1277 fuerit,
790 1205 987 1261 dirime
1017 1206 1368 1277 professionis
1396 1217 1709 1279 naturaeque
1733 1207 2110 1275 immemores,

582 1299 650 1353 ad
694 1310 1073 1370 argumentum
1131 1299 1424 1369 impietatis
1479 1315 1591 1356 sua:
1629 1342 1644 1366 ,
1695 1298 2118 1370 dispensationis

584 1400 735 1462 gesta
765 1401 821 1446 et
843 1390 985 1446 dicta
1015 1401 1301 1447 tenuerunt
1341 1391 1362 1465 (
1388 1390 1503 1446 Lib.
1536 1407 1576 1458 ι,
1606 1408 1659 1445 n.
1692 1390 1823 1461 52).
1885 1390 2119 1458 Quorum

585 1485 679 1539 alii
707 1481 967 1539 Christum
1015 1486 1306 1539 asserebant
1354 1499 1551 1539 merum
1598 1499 1707 1539 esse
1729 1484 2023 1550 hominem,
2063 1483 2119 1540 in

587 1577 744 1647 cujus
771 1577 1008 1641 animam
1036 1621 1050 1643 ,
1084 1593 1187 1632 non
1212 1577 1436 1647 simplex
1459 1619 1475 1642 ,
1515 1577 1606 1632 sed
1643 1591 1910 1633 DOIINANS
1946 1587 2122 1631 metus

593 1670 828 1726 tristitia:
882 1670 1216 1725 imminentis
1266 1670 1557 1735 inciderit,
1603 1670 1695 1741 qui
1748 1678 2126 1725 consternatus

591 1762 755 1819 fuerit
784 1763 1054 1834 passionis
1076 1778 1459 1832 necesstn're,
1483 1774 1533 1819 et
1561 1779 1711 1834 quem
1731 1762 2023 1820 obtinuerit
2046 1762 2125 1819 vis
2156 1765 2203 1826 Β

595 1853 800 1910 doloris
830 1854 851 1927 (
875 1852 1039 1920 Ibid.,
1072 1871 1125 1908 n.
1157 1855 1268 1924 33).
1294 1856 1399 1910 Alii
1432 1854 1521 1910 Ver
1536 1854 1657 1909 bum
1685 1871 1800 1909 cum
1823 1871 1978 1909 carne
2005 1870 2129 1910 con-

593 1948 899 2018 fundentes,
933 1946 1098 2017 oﬂicio
1123 1947 1311 2000 anima:
1340 1950 1574 2017 [unctum
1613 1963 1722 2001 esse
1757 1945 2126 2018 praedicabant.

598 2036 711 2093 Nec
742 2040 950 2092 deerant
989 2039 1076 2106 qui
1114 2037 1281 2106 ipsum
1315 2037 1379 2091 ab
1407 2036 1613 2092 homine
1653 2053 1867 2110 prorsus
1888 2055 2133 2110 separan-

599 2139 672 2183 tes
707 2171 721 2196 ,
754 2129 950 2182 nullam
974 2127 1115 2183 illius
1139 2128 1193 2182 in
1221 2126 1424 2185 Christo
1448 2130 1776 2198 prazsentiunt
1815 2129 2131 2201 fatebantur,

604 2220 704 2274 nisi
729 2234 883 2291 quam
908 2221 963 2273 in
991 2218 1254 2291 prophetis
1278 2222 1618 2292 agnoscimus.
1667 2220 1896 2278 Rursum
1934 2223 2136 2277 discre-

601 2322 781 2385 pantes
813 2312 1276 2384 complectebantur
1314 2315 1590 2371 sententias
1614 2355 1631 2383 ,
1671 2332 1788 2370 cum
1819 2315 2009 2371 Christi
2032 2333 2136 2372 non

603 2405 757 2461 modo
795 2420 1022 2473 carnem,
1065 2404 1157 2460 sed
1180 2415 1226 2461 et
1250 2406 1476 2461 animum
1507 2406 1572 2462 ab
1598 2407 1764 2462 Adam
1799 2419 2137 2480 propagatura:

603 2501 872 2557 sentientes
893 2542 907 2566 ,
938 2510 991 2555 ut
1022 2499 1324 2571 Scripturas
1350 2500 1652 2571 eluderent,
1697 2501 1879 2573 quibus
1909 2503 1973 2557 de
1997 2504 2137 2560 catis

606 2591 925 2648 descendisse
949 2592 1296 2664 signiﬁcatur,
1318 2594 1617 2650 descensum
1632 2595 1779 2650 illum
1800 2612 1905 2651 non
1933 2598 1998 2652 de
2019 2614 2139 2669 per-

611 2705 740 2746 sona
768 2687 925 2744 Verbi
951 2703 1157 2743 carnem
1182 2687 1282 2743 sibi
1299 2699 1609 2759 assumente,
1639 2688 1730 2745 sed
1754 2689 1818 2744 de
1842 2690 1958 2761 ipsa
1984 2705 2138 2748 carne

607 2801 636 2841 e
657 2782 797 2840 culis
819 2783 1029 2838 advecta
1058 2783 1543 2854 interpretabantur.

537 2876 730 2935 Contra
761 2876 882 2932 illos
906 2876 1173 2932 htereticos
1214 2877 1455 2933 Hilarius
1484 2893 1542 2933 eo
1570 2887 1626 2932 ut
1669 2878 1951 2950 plurimum
1976 2879 2140 2933 utitur

609 2970 898 3042 argumenti
917 2986 1121 3041 genere,
1144 2987 1244 3042 quo
1268 2972 1324 3025 in
1349 2971 1459 3027 suis
1488 2971 1720 3040 ipsorum
1748 2972 2010 3027 sententiis
2035 2986 2140 3026 non

611 3073 881 3119 succurrat
916 3064 991 3119 eis
1023 3063 1161 3134 quod
1196 3074 1470 3133 reponant.
1523 3064 1673 3131 Quod
1710 3074 1882 3120 autem
1918 3065 2139 3120 aliorum

615 3155 844 3228 Operam
871 3154 1019 3210 initio
1046 3164 1219 3227 rogat,
1246 3156 1302 3210 id
1329 3157 1377 3212 ei
1402 3157 1624 3211 maxime
1658 3156 1714 3210 in
1741 3155 1838 3212 hoc
1865 3155 1996 3212 libro
2016 3173 2140 3213 con-
2165 3151 2213 3217 C

617 3248 899 3305 cedendum
921 3288 938 3315 ,
964 3263 1028 3302 ne
1068 3246 1258 3303 scilicet
1288 3247 1352 3303 de
1382 3249 1495 3319 ipso
1524 3257 1642 3302 ante
1661 3247 1817 3317 ﬁnem
1848 3248 2138 3319 judicetur.

611 3344 675 3401 Si
698 3343 826 3415 quid
849 3344 987 3398 enim
1006 3340 1306 3410 olfendiculi
1333 3344 1544 3414 pariunt
1575 3342 1723 3398 initia
1749 3383 1764 3408 ,
1794 3343 1915 3412 ﬁnis
1937 3342 2139 3398 levabit.

618 3437 943 3506 Quamquam
986 3436 1217 3507 exposita
1254 3435 1665 3492 adversariorum
1695 3434 1944 3491 sententia
1991 3435 2145 3507 facile

605 3532 882 3607 judicatur
904 3572 920 3596 ,
951 3531 1029 3586 vel
1052 3529 1218 3586 solam
1254 3548 1287 3585 a
1315 3530 1494 3585 dolore
1515 3570 1531 3597 ,
1573 3537 1710 3584 metu
1736 3570 1751 3596 ,
1788 3529 1997 3584 tristitia
2035 3530 2144 3585 eati—

614 3640 752 3680 mere
791 3622 984 3679 Christi
1015 3623 1367 3689 divinitatem;
1413 3621 1492 3677 vel
1517 3621 1797 3676 humanam
1822 3621 1967 3676 illius
1996 3631 2145 3676 natu-

614 3736 730 3776 ram
759 3735 794 3774 a
820 3717 1204 3774 dominantibus
1241 3718 1510 3773 dumtaxat
1551 3727 1599 3772 et
1627 3718 1818 3773 coactis
1847 3714 2148 3788 hujusmodi

615 3811 973 3882 affectionibus
1022 3811 1302 3867 vindicare.
1372 3810 1399 3865 Ι
1409 3810 1520 3866 llud
1569 3812 1727 3866 etiam
1781 3809 2148 3866 attendendum

614 3907 753 3980 quod
772 3905 1051 3980 Gregorius
1078 3903 1240 3977 Nyss.
1271 3902 1366 3959 ον.
1397 3918 1433 3958 v
1460 3913 1640 3959 contra
1670 3903 1889 3959 Eunom.
1923 3921 1956 3958 a
1983 3902 2149 3959 Theo-

618 4003 821 4070 doreto,
851 3998 996 4054 Dial.
1028 4014 1109 4063 Ill,
1136 3997 1381 4053 laudatus
1410 3998 1515 4052 ait:
1537 3995 1672 4053 Cum
1697 3998 1841 4053 enim
1872 3996 2068 4067 duplex
2094 4006 2150 4052 et

616 4092 869 4163 ambigua
912 4096 986 4147 sit
1022 4090 1247 4161 opinio,
1301 4089 1628 4145 divinitasne
1657 4133 1673 4159 ,
1721 4104 1789 4144 an
1845 4089 2149 4145 humanitas

619 4198 779 4257 passa
806 4183 909 4239 sit:
943 4183 1103 4238 unius
1128 4181 1376 4255 rejectio,
1405 4181 1627 4237 alterius
1648 4196 1876 4253 prorsus
1897 4183 2000 4236 erit
2027 4194 2150 4238 con-

619 4275 875 4331 ﬁrmatio.

546 4365 730 4437 Itaque
761 4362 1025 4434 Hilarius,
1056 4381 1201 4420 num.
1234 4364 1299 4432 9,
1328 4364 1538 4421 insanas
1574 4363 1932 4421 htereticorum
1971 4377 2151 4423 contra

618 4458 810 4516 Christi
846 4459 1165 4515 divinitatem
1191 4460 1459 4530 opiniones
1485 4474 1737 4530 exponere
1766 4457 1929 4515 simul
1948 4476 2010 4515 ac
2035 4476 2150 4531 per.

1684 252 1932 312 SANCTI
1974 251 2233 328 BILARII
2286 251 2594 310 EPla‘COPl

500 369 598 425 niti
627 369 682 425 in
711 384 770 427 se
820 370 1047 426 veritate
1071 412 1087 439 ,
1135 366 1433 425 secundum
1463 367 1645 423 carnis
1690 366 2056 423 inﬁrmitatem
2083 408 2099 435 ,
2130 369 2183 430 Α

3698 256 3806 313 5H

2278 379 2326 423 et
2349 368 2569 441 angelici
2593 371 2860 426 ministerii
2877 374 3165 445 expendens
3186 390 3391 443 causas,
3415 391 3531 430 eum
3553 389 3657 429 non
3680 372 3802 440 sibi,

2277 463 2368 518 sed
2404 462 2664 535 Apostolis
2694 466 2889 521 tristem
2935 468 3094 539 fuisse
3119 510 3134 534 ,
3182 483 3387 536 orasse,
3441 477 3488 523 et
3517 467 3581 522 ab
3613 466 3808 538 Angela

2279 556 2624 621 confortatum
2646 574 2756 613 esse
2785 574 3094 631 propugnat.
3142 558 3278 615 Tum
3322 560 3548 630 quinque
3585 558 3809 613 numeris

2278 648 2600 720 sequentibus
2624 660 2829 705 enarrat
2848 666 2961 721 quae
2980 650 3213 707 Christus
3240 654 3293 706 in
3316 651 3557 724 passione
3574 648 3808 725 prtcbue-

2280 741 2349 794 rit
2395 740 2581 796 divina:
2621 743 3004 811 omnipotentiae
3046 758 3155 798 sua:
3198 743 3345 815 signa
3377 759 3396 798 :
3420 741 3606 811 quibus
3658 741 3810 810 facile

2282 841 2571 906 appareat,
2614 834 2811 889 doloris
2851 836 3241 904 necessitatem,
3282 836 3381 890 vim
3409 852 3471 889 ac
3510 834 3729 889 dedecus
3755 834 3812 888 in

2284 944 2402 983 eum
2423 942 2526 982 non
2547 930 2818 985 convenire
2840 970 2853 990 .
2885 930 2975 1000 qui
3004 937 3147 983 tanta
3167 929 3426 999 potuerit;
3465 938 3516 985 et
3546 944 3661 982 enm
3699 927 3814 997 qui-

2287 1018 2404 1073 dem
2429 1019 2724 1076 secundum
2765 1020 3039 1076 hominem
3072 1036 3169 1091 pro
3209 1021 3365 1076 nobis
3393 1020 3604 1076 inﬁrma
3631 1020 3811 1077 omnia

2288 1112 2396 1183 pati
2422 1153 2438 1177 ,
2465 1113 2562 1169 sed
2590 1115 2884 1170 secundum
2917 1115 3082 1170 Deum
3127 1116 3177 1169 in
3224 1114 3307 1171 liis
3342 1113 3601 1171 omnibus
3624 1112 3813 1170 trium-

2293 1205 2460 1275 pltare
2484 1204 2652 1276 (nunt.
2684 1208 2798 1277 47).

2221 1297 2362 1354 Hinc
2390 1298 2669 1354 adversarii
2695 1316 2869 1356 vocem
2894 1299 3085 1356 Christi
3125 1299 3376 1375 objiciunt
3417 1315 3472 1354 se
3518 1298 3817 1353 derelictum

2294 1392 2585 1447 clamantis.
2634 1392 2764 1461 Quae
2792 1402 2962 1449 autent
2989 1394 3199 1448 illorum
3223 1395 3287 1447 de
3321 1391 3527 1448 Christo
3553 1392 3680 1463 ﬁdes
3707 1392 3772 1447 sit
3796 1433 3814 1459 ,

2294 1489 2524 1543 declarat
2567 1503 2811 1542 numerus
2854 1488 2946 1544 49.
3008 1489 3080 1543 Ac
3116 1486 3329 1543 subinde
3365 1486 3544 1542 multis
3565 1485 3819 1558 oppositis

2297 1582 2662 1655 quaestionibus
2690 1583 2754 1637 de
2782 1579 2974 1637 Christi
3005 1593 3122 1636 ortu
3151 1580 3426 1651 temporali
3453 1620 3468 1645 ,
3514 1580 3639 1651 ﬂetu
3663 1620 3679 1645 ,
3708 1577 3823 1633 ani-

2301 1691 2400 1730 ma:
2429 1676 2680 1746 ponendae
2704 1691 2765 1729 ac
2792 1674 3107 1730 resumenda:
3128 1683 3379 1746 potestate
3402 1714 3418 1741 ,
3448 1673 3664 1743 spiritus
3686 1687 3827 1726 cont-
3904 1712 3907 1715 η

2304 1770 2628 1825 mendatione
2679 1778 2726 1824 et
2776 1769 3047 1824 traditione
3071 1811 3086 1834 ,
3144 1784 3261 1841 qua:
3311 1784 3431 1822 cum
3477 1764 3829 1822 luereticorum

2302 1861 2540 1916 doctrina
2581 1860 2851 1916 conciliari
2892 1871 3143 1932 nequeant
3169 1902 3184 1927 ,
3234 1858 3429 1914 nodum
3479 1873 3657 1913 earum
3684 1857 3835 1911 solvit

2302 1969 2446 2007 num.
2475 1952 2567 2019 61,
2599 1969 2664 2007 ea;
2693 1952 2796 2023 [ide
2828 1951 3097 2018 Ecclesiae,
3130 1967 3247 2021 qua:
3262 1968 3383 2006 cum
3407 1948 3603 2005 Christi
3625 1959 3835 2003 naturas

2306 2061 2409 2101 non
2426 2045 2731 2118 confundat,
2760 2061 2851 2101 nec
2876 2046 3072 2101 dividat
3099 2060 3368 2118 personas,
3407 2044 3463 2098 in
3488 2059 3593 2098 uno
3636 2043 3839 2097 eodem-

2304 2154 2402 2210 que
2428 2138 2634 2195 Christo
2661 2137 2815 2195 habet
2843 2148 3268 2210 conquerentem
3311 2135 3380 2192 ad
3408 2147 3640 2192 mortem
3680 2136 3840 2192 relie-

2310 2240 2421 2286 tum
2451 2245 2515 2287 se
2539 2244 2682 2298 esse,
2714 2231 2841 2303 quia
2869 2230 3032 2288 homo
3078 2240 3198 2296 est,
3243 2240 3440 2285 etcum
3480 2229 3572 2300 qui
3614 2227 3843 2283 moritur
3904 2218 3911 2225 ’

2310 2323 2653 2394 proﬁtentem
2700 2339 2762 2380 se
2817 2324 2871 2378 in
2917 2322 3168 2394 paradiso
3222 2335 3485 2394 regnare,
3537 2321 3663 2392 quia
3701 2318 3842 2375 Deus

2314 2425 2420 2473 est.
2464 2414 2672 2473 Interea
2721 2414 2962 2471 Hilarius
3008 2414 3131 2487 ﬁdei
3177 2413 3529 2470 necessitatem
3574 2426 3714 2466 more
3746 2425 3843 2465 suo

2312 2509 2631 2566 commendat
2656 2526 2676 2566 :
2697 2526 2796 2581 quo
2817 2509 3163 2581 arrogantiam
3188 2506 3428 2565 retundat
3468 2504 3842 2569 htcreticorum,

2309 2604 2667 2678 3213322
2694 2603 2781 2675 qui
2803 2599 2994 2659 Christi
3040 2601 3283 2673 mysteria
3324 2616 3377 2655 se
3415 2597 3838 2670 comprehendere

2302 2696 2634 2773 jactitabant.
2686 2694 2754 2753 Ut
2800 2696 2937 2751 enim
2986 2694 3143 2750 trudit
3188 2691 3502 2749 Athanasius
3530 2689 3598 2745 ad
3649 2688 3842 2744 calcem

2313 2792 2351 2847 Ι.
2376 2790 2439 2845 de
2454 2790 2685 2847 Satutari
2703 2789 2833 2844 Adv.
2854 2787 2913 2844 ,1.
2934 2788 2991 2844 C.
3017 2785 3389 2859 qnidivinitati
3403 2784 3519 2855 ejus
3538 2781 3840 2854 passionem

2313 2882 2649 2950 adscribunt,
2674 2891 2769 2938 aut
2794 2882 2888 2954 qui
2917 2879 3239 2937 humanitati
3264 2879 3383 2949 ejus
3406 2876 3564 2933 ﬁdem
3593 2890 3696 2930 non
3745 2873 3845 2929 lia-

2313 2975 2464 3042 bent,
2496 2985 2589 3031 aut
2629 2974 2721 3046 qui
2749 2990 2911 3029 unum
2943 2973 2995 3028 in
3020 2972 3129 3027 duo
3165 2978 3438 3041 separant,
3456 2968 3497 3022 ii
3521 2966 3696 3024 carnis
3724 2967 3844 3036 ejus

2313 3067 2707 3124 dimensionem
2733 3065 2956 3134 faciunt,
2979 3074 3033 3121 et
3055 3078 3299 3128 nummi
3322 3071 3372 3118 et
3387 3074 3635 3126 ouostooo
3648 3067 3845 3129 praeter

2314 3175 2498 3216 sacras
2527 3159 2833 3231 Scripturas
2879 3157 3141 3215 deﬁniunt
3166 3198 3180 3224 ,
3210 3158 3269 3215 τὸ
3309 3156 3469 3213 πόσον
3493 3154 3526 3216 ἦ
3550 3161 3661 3217 πῶς
3687 3155 3839 3228 παρὰ

2316 3261 2412 3318 τὰς
2439 3257 2639 3332 γραφὰς
2661 3256 2819 3331 λέγειν
2846 3256 3154 3328 τολμῶντες.

2322 3432 2373 3486 1.
2419 3429 2786 3486 Dissidentium
2811 3430 3175 3487 sententiarum
3194 3444 3309 3501 qua:
3328 3442 3515 3483 causae.
3547 3423 3846 3481 Doctrinant

2247 3524 2443 3599 placiti,
2473 3540 2575 3579 non
2603 3524 2817 3580 rationis
2842 3533 3110 3579 sectantes.
3139 3552 3213 3564 —
3239 3520 3356 3578 Non
3385 3531 3468 3577 est
3509 3519 3846 3590 ambiguum,

2248 3630 2464 3671 omnem
2492 3616 2709 3672 humani
2735 3616 2936 3684 eloquii
2972 3628 3278 3687 sermonem
3308 3611 3719 3670 contradictioni
3747 3609 3851 3667 ob-

2250 3708 2470 3765 noxium
2498 3723 2716 3780 semper
2753 3708 2919 3765 fuisse
2950 3726 2963 3762 :
2993 3708 3117 3779 quia
3162 3706 3610 3763 dissentientibus
3649 3703 3846 3759 volun-

2250 3813 2420 3860 tatum
2463 3804 2722 3872 motibus,
2752 3799 3083 3858 dissentiens
3128 3813 3341 3871 quoque
3385 3796 3458 3854 sit
3500 3811 3690 3853 sensus
3732 3795 3845 3851 ani-

2250 3911 2502 3965 morum;
2532 3911 2653 3954 cum
2682 3895 3081 3953 adversantium
3104 3893 3429 3965 judiciorum
3454 3891 3532 3965 (a)
3562 3889 3846 3947 aliectionc

2251 4004 2643 4063 compngnans,
2700 3987 3089 4045 assertionibus
3134 3985 3239 4055 his,
3286 3985 3480 4057 quibus
3533 3981 3845 4049 oﬁ‘enditur,

2250 4084 2592 4143 contradicit.
2622 4084 2876 4153 Quamvis
2902 4082 3046 4139 enim
3074 4094 3234 4136 onme
3263 4079 3470 4134 dictum
3495 4077 3607 4133 veri
3638 4076 3849 4133 ratione

2254 4179 2551 4251 perfectura
2574 4178 2681 4242 sit;
2713 4186 2891 4233 tamen
2918 4175 3046 4231 dum
3075 4173 3216 4229 aliud
3240 4173 3359 4229 aliis
3381 4182 3472 4228 aut
3495 4170 3726 4235 videtur,
3756 4178 3851 4225 aut

2252 4273 2577 4344 cumplacet,
2613 4280 2760 4342 patet
2802 4269 3042 4327 veritatis
3083 4282 3264 4324 sermo
3305 4266 3711 4323 adversantium
3761 4278 3848 4320 re-

2252 4367 2533 4438 sponsioni
2561 4384 2576 4420 :
2608 4365 2733 4437 quia
2762 4374 2950 4421 contra
2979 4362 3255 4418 veritatem
3280 4369 3372 4417 aut
3385 4375 3492 4417 non
3524 4360 3852 4417 intellectam

2255 4467 2347 4514 aut
2371 4456 2755 4522 ot'fendentem,
2783 4455 2870 4511 vel
2901 4454 3079 4513 stultae
3099 4454 3182 4511 vel
3209 4454 3420 4510 vitiosa:
3444 4451 3737 4509 voluntatis
3760 4466 3850 4508 er-

618 4555 765 4627 sequi
786 4554 1330 4626 incipiens,deinceps,
1355 4568 1513 4625 usque
1533 4554 1602 4607 ad
1626 4569 1768 4608 num.
1795 4552 1885 4618 56,
1910 4553 1974 4609 de
1997 4555 2151 4608 ntira-
2178 4548 2231 4609 D
2258 4567 2348 4608 ror
2375 4551 2652 4608 obnititur.
2696 4548 3052 4606 lmmoderata
3098 4547 3245 4605 enim
3276 4556 3362 4606 est
3404 4546 3584 4604 omnis
3625 4559 3851 4617 suscep.

622 4648 712 4705 bili
748 4648 890 4704 illius
919 4647 1248 4719 conceptione
1268 4647 1344 4700 ita
1371 4645 1617 4712 disserit,
1658 4654 1714 4699 ut
1762 4659 1828 4699 ea:
1860 4661 1919 4699 ea
1948 4653 2148 4701 natura:

620 4752 811 4800 nostra
836 4742 1096 4798 veritatem
1137 4757 1171 4794 a
1208 4736 1370 4794 Verbo
1400 4740 1513 4793 sine
1545 4737 1626 4792 sui
1667 4735 1946 4792 abolitione
1972 4778 1989 4805 ,
2039 4738 2150 4793 sine

618 4838 808 4894 nostris
832 4836 965 4891 vitiis
984 4842 1268 4905 susceptam
1288 4847 1401 4886 esse
1425 4830 1753 4885 demonstret.
1801 4827 1887 4884 Ea:
1909 4846 2007 4901 quo
2026 4846 2150 4885 con-

616 4932 724 5003 ﬁcit
743 4973 757 4997 ,
788 4928 1048 4985 Christum
1078 4941 1237 4982 unum
1259 4924 1590 4992 eamdemque
1613 4965 1629 4990 ,
1669 4922 1766 4980 etsi
1792 4938 1893 4977 non
1922 4922 2149 4980 humana

619 5026 730 5097 lege
754 5029 1077 5094 conceptum,
1108 5028 1278 5074 tamen
1306 5027 1356 5072 et
1405 5032 1582 5072 verum
1593 5015 1850 5071 hominem
1874 5017 2147 5087 exstitisse,

614 5126 664 5172 et
688 5130 865 5170 verum
889 5111 1059 5168 Deum
1081 5127 1100 5166 :
1128 5120 1183 5165 ut
1208 5125 1380 5166 rerum
1409 5108 1691 5172 hominem,
1720 5108 2025 5178 passionum
2048 5124 2145 5164 na-

618 5209 754 5265 turis
783 5206 1092 5278 permissum
1116 5218 1258 5259 esse:
1308 5212 1361 5257 ut
1384 5199 1574 5272 absque
1601 5200 1814 5272 originis
1841 5209 2027 5257 nostra:
2064 5202 2145 5255 vi-

616 5300 701 5354 tiis
728 5309 1025 5371 conceptum
1046 5337 1061 5358 ,
1111 5294 1423 5366 passionum
1469 5300 1759 5348 nostrarum
1797 5307 1900 5347 non
1943 5295 2147 5365 confec-

613 5402 724 5450 tum
755 5409 865 5449 esse
892 5390 1134 5460 injuriis;
1166 5399 1223 5445 ut
1246 5403 1421 5444 verum
1446 5385 1645 5455 Deum,
1676 5384 1741 5441 ab
1775 5386 1962 5443 iisdem
1990 5401 2143 5458 pror-

613 5502 706 5541 sus
730 5486 891 5559 fuisse
914 5484 1161 5539 alienum.

531 5578 749 5651 Exinde
773 5593 932 5649 usque
979 5575 1049 5631 ad
1071 5591 1213 5632 num.
1241 5573 1315 5632 45
1336 5615 1353 5641 ,
1379 5572 1600 5631 tristitia
1628 5572 1794 5644 ipsius
1815 5613 1832 5639 ,
1854 5569 2101 5628 orationis
2124 5611 2143 5643 ,

624 5694 687 5762 α)
722 5697 831 5761 Ms.
854 5691 1072 5752 Martia.
1101 5699 1159 5749 et
1181 5690 1273 5748 alii
1303 5691 1573 5759 nonnulli,
1603 5688 1906 5756 assertione.

577 5699 674 5837 ((1')
720 5764 836 5825 Vat.
869 5761 1012 5837 bas.,
1039 5762 1256 5826 Martia.
1289 5779 1352 5823 ac
1389 5761 1547 5837 pauci
1577 5761 1666 5821 alii
1691 5774 1827 5825 mss.
1858 5774 1906 5817 at

2255 4653 2428 4700 tarum
2476 4644 2807 4699 voluntatum
2854 4642 3147 4714 pertinacia
3198 4659 3214 4696 :
3263 4651 3319 4698 et
3380 4638 3650 4698 indeﬂexo
3698 4646 3850 4695 motu

2252 4735 2330 4809 (b)
2361 4734 2683 4792 adversandi
2708 4734 2944 4790 studium
2978 4733 3238 4804 persistit,
3272 4731 3363 4789 ubi
3390 4746 3497 4789 non
3533 4731 3730 4789 rationi
3758 4745 3855 4788 vo-

2252 4829 2432 4885 luntas
2473 4827 2780 4898 subjicitur,
2831 4840 2934 4883 nec
2953 4825 3185 4883 studium
3213 4824 3473 4882 doctrina:
3500 4822 3852 4898 impenditur,

2253 4923 2350 4980 sed
2380 4921 2464 4979 his
2494 4937 2616 4993 qua:
2634 4921 2886 4978 volumus
2922 4920 3188 4978 rationem
3226 4919 3621 4992 conquirimus,
3651 4924 3707 4974 et
3766 4915 3854 4973 his

2249 5030 2372 5088 qua:
2424 5016 2705 5074 studemus
2750 5015 3054 5072 doctrinam
3101 5022 3418 5086 coaptamus
3486 5010 3721 5085 Jamque
3747 5026 3855 5068 no-

2255 5108 2419 5164 minis
2446 5111 2649 5181 potius,
2696 5122 2853 5179 quan:
2882 5118 3113 5174 naturae,
3145 5104 3250 5163 erit
3276 5105 3524 5161 doctrina
3550 5119 3671 5177 qua:
3696 5102 3858 5175 lingi-

2252 5208 2388 5258 tur:
2420 5211 2474 5257 et
2518 5217 2626 5258 non
2669 5200 2782 5272 jam
2832 5201 2949 5257 veri
3000 5197 3239 5256 manebit
3279 5197 3441 5264 ratio,
3492 5195 3590 5253 sed
3630 5194 3852 5268 placiti;

2249 5306 2410 5364 quam
2440 5291 2542 5348 sibi
2571 5292 2817 5349 voluntas
2843 5291 3013 5364 magis
3033 5290 3101 5347 ad
3120 5289 3493 5346 defensionem
3522 5288 3852 5359 placentium

2249 5386 2603 5456 coaptaverit,
2634 5402 2741 5441 non
2766 5400 2888 5456 qua:
2927 5383 3219 5441 voluntatis
3241 5382 3553 5439 instinctum
3579 5395 3674 5453 per
3695 5379 3854 5437 intel-

2249 5478 2521 5552 ligentiam
2550 5479 2666 5535 veri
2705 5478 3044 5535 rationabilis
3085 5476 3351 5535 incitabit.
3396 5475 3502 5532 Per
3547 5477 3666 5533 haec
3690 5476 3854 5547 igitur

2248 5573 2380 5629 vitia
2421 5573 2782 5631 studiosarum
2832 5573 3166 5630 voluntatum
3197 5585 3388 5629 omnes
3434 5569 3842 5627 adversantium

720 5745 836 5825 Vit)
855 5745 1272 5837 ingnium;
1289 5745 1549 5840 εἶᾖὶὸῦἓί
1561 5745 1827 5825 ’διὶίῖιὶέι
1858 5758 2167 5818 «alterum:
2192 5745 2384 5815 studio.
