4266 6260
356 196 468 256 525

1582 192 1670 250 DE
1713 183 2095 245 TRINITATE
2135 189 2338 251 LIBER
2384 197 2451 253 X.

3618 216 3730 276 546

358 310 724 371 intentionum
756 319 1038 382 emergunt
1065 311 1519 370 contradictiones
1545 328 1558 364 :
1587 320 1641 366 et
1673 308 1827 364 inter
1857 300 1969 357 veri
1996 303 2044 364 Α
2074 308 2294 377 penitus
2343 314 2416 369 ab
2457 312 2649 370 auditu
2693 309 2946 368 veritatis
2992 318 3180 392 alieni,
3240 333 3389 385 totos
3432 344 3495 387 se
3524 332 3732 393 fabulis

357 405 740 471 assertionem,
769 415 820 462 et
852 407 1032 477 placiti
1061 406 1452 473 defensionem,
1493 405 1743 477 pertinax
1798 412 1969 469 pugna

358 509 471 558 est:
504 497 634 554 dum
664 512 727 554 se
779 506 835 555 et
890 498 1089 554 veritas
1119 506 1288 566 tenet,
1359 507 1415 554 et
1467 505 1643 553 tuetur
1690 489 1968 548 voluntas.

358 593 631 652 Craterum
681 593 727 649 si
775 606 884 647 non
944 592 1163 662 praeiret
1218 592 1484 649 rationem
1537 591 1829 651 voluntas,
1874 582 1969 640 sed

358 706 457 763 per
497 688 610 746 veri
641 687 1057 758 intelligentiam
1101 688 1169 743 ad
1198 689 1334 745 velle
1377 687 1430 742 id
1475 686 1617 758 quod
1646 696 1839 741 verum
1888 688 1971 735 est

360 791 704 840 moveretur:
724 795 1019 853 numquam
1046 779 1289 837 doctrina
1308 780 1387 855 (t)
1411 778 1490 854 (a)
1510 776 1802 835 voluntatis
1822 789 1971 846 qure-

355 884 592 943 reretnr,
622 873 719 932 sed
749 875 1082 931 voluntatem
1110 890 1325 931 omnem
1367 874 1628 931 doctrinae
1656 872 1798 929 ratio
1823 873 1977 926 conta

357 978 648 1037 moveret;
678 980 937 1041 essetque
965 969 1142 1026 omnis
1170 968 1287 1026 sine
1314 969 1740 1026 contradictione
1766 964 1970 1021 verita-

357 1063 434 1121 tis
445 1078 789 1131 sermo,cum
813 1062 1185 1134 unusquisque
1205 1077 1311 1119 non
1324 1063 1468 1134 quod
1490 1062 1671 1130 vellet,
1700 1061 1752 1117 id
1779 1072 1967 1115 verum

354 1172 483 1215 esse
495 1140 835 1223 defendere't,
849 1155 946 1212 sed
961 1153 1103 1226 quod
1118 1170 1304 1211 verum
1318 1163 1423 1223 est,
1450 1155 1502 1209 id
1528 1154 1667 1211 velle
1689 1151 1964 1224 cmpisset.

425 1253 482 1309 2.
530 1253 671 1323 Quos
690 1250 966 1322 magistros
989 1261 1241 1319 quierant.
1272 1279 1346 1291 —
1375 1248 1578 1305 Harum
1600 1250 1780 1319 itaque
1805 1244 1968 1301 vitio-

348 1361 534 1403 sarum
561 1346 902 1401 voluntatum
926 1358 1031 1399 non
1056 1344 1274 1415 ignarus
1294 1342 1606 1414 Apostolus,
1632 1343 1770 1399 inter
1794 1341 1965 1397 multa

346 1436 725 1498 eontestandm
753 1435 881 1491 ﬁdci
911 1445 965 1491 et
994 1433 1324 1507 praedicandi
1371 1434 1520 1490 verbi
1572 1442 1863 1504 praecepta,
1891 1431 1958 1488 ad

346 1530 695 1587 Timotheum
728 1526 979 1583 scribens
1007 1526 1102 1591 ait,
1134 1524 1249 1580 Erit
1276 1535 1474 1598 tempus
1494 1542 1613 1582 eum
1632 1541 1816 1580 sanam
1838 1524 1965 1580 doc-

345 1624 541 1679 trinam
562 1638 664 1677 non
693 1618 1039 1686 sustinebunt,
1068 1618 1159 1674 sed
1184 1620 1253 1674 ad
1281 1636 1379 1675 sua
1408 1620 1665 1675 desideria
1687 1635 1961 1675 coacerva-

2071 399 2352 463 destinant
2378 424 2393 462 :
2426 418 2485 463 ιιι
2517 406 2626 470 bis,
2656 420 2787 476 quae
2832 406 3156 483 loquantur,
3206 423 3457 483 veritatis
3483 430 3732 498 speciem

2071 496 2382 565 acquirant,
2415 500 2548 556 dum
2580 513 2707 570 quae
2734 513 2868 556 vera
2892 514 3024 562 sunt
3048 518 3107 565 et
3132 510 3286 586 loqui
3306 528 3363 574 et
3390 496 3584 583 audire
3615 540 3728 584 non

2071 601 2321 659 possunt.

2139 685 2194 787 ξ.
2236 686 2467 787 Arionis
2495 690 2816 787 cottaeniunt
2844 697 3119 767 pradicta.
3148 732 3227 747 ——
3246 705 3545 772 Incidimus
3568 716 3736 787 plane

2069 776 2123 882 in
2154 776 2614 882 hoc-prophetia:
2643 787 2970 856 apoStolicai
2997 794 3444 861 molestissimum
3489 776 3726 882 tempus.

2069 873 2419 973 Conquisitis
2477 875 2638 933 enim
2679 895 2833 938 nunc
2873 897 3142 947 creatura:
3196 897 3376 964 potius
3420 916 3582 973 quam
3606 873 3732 963 'Dci

2068 962 2461 1069 praedicandi-
2505 972 2839 1069 magistris,
2897 962 3210 1043 desideriis
3238 962 3494 1051 humanis
3550 1001 3733 1069 potius

2070 1077 2231 1135 ειυεηι
2263 1058 2365 1167 (‘ig
2390 1064 2732 1167 εῗξιὶιδξὶὐθί
2762 1068 3026 1167 doctrinis
3055 1079 3304 1140 studetur
3332 1104 3346 1139 :
3373 1095 3429 1142 ct
3457 1104 3523 1143 eo

2072 1169 2242 1227 usque
2265 1163 2369 1208 eos
2424 1156 2678 1241 Prurigo
2704 1160 2915 1219 aurium
2942 1166 3010 1222 ad
3039 1184 3101 1224 ea
3129 1188 3253 1241 qum
3278 1156 3720 1239 desideratura-uv-

2069 1247 2265 1305 dienda
2292 1238 2611 1317 excilavit,
2644 1262 2703 1308 ut
2742 1260 3076 1314 coacervatis
3104 1238 3422 1324 doctoribus
3447 1273 3563 1327 sola
3597 1238 3716 1329 bace

2070 1356 2215 1399 nunc
2234 1334 2476 1397 interim
2509 1344 2828 1413 prtedicatio
2854 1348 3070 1416 polleat,
3099 1367 3374 1426 perquam
3398 1360 3710 1431 unigenitus

2068 1435 2213 1491 Deus
2237 1449 2266 1488 a
2296 1436 2586 1503 potestate
2631 1447 2687 1492 et
2719 1438 2946 1495 veritate
2989 1441 3085 1497 Dei
3130 1446 3303 1513 patris
3346 1448 3574 1518 alienus,
3606 1461 3704 1509 aut

2067 1526 2293 1583 alterius
2322 1528 2552 1595 generis
2578 1527 2723 1584 Deus
2749 1528 2824 1583 sit
2844 1526 2896 1584 itt
2923 1529 3030 1586 lide
3056 1542 3265 1599 nostra,
3284 1545 3390 1609 aut
3418 1538 3562 1595 Deus
3582 1556 3696 1596 non

2067 1620 2178 1677 sit:
2201 1617 2487 1676 mortifera
2515 1636 2582 1677 ex
2609 1631 2841 1692 utroque
2870 1621 3171 1692 impietatis
3198 1627 3561 1697 professione.
3592 1644 3693 1692 aut

342 1716 475 1772 bunt
517 1715 614 1771 sibi
654 1714 934 1786 ntagistros
965 1711 1038 1784 (b)
1081 1714 1367 1785 prurientes
1394 1728 1547 1768 aures
1575 1729 1595 1767 :
1618 1721 1664 1766 et
1692 1729 1726 1766 a
1750 1711 1961 1766 veritate
1993 1700 2035 1762 Β
2063 1713 2202 1770 duos
2226 1713 2360 1769 deos
2389 1711 2496 1768 sub
2534 1713 2859 1770 diversitate
2898 1714 3200 1773 divinitatis
3225 1717 3307 1789 (5)
3334 1719 3683 1792 eloquentes,

336 1807 555 1881 quidem
578 1806 821 1861 auditum
846 1814 1094 1871 averterit,
1124 1804 1193 1858 ad
1221 1803 1428 1874 fabulas
1457 1813 1626 1861 autent
1656 1812 1958 1861 converten-

337 1910 429 1957 tur
473 1899 543 1974 (ll
577 1898 713 1955 Tim.
758 1914 836 1965 tv,
865 1897 947 1968 5).
977 1897 1077 1955 Ubi
1108 1897 1250 1953 enim
1280 1912 1376 1967 per
1395 1897 1687 1967 impietatis
1714 1895 1954 1953 studium

334 2003 490 2051 extra
519 2008 671 2049 sana:
698 1990 966 2047 doctrinae
1008 1991 1318 2062 patientiam
1347 2000 1530 2057 erunt,
1561 2000 1688 2046 tunc
1720 1990 1805 2045 bis
1835 2006 1958 2061 quae

334 2086 658 2144 desiderant
694 2083 1095 2141 coacervabunt
1125 2081 1439 2153 magistros,
1470 2090 1597 2153 apta
1627 2081 1837 2139 scilicet
1861 2097 1958 2138 cu-

332 2178 662 2254 piditatibus
706 2177 821 2233 suis
869 2175 1238 2232 doctrinarum
1282 2166 1527 2230 instituta
1571 2172 1952 2241 cumulantes,

333 2288 517 2346 neque
534 2270 725 2328 doceri
748 2268 1220 2332 sedcsiderantes,
1244 2267 1342 2324 sed
1366 2266 1618 2323 doctores
1637 2265 1704 2321 ad
1733 2265 1786 2322 id
1807 2266 1954 2337 quod

332 2368 655 2425 desiderant
699 2372 1136 2437 congregantes:
1170 2375 1228 2420 ut
1254 2362 1504 2419 cumulus
1531 2363 1647 2433 ipse
1675 2361 1955 2432 conquisi—

334 2471 516 2518 torum
538 2470 595 2517 et
607 2469 1054 2517 coacervatorum
1070 2458 1479 2529 magistrorum,
1493 2456 1841 2513 asstuantium
1855 2456 1956 2514 de-

333 2552 665 2610 sideriorum
690 2549 989 2607 satisfaciat
1009 2548 1292 2607 doctrinis.
1320 2548 1388 2605 Et
1410 2549 1495 2606 ltic
1522 2558 1700 2605 tantus
1717 2546 1790 2621 te)
1818 2550 1952 2606 stul-

332 2655 407 2703 tte
440 2643 866 2717 irreligiositatis
887 2642 1040 2699 furor
1070 2658 1178 2712 quo
1216 2640 1451 2699 tatntlem
1488 2641 1679 2714 spiritu
1702 2682 1716 2706 ,
1758 2655 1949 2698 sanam

332 2738 642 2795 doctrinam
673 2751 781 2793 non
825 2735 1125 2803 sustinens,
1160 2745 1472 2806 corruptam
1516 2734 1869 2802 desiderabit,
1903 2736 1951 2792 si

334 2831 582 2903 ignorat;
615 2831 684 2885 ab
710 2828 904 2885 eodem
930 2826 1193 2898 Apostolo
1213 2826 1279 2882 ad
1311 2826 1454 2884 buoc
1475 2826 1726 2883 eumdem
1756 2827 1945 2883 Timo-

336 2926 523 2982 theum
549 2923 826 2980 scribente
844 2928 1140 2993 cognoscat
1168 2939 1182 2975 :
1212 2918 1445 2992 Spiritus
1478 2929 1650 2975 autem
1676 2920 1951 2990 manifeste

335 3019 486 3087 dicit,
516 3017 638 3090 quia
659 3016 715 3071 in
743 3013 1036 3070 novissimis
1064 3014 1375 3086 temporibus
1412 3013 1645 3068 recedent
1673 3013 1887 3081 quidam
1915 3031 1949 3069 a

2060 1815 2156 1861 aut
2188 1807 2353 1862 Deum
2383 1807 2631 1878 omnino,
2655 1807 2743 1862 cui
2764 1814 2960 1861 natura
2980 1823 3046 1864 ex
3081 1809 3193 1866 Deo
3221 1826 3316 1879 per
3338 1813 3677 1873 nativitatem

2059 1898 2153 1962 sit,
2181 1899 2534 1968 abnegantes.
2569 1896 2685 1953 Hoc
2719 1897 2975 1953 alienatis
3001 1899 3070 1954 ab
3095 1898 3281 1956 auditu
3323 1903 3593 1972 veritatis,
3618 1914 3678 1962 et

2058 1991 2341 2047 conversis
2390 1990 2454 2044 ad
2507 1990 2718 2047 fabulas
2760 1990 3212 2062 auribus'placet
3251 2010 3265 2047 :
3314 1993 3475 2063 hujus
3520 2013 3672 2054 sana

2065 2082 2329 2139 doctrina:
2344 2081 2618 2139 audientis
2637 2098 2743 2138 non
2776 2081 3103 2149 sustinetur,
3125 2090 3181 2139 et
3202 2084 3316 2155 ipsa
3339 2088 3521 2143 omnis
3542 2102 3670 2145 cum

2061 2173 2509 2247 praedicatoribus
2521 2175 2633 2232 suis
2658 2174 2890 2231 exsulat.

2129 2267 2186 2323 4.
2228 2265 2466 2324 Hilarius
2508 2270 2564 2324 in
2592 2268 2778 2325 exsilio
2827 2269 2960 2325 liber
3003 2285 3065 2324 ac
3093 2270 3262 2329 Iratus.
3293 2301 3368 2312 —
3396 2272 3504 2331 Sed
3534 2273 3667 2331 licet

2061 2362 2142 2433 (6)
2185 2363 2260 2433 (ε)
2289 2379 2434 2421 nunc
2453 2378 2483 2420 a
2513 2364 2720 2430 multis,
2754 2365 3210 2421 coacervantibus
3235 2366 3337 2422 sibi
3362 2367 3667 2425 secundum

2055 2452 2325 2511 desideria
2353 2469 2448 2510 sua
2479 2457 2791 2525 magistros,
2821 2470 2950 2513 sana
2978 2455 3229 2512 doctrina
3271 2458 3518 2527 exsulat;
3547 2475 3661 2518 non

2057 2557 2240 2607 tamen
2287 2566 2317 2605 ει
2360 2551 2563 2607 sanctis
2610 2551 2916 2620 quibusque
2976 2548 3377 2620 praedicationis
3452 2552 3659 2609 veritas

2055 2640 2128 2715 (f)
2150 2642 2435 2699 exsulabit.
2470 2642 2780 2712 Loquentur
2799 2641 2944 2701 enim
2966 2642 3189 2699 exsules
3217 2657 3312 2709 per
3332 2641 3432 2699 bos
3460 2642 3656 2714 libros,

2053 2744 2110 2793 et
2137 2751 2319 2792 sermo
2334 2735 2452 2802 Dei,
2466 2737 2554 2807 qui
2576 2735 2766 2792 vinciri
2785 2751 2891 2792 non
2906 2744 3102 2807 potest,
3136 2736 3276 2793 liber
3295 2746 3573 2805 excurrat,
3586 2739 3661 2797 de

2055 2830 2160 2889 boc
2181 2831 2373 2889 eodem
2394 2830 2710 2900 apostolica:
2733 2831 3029 2901 prophetia:
3043 2829 3345 2888 admonens
3367 2839 3619 2901 tempore
3642 2849 3659 2889 :

2053 2932 2114 2981 ut
2141 2938 2267 2980 cum
2296 2922 2515 2980 auditus
2537 2922 2786 2979 veritatis
2810 2923 3100 2993 impatiens
3128 2921 3579 2993 deprehenditur.
3603 2932 3663 2980 et

2052 3014 2353 3073 secundum
2377 3014 2649 3072 desideria
2680 3012 2914 3071 humana
2946 3013 3253 3071 coacervati
3295 3012 3541 3084 magistri
3570 3029 3663 3073 re-

338 3109 466 3180 ﬁde,
495 3108 814 3164 attendentes
842 3104 1111 3179 spiritibus
1153 3105 1525 3171 seductoribus,
1557 3105 1807 3159 doctrinis
1832 3105 1946 3161 ἀίει
1975 3091 2021 3155 C
2056 3107 2361 3180 periurum,
2387 3108 2499 3179 jam
2530 3106 2601 3164 de
2630 3116 2874 3179 [etnpore
2893 3122 3000 3163 non
3022 3107 3353 3178 ambigatur;
3384 3106 3478 3162 sed
3513 3107 3567 3161 in
3587 3123 3659 3165 eo

343 3205 634 3259 naeniarum
683 3203 737 3257 in
803 3200 1072 3274 hypocrisi
1126 3198 1207 3273 (2)
1273 3197 1354 3272 (d)
1418 3199 1951 3268 mendaciloquiorum

340 3296 387 3370 (ι
400 3294 540 3353 Tim.
562 3310 636 3364 tv,
664 3294 740 3365 1).
757 3293 859 3362 Qui
884 3296 1030 3349 enim
1050 3290 1309 3347 doctrinae
1334 3288 1604 3360 profectus
1619 3300 1723 3359 est,
1751 3290 1949 3362 placita

340 3389 513 3460 magis
543 3403 702 3458 quam
729 3384 974 3442 docenda
1006 3383 1368 3455 conquirere?
1404 3386 1511 3438 Aut
1536 3397 1659 3454 quae
1684 3382 1951 3441 doctrina:

339 3482 534 3555 religio
558 3491 662 3549 est,
692 3496 798 3538 non
830 3480 1076 3537 docenda
1108 3478 1441 3547 desiderare,
1491 3477 1587 3534 sed
1624 3477 1951 3537 desideratis

338 3591 663 3634 coacervare
691 3572 1040 3631 doctrinam?
1085 3571 1193 3628 Sed
1235 3573 1351 3629 bare
1378 3570 1756 3629 seducentium
1782 3573 1952 3645 Spiri-

342 3678 494 3725 tnum
525 3669 788 3725 incentiva
829 3664 1203 3737 suppeditant,
1249 3672 1304 3720 et
1350 3664 1621 3720 simulata:
1666 3664 1951 3737 religionis

339 3762 640 3834 falsiloquia
669 3761 1016 3818 conﬁrmant.
1048 3757 1305 3828 Sequitur
1342 3759 1488 3814 enim
1520 3755 1644 3812 ﬁdei
1689 3757 1952 3815 defectio-

340 3872 469 3914 nem
493 3855 795 3929 hypocrisis
836 3852 1094 3919 mendax,
1141 3861 1197 3907 ut
1222 3852 1296 3907 sit
1325 3851 1411 3907 vel
1441 3853 1494 3906 in
1538 3849 1721 3906 verbis
1750 3852 1942 3922 pietas,

340 3965 504 4021 quam
535 3948 776 4004 amiserit
804 3944 1158 4002 conscientia.
1196 3943 1257 4000 Et
1285 3944 1455 4016 ipsam
1483 3940 1701 4013 quidem
1727 3942 1951 3999 simula-

340 4053 451 4100 tam
475 4043 726 4115 pietatem
755 4039 903 4097 omni
925 4039 1216 4094 verborum
1247 4035 1530 4095 mendacio
1575 4035 1795 4107 impiam
1826 4035 1947 4093 red-

339 4138 500 4203 dunt,
531 4136 678 4193 falsae
692 4135 955 4192 doctrinae
973 4132 1236 4189 institutis
1257 4137 1671 4201 corrumpentes
1691 4129 1771 4205 (ὅ)
1789 4145 1946 4187 sanc-

340 4233 555 4290 titatetn
599 4230 762 4286 ﬁdei:
805 4231 934 4285 dum
978 4225 1277 4284 secundum
1323 4224 1593 4282 desideria
1641 4225 1945 4281 studiorum

338 4323 545 4397 potius,
573 4336 735 4393 quam
774 4319 1070 4377 secundum
1115 4318 1479 4388 evangelicam
1510 4315 1692 4386 fidem,
1726 4331 1946 4373 coacer-

341 4425 462 4475 vata
490 4413 735 4471 doctrina
778 4423 882 4469 est.
929 4410 1165 4467 Auribus
1190 4411 1333 4466 enim
1363 4407 1641 4482 prurigine
1686 4410 1943 4474 incitatis.

2053 3203 2395 3265 coessulare,
2442 3198 2839 3255 exsultantibus
2861 3213 3006 3254 sana:
3036 3196 3160 3253 ﬁdei
3184 3197 3656 3269 praedicatoribus,

2054 3293 2256 3350 veritas
2302 3291 2655 3364 intelligatur.
2705 3291 2785 3349 Ae
2813 3291 2881 3347 de
2912 3292 3249 3364 tctnporibus
3294 3308 3402 3348 non
3455 3307 3654 3364 quere-

2053 3403 2179 3446 mur
2208 3405 2222 3442 :
2252 3388 2382 3457 quin
2426 3388 2588 3443 etiam
2618 3385 2997 3458 gaudebimus,
3028 3386 3154 3454 quia
3185 3385 3438 3459 iniquitas
3465 3400 3528 3442 se
3558 3401 3658 3456 per

2054 3481 2159 3538 hoc
2185 3480 2362 3539 exsilii
2409 3482 2579 3538 nostri
2627 3490 2841 3552 tempus
2882 3481 3204 3546 ostenderit,
3253 3497 3363 3552 quo
3406 3482 3657 3539 veritatis

2052 3574 2340 3646 impatiens
2365 3587 2513 3630 sanae
2533 3573 2796 3631 doctrinae
2818 3573 3201 3644 praedicatores
3221 3617 3236 3642 ,
3268 3584 3330 3631 ut
3354 3575 3653 3633 secundum

2052 3667 2318 3725 desideria
2345 3682 2441 3724 sua
2462 3666 2545 3741 (7)
2591 3674 2877 3724 erracervet
2901 3666 3003 3722 sibi
3035 3666 3350 3737 magistros,
3392 3666 3603 3735 relegat
3636 3684 3654 3724 :

2051 3758 2245 3816 exsilio
2263 3768 2450 3816 nostro
2471 3760 2716 3816 laetantes
2731 3768 2784 3814 et
2804 3758 3135 3815 exsultantes
3158 3759 3211 3814 in
3234 3758 3484 3823 Domino,
3511 3772 3649 3815 con~

2049 3854 2256 3911 stitisse
2276 3853 2331 3909 in
2356 3854 2512 3911 nobis
2533 3852 2920 3927 plenitudinem
2945 3852 3260 3923 apostolicae
3286 3850 3601 3924 prophetiae.

2125 3946 2178 4003 5.
2228 3946 2396 4014 Quam
2434 3957 2581 4003 caute
2623 3964 2679 4003 se
2707 3947 2920 4019 gesserit
2958 3946 3309 4021 superioribus
3348 3946 3513 4003 libris.
3541 3946 3648 4004 So-

2050 4040 2243 4096 lemnes
2268 4040 2580 4096 Arianorum
2624 4040 2896 4098 calumnia:
2939 4042 2993 4096 in
3034 4040 3347 4099 Catltott'cos.
3376 4070 3449 4083 -—
3472 4040 3650 4114 Supe-

2051 4132 2286 4191 rioribus
2310 4133 2475 4205 igitur
2499 4133 2697 4191 libellis
2736 4138 2996 4204 sincerae,
3029 4144 3087 4190 ut
3124 4135 3385 4202 arbitror,
3418 4134 3543 4191 ﬁdei
3591 4144 3647 4192 et

2052 4224 2491 4282 incontaminatis
2566 4228 2814 4285 veritatis
2880 4229 3273 4299 professionem
3353 4238 3647 4297 tenentes,

2051 4334 2377 4392 quamquam
2396 4322 2691 4379 secundum
2716 4323 2964 4379 humana:
2983 4335 3186 4379 natura:
3204 4323 3650 4381 consuetudinem

2050 4411 2232 4467 nullus
2263 4427 2445 4469 sermo
2476 4428 2583 4470 non
2615 4416 2684 4471 sit
2733 4416 3002 4471 obnoxius
3048 4415 3484 4480 contradictioni,
3530 4430 3649 4473 eam

334 4510 469 4566 dum
516 4522 613 4577 per
661 4505 912 4563 audiendi
961 4502 1337 4575 impatientem
1383 4501 1804 4559 oblectationem
1843 4503 1947 4559 sub
1973 4518 2024 4579 ι)
2050 4512 2227 4560 tamen
2258 4520 2357 4561 nos
2381 4507 2617 4564 arbitror
2633 4509 2797 4564 totius
2826 4506 3197 4579 responsionis
3227 4516 3428 4564 nostra:
3449 4507 3641 4564 mode-

332 4601 554 4661 novella
584 4598 844 4656 desiderii
892 4597 975 4653 sui
1026 4594 1412 4668 praedicatione
1456 4593 1796 4665 scalpuntur,
1840 4595 1944 4667 ipsi

407 4740 494 4814 tl)
542 4739 828 4814 Υοικξπιαιίτ

406 4802 486 4884 (θ’
536 4806 1144 4882 Mendacioloquentiutu.
1172 4803 1384 4874 Grtece,
1417 4802 1758 4880 ψευδολόγων.

405 4818 494 4961 (εἰ
535 4883 846 4961 genitalem.
878 4953 892 4961 .

406 4953 488 5031 (4)
532 4954 742 5012 Sancta
766 4953 911 5024 fidei.

406 5096 486 5170 (α)
525 5097 585 5153 ln
610 5094 846 5170 esensis,
876 5091 1129 5148 uoluntati
1152 5097 1489 5160 quareretur.
1521 5088 1660 5147 Tum
1690 5089 1743 5147 in
1775 5088 1945 5163 pluri-

323 5166 435 5229 bus
448 5166 586 5225 mss.
613 5167 661 5223 si
686 5166 1014 5222 voluntatem.

406 5240 487 5316 (ὸ)
530 5237 1049 5316 S_ic_pler_ique_mss.
1074 5232 1287 5316 favente
1313 5248 1493 5316 κτεὶςο
1520 5234 1810 5316 quaepim
1845 5240 1938 5296 τήν

325 5304 512 5374 ἆκᾶήὶι.
541 5304 708 5368 Solus
731 5304 855 5381 Vat.
900 5306 1018 5381 bas.
1049 5305 1224 5381 code;
1249 5319 1371 5381 cum
1412 5304 1625 5361 Martio.
1658 5304 1947 5381 sculpentes

325 5401 513 5449 aures,
545 5380 821 5455 quomodo
842 5375 1167 5455 legitur'lib.
1211 5376 1265 5431 in
1286 5375 1596 5446 Coustant.,
1623 5393 1681 5435 ιι.
1714 5375 1942 5434 L'Editi

326 5472 492 5521 vero,
522 5450 816 5527 prurientes
844 5450 1076 5527 auribus.

403 5519 485 5600 (ε)
523 5519 664 5582 Editi
692 5565 708 5592 ,
772 5522 944 5580 stulta:
983 5519 1391 5593 religiositatis;
1461 5520 1824 5579 emendantur
1871 5536 1939 5579 ex

325 5614 469 5658 mss.

407 5668 492 5744 (ά)
533 5667 759 5744 Aliquot
790 5679 922 5744 n_tss_.
953 5679 1077 5744 cn_m
1104 5664 1342 5744 vulgata,
1373 5663 1701 5744 mendacium
1722 5664 1935 5734 loquen-

329 5734 486 5797 tium;
519 5734 626 5798 Alii
646 5734 774 5796 cum
807 5737 963 5810 Bad.-‘,
997 5738 1086 5793 Er.
1117 5734 1173 5793 et
1201 5734 1376 5805 Li’ps.,
1402 5735 1929 5807 mendaciloquorum.

2050 4606 2201 4654 ratos
2243 4612 2367 4658 esse
2397 4601 2686 4673 rationem,
2718 4611 2776 4659 ut
2803 4602 3177 4660 contradicere
3221 4602 3506 4675 quisquam
3546 4601 3654 4658 nisi

2147 4739 2203 4813 ὁ)
2239 4738 2548 4813 ζιοᾳιιεηιθε.

2146 4810 2205 4875 ϐί)
2242 4810 2385 4869 Licet
2413 4830 2549 4869 cum.

2121 4882 2201 4957 ('7)
2239 4882 2592 4943 Coaeeroaret.

2049 5090 2221 5159 Quam
2243 5106 2368 5148 cum
2396 5091 2519 5149 Par.
2550 5107 2617 5149 ac
2655 5091 2929 5150 veteribus
2972 5106 3102 5149 mss.
3152 5090 3306 5149 Colb.
3358 5101 3413 5148 et
3462 5089 3646 5148 Germ.

2051 5163 2391 5235 praeferimus
2416 5162 2732 5235 lectionem,
2762 5164 3086 5221 conﬁrmant
3108 5162 3513 5234 subsequentia.

2145 5234 2192 5302 e)
2231 5234 2288 5291 ιιι
2313 5248 2471 5302 mss.,
2500 5234 2619 5290 licet
2648 5252 2787 5300 cum,
2822 5252 2927 5292 non
2953 5237 3071 5291 licet
3091 5251 3243 5291 nunc.

2142 5304 2191 5378 Ῑ)
2234 5304 2291 5361 In
2318 5304 2572 5378 vulgatis,
2616 5306 2844 5378 eculavit
2871 5308 3001 5378 :_cui
3032 5307 3199 5362 verbo
3230 5321 3337 5362 non
3370 5306 3502 5362 satis
3524 5320 3643 5361 mo-

2046 5376 2199 5433 deste
2220 5376 2571 5448 subjungeret
2601 5376 2856 5445 Hilarius,
2889 5376 3179 5448 Loquemur
3202 5379 3357 5443 enim,
3387 5394 3447 5435 se
3475 5392 3640 5433 unum

2044 5462 2114 5504 ex
2134 5449 2383 5504 omnibus
2407 5449 2608 5503 sanctis
2631 5464 2963 5505 memorans.
2988 5449 3072 5505 Ab
3092 5449 3193 5503 ltoc
3211 5448 3486 5518 iactantia:
3511 5450 3641 5504 vitio

2044 5534 2349 5603 sermonem
2363 5519 2537 5603 “illius
2567 5529 2757 5603 purgat
2779 5521 2963 5603 .lectio
3003 5535 3134 5576 mss.
3164 5520 3419 5603 eamtabit
3446 5536 3464 5576 :
3495 5530 3555 5603 ut
3582 5522 3640 5579 τὸ

2042 5592 2233 5647 sanctis
2265 5590 2333 5645 ad
2361 5590 2548 5646 fideles
2572 5590 2823 5647 veritatis
2854 5602 3099 5648 amantes
3125 5593 3411 5659 referatur,
3444 5592 3640 5661 quibus

2041 5676 2224 5734 veram
2247 5661 2571 5734 doctrinam,
2595 5662 2860 5721 librorum
2881 5676 3103 5727 suorum
3124 5662 3392 5734 subsidio,
3416 5663 3641 5721 minime

2039 5733 2405 5813 exsulatul-am
2434 5733 2737 5806 pollicetur:
