4266 6260
581 233 688 290 517

1774 235 2016 296 SANCTI
2051 237 2303 298 IIILABII
2339 241 2639 302 EPISCOPI

3781 257 3887 312 MS

579 363 701 405 cum
727 350 1023 423 impietatis
1052 353 1392 424 professione
1423 365 1528 408 non
1572 354 1760 423 possit.
1794 353 1992 409 Eorum
2025 355 2169 410 enim
2201 359 2253 419 Α
2349 359 2404 413 7.
2449 359 2589 425 Quid
2631 361 2696 417 de
2742 365 3036 436 temporali.
3073 395 3141 410 --
3171 366 3349 439 Atque
3392 367 3472 441 (g)
3499 366 3636 424 hanc
3666 369 3884 441 quidem

581 441 876 513 dictorum,
922 459 1044 517 quae
1070 445 1366 500 secundum
1415 444 1708 516 lalsiloquii
1759 447 1842 501 sui
1896 455 2179 503 artem.ex

582 533 891 608 Evangeliis
922 536 1162 593 ltasretiei
1193 549 1546 608 praesumam,
1578 539 1648 592 ita
1694 539 2062 595 demonstrata
2091 555 2186 595 vc-

581 631 717 686 ritas
742 642 844 693 est,
876 639 936 685 ut
960 630 1070 700 jam
1100 631 1152 686 in
1174 631 1603 686 contradictione
1633 633 1993 704 ignorantiam
2019 631 2186 706 325

583 739 844 782 excusare
877 737 982 779 non
1023 723 1204 790 liceat,
1241 726 1336 781 sed
1365 726 1826 796 irreligiositatem
1858 742 2084 783 necesse
2114 729 2184 783 sit

583 815 849 872 confiteri.
887 817 1018 870 Eam
1052 831 1269 888 quoque
1291 833 1457 884 nunc,
1490 819 1789 874 secundum
1819 821 1990 874 sancti
2013 818 2186 889 Spiri-

585 922 669 966 tus
695 911 916 975 donum,
954 912 1374 982 temperavimus
1415 912 1580 968 totius
1609 913 1733 968 lidei
1765 912 2184 969 demonstratio-

584 1021 730 1070 nem,
765 1004 842 1077 (a)
876 1017 932 1060 ut
964 1021 1031 1060 ne
1077 1005 1204 1078 quid
1235 1007 1482 1061 ementiri
1514 1007 1706 1060 saltem
1757 1008 2043 1062 adversum
2087 1021 2188 1062 nos

583 1099 828 1154 criminis
871 1108 1112 1169 possent.
1143 1099 1333 1154 Solent
1361 1099 1503 1154 enim
1546 1099 1619 1154 ita
1650 1099 1717 1155 de
1753 1099 1910 1154 nobis
1959 1100 2186 1168 implere

582 1209 742 1249 aures
763 1194 1145 1265 ignorantium,
1165 1203 1222 1248 ut
1246 1209 1344 1248 nos
1356 1208 1597 1248 asserant
1615 1209 1811 1265 negare
1825 1194 2184 1259 nativitatem,

584 1301 707 1342 cum
737 1286 998 1340 unitatem
1024 1283 1324 1340 divinitatis
1349 1284 1702 1355 praedicaturus
1734 1301 1749 1338 :
1782 1294 1836 1340 et
1858 1285 2039 1339 dicant
2061 1283 2189 1341 soli-

586 1381 780 1434 tarium
811 1393 842 1433 a
875 1377 1030 1434 nobis
1058 1394 1153 1447 per
1183 1378 1284 1432 hoc
1306 1419 1320 1444 ,
1357 1379 1431 1447 (ὁ)
1464 1376 1577 1448 Ego
1603 1386 1653 1430 et
1683 1375 1890 1432 Patrem
1913 1393 2072 1431 unum
2102 1393 2190 1430 su-

585 1487 697 1526 mus
727 1470 908 1543 (Joan.
959 1487 987 1524 ι
1012 1511 1027 1537 ,
1061 1470 1178 1539 30),
1208 1470 1499 1540 signiticari
1534 1469 1700 1524 Deum
1734 1487 1747 1523 :
1783 1477 1838 1524 ut
1857 1469 2190 1524 innascibilis

588 1568 729 1622 Deus
777 1565 1115 1620 descendens
1158 1566 1208 1617 in
1242 1564 1516 1634 Virginem
1560 1563 1725 1618 homo
1780 1573 1938 1618 natus
1973 1564 2063 1629 sit,
2097 1563 2189 1632 qui

588 1663 660 1734 (a)
681 1663 747 1716 ad
771 1660 1227 1732 dispensationem
1257 1659 1435 1712 carnis
1461 1657 1510 1712 id
1537 1658 1678 1728 quod
1699 1659 1772 1711 ita
1789 1657 2031 1728 coeperit,
2052 1655 2186 1728 Ego,

2283 461 2338 507 et
2382 453 2816 525 intemporalem,
2865 465 2921 515 et
2965 459 3408 530 inenarrabilem,
3453 471 3510 519 et
3532 477 3749 520 omnem
3783 465 3882 520 Ιιιιο

2283 557 2459 600 mante
2507 547 2880 620 intelligentia:
2939 568 3156 608 sensum
3208 555 3561 612 excedentem
3610 557 3884 628 Unigeniti

2283 641 2686 709 generationem
2731 643 3110 714 prmdicantes,
3142 647 3252 702 nati
3290 663 3505 720 quoque
3534 650 3585 704 in
3611 651 3886 709 hominem

2284 747 2351 788 ex
2380 743 2532 803 partu
2585 735 2814 807 Virginis
2862 738 2956 794 Dei
2998 751 3394 796 sacramentum
3439 742 3886 802 docuimuszde-

2285 835 2650 883 monstrantes
2679 829 2976 884 secundum
3007 832 3170 907 325
3215 833 3678 905 dispensationem
3707 838 3884 893 carnis

2283 930 2596 990 assumptus,
2633 929 2742 976 tum
2771 938 2914 981 .cmn
2943 939 3001 979 se
3028 941 3094 981 ex
3127 929 3296 982 l'orrna
3344 928 3436 982 Dei
3478 943 3745 984 evacuans
3776 930 3888 986 lor-

2288 1027 2431 1065 mam
2460 1014 2600 1067 servi
2633 1015 2860 1085 accepit,
2889 1015 3259 1074 inﬁrmitatem
3296 1021 3512 1076 habitus
3542 1021 3764 1078 humani
3795 1023 3885 1079 Dei

2289 1117 2394 1157 non
2421 1104 2720 1160 inlirmasse
2751 1115 3013 1174 naturam,
3047 1110 3142 1166 sed
3192 1111 3338 1167 salva
3371 1113 3668 1169 divinitatis
3701 1116 3752 1170 in
3784 1115 3886 1170 bo-

2290 1196 2433 1250 mine
2464 1197 2658 1252 virtute
2681 1200 2994 1270 acquisitam
3025 1217 3147 1258 esse
3174 1203 3263 1258 Dei
3295 1204 3359 1259 ad
3394 1205 3666 1260 hominem
3693 1216 3876 1276 potes-

2289 1297 2472 1344 tatem.
2507 1289 2747 1362 Namque
2771 1307 2891 1349 cum
2917 1293 2996 1368 (h)
3031 1295 3085 1350 in
3115 1295 3387 1354 hominem
3423 1299 3564 1354 Deus
3595 1308 3753 1356 natus
3781 1301 3887 1367 sit;

2292 1397 2400 1437 non
2434 1382 2635 1440 idcirco
2665 1394 2822 1442 natus
2861 1398 2964 1454 est,
2996 1403 3062 1444 ne
3105 1405 3210 1445 non
3242 1391 3383 1447 Deus
3415 1403 3676 1459 maneret,
3701 1394 3795 1448 sed
3833 1403 3892 1448 ut

2293 1483 2547 1530 manente
2607 1477 2715 1532 Deo
2764 1479 2928 1534 homo
2982 1491 3135 1537 natus
3185 1484 3238 1539 in
3299 1485 3464 1540 Deum
3516 1488 3603 1541 sit.
3661 1486 3791 1542 Nam
3835 1495 3894 1542 ct

2291 1565 2374 1638 (2)
2403 1567 2714 1625 Emmanuel
2739 1585 2935 1626 nomen
2957 1574 3072 1644 ejus
3085 1585 3168 1630 est
3188 1575 3402 1647 (Matth.
3424 1594 3462 1644 ι,
3491 1577 3604 1652 25),
3629 1580 3769 1650 quod
3802 1590 3891 1636 est

2293 1660 2573 1714 nobiscum
2600 1661 2741 1716 Deus
2765 1681 2778 1716 :
2806 1673 2863 1718 ut
2887 1677 2990 1720 non
3019 1665 3254 1723 defeetio
3276 1668 3371 1724 Dei
3399 1669 3466 1725 ad
3497 1673 3766 1727 hominem
3796 1673 3891 1740 sit,

585 1754 652 1808 ad
676 1753 971 1808 divinitatis
1000 1766 1113 1806 sum
1155 1763 1288 1806 vero
1315 1747 1837 1804 demonstrationem
1866 1747 2180 1817 subiecerit,
2213 1749 2260 1810 B
2287 1752 2382 1807 sed
2415 1751 2648 1809 hominis
2681 1756 2952 1825 profectus
2989 1760 3054 1813 ad
3088 1761 3253 1816 Deum
3284 1763 3354 1818 sit
3394 1762 3573 1836 (Joan.
3614 1781 3748 1832 xvtt,
3803 1767 3886 1836 5).

587 1855 636 1901 et
667 1844 844 1908 Pater,
879 1854 1154 1913 tamquam
1179 1843 1334 1913 hujus
1357 1841 1594 1896 hominis
1621 1842 1702 1895 sui
1733 1848 1885 1912 pater
1912 1850 2087 1905 esset;
2117 1855 2186 1894 ex

587 1938 798 1994 duobus
820 1955 948 1995 vero
971 1942 1294 2004 consistens,
1320 1938 1539 1993 homine
1563 1937 1773 1991 scilicet
1797 1945 1850 1990 et
1874 1935 2002 2000 Deo,
2034 1933 2104 1989 de
2131 1948 2191 1988 se

586 2033 798 2087 locutus
826 2033 915 2096 sit,
952 2048 1111 2087 unum
1136 2047 1332 2086 simius.

661 2125 716 2180 6.
763 2125 899 2190 Quid
922 2124 1167 2180 hactenus
1185 2125 1374 2179 dictum
1398 2124 1462 2179 de
1487 2133 1677 2178 aeterna
1695 2121 1820 2177 Filii
1840 2121 2190 2194 generatione.

589 2245 660 2257 -—-
697 2216 804 2273 Sed
856 2232 955 2272 nos
1001 2218 1332 2273 nativitatem
1364 2218 1747 2272 subsistentem
1793 2219 1914 2272 sine
1943 2224 2188 2284 tempore

593 2299 975 2379 protestantes,
1021 2310 1433 2379 pra-dicavimus
1463 2311 1630 2366 Deum
1661 2311 1829 2366 lilium
1861 2325 1968 2364 non
1996 2310 2191 2364 alienae

591 2416 622 2454 a
655 2400 764 2456 Deo
794 2413 944 2471 patre
973 2384 1180 2458 natura:
1227 2404 1396 2459 Deum
1427 2422 1438 2457 :
1472 2418 1648 2474 neque
1668 2417 1734 2458 ex
1764 2403 2184 2458 innascibilitate

590 2492 897 2551 lnnascibili
920 2497 1271 2566 comqualem,
1292 2497 1388 2552 sed
1415 2513 1479 2552 ex
1508 2497 1860 2569 generatione
1882 2499 1960 2566 (d)
1995 2496 2162 2566 Unige
2180 2519 2192 2530 -

591 2587 686 2641 niti
720 2602 824 2642 non
853 2587 1126 2658 disparem
1152 2604 1164 2642 :
1189 2603 1365 2660 neque
1393 2605 1556 2644 unum
1588 2603 1686 2645 eos
1712 2604 1834 2645 esse
1857 2605 1925 2646 ex
1954 2595 2194 2660 gemina-

591 2681 658 2735 tis
685 2681 995 2736 nominibus
1022 2681 1096 2756 (e)
1128 2685 1343 2739 unionis
1362 2723 1376 2749 ,
1410 2685 1504 2740 sed
1533 2701 1597 2740 ex
1641 2686 1924 2742 nativitate
1944 2695 2154 2741 naturm
2179 2707 2193 2744 :

590 2787 766 2842 neque
795 2773 933 2828 duos
977 2773 1112 2830 deos
1162 2791 1257 2844 per
1298 2775 1668 2832 diversitatem
1719 2777 1936 2848 generis
1986 2777 2040 2833 in
2085 2777 2196 2835 ﬁde

589 2879 734 2931 esse,
786 2879 964 2936 neque
1003 2881 1219 2922 rursum
1265 2869 1590 2939 singularem
1623 2867 1702 2941 (l)
1737 2868 1806 2942 (1)
1851 2870 1974 2940 quia
2022 2871 2196 2925 solum

597 2959 784 3024 Deum,
818 2960 907 3015 ubi
941 2973 1340 3018 sacramentum
1376 2964 1467 3019 Dei
1513 2964 1771 3034 unigeniti
1815 2972 1902 3020 est
1937 2965 2199 3020 conﬁtens

594 3053 722 3109 dum
748 3069 762 3120 ;
791 3052 886 3110 sed
908 3054 959 3108 in
987 3054 1145 3109 Patre
1164 3054 1452 3126 signiﬁcari
1475 3064 1637 3126 atque
1664 3071 1791 3112 esse
1821 3056 2040 3124 Filium,
2065 3056 2196 3110 dum

594 3146 647 3201 in
676 3161 745 3202 eo
765 3154 821 3202 et
850 3157 1037 3201 natura
1069 3147 1242 3202 Patris
1270 3157 1324 3202 et
1352 3161 1546 3202 nomen
1579 3146 1717 3220 (scil.
1747 3150 1978 3218 naturae)
1999 3159 2104 3214 est,
2135 3151 2186 3202 in
2224 3147 2269 3210 C
2304 3185 2448 3226 mam
2500 3173 2722 3246 inlemgi

595 3239 734 3294 Filio
763 3253 892 3294 vero
917 3239 1131 3294 Patrem
1165 3239 1390 3312 intelligi
1415 3255 1477 3296 ac
1509 3255 1748 3307 manere,
1779 3241 1904 3295 dum
1932 3241 2074 3296 ﬁlius
2099 3257 2192 3296 tte-

593 3349 699 3407 que
726 3334 835 3390 dici
883 3343 1060 3406 potest
1103 3334 1204 3389 nisi
1243 3349 1308 3389 ex
1337 3346 1504 3405 patre,
1539 3349 1716 3406 neque
1757 3349 1880 3392 esse
1915 3351 1928 3389 :
1963 3336 2196 3390 viventis

593 3447 808 3503 quoque
841 3441 1048 3487 natura:
1089 3446 1208 3486 esse
1236 3434 1502 3488 viventem
1555 3433 1862 3501 imaginem,
1916 3440 1972 3486 et
2019 3432 2197 3488 censio

594 3533 808 3593 gnatam
840 3525 1154 3578 naturaliter
1188 3523 1279 3579 Dei
1327 3526 1378 3578 in
1434 3525 1542 3579 Deo
1587 3525 1812 3579 formam
1845 3535 2014 3595 usque
2057 3524 2196 3580 adeo

593 3614 952 3670 iiidilforentis
978 3617 1259 3684 potestatis
1283 3624 1337 3671 et
1357 3619 1589 3688 generis,
1635 3627 1690 3671 ut
1720 3619 1770 3671 in
1804 3631 1870 3672 eo
1907 3632 2004 3672 nec
2031 3631 2192 3688 opus,

596 3723 698 3764 nec
726 3723 928 3772 sermo,
979 3725 1078 3764 nec
1109 3711 1252 3764 visus
1279 3709 1488 3765 alienus
1530 3725 1558 3762 a
1605 3709 1759 3764 Patre
1787 3710 1857 3764 sit
1888 3727 1898 3761 :
1933 3709 2026 3763 sed
2071 3723 2195 3764 cum

593 3801 914 3856 naturaliter
943 3802 994 3855 in
1019 3814 1078 3856 se
1107 3801 1303 3856 habeat
1335 3801 1570 3855 auctoris
1600 3803 1682 3853 sui
1716 3800 1892 3870 imago
1923 3811 2194 3866 naturam,

597 3909 693 3964 per
725 3896 1021 3951 naturalem
1047 3911 1263 3966 quoque
1292 3895 1580 3966 imaginetn
1603 3908 1755 3951 suam
1781 3904 1970 3950 auctor
1991 3905 2043 3950 et
2067 3909 2198 3966 ope-

591 3995 759 4052 ratus,
793 3998 847 4042 et
879 3987 1108 4052 locutus,
1139 3994 1195 4042 et
1220 3989 1364 4042 visus
1393 3989 1483 4042 sit.

669 4121 748 4200 (*l)
793 4125 967 4182 Verba
999 4124 1118 4196 quia
1143 4123 1310 4180 solum
1339 4122 1540 4179 desunt
1567 4121 1620 4179 in
1643 4121 1832 4180 codice
1862 4119 2064 4178 Veron.

670 4265 747 4336 (a)
785 4264 860 4319 ita
892 4279 1023 4319 mss.
1058 4262 1200 4336 Editi
1232 4277 1381 4332 vero,
1413 4270 1471 4316 ut
1496 4279 1558 4318 ne
1579 4265 1786 4335 quidem
1811 4261 2198 4318 mentiri...cri-

601 4335 754 4408 minis
782 4336 980 4408 aliquid
1001 4335 1217 4408 possint.

673 4405 750 4480 (ὸ)
787 4405 843 4480 In
882 4404 1108 4476 Vulgatis
1152 4405 1238 4461 hic
1263 4404 1478 4462 additur
1497 4405 1633 4479 quod
1675 4405 1921 4479 scriptum
1958 4413 2036 4461 est
2064 4421 2082 4460 :
2110 4420 2197 4462 re-

597 4477 929 4546 fragantibus
960 4491 1088 4532 utss.

673 4553 745 4623 (ο)
791 4551 915 4605 Haec
946 4550 1125 4614 lectio,
1156 4559 1276 4623 quat
1301 4558 1387 4606 est
1418 4549 1801 4623 plerorumque
1832 4563 1905 4623 _a_c
1932 4548 2200 4623 sincerio-

597 4619 877 4679 rum'mss.
915 4623 1119 4690 integra
1147 4622 1271 4685 erit,
1303 4623 1349 4676 si
1379 4621 1597 4676 verbum
1623 4623 1811 4692 referat
1831 4619 1919 4692 hic
1941 4619 2196 4688 suppleao

599 4703 706 4750 tur.
746 4694 797 4748 In
833 4693 1003 4747 tribus
1036 4708 1165 4746 mss.
1185 4693 1516 4762 exstat,quia
1539 4692 1606 4745 ad
1625 4691 2056 4762 dispensationem
2083 4706 2195 4743 cnr-
2225 4691 2280 4754 D

599 4768 679 4820 nis
708 4766 772 4818 sit
801 4765 937 4832 quod
970 4765 1064 4828 ita,
1089 4771 1195 4817 etc.
1231 4767 1297 4816 At
1330 4765 1379 4816 in
1405 4761 1634 4827 vulgatis
1655 4764 1861 4831 absque
1885 4761 1993 4816 ulla
2013 4771 2200 4816 aucto-

598 4839 758 4892 ritate
787 4837 1029 4896 habetur,
1059 4836 1185 4906 quia
1209 4835 1278 4887 ad
1297 4835 1731 4906 dispensationem
1750 4832 1921 4906 carnis
1948 4833 2197 4906 pertineat

599 4909 654 4962 id
683 4907 817 4978 quod
844 4909 936 4971 ita,
969 4915 1075 4978 etc.
1128 4904 1224 4978 Hic
1255 4905 1712 4978 notaturSabellii
1740 4904 2016 4978 doctrina,
2047 4905 2199 4976 cujus

601 4976 857 5034 invidiam
881 4979 934 5032 in
958 4976 1269 5030 Catholicos
1300 4976 1486 5032 Ariani
1512 4976 1884 5032 conferebant.

678 5073 756 5144 (ά)
781 5072 944 5134 Editi,
968 5079 1194 5138 excepto
1219 5071 1339 5144 Par.
1368 5072 1728 5144 unigenitum;
1755 5073 1917 5130 male.
1946 5071 2076 5144 Nam
2103 5087 2200 5125 vo-

607 5141 862 5200 cabulum
893 5144 1154 5211 disparem
1184 5141 1417 5197 refertur
1445 5141 1509 5196 ad
1553 5143 1869 5198 nativitatem
1917 5143 2200 5197 subsisten-

603 5226 722 5276 tem,
758 5216 808 5270 id
838 5225 940 5280 est,
970 5212 1318 5286 subsistentia
1347 5229 1375 5268 a
1415 5215 1669 5286 gignente
1699 5213 2007 5270 distinctam
2035 5229 2047 5268 :
2081 5227 2201 5285 qua!

603 5288 748 5343 Patri
800 5287 1037 5358 aequalis
1065 5284 1392 5356 praedicatur
1423 5284 1645 5342 ratione
1673 5287 2064 5358 generationis,
2096 5284 2201 5340 non

603 5359 816 5416 ratione
838 5356 1288 5412 innascibilitatis.

683 5451 753 5529 (ε)
801 5454 912 5508 lloc
938 5462 1043 5518 est,
1093 5469 1268 5534 neque
1297 5469 1457 5534 unum
1491 5467 1585 5534 eos
1614 5467 1734 5510 esse
1756 5451 1825 5534 ob
1856 5449 2204 5534 singularita-

611 5521 1026 5598 tetn'personue,
1067 5524 1153 5598 cui
1185 5525 1400 5582 numina
1429 5525 1700 5598 geminata
1728 5524 1856 5598 sint.
1908 5521 2045 5578 llinc
2077 5536 2208 5577 Con-

611 5597 863 5652 llrmatur
889 5597 1030 5671 quod
1061 5597 1469 5671 observavimus
1501 5597 1637 5671 (col.
1676 5597 1800 5660 165',
1832 5605 1938 5648 not.
1973 5609 2005 5671 c
2026 5607 2225 5671 nostra:

621 5671 795 5744 edit),
815 5663 1106 5744 Saligllinm
1124 5669 1179 5744 in
1207 5663 1693 5744 Virgineun'ionem
1721 5663 2223 5744 eatettnsdividet'e,

632 5739 900 5816 quatenus
937 5739 1224 5816 incipiebat
1255 5739 1347 5816 Dei
1376 5741 1619 5816 ejusdem
1647 5743 1864 5816 nomina
1893 5741 2193 5816 geminare.

703 5815 775 5886 (/)
802 5812 1158 5874 Restituitth
1179 5813 1296 5882 quia
1316 5810 1483 5892 solum
1502 5815 1565 5868 ex
1589 5810 2027 5885 potiotibustttss.
2046 5810 2232 5883 Coib.,

2291 1844 2386 1899 Vel
2417 1859 2538 1900 cum
2564 1847 2853 1917 gloriﬁcari
2879 1865 2936 1905 se
2966 1864 3140 1923 rogat,
3185 1869 3290 1908 non
3323 1856 3507 1925 utique
3535 1865 3740 1912 natura:
3771 1857 3896 1925 Dei,

2291 1937 2387 1992 scd
2412 1942 2771 2013 assumptioni
2814 1943 3138 2002 humilitatis
3179 1946 3282 2003 hoc
3329 1949 3561 2018 prolicit.
3595 1950 3726 2006 Nam
3757 1950 3900 2007 hanc

2291 2031 2516 2103 gloriam
2549 2038 2806 2104 postulat,
2858 2053 3018 2110 quam
3044 2051 3171 2097 ante
3215 2044 3655 2100 constitutionem
3709 2044 3898 2101 tuundi

2294 2126 2434 2195 apud
2467 2127 2632 2182 Deum
2660 2128 2870 2186 habuit.
2955 2201 2962 2210 ⁴

2365 2215 2420 2271 8.
2455 2216 2594 2286 Quid
2621 2219 2686 2274 de
2712 2219 2842 2275 hora
2871 2223 3128 2293 ignorata.
3153 2255 3224 2266 --
3255 2226 3661 2299 Respondctites
3686 2243 3904 2300 quoque

2293 2309 2628 2367 stultissimis
2657 2328 2843 2369 eorum
2877 2316 3324 2388 professionibus,
3354 2335 3524 2392 usque
3543 2321 3608 2376 ad
3638 2324 3899 2393 ignorata:

2296 2402 2448 2457 horae
2476 2403 2858 2462 descendimus
2889 2408 3408 2468 demonstrationem
3442 2431 3457 2470 :
3520 2430 3640 2484 qua:
3665 2415 3900 2482 etiamsi,

2296 2496 2596 2550 secundum
2656 2498 2800 2564 illos,
2831 2514 2862 2555 a
2904 2500 3040 2556 Filio
3067 2505 3402 2574 apprehensa
3449 2506 3748 2577 (percepta)
3794 2521 3900 2561 non

2298 2598 2464 2656 esset,
2499 2597 2681 2647 tamen
2738 2591 2792 2648 id
2845 2594 2912 2649 ad
2944 2597 3328 2653 contumeliam
3386 2599 3684 2656 divinitatis
3713 2601 3904 2672 unige-

2299 2679 2428 2734 nitai
2454 2695 2560 2734 non
2590 2685 2885 2752 pertineret
2917 2702 2931 2751 ;
2961 2687 3084 2757 quia
3117 2698 3306 2744 natura
3335 2705 3440 2746 non
3473 2690 3661 2759 ferret,
3689 2701 3744 2745 ut
3771 2707 3902 2747 eum

2301 2773 2555 2830 nativitas
2603 2786 2940 2851 retroageret
2970 2782 3035 2836 ad
3092 2783 3525 2840 liuiascibilitatis
3567 2785 3629 2858 (i)
3660 2786 3907 2841 ininitia-

2301 2863 2465 2919 bilem
2497 2868 2964 2940 substitutionem,
3002 2874 3255 2942 potestati
3298 2889 3410 2930 sum
3457 2875 3612 2931 Patre
3659 2893 3908 2933 momen-

2303 2973 2413 3018 tum
2443 2965 2732 3024 deliniendi
2780 2969 2955 3026 adhuc
2999 2971 3104 3028 diei
3135 2973 3202 3029 ad
3259 2974 3774 3030 demonstrationem
3807 2993 3908 3033 au-

2301 3067 2573 3125 ctoritatis
2616 3069 2950 3128 innascibilis
2978 3085 3331 3130 reservante:
3365 3091 3537 3148 neque
3575 3075 3628 3132 in
3661 3089 3726 3132 eo
3755 3075 3909 3131 inﬁr-

2753 3191 2912 3246 posse
2943 3186 3210 3246 naturam,
3244 3179 3298 3234 in
3328 3195 3431 3251 qua
3466 3188 3668 3234 tantum
3700 3180 3907 3235 inesset

2305 3287 2373 3327 ex
2425 3273 2705 3330 nativitate
2760 3285 2990 3342 naturze,
3023 3287 3280 3350 quantum
3315 3279 3541 3350 implere
3575 3289 3756 3350 posset
3785 3295 3911 3349 pcr-

2306 3371 2446 3430 l'ecta
2501 3376 2756 3432 nativitas
2806 3393 3030 3449 :neque
3077 3378 3144 3434 ad
3193 3378 3548 3434 dilTercntiam
3605 3377 3909 3434 divinitatis

2307 3477 2585 3546 unigenito
2607 3478 2714 3533 Deo
2735 3477 3131 3550 ignorationem
3150 3479 3256 3534 diei
3279 3481 3497 3535 ethorae
3515 3479 3907 3551 deputandum,

2306 3591 2427 3632 cum
2459 3577 2525 3632 ad
2557 3577 3032 3636 demonstrandam
3064 3580 3353 3636 adversum
3387 3581 3672 3636 ltwrcticos
3710 3579 3909 3636 Sabel-

2300 3679 2474 3735 lianos
2498 3681 2663 3754 326
2685 3682 3052 3737 innascibilem
3071 3683 3122 3736 in
3150 3681 3312 3738 Patre
3329 3691 3492 3753 atque
3523 3681 3910 3736 ininitiabilem

2299 3790 2648 3851 potestatem,
2678 3783 3014 3838 innascibilis
3055 3784 3170 3838 haec
3215 3784 3266 3837 in
3295 3799 3362 3838 eo
3392 3783 3464 3838 sit
3497 3784 3777 3853 potestatis
3807 3796 3910 3838 ex-

2299 3885 2499 3953 ceptio.
2529 3884 2615 3958 (j)
2647 3884 2753 3941 Sed
2783 3887 2908 3957 quia
2940 3886 3078 3940 hanc
3105 3886 3325 3941 nescitac
3347 3886 3454 3942 diei
3488 3884 3910 3956 professionem,

2303 4001 2410 4042 non
2457 3987 2810 4057 iguorationis
2840 4001 2962 4044 esse
2986 3987 3384 4056 infirmitatem,
3419 3988 3514 4045 sed
3544 3988 3751 4044 tacendi
3785 3988 3907 4044 diss

2382 4122 2459 4196 (2)
2495 4119 2790 4179 Imntanuel
2815 4139 2912 4196 pro
2935 4121 3263 4180 Emmanuel.

2314 4263 2498 4330 Carm,
2534 4264 2767 4333 Remig.,
2815 4263 3024 4328 Germ.,
3065 4273 3198 4330 etc.,
3229 4265 3320 4321 ubi
3343 4267 3404 4322 τὸ
3431 4265 3595 4320 solum
3629 4281 3734 4321 non
3779 4269 3914 4322 soli-

2317 4334 2508 4408 larium
2551 4338 2836 4407 significat,
2889 4337 2994 4408 sed
3030 4353 3234 4391 unum:
3270 4339 3371 4408 hoc
3400 4348 3504 4402 est,
3558 4353 3734 4408 neque
3783 4341 3913 4408 quia

2312 4407 2724 4478 praedicavimus
2774 4423 2935 4464 unum
2969 4407 3041 4478 πον
3059 4408 3233 4462 solum
3271 4407 3461 4475 Deum,
3495 4408 3614 4462 ideo
3648 4407 3913 4478 prmdiczi-

2311 4476 2483 4550 vimus
2537 4480 2861 4550 singularem
2886 4492 2946 4532 ac
2968 4477 3304 4550 solitarium;
3335 4479 3381 4534 si
3404 4479 3619 4548 quidem
3649 4476 3910 4549 unigeniti

2312 4548 2404 4603 Dei
2437 4548 2724 4612 confessio,
2761 4559 2816 4604 ut
2847 4563 2953 4604 non
2982 4549 3117 4604 duos
3145 4565 3347 4620 genere
3391 4551 3656 4617 diversos,
3700 4548 3770 4607 ita
3799 4567 3905 4608 nec

2307 4621 2600 4676 solitarium
2625 4621 2832 4690 recipit.

2376 4689 2451 4764 (g)
2479 4694 2700 4762 Aliquot
2728 4689 2944 4762 optima:
2974 4701 3114 4747 nota:
3137 4708 3266 4747 mss.
3289 4703 3441 4762 atque
3467 4695 3516 4746 in
3540 4694 3692 4748 hanc.

2376 4712 2408 4764 (_
2434 4712 2451 4762 )
2479 4712 2700 4762 Aliquot
2728 4712 2944 4762 optima:
2974 4712 3114 4747 noui:
3137 4712 3266 4747 mss.
3289 4712 3441 4762 atque
3467 4712 3516 4746 in
3540 4712 3692 4748 hanc.

2375 4712 2459 4834 (κ)
2485 4764 2540 4817 1η
2571 4766 2818 4836 vulgatis,
2849 4767 2902 4816 in
2951 4765 3157 4836 homine
3181 4779 3199 4827 ,'
3238 4765 3423 4834 sicque
3449 4767 3584 4821 alias
3613 4767 3740 4836 legit
3767 4765 3920 4822 Hila-

2301 4834 2436 4894 rius.
2471 4842 2597 4903 puta
2651 4835 2743 4889 lib.
2772 4851 2824 4899 v,
2860 4835 3020 4900 ".18,
3069 4847 3120 4888 et
3171 4835 3268 4890 lib.
3296 4852 3372 4900 tit,
3407 4852 3464 4890 ιι.
3493 4839 3547 4890 ι.
3583 4834 3686 4892 Hic
3729 4847 3914 4892 tamen

2303 4906 2796 4979 auctoritatemss.
2846 4907 3183 4979 restituimns
3228 4907 3280 4960 in
3325 4908 3619 4975 hominem,
3667 4909 3807 4979 quod
3862 4922 3920 4963 et

2306 4979 2464 5046 paulo
2483 4988 2608 5033 ante
2641 4977 2842 5031 habent
2869 4977 3020 5042 editi,
3053 4993 3115 5032 ac
3142 4979 3310 5048 magis
3341 4981 3590 5048 congruit
3631 4977 3753 5034 cum
3781 4981 3919 5034 sub-

2306 5051 2462 5103 nexis
2487 5059 2640 5103 natus
2668 5050 2721 5102 in
2755 5048 2920 5103 Deum
2959 5051 3045 5103 sit.

2381 5141 2446 5216 (i)
2477 5143 2692 5216 A_liqt10l
2724 5155 2892 5216 mss,
2926 5141 3232 5216 initiabitrm
3273 5142 3685 5196 substitutionem
3712 5157 3731 5197 :
3756 5157 3919 5197 men-

2309 5212 2458 5268 dose.
2493 5213 2865 5268 lninitiabilem
2895 5214 3304 5267 substitutionem
3362 5221 3515 5268 vocat
3565 5229 3682 5268 eam
3736 5216 3921 5268 subsi-

2308 5286 2487 5340 standi
2511 5285 2797 5355 rationem,
2823 5301 2940 5355 quae
2963 5285 3138 5338 omnis
3161 5285 3406 5355 principii
3436 5299 3632 5354 expers
3657 5285 3748 5340 sit.
3773 5281 3925 5338 Con~

2308 5357 2424 5411 cedi
2479 5357 2662 5426 nequit
2716 5353 2928 5410 Patrem
2963 5354 3213 5424 pmestati
3254 5353 3367 5409 sua:
3417 5353 3706 5426 quidquam
3741 5371 3932 5411 reser-

2311 5441 2488 5492 vasse,
2517 5424 2622 5482 nisi
2644 5427 2784 5482 lilius
2810 5428 2907 5495 ipsi
2941 5426 3218 5497 inteqnalis
3241 5424 3803 5482 cottretlatttr.Vertini
3831 5428 3926 5482 hic

2322 5498 2554 5554 llilarius
2604 5514 2708 5554 non
2765 5509 2868 5551 tant
2903 5513 2967 5552 ex
2999 5513 3094 5568 sua
3123 5513 3282 5568 quam
3335 5511 3399 5553 ex
3427 5498 3753 5553 Arianorum
3786 5513 3888 5553 seu
3909 5529 3926 5540 -

2333 5571 2499 5627 tentia
2525 5570 2795 5640 loquitur:
2828 5570 2998 5641 inqua
3031 5567 3199 5624 Filius
3234 5585 3340 5624 non
3363 5570 3677 5640 simpliciter
3698 5580 3932 5637 negetur

2337 5648 2496 5709 scire,
2559 5642 2650 5694 sed
2707 5654 2930 5695 eatenus
2976 5647 3186 5696 nescire
3232 5641 3461 5707 dicatur,
3519 5649 3784 5712 quatenus
3819 5657 3934 5697 non

2332 5711 2660 5774 innascibilis
2688 5727 2807 5770 esse
2827 5712 3158 5784 intelligitur.

2401 5810 2478 5898 υ)
2510 5805 2763 5871 Erasmus
2791 5810 2877 5874 hic
2905 5810 3203 5870 inseruerat
3228 5806 3365 5869 :Per
3383 5824 3535 5884 quam
3557 5807 3719 5884 patuit
3781 5806 3944 5870 Verbi
