4266 6260
613 282 713 339 551

1815 281 1893 334 SA
1906 279 2060 336 NCT]
2116 279 2369 337 "ILARH
2415 281 2719 340 EPISCOPI

3815 288 3920 342 sua

615 400 762 456 enim
793 399 980 471 generi
1013 400 1137 455 vita!
1185 406 1418 453 mortem
1447 405 1538 450 nul
1586 396 1666 452 Vis
1719 397 1978 461 exlcl'ior.
2010 396 2060 451 ἱιΙ
2113 406 2219 464 851.
2247 400 2298 460 A
2331 401 2576 457 humante
2598 403 2699 458 sub
2730 402 3021 458 voluntatis
3042 418 3151 458 sum
3182 402 3428 458 libertate
3456 402 3770 458 moriturus.
3801 403 3922 460 Non

617 493 803 562 febris,
841 493 1104 558 vulneris,
1137 505 1319 554 casus,
1349 489 1542 554 ruinae,
1593 487 1908 558 degrassata
1937 491 1988 543 in
2021 504 2219 560 corpus

623 587 936 652 accelerat;
969 592 1061 638 aut
1104 583 1218 654 ipsa
1264 591 1449 637 natura
1498 583 1742 652 corporis
1785 582 1952 638 nostri
1982 582 2133 637 senio
2163 583 2215 636 in

619 694 739 735 eam
788 678 958 748 ipsam
1009 684 1238 730 mortem
1277 676 1416 728 victa
1469 674 1734 730 concedit.
1774 673 2088 745 Unigenitus
2117 689 2215 728 au-

618 779 726 826 tem
773 769 914 824 Deus
968 770 1041 824 ita
1091 776 1416 840 potestatem
1465 766 1670 822 habens
1709 767 1974 836 ponendae
2001 766 2217 832 animo),

619 860 702 935 (1)
727 870 784 916 ut
809 860 1172 926 resumendw,
1189 859 1255 915 ad
1278 861 1642 932 peragendum
1667 861 1717 914 in
1746 876 1806 915 se
1838 859 2026 915 mortis
2047 874 2224 914 sacra-

618 966 886 1022 mentum,
914 971 1036 1010 cum
1080 963 1208 1025 poto
1233 962 1387 1009 aceto
1409 967 1818 1008 consummasse
1849 968 1908 1008 se
1933 967 2094 1006 omne
2123 951 2225 1005 hu-

619 1063 902 1104 manarum
958 1047 1273 1118 passionum
1327 1061 1462 1117 opus
1491 1044 1566 1118 (α)
1601 1052 1829 1100 testatus
1870 1053 2034 1111 esset,
2065 1043 2222 1097 incli-

627 1149 756 1198 nato
785 1141 960 1212 capite
985 1140 1236 1210 spiritum
1269 1138 1490 1192 tradidit
1513 1136 1719 1209 (Joan.,
1755 1139 1867 1204 XIX,
1891 1137 2010 1206 50).
2035 1136 2090 1191 Si
2123 1140 2225 1190 hoc

627 1244 836 1292 natura:
886 1233 1125 1290 hominis
1169 1235 1257 1302 jus
1280 1233 1522 1288 relictum
1546 1243 1652 1300 est,
1675 1242 1734 1286 ut
1766 1247 1858 1303 per
1879 1247 1940 1286 se
1967 1230 2226 1286 exhalans

619 1329 871 1400 Spiritum
889 1326 1372 1398 requiesca1328
1395 1327 1445 1379 in
1467 1334 1718 1391 mortem,
1750 1333 1804 1378 et
1830 1340 1934 1378 non
1955 1323 2222 1377 dissoluto

625 1435 856 1492 corpore
899 1419 1219 1476 labefactata
1265 1419 1443 1472 anima
1473 1417 1715 1482 decedat,
1745 1418 1827 1471 vel
1870 1416 2112 1486 abruptis
2139 1424 2231 1470 aut

623 1514 886 1587 periussis
933 1523 1025 1568 aut
1073 1512 1279 1568 collisis
1313 1510 1570 1566 membris
1605 1511 1830 1580 spiritus
1875 1517 2146 1580 tamquam
2175 1508 2230 1563 in

627 1608 756 1664 sede
786 1623 882 1662 sua
913 1605 1142 1662 violatus
1181 1615 1429 1674 erumpat
1458 1612 1550 1658 aut
1590 1603 1772 1658 ellluat
1801 1619 1813 1655 :
1841 1601 2043 1656 incidat
2070 1600 2121 1656 in
2152 1600 2230 1673 (ὁ)

629 1701 916 1757 Dominum
951 1701 1079 1755 vita:
1130 1699 1318 1754 mortis
1346 1706 1542 1763 metus,
1567 1697 1612 1751 si
1639 1695 1780 1767 quod
1810 1697 2010 1752 emisso
2039 1695 2232 1764 spiritu

2319 507 2405 550 εει
2437 495 2486 549 in
2521 497 2795 552 voluntate
2847 497 2927 570 (5)
2981 496 3050 569 (ε)
3089 496 3370 551 morientis
3401 504 3456 551 et
3503 505 3769 566 potestate
3811 515 3922 556 non

2321 586 2411 642 diu
2437 588 2570 643 mori
2601 589 2760 643 timor
2792 589 2984 644 mortis
3017 606 3030 642 :
3057 589 3178 660 quia
3209 596 3265 642 et
3296 588 3542 643 voluntas
3577 589 3841 646 moriendi
3868 599 3923 647 et

2325 688 2564 751 potestas
2590 682 2942 737 reviviscendi
2975 690 3124 736 extra
3159 690 3402 737 naturam
3433 682 3642 736 timoris
3663 693 3768 750 est,
3792 685 3921 740 dum

2325 773 2502 827 timeri
2546 788 2691 827 mors
2721 789 2826 828 non
2885 782 3060 843 potest
3093 785 3144 828 et
3187 773 3238 828 in
3271 775 3548 830 voluntate
3579 777 3839 832 moriendi
3867 786 3927 833 et

2325 864 2377 919 in
2409 874 2673 934 potcslafe
2697 865 2929 920 vivendi.

2401 959 2488 1012 15.
2545 960 2620 1011 Au
2650 976 2825 1028 pansas
2871 959 3116 1013 timuerit.
3149 989 3220 999 —
3260 959 3366 1015 Sed
3426 958 3565 1014 forte
3617 959 3834 1030 penduli
3867 961 3922 1017 in

2327 1066 2487 1106 cruce
2518 1052 2765 1120 corporis
2809 1051 2889 1122 (6)
2919 1066 3089 1120 [)mtttl}
3115 1051 3550 1122 etcolligantium
3577 1051 3778 1106 funium
3807 1054 3925 1107 vio-

2329 1143 2473 1198 lenta
2505 1142 2735 1208 vincula,
2767 1153 2820 1198 ct
2858 1145 3169 1198 adacturum
3211 1144 3484 1199 clavorum
3515 1145 3582 1215 (f)
3619 1145 3778 1200 cruda
3809 1146 3930 1200 vol-

2331 1254 2458 1294 nera
2500 1249 2623 1293 sunt
2657 1238 2879 1294 litthli?
2911 1239 2976 1293 Et
3002 1240 3275 1294 videamus
3307 1241 3462 1309 cujus
3491 1240 3734 1310 corporis
3762 1239 3928 1296 homo

2329 1329 2577 1386 Christus
2626 1333 2733 1398 sit;
2763 1341 2819 1385 ut
2869 1331 2922 1385 in
2973 1346 3312 1400 stupensam,
3366 1342 3420 1387 et
3465 1331 3540 1403 (g)
3573 1332 3842 1399 nudatam,
3873 1339 3931 1389 et

2333 1424 2687 1480 transl'ossam
2729 1440 2949 1480 carnem
2981 1425 3134 1481 dolor
3161 1425 3441 1480 manserit.

2403 1519 2567 1591 329
2597 1520 2686 1574 H.
2739 1519 2886 1574 Unde
2908 1520 2959 1574 in
2999 1519 3296 1589 corporibus
3337 1536 3533 1574 sensus.
3560 1550 3629 1559 —
3655 1520 3726 1575 Ea
3777 1520 3929 1577 enim

2334 1623 2524 1667 natura
2551 1628 2842 1682 corporum
2875 1623 2978 1679 est,
3012 1611 3090 1685 (h)
3121 1622 3177 1666 ut
3223 1629 3288 1667 ex
3316 1614 3589 1668 etmsortio
3637 1613 3832 1668 animae
3876 1614 3930 1668 in

2335 1719 2553 1760 sensum
2602 1704 2890 1776 quemdam
2937 1705 3132 1759 aniuuc
3179 1705 3462 1759 sentientis
3507 1705 3770 1770 animata,
3820 1721 3933 1762 non

625 1805 871 1852 mortuus
896 1804 1000 1858 est,
1025 1809 1129 1849 non
1161 1793 1427 1849 libertatis
1471 1808 1583 1848 sua:
1625 1791 1691 1847 ad
1737 1791 2075 1847 moriendum
2101 1807 2228 1845 usus
2259 1799 2306 1857 Β
2334 1799 2403 1853 sit,
2432 1797 2596 1853 [rebus
2637 1797 2996 1868 inanimisqne
3026 1799 3277 1853 materies
3304 1815 3316 1850 ε
3345 1797 3438 1852 seu
3470 1807 3522 1852 ρι
3563 1806 3760 1853 atracia
3801 1813 3933 1854 seu-

628 1898 713 1946 est
765 1898 1050 1961 potestate.
1084 1888 1239 1954 Quod
1291 1887 1337 1942 si
1364 1904 1430 1942 ex
1459 1902 1518 1942 se
1569 1895 1813 1941 mortuus
1841 1896 1944 1948 est,
1974 1893 2029 1940 et
2050 1899 2145 1955 per
2169 1899 2229 1939 se

627 1985 875 2056 spiritum
904 1982 1134 2038 reddidit
1162 1998 1177 2048 ;
1208 1998 1314 2036 non
1354 1989 1436 2036 est
1463 1989 1638 2035 terror
1667 1979 1859 2034 mortis
1887 1980 1937 2032 in
1964 1984 2230 2049 potestate

631 2077 921 2134 moriendi.
1195 2069 1202 2080 '

704 2171 792 2226 12.
841 2170 952 2226 Nec
983 2171 1188 2241 corpori
1219 2186 1309 2225 nec
1337 2170 1546 2240 spiritui
1573 2186 1711 2225 mors
1739 2170 1836 2240 fuit
1871 2168 2132 2222 terribilis.
2160 2197 2232 2207 --

627 2265 734 2322 Sed
809 2265 944 2320 forte
1020 2264 1264 2319 humanae
1337 2264 1653 2335 ignorantiae
1729 2262 2015 2318 timiditate
2093 2260 2232 2316 hanc

628 2361 802 2430 ipsam
836 2359 916 2430 (2)
949 2359 1018 2431 (c)
1065 2359 1330 2414 moriendi
1371 2359 1423 2414 in
1456 2375 1515 2415 se
1557 2360 1735 2414 timuit
1774 2367 2096 2430 potestatem
2127 2373 2140 2421 ;
2176 2365 2234 2410 ut

627 2453 758 2510 licet
780 2451 849 2508 ab
886 2467 946 2508 se
972 2450 1050 2524 (5)
1079 2461 1324 2508 mortuus
1371 2450 1460 2518 sit,
1502 2461 1682 2507 tamen
1735 2450 1836 2505 hoc
1866 2450 2061 2521 ipsum,
2088 2448 2232 2520 quod

631 2545 929 2600 moriturus
969 2554 1134 2603 esset.
1169 2545 1427 2599 timuerit.
1464 2544 1533 2600 Et
1578 2545 1624 2601 si
1658 2542 1797 2598 forte
1826 2551 2007 2608 erunt,
2040 2543 2131 2612 qui
2163 2543 2232 2595 ita

629 2637 1424 2704 existimabunt;constituant
1475 2637 1561 2693 cui
1618 2639 1694 2693 rei
1749 2637 2061 2693 existiment
2092 2651 2237 2691 mor-

631 2742 740 2790 tem
799 2732 966 2788 fuiSse
1011 2733 1334 2798 terribilem,
1369 2732 1618 2804 Spiritui,
1649 2749 1714 2787 an
1746 2733 1987 2802 corpori.
2032 2732 2089 2787 Si
2115 2747 2236 2788 cor-

631 2828 749 2899 pori
775 2841 792 2891 ;
821 2841 962 2880 anne
995 2826 1267 2897 ignorant,
1299 2826 1658 2898 quodSaucto
1688 2826 2094 2895 cormptionem
2127 2841 2234 2880 non

631 2919 816 2974 visuro
871 2917 1008 2991 (Ps.
1060 2935 1145 2984 xv,
1208 2921 1335 2990 10),
1389 2919 1527 2974 intra
1569 2920 1804 2974 triduum
1858 2920 2103 2989 corporis
2154 2919 2236 2974 sui

632 3013 893 3083 templum
925 3023 1071 3070 esset
1117 3017 1516 3071 suscitaturus?
1557 3016 1614 3071 Si
1649 3031 1776 3070 vero
1824 3015 2044 3086 Spiritui
2092 3033 2237 3072 mors

635 3106 892 3162 terribilis
918 3107 1144 3181 est;(4)
1176 3108 1251 3181 (d)
1293 3108 1499 3164 Lazaro
1545 3109 1595 3163 in
1652 3109 1883 3164 Abrahae
1916 3109 2123 3165 sinibus
2146 3109 2240 3165 lte-

2335 1892 2453 1956 tiat,
2485 1899 2539 1946 et
2581 1900 2904 1960 compuncta
2941 1890 3144 1956 doleat,
3175 1901 3229 1945 et
3257 1891 3442 1960 algens
3471 1891 3662 1960 rigeat,
3701 1901 3752 1945 et
3795 1907 3934 1946 cou-

2333 1986 2440 2040 fota
2470 1985 2724 2057 gaudeat,
2748 1995 2803 2040 et
2847 1985 3022 2040 inedia
3057 1984 3317 2050 tabescat,
3366 1992 3421 2039 et
3450 1970 3761 2055 pinguescat
3787 1985 3934 2040 cibo.

2335 2077 2418 2133 Ex
2451 2077 2683 2148 quodam
2701 2078 2844 2132 enim
2862 2076 3157 2134 obtinentis
3180 2093 3240 2132 se
3270 2079 3711 2147 pcnetrantisque
3737 2078 3938 2132 anima:

2339 2182 2678 2234 transcursu,
2709 2169 3004 2225 secundum
3028 2185 3090 2224 ea
3121 2171 3174 2225 in
3201 2169 3394 2240 quibus
3417 2170 3540 2235 erit,
3579 2179 3671 2222 aut
3698 2168 3939 2223 oblecta-

2338 2275 2443 2331 tur,
2475 2271 2568 2319 ant
2592 2264 2826 2318 laeditur.
2855 2261 2989 2318 Cum
3024 2264 3184 2335 igitur
3228 2272 3552 2333 compuncta
3605 2270 3696 2316 aut
3737 2261 3939 2318 effossa

2336 2371 2564 2426 corpora
2593 2355 2797 2418 dolent,
2829 2373 3046 2412 sensum
3077 2356 3287 2411 doloris
3314 2358 3599 2413 transfusa:
3629 2357 3679 2411 in
3718 2371 3780 2410 ea
3821 2356 3940 2411 ani-

2337 2465 2439 2505 mae
2479 2464 2672 2505 sensus
2713 2452 2968 2507 admittit.
2999 2452 3238 2522 Denique
3272 2451 3464 2507 vulnus
3491 2451 3736 2521 corporis
3764 2464 3939 2521 usque

2338 2543 2405 2599 ad
2429 2543 2528 2598 hos
2555 2543 2723 2613 dolet,
2759 2546 2984 2616 etdigiti
3041 2545 3404 2602 excidentium
3447 2545 3623 2614 (alios,
3670 2542 3942 2600 exceden-

2340 2631 2496 2708 tium)
2543 2652 2608 2692 ex
2637 2653 2802 2692 carne
2851 2640 3107 2708 unguium
3160 2639 3516 2710 praesegmina
3561 2638 3823 2693 nesciunt.
3869 2638 3943 2693 Et

2341 2730 2387 2784 si
2418 2730 2636 2801 quando
2668 2731 2958 2788 accedente
2976 2734 3108 2788 vitio
3140 2749 3260 2803 pars
3289 2733 3468 2804 aliqua
3499 2741 3740 2802 corrupta
3764 2746 3944 2786 mem-

2341 2823 2583 2890 brorum,
2637 2840 2855 2881 sensum
2899 2826 3036 2880 vivae
3083 2826 3264 2882 carnis
3295 2825 3570 2892 amiserit;
3598 2839 3659 2880 ea
3699 2840 3818 2879 cum
3849 2824 3944 2879 vel

2342 2917 2688 2974 desecabitur
2718 2921 2799 2974 vel
2845 2929 3048 2987 uretur,
3100 2920 3343 2976 dolorem
3387 2919 3628 2991 quisquis
3675 2933 3792 2974 esse
3840 2933 3948 2989 po-

2347 3013 2560 3077 tuisset,
2591 3029 2695 3066 non
2727 3021 2978 3068 manente
3011 3013 3060 3067 in
3093 3029 3154 3068 ea
3183 3015 3376 3068 anima:
3407 3013 3784 3084 permixtione,
3831 3027 3945 3068 non

2347 3107 2564 3161 sentiet.
2612 3105 2719 3162 Aut
2765 3122 2885 3161 cum
2932 3107 3111 3178 gravis
3159 3108 3449 3162 necessitas
3496 3105 3765 3161 recidendi
3813 3120 3946 3161 cor-

635 3206 799 3264 tante,
831 3198 1098 3255 infernum
1145 3199 1312 3255 chaos
1345 3198 1597 3256 Christus
1622 3202 1879 3257 timeret?
1904 3201 2032 3256 Haec
2070 3202 2231 3256 stulta
2259 3202 2303 3264 C
2338 3203 2486 3274 poris
2513 3212 2714 3269 manet,
2743 3201 3012 3257 medicato
3052 3212 3180 3272 potu
3209 3201 3524 3272 consopitur
3549 3202 3698 3271 vigor
3722 3202 3942 3268 animze,

633 3303 794 3362 atque
826 3290 1051 3346 ridicula
1080 3303 1226 3364 sunt,
1262 3303 1317 3346 ut
1347 3293 1399 3346 in
1432 3301 1699 3363 potestate
1729 3294 1989 3364 ponendae
2033 3295 2232 3348 animzc

631 3396 697 3440 ac
748 3383 1088 3440 resumenda:
1143 3385 1279 3440 mori
1311 3387 1545 3450 timeret,
1578 3385 1645 3441 ad
1673 3395 2070 3442 sacramentum
2109 3389 2233 3443 vitae

705 3503 788 3574 (1)
825 3503 920 3558 Vel
947 3505 1288 3561 resumendae.

706 3573 787 3646 (2)
819 3575 874 3630 In
900 3592 1002 3631 ms.
1039 3576 1236 3632 Veron.
1263 3577 1346 3631 hic
1371 3573 1588 3631 additur
1609 3585 1784 3630 suam.

708 3647 793 3716 (5)
818 3647 872 3700 lu
912 3649 1053 3712 aliis,
1077 3650 1374 3703 moriturus.

708 3717 794 3786 (4)
824 3717 1102 3774 Eleazaro.

633 3813 753 3881 jore
797 3812 1017 3884 de_lide
1037 3814 1178 3884 apud
1220 3813 1622 3869 Theodoretum
1673 3814 1896 3884 Dialogo
1939 3829 2035 3868 Ill:
2067 3812 2234 3867 Homo

638 3891 807 3938 autem
853 3881 1176 3949 Dominicus,
1208 3902 1299 3940 nec
1343 3888 1390 3940 vi
1419 3887 1581 3941 morbi
1611 3881 1901 3956 superatus,
1933 3903 2025 3940 nec
2051 3887 2237 3938 invitus

643 3967 872 4009 mortuus
899 3965 1008 4010 est:
1041 3958 1128 4011 sed
1175 3974 1268 4011 sua
1311 3969 1490 4027 sponte
1519 3961 1650 4012 venit
1673 3957 1740 4010 ad
1763 3960 1943 4011 mortis
1973 3958 2240 4027 dispensa-

641 4027 849 4087 tionem,
881 4029 1240 4082 corroboratus
1263 4026 1662 4084 abinhabitante
1688 4031 1738 4082 in
1765 4029 1877 4096 ipso
1909 4028 2017 4083 Deo
2053 4026 2237 4092 Verbo,

641 4097 728 4167 qui
757 4098 908 4164 dixit,
935 4097 1104 4153 Nemo
1132 4100 1263 4154 tollit
1293 4103 1520 4154 animant
1559 4117 1723 4156 nteant
1763 4117 1793 4152 α
1818 4116 1917 4166 me,
1950 4111 2056 4156 etc.
2089 4098 2210 4152 Divi
2226 4129 2240 4139 -

643 4168 778 4221 nitas
798 4185 916 4246 ergo
939 4167 1078 4246 Filii
1111 4181 1206 4236 est,
1235 4187 1350 4241 (μαι)
1378 4183 1422 4246 et
1470 4173 1635 4246 ponit,
1661 4181 1707 4226 et
1735 4188 1913 4226 rursus
1943 4174 2094 4226 sumit
2124 4171 2240 4224 ani-

644 4254 784 4313 mant
812 4243 1032 4296 hominis
1052 4259 1199 4313 quem
1227 4243 1454 4311 gestavit.

717 4310 795 4382 (η)
836 4310 1421 4382 Αιὶιιιιοιϊηεεζρτοικιε
1449 4325 1610 4378 notas.
1628 4323 1840 4370 testatus
1859 4323 1952 4369 est.

719 4381 800 4456 (ὁ)
828 4383 988 4438 Vetus
1033 4400 1136 4438 ms.
1173 4382 1355 4452 Colb.,
1385 4387 1439 4441 in
1491 4387 1654 4440 Deum
1697 4387 1832 4441 vitae.
1877 4385 2045 4456 Magis
2071 4385 2246 4455 placet

644 4449 947 4520 Dominum,
978 4457 1232 4526 quamvis
1274 4449 1374 4513 hoc
1404 4459 1568 4514 verbo
1595 4458 1774 4512 divina
1817 4449 2006 4511 natura
2035 4449 2244 4526 signiti-

645 4534 951 4594 cetur,qu:e
981 4527 1103 4582 hinc
1127 4532 1178 4582 in
1203 4525 1420 4583 Christo
1451 4531 1869 4594 demonstratur,
1906 4527 2048 4597 quod
2077 4543 2146 4582 ex
2187 4543 2246 4582 se

646 4597 887 4653 moriens
937 4599 1058 4668 jure
1108 4600 1240 4655 nulli
1293 4600 1578 4656 hominum
1642 4611 1851 4655 naturae
1899 4599 2090 4654 relicto
2123 4613 2244 4654 sese

646 4669 879 4740 gaudere
906 4671 1079 4741 palam
1102 4671 1309 4727 fecerit.

721 4743 797 4810 (c)
821 4742 877 4797 lu
904 4743 1128 4812 vulgatis
1162 4743 1247 4797 hic
1296 4742 1511 4797 additur
1537 4758 1684 4796 suam
1709 4757 1727 4798 :
1753 4756 1854 4797 vox
1885 4741 2042 4798 abest
2084 4757 2110 4795 a
2143 4756 2242 4812 po-

650 4812 877 4867 tioribus
924 4829 1052 4866 mss.
1089 4828 1152 4868 ac
1182 4813 1358 4868 verbis
1384 4814 1437 4866 in
1469 4831 1521 4868 se
1549 4814 1681 4867 satis
1712 4814 2055 4882 exprimitur,
2090 4823 2236 4882 puta,

650 4901 712 4939 ac
734 4883 982 4954 moriendi
1011 4895 1326 4954 potestatem,
1352 4900 1473 4954 qua:
1499 4886 1552 4938 in
1572 4900 1626 4938 se
1647 4883 1746 4939 sita
1772 4895 1906 4953 erat,
1935 4884 2130 4940 timuit.

726 4953 809 5028 (ά)
839 4953 1168 5028 vetustiores
1198 4970 1328 5010 mss.
1361 4953 1615 5028 Eleazaro
1639 4955 1858 5019 habent,
1884 4973 1987 5010 non
2019 4954 2238 5028 Lazaro.

654 5024 932 5082 Vocabulo
964 5024 1192 5096 Spiritus
1235 5038 1481 5081 naturam
1514 5027 1748 5082 divinam
1791 5028 1880 5082 hic
1915 5027 2138 5098 intelligi
2181 5028 2245 5082 li-

653 5109 783 5170 quet
807 5113 873 5153 ex
901 5112 1049 5172 utrm.
1107 5099 1200 5163 51,
1227 5110 1416 5172 estque
1443 5101 1723 5172 aquuata
1745 5099 1944 5156 Christi
1973 5101 2164 5156 divisio
2189 5101 2239 5155 in

653 5169 853 5240 Corpus
875 5181 928 5226 et
957 5169 1240 5240 Spiritum,
1279 5171 1328 5223 id
1359 5181 1463 5236 est,
1492 5173 1544 5226 in
1579 5169 1848 5228 hominem
1871 5184 1926 5228 et
1963 5174 2166 5239 Deum;
2195 5185 2248 5228 et

655 5255 719 5298 ea
737 5243 952 5315 quidem
966 5241 1369 5298 accommodata
1384 5246 1666 5298 sententiae
1683 5245 2024 5311 Arianorum,
2050 5260 2248 5315 corpus

655 5315 710 5387 in
735 5313 952 5369 Christo
979 5316 1260 5369 dumtaxat
1308 5323 1362 5368 et
1386 5330 1692 5371 sermonem
1725 5319 1868 5372 vices
1903 5319 2096 5370 animtc
2121 5313 2250 5387 sirp-

657 5385 896 5456 plenti-m
970 5388 1402 5458 agnoscentium.
1451 5387 1656 5456 Quibus
1707 5389 1944 5445 ostendit
1987 5385 2242 5454 llilariu's,

658 5472 766 5512 non
793 5468 1039 5514 neutram
1075 5460 1224 5516 illam
1268 5471 1510 5515 naturam
1559 5462 1736 5516 timori
1764 5477 1886 5518 esse
1933 5461 2245 5527 obnoxiam,

657 5532 750 5588 sed
779 5531 910 5586 nihil
939 5547 1060 5588 esse
1100 5547 1276 5588 causae
1321 5547 1416 5588 cur
1442 5531 1690 5588 Christus
1732 5533 1973 5588 alterutri
2023 5532 2243 5587 timeat:

651 5607 805 5679 juxta
834 5621 954 5679 qua:
979 5606 1312 5679 Augustinus
1336 5604 1387 5658 in
1417 5621 1496 5677 pe.
1523 5620 1704 5672 xcxnt,
1737 5623 1790 5662 n.
1824 5605 1890 5662 l9
1925 5623 1937 5658 :
1967 5604 2037 5658 Te
2069 5605 2252 5676 praesi-

652 5675 826 5750 bnavit
854 5675 1203 5750 Dominusﬂin
1246 5692 1339 5730 sua
1379 5675 1698 5747 inﬁrmitate,
1723 5694 1826 5733 non
1863 5694 1915 5731 se
1938 5694 1956 5730 :
1989 5675 2092 5750 non
2119 5679 2252 5732 enim

645 5746 854 5804 iimebat
903 5750 1052 5806 tertio
1077 5746 1164 5800 die
1191 5746 1588 5805 resurrecturus.
1634 5751 1870 5807 Prmtera
1907 5764 2010 5804 non
2047 5749 2134 5808 hic
2165 5763 2256 5806 re-

640 5821 854 5891 Ppnitlﬂ'
886 5815 1216 5892 Simpliciter
1258 5815 1433 5890 timor,
1480 5817 1576 5873 sed
1616 5822 1662 5877 is
1707 5831 1916 5879 tantum
1947 5821 2032 5890 qui
2062 5837 2126 5878 ex
2161 5820 2261 5874 bu:

2339 3304 2395 3348 et
2423 3295 2476 3349 in
2504 3302 2803 3350 emortuam
2835 3308 3027 3349 sensus
3050 3293 3133 3347 sui
3157 3293 3480 3348 oblivionem
3512 3308 3664 3348 mens
3703 3291 3782 3366 (7)
3811 3308 3941 3348 suc-

2340 3389 2421 3444 cis
2461 3388 2521 3462 (i)
2568 3389 2979 3444 violentioribus
3026 3396 3286 3458 occupata
3333 3387 3638 3443 coniicitur.
3700 3392 3777 3442 Ac
3827 3397 3944 3442 tum

2413 3503 2496 3576 (5)
2533 3504 2803 3559 Morientis
2833 3520 2990 3558 mors.

2527 3576 2722 3704 gnem;
2754 3591 2900 3644 mox,
2929 3590 3102 3643 crura,
3127 3589 3232 3630 non
3256 3573 3436 3630 cruda.

2572 3666 2663 3704 cis.

2572 3666 2663 3704 αδ.

2344 3832 2513 3874 mana
2533 3813 2830 3888 ignorantia
2857 3812 3245 3888 proﬁciscatur.
3282 3812 3510 3888 Demum
3537 3811 3635 3888 hoc
3657 3825 3948 3881 argumen-

2343 3900 2458 3946 tum
2502 3883 2576 3944 iis
2608 3897 2782 3956 pmest
2830 3883 3130 3949 accenseri,
3165 3901 3283 3954 qua.-
3337 3884 3406 3937 ad
3431 3883 3685 3937 hominem
3725 3894 3946 3951 vocant,

2346 3972 2400 4016 et
2422 3978 2486 4016 ex
2519 3957 2950 4013 adversariorum
2981 3957 3250 4011 sententia
3278 3956 3654 4009 coniiciuntur.

2419 4030 2492 4103 (ε)
2523 4031 2640 4085 Vat.
2677 4031 2790 4082 bas.
2831 4045 2931 4082 ms.
2972 4028 3024 4081 in
3074 4031 3335 4103 voluntate
3375 4028 3578 4103 rnortis_._
3607 4026 3660 4080 lu
3694 4023 3947 4093 vulgatis,

2347 4097 2608 4158 morientis
2662 4113 2800 4154 mars
2827 4117 2843 4153 :
2875 4108 3147 4167 corrupte.
3179 4098 3313 4152 Tum
3357 4101 3496 4168 apud
3544 4097 3634 4151 Er.
3666 4106 3719 4150 et
3765 4107 3954 4166 poste-

2351 4177 2524 4229 riores
2551 4173 2837 4236 editiones,
2881 4183 2927 4224 et
2956 4172 3008 4223 in
3059 4179 3303 4238 potestate
3329 4187 3429 4222 non
3455 4169 3544 4223 diu
3571 4171 3622 4221 in
3647 4178 3809 4221 morte
3833 4186 3952 4222 ma-

2350 4247 2506 4300 nendi
2557 4247 2726 4296 timor.
2753 4242 2812 4296 In
2841 4243 3049 4297 duobus
3080 4258 3212 4296 mss.
3251 4239 3402 4294 Colb.
3437 4253 3490 4295 et
3535 4257 3640 4296 uno
3683 4238 3946 4309 Sorbon.,

2350 4326 2398 4372 et
2425 4317 2644 4387 potentis
2676 4330 2776 4367 non
2821 4313 2911 4367 diu
2959 4314 3106 4387 mori,
3131 4321 3236 4387 etc.
3289 4310 3344 4387 In
3380 4310 3681 4387 antiquiore
3731 4309 3889 4387 Cplb.
3932 4329 3953 4368 :

2353 4383 2478 4443 Non
2498 4387 2646 4442 estin
2675 4394 2922 4454 potestate
2942 4383 3188 4437 moriendi
3212 4383 3473 4437 morientis
3516 4394 3564 4437 et
3596 4383 3813 4452 potentis
3843 4400 3954 4438 non

2350 4461 2439 4513 diu
2463 4476 2573 4513 esse
2595 4470 2870 4520 mortuum,
2895 4465 2940 4509 et
2968 4465 3219 4523 potentem
3241 4472 3340 4508 non
3368 4455 3456 4508 diu
3485 4455 3614 4508 mori
3641 4454 3789 4507 timor
3808 4471 3958 4509 mor-

2350 4533 2435 4586 tis.
2465 4532 2706 4585 Caeteros
2733 4528 3008 4593 sequimur
3038 4542 3167 4581 mss.
3194 4542 3422 4597 quorum
3455 4526 3612 4580 lectio
3635 4525 3834 4578 clarius
3875 4528 3958 4582 ita

2351 4612 2530 4674 poteSt
2556 4599 2753 4674 reddi:
2783 4598 2899 4652 Non
2925 4607 3008 4653 est
3037 4598 3199 4674 timor
3222 4599 3412 4652 mortis
3435 4598 3488 4651 in
3520 4612 3607 4664 eo,
3633 4597 3720 4674 qui
3751 4610 3957 4674 sponte

2353 4668 2516 4744 atque
2547 4689 2612 4728 ex
2643 4671 2918 4744 voluntate
2951 4668 3176 4744 moritur
3225 4679 3278 4724 et
3309 4675 3489 4740 putest
3515 4685 3620 4724 non
3663 4668 3752 4722 diu
3779 4670 3952 4736 mori,

2353 4739 2448 4800 seu
2471 4745 2578 4798 cito
2613 4743 2676 4794 ad
2702 4741 2863 4795 vitam
2894 4739 3092 4794 redire.

2428 4814 2496 4887 (Γ)
2530 4813 2872 4887 Pratellensis
2896 4810 3065 4887 codex
3098 4812 3228 4887 dura
3249 4813 3480 4887 vulnera.

2532 4887 2746 4960 hrmss.
2792 4882 2954 4939 Corb.
3008 4889 3063 4960 et
3105 4884 3422 4960 quibusdam
3465 4883 3605 4960 aliis.
3654 4881 3950 4952 nudatam,

2353 4955 2516 5014 male.
2566 4957 2677 5013 Hac
2735 4966 2789 5012 et
2854 4955 3121 5025 superiori
3167 4957 3434 5010 sententia
3486 4955 3706 5025 docetur
3748 4970 3960 5024 corpus

2354 5027 2555 5086 Christi
2598 5045 2704 5084 non
2749 5027 2876 5084 solis
2927 5024 3120 5090 clavis,
3176 5027 3270 5081 sed
3299 5028 3547 5082 violentis
3590 5024 3794 5080 iunium
3825 5029 3957 5082 vin-

2355 5103 2494 5158 culis
2546 5101 2691 5156 cruci
2762 5099 2928 5154 fuisse
2972 5098 3299 5168 colligatum.
3347 5098 3485 5152 Tum
3533 5097 3595 5150 ad
3630 5098 3956 5168 marginem

2351 5172 2588 5240 Erasmi,
2619 5173 2766 5227 dolor
2809 5167 3247 5240 invaserit:quod
3294 5185 3322 5223 a
3378 5169 3558 5238 Lipsio
3597 5167 3954 5240 absquealia

2351 5239 2671 5299 anetoritate
2709 5255 3005 5313 arreptum,
3039 5239 3234 5296 deinde
3282 5242 3611 5296 obtinuerat.
3642 5240 3758 5294 .lam
3813 5239 3961 5313 legi-

2352 5333 2474 5371 mus
2503 5319 2553 5370 in
2584 5331 2662 5386 ps.
2689 5312 2846 5383 Lvui,
2872 5331 2924 5368 n.
2951 5314 3027 5386 7r:
3064 5313 3193 5380 Qua:
3240 5314 3290 5366 in
3319 5313 3632 5382 impietatem
3663 5312 3848 5386 pepuli
3872 5330 3958 5366 es-

2350 5399 2461 5444 sent
2506 5385 2766 5443 mansura.
2833 5385 3095 5454 Quocirca
3158 5400 3261 5439 nun
3331 5385 3506 5454 placet
3543 5385 3687 5452 quod
3734 5385 3785 5438 in
3840 5401 3956 5439 uno

2352 5475 2384 5514 e
2437 5474 2566 5514 mss.
2601 5460 2770 5514 Vatic.
2833 5469 2887 5513 ut
2939 5473 3187 5527 suspensa
3230 5467 3276 5511 et
3330 5457 3518 5511 nodata
3561 5464 3608 5509 et
3661 5456 3957 5526 transfosso

2350 5548 2526 5596 carne,
2559 5542 2664 5586 etc.

2427 5604 2510 5676 (Ιι)
2535 5602 2694 5658 Solus
2723 5601 2890 5658 codex
2921 5601 3042 5656 Vat.
3073 5601 3212 5665 bas.,
3258 5611 3314 5654 ut
3355 5599 3820 5676 uisiesconsortio
3852 5615 3866 5652 :
3897 5609 3960 5655 et

2357 5670 2501 5734 mox
2531 5691 2632 5728 non
2677 5677 2896 5729 sentiant
2923 5676 3092 5738 hebes,
3141 5687 3238 5742 pro
3277 5689 3378 5726 non
3422 5672 3487 5725 sit
3533 5670 3717 5724 hebes:
3747 5679 3960 5741 etpost

2359 5762 2550 5824 pauca,
2581 5761 2643 5800 ea:
2668 5746 2941 5824 cujusdam
2969 5745 3252 5824 enim,'pro
3281 5743 3592 5824 eaquodam
3611 5742 3785 5824 enim;

2433 5819 2498 5890 (ὅ)
2530 5817 2584 5871 in
2629 5811 2897 5873 veteribus
2928 5831 3056 5873 mss.
3093 5811 3262 5880 sucis;
3292 5811 3413 5870 cum
3444 5814 3622 5869 unico.
3656 5811 3709 5878 In
3739 5813 3954 5884 optimo
