4266 6260
634 315 740 372 559

1849 312 2095 369 SANCTI
2133 311 2389 368 lllLAlill
2430 310 2736 370 EPISCOPI

3836 322 3943 378 360

634 435 714 507 (τι)
749 450 854 491 ιιοιι
886 435 1054 491 nostri
1078 433 1319 504 corporis
1357 439 1516 502 atque
1537 429 1731 486 animm
1759 428 2032 485 hominem
2066 447 2078 484 :
2110 445 2227 484 cum

2341 438 2396 482 ut
2445 441 2590 485 esset
2639 429 2779 484 alius
2823 436 2984 500 atque
3024 428 3164 487 alius
3196 445 3210 486 :
3241 429 3333 486 scd
3386 439 3446 487 ut
3489 439 3616 489 ante
3663 431 3938 490 hominem

635 543 736 583 nos
780 527 1014 582 Verbum
1062 541 1278 580 carnem
1313 524 1534 591 factum,
1570 523 1646 596 (b)
1681 533 1735 579 et
1761 539 1819 579 se
1847 540 1914 578 ex
1940 523 2108 578 forma
2140 522 2238 578 Dei

636 628 984 676 eraeuantcm
1031 617 1325 680 Christum,
1355 627 1411 672 et
1431 615 1656 672 formam
1678 617 1822 672 servi
1845 626 2234 681 assumentem,

633 713 932 786 perfectum
991 711 1289 768 secundum
1342 711 1585 766 habitum
1640 709 2087 766 conformationis
2138 709 2236 762 ιιιι-

633 822 849 874 manm,
899 815 953 860 ct
1006 815 1208 860 nostra:
1269 803 1633 859 similitudinis
1703 813 1885 858 natum
1957 801 2234 856 hominem

631 898 987 970 praedicemus
1019 916 1033 952 :
1063 907 1122 953 ut
1157 896 1229 970 (ιτ)
1273 911 1401 952 vere
1451 897 1546 952 Dei
1605 896 1744 952 ﬁlius
1791 911 1952 950 verus
2003 892 2236 949 hominis

632 991 774 1048 ﬁlius
817 1007 980 1048 verus
1007 991 1130 1047 sit:
1179 1006 1354 1062 neque
1404 1005 1512 1046 non
1563 1001 1719 1045 natus
1775 1005 1841 1045 ex
1901 989 2016 1044 Deo
2046 991 2232 1054 homo,

631 1101 808 1158 neque
851 1088 977 1157 quia
1038 1096 1196 1141 natus
1246 1101 1313 1141 ex
1365 1085 1477 1141 Deo
1533 1084 1716 1150 homo,
1761 1081 1884 1138 ideo
1924 1083 2066 1138 Deus
2111 1095 2234 1138 esse

704 1179 913 1235 ﬁciens.

704 1179 787 1234 ﬁci
900 1221 913 1235 .

630 1179 1018 1327 deﬂfEZristi
1045 1272 1222 1326 animo
1262 1289 1295 1326 a
1323 1270 1453 1326 Deo.
1487 1269 1633 1325 Unus
1663 1278 1734 1324 est
1777 1270 1830 1324 in
1857 1268 2056 1323 duabus
2082 1276 2234 1322 natu-

634 1366 708 1422 ris
741 1367 1003 1438 perfectis.
1034 1396 1106 1407 ——
1134 1365 1237 1422 Sed
1269 1375 1327 1420 ut
1355 1381 1450 1436 per
1480 1380 1539 1420 se
1565 1364 1667 1420 sibi
1701 1363 1996 1434 assumpsit
2022 1378 2086 1418 ex
2113 1361 2234 1416 Vir-

631 1461 758 1531 gine
784 1473 1000 1528 corpus,
1037 1459 1106 1512 ita
1137 1473 1202 1513 ex
1244 1473 1304 1513 se
1332 1457 1434 1512 sihi
1472 1458 1709 1512 animam
1756 1455 2080 1525 assumpsit;
2111 1470 2232 1526 qua:

631 1550 818 1622 utique
858 1566 1152 1621 numquam
1196 1550 1263 1605 ab
1307 1550 1520 1604 homine
1563 1549 1893 1620 gignentium
1935 1547 2232 1619 originibus

631 1645 923 1716 pratbetur.
975 1643 1032 1700 Si
1067 1644 1209 1698 enim
1257 1653 1578 1712 conceptum
1633 1642 1812 1697 carnis
1869 1641 1969 1696 nisi
2019 1657 2082 1696 ex
2118 1641 2231 1695 Deo

635 1737 797 1810 Virgo
830 1754 938 1794 non
982 1737 1210 1802 habuit;
1237 1737 1396 1807 longe
1445 1737 1614 1806 magis
1655 1749 1878 1791 necesse
1917 1742 2022 1798 est,
2052 1735 2226 1788 anima

2341 521 2520 589 Deus,
2575 524 2877 592 suscipiens
2922 523 3198 582 hominem
3253 527 3334 596 (Ι)
3375 526 3534 580 Ιιοιιιο
3589 526 3659 598 (f)
3699 536 3755 582 et
3798 528 3941 585 Deus

2336 625 2524 686 posset
2570 616 2814 688 intelligi.
2848 616 2981 671 Nam
3027 634 3133 688 quo
3181 617 3345 673 modo
3373 617 3531 673 Jesus
3560 616 3811 676 Christus
3843 621 3938 676 Dei

2337 709 2477 764 ﬁlius
2503 720 2659 766 natus
2679 725 2743 766 ex
2770 709 2930 764 Maria
2958 719 3063 776 est,
3098 711 3198 766 nisi
3231 713 3372 781 quod
3403 711 3640 768 Verbum
3670 728 3796 769 caro
3826 712 3939 770 lac-

2337 809 2448 856 tum
2479 811 2562 858 est
2593 819 2606 858 :
2639 803 2845 858 scilicet
2888 802 3028 874 quod
3077 804 3217 858 lilius
3244 803 3360 866 Dei,
3405 820 3528 859 etim
3557 805 3609 859 in
3642 804 3812 861 forma
3839 807 3936 862 Dei

2336 901 2502 958 esset,
2539 893 2762 948 formam
2808 895 2946 950 servi
2999 895 3248 966 accepit?
3289 895 3580 966 Accepisse
3620 906 3798 952 autem
3827 899 3937 952 for—

2337 1002 2480 1040 mam
2503 987 2642 1042 set-vi
2674 1002 2818 1053 eum,
2852 988 3102 1058 quiesset
3126 988 3178 1042 in
3208 987 3302 1041 Dei
3333 987 3525 1056 forma,
3555 990 3624 1044 de
3651 991 3936 1046 contrariis

2339 1077 2424 1150 (g)
2455 1087 2800 1149 comparatur
2832 1089 2924 1134 :nt
2945 1091 3144 1150 quanta
3169 1081 3366 1135 veritas
3396 1090 3478 1138 est
3509 1098 3726 1139 manere
3753 1083 3804 1138 in
3842 1083 3937 1138 Dei

2337 1170 2534 1237 forma,
2568 1182 2710 1228 tanta
2739 1174 2938 1230 veritas
2967 1175 3038 1229 sit
3077 1176 3352 1245 accepisse
3391 1175 3618 1233 formam
3647 1179 3807 1235 servi.
3851 1179 3936 1234 Ad

2336 1265 2728 1335 proprietatem
2772 1261 2914 1322 enim
2955 1277 3160 1322 natura:
3197 1268 3622 1341 intelligendam,
3667 1271 3940 1342 signiﬁca—

2339 1360 2485 1414 tione
2533 1358 2684 1414 verbi
2725 1359 2789 1414 ad
2835 1361 2884 1415 id
2925 1361 3231 1416 communis
3271 1363 3615 1433 impellimur.
3659 1365 3713 1419 In
3758 1364 3936 1422 forma

2349 1451 2492 1507 enim
2522 1453 2664 1506 servi
2692 1462 2794 1521 est,
2832 1453 2923 1523 ιιιιί
2950 1463 3002 1509 et
3046 1454 3096 1508 in
3134 1453 3304 1509 forma
3340 1455 3430 1511 Dei
3459 1466 3557 1511 est.
3586 1457 3650 1511 Et
3681 1473 3800 1512 cum
3830 1457 3940 1514 hoc

2338 1541 2417 1615 (2)
2450 1542 2532 1616 (h)
2561 1553 2784 1612 naturm,
2819 1545 2950 1599 illud
2984 1561 3112 1601 vero
3137 1547 3551 1619 dispensationis
3573 1549 3670 1616 sit;
3703 1550 3754 1604 in
3787 1551 3939 1619 ejus-

2345 1634 2468 1690 dem
2516 1646 2692 1692 tamen
2722 1645 2806 1692 est
2833 1639 3072 1692 veritatis
3101 1640 3450 1708 proprietate,
3479 1642 3620 1712 quod
3651 1651 3940 1714 utrumque

2341 1737 2464 1784 est:
2498 1739 2553 1783 ut
2603 1738 2707 1784 tant
2739 1745 2898 1785 verus
2939 1732 3011 1785 sit
3056 1733 3106 1786 in
3142 1731 3236 1786 Dei
3277 1731 3470 1799 forma,
3504 1749 3662 1804 quam
3693 1750 3851 1790 t'ertts
3881 1735 3938 1791 in

631 1829 896 1900 corporis,
941 1829 1040 1884 nisi
1084 1828 1245 1901 335
1273 1843 1337 1882 ex
1365 1829 1495 1893 Deo,
1538 1827 1755 1882 aliunde
1803 1841 1910 1880 non
1942 1826 2121 1881 fuerit.
2163 1825 2231 1880 Et
2261 1843 2309 1904 Β
2337 1821 2500 1877 servi.
2543 1821 2614 1878 Ut
2642 1839 2770 1877 vero
2801 1825 3168 1894 assumpsisse
3209 1823 3440 1880 formam
3482 1829 3625 1882 servi
3658 1843 3762 1884 non
3793 1814 3939 1885 aliud

632 1939 754 1981 eum
778 1926 894 1996 ipse
919 1923 1011 1978 ille
1053 1923 1194 1977 ﬁlius
1219 1923 1452 1977 hominis
1483 1924 1600 1992 ipse
1629 1921 1700 1976 sit
1736 1924 1826 1990 qui
1849 1929 1903 1975 et
1940 1920 2080 1974 ﬁlius
2104 1919 2226 1988 Dei,

634 2015 711 2089 (Δ)
735 2016 857 2087 quia
884 2025 1026 2070 totus
1051 2011 1288 2070 hominis
1319 2013 1458 2068 ﬁlius
1483 2023 1624 2067 totus
1648 2012 1741 2067 Dei
1767 2010 1909 2067 ﬁlius
1930 2012 2038 2078 sit;
2067 2026 2228 2083 quam

631 2107 858 2164 ridicule
888 2115 1084 2177 praeter
1120 2104 1216 2160 Dei
1247 2104 1439 2169 lilium,
1472 2102 1563 2175 qtti
1611 2103 1841 2159 Verbum
1869 2119 1997 2158 caro
2025 2103 2224 2158 factum

632 2211 738 2270 est,
773 2202 936 2257 alium
969 2201 1152 2257 nescio
1179 2216 1338 2271 quem
1386 2208 1658 2271 tamquam
1704 2199 2017 2270 pr0phetant
2049 2197 2228 2254 Verbo

638 2292 740 2349 Dei
783 2291 1080 2348 animatum
1129 2291 1560 2362 praedicabimtts,
1609 2307 1730 2347 cum
1779 2291 2035 2346 Dominus
2072 2290 2231 2346 Jesus

632 2386 883 2444 Christus
928 2399 983 2444 et
1022 2386 1254 2442 hominis
1283 2388 1427 2442 ﬁlius
1463 2396 1519 2443 et
1555 2386 1651 2441 Dei
1696 2385 1838 2441 ﬁlius
1885 2384 1999 2440 sit?
2023 2385 2126 2441 Per
2178 2383 2229 2438 id

625 2496 783 2547 vero,
812 2481 955 2552 qttod
987 2479 1156 2535 tristis
1201 2489 1286 2536 est
1310 2479 1488 2534 anima
1537 2494 1631 2534 sua
1663 2494 1832 2550 usque
1874 2479 1942 2533 ad
1973 2485 2224 2542 mortem,

627 2573 835 2644 etquod
862 2581 1182 2644 potestatem
1228 2571 1389 2627 habet
1415 2572 1608 2626 anima:
1635 2586 1746 2626 sua:
1774 2571 2035 2640 ponenda:
2061 2581 2115 2627 et
2136 2583 2224 2627 re-

629 2665 925 2732 sumenda),
981 2666 1172 2719 volunt
1205 2664 1542 2720 extrinsecus
1567 2662 1638 2734 (e)
1688 2661 1948 2729 animam,
2001 2679 2104 2719 non
2158 2680 2226 2720 ex

626 2757 830 2830 Spiritu
862 2767 1076 2825 sancto,
1111 2766 1170 2813 ut
1208 2769 1263 2814 et
1299 2772 1497 2828 corpus
1535 2771 1600 2812 ex
1642 2771 1709 2812 eo
1756 2766 2074 2827 conceptum
2121 2766 2224 2823 est,

625 2851 889 2922 deputare
921 2866 1082 2906 :cum
1117 2851 1347 2906 Verbum
1363 2851 1526 2914 Deus,
1559 2849 1613 2904 in
1643 2860 1982 2905 sacramento
2020 2862 2224 2905 natura:

625 2958 740 3000 suae
767 2959 1016 3009 manens,
1049 2942 1211 2998 homo
1253 2952 1410 2999 natus
1437 2941 1524 2996 sit.
1557 2939 1724 2996 Natus
1765 2951 1943 2997 autem
1974 2951 2082 3010 est,
2117 2957 2222 2998 non

697 3083 779 3153 (l)
809 3081 981 3137 Homo
1012 3079 1150 3135 Deus
1177 3080 1358 3151 possit.

2335 1925 2441 1980 cst,
2473 1931 2636 1986 quam
2670 1915 2945 1973 hominem
2997 1928 3180 1972 natmn
3226 1934 3378 1984 esse;
3432 1923 3500 1974 ita
3542 1921 3597 1976 in
3631 1921 3798 1976 forma
3845 1923 3940 1979 Dei

2338 2027 2461 2068 esse
2491 2028 2596 2067 non
2639 2012 2782 2067 aliud
2827 2022 2930 2082 est,
2974 2030 3132 2084 quam
3178 2013 3340 2085 336
3383 2014 3546 2069 Deum
3578 2031 3719 2080 esse,
3769 2032 3938 2072 unum

2335 2111 2514 2158 tamen
2545 2103 2928 2175 eumdemque,
2963 2121 3069 2159 non
3103 2105 3196 2161 Dei
3226 2105 3549 2173 defectione,
3577 2107 3670 2162 sed
3703 2107 3940 2163 hominis

2333 2197 2728 2267 assumptione,
2774 2197 3088 2266 prolitentcs
3127 2208 3182 2252 et
3222 2198 3273 2252 in
3304 2197 3472 2254 forma
3523 2199 3616 2254 Dei
3649 2216 3742 2270 per
3785 2211 3943 2256 natu-

2335 2304 2449 2344 ram
2481 2289 2744 2356 divinam,
2785 2300 2841 2344 et
2873 2289 2923 2344 in
2957 2290 3125 2344 forma
3155 2292 3297 2346 servi
3329 2306 3394 2346 ex
3425 2294 3782 2362 conceptione
3812 2294 3937 2363 Spi-

2337 2382 2473 2437 ritus
2517 2383 2688 2438 saneti
2736 2382 3034 2438 secundum
3083 2383 3322 2438 habitum
3373 2383 3607 2438 hominis
3657 2398 3938 2456 repertum

2338 2475 2521 2533 fuisse.
2551 2477 2736 2549 itaque
2753 2492 2874 2533 cum
2896 2477 3054 2533 Jesus
3080 2477 3325 2532 Christus
3349 2487 3402 2534 et
3429 2488 3607 2545 natus,
3637 2490 3690 2534 ct
3719 2495 3934 2549 passus,

2333 2577 2389 2624 et
2418 2581 2687 2635 mortuus,
2737 2579 2792 2625 et
2831 2571 3074 2640 sepultus
3113 2570 3211 2636 sit;
3247 2568 3310 2643 (i)
3363 2580 3412 2626 et
3456 2575 3769 2625 resurrexit.
3815 2572 3933 2626 Non

2335 2671 2514 2729 potest
2542 2663 2593 2715 in
2628 2661 2711 2716 his
2746 2673 3205 2717 sacramentorum
3237 2663 3635 2718 diversitatibus
3660 2663 3728 2718 ita
3772 2666 3841 2717 ah
3871 2679 3938 2720 se

2333 2754 2585 2811 dividuus
2614 2770 2756 2824 esse,
2788 2773 2853 2811 ne
2881 2757 3125 2813 Christus
3147 2757 3214 2812 sit
3258 2775 3271 2812 :
3303 2774 3424 2813 cum
3466 2774 3568 2813 non
3601 2757 3740 2814 alius
3776 2758 3941 2813 Chri-

2336 2856 2473 2914 stus,
2508 2865 2667 2919 quant
2712 2851 2801 2920 qui
2831 2850 2882 2904 in
2915 2851 3085 2906 forma
3121 2850 3216 2904 Dei
3245 2863 3382 2917 erat,
3416 2851 3640 2905 formam
3668 2851 3810 2907 servi
3842 2867 3940 2907 ac-

2331 2946 2565 3018 ceperit;
2609 2963 2784 3018 neque
2831 2946 2990 3015 alius,
3033 2963 3193 3018 quam
3225 2949 3316 3018 qui
3353 2957 3508 3002 natus
3545 2955 3649 3015 est,
3683 2958 3938 3006 mortuus

2402 3080 2482 3155 (2)
2512 3080 2787 3138 Naturale.

697 3221 784 3296 (α)
805 3222 965 3296 Deest
993 3219 1256 3296 particula
1285 3231 1486 3296 negans
1509 3218 1560 3296 in
1590 3216 1800 3296 duobus
1821 3231 1950 3296 mss.
1976 3215 2130 3296 Colb.
2151 3228 2215 3296 _et
2244 3219 2288 3283 C
2321 3217 2414 3274 Or.
2448 3236 2521 3286 ιι,
2557 3237 2612 3275 ιι.
2640 3221 2694 3285 5,
2727 3221 2802 3296 ait
2837 3239 2847 3274 :
2883 3219 3064 3290 Neque
3108 3223 3242 3278 enim
3275 3223 3537 3296 hominem
3583 3241 3615 3278 a
3661 3224 3937 3283 divinitate

625 3287 733 3349 uno
755 3287 1005 3350 'Sorboni
1027 3293 1252 3347 Prorsus
1283 3289 1563 3345 retinenda
1589 3299 1692 3344 est.
1737 3287 1906 3357 Hujus
1930 3290 2215 3345 calumnia:

631 3365 958 3436 repellenda:
985 3365 1154 3435 gratia
1189 3371 1337 3416 tanto
1375 3361 1558 3436 studio
1579 3360 1665 3416 hic
1701 3359 1928 3415 inculcat
1960 3360 2210 3436 Hilarius,

623 3432 898 3492 Christum
941 3432 1063 3489 esse
1093 3437 1384 3505 perlectum
1420 3434 1689 3486 hominem
1719 3442 1907 3505 natura
1957 3432 2112 3486 nobis
2142 3434 2214 3488 si-

622 3510 828 3572 milem,
859 3509 976 3562 licet
1009 3503 1382 3575 exisingulari
1417 3505 1558 3558 illius
1598 3504 1951 3570 coaceptione
1981 3505 2214 3559 maxime

621 3580 749 3636 velit
786 3579 1121 3633 divinitatem
1157 3578 1324 3647 ipsius
1349 3575 1750 3647 comprobare;
1784 3575 1922 3627 sicut
1969 3582 2080 3647 toto
2113 3575 2214 3630 hoc

620 3651 759 3706 libro
785 3650 838 3705 in
873 3666 1010 3706 unos
1036 3644 1267 3705 Arianos
1296 3644 1554 3709 intentus,
1588 3647 1699 3715 pari
1731 3644 1841 3698 fere
1871 3645 2047 3699 studio
2083 3662 2214 3700 con-

619 3732 700 3778 tra
727 3722 1022 3780 Sabellium
1061 3729 1281 3791 pugnat,
1314 3729 1372 3774 ut
1411 3717 1616 3774 nullum
1645 3715 1854 3771 usitata:
1879 3717 2093 3772 illorum
2124 3733 2214 3773 ca-

619 3794 836 3851 lumnia:
855 3793 1028 3850 locum
1055 3794 1350 3862 permittat.

693 3866 771 3937 (b)
802 3866 964 3922 Solus
992 3859 1163 3920 codex
1185 3862 1307 3937 Va_t.
1329 3862 1554 3937 ΔΙιειεςη-ει
1588 3862 1804 3932 formam
1844 3859 1943 3914 Dei
1965 3877 2212 3937 evocatur:

621 3932 719 3992 tem
738 3932 760 3992 ἑ
778 3939 956 3994 minus
983 3937 1216 3992 sincere.
1245 3933 1431 3988 Obiter
1456 3932 1749 3988 observare
1775 3942 1878 3995 est,
1903 3933 1991 4001 qui
2017 3932 2211 3987 Christi

617 4009 937 4064 vocabulum
970 4009 1035 4062 ad
1062 4017 1304 4061 naturam
1339 4007 1574 4060 divinam
1617 4003 1903 4059 referatur.
1939 4002 2027 4059 Sic
2055 4003 2213 4072 paulo

619 4090 745 4134 ante
797 4095 1096 4152 synonyma
1142 4077 1609 4152 stunt,__subsistens
1657 4074 1880 4129 Verbum
1923 4073 2085 4142 Deus,
2134 4085 2209 4143 et,

619 4145 844 4206 manens
861 4152 913 4204 in
939 4145 1107 4220 formo
1137 4147 1232 4202 Dei
1261 4145 1518 4220 Christus.

697 4220 773 4293 (ο)
799 4217 964 4287 ΕιΙίιῖ,
987 4231 1039 4274 ιιι
1077 4235 1240 4293 verus.
1268 4218 1467 4293 Maiore
1493 4217 1722 4293 quadam
1746 4218 2212 4293 energia_mss._ut

617 4287 764 4359 vere,
779 4293 896 4348 scil.
925 4302 1078 4345 natus
1115 4291 1202 4353 sit,
1245 4287 1486 4358 quivere
1514 4287 1654 4357 ﬁlius
1700 4290 1791 4342 Dei
1819 4287 1920 4344 est.
1961 4287 2094 4344 Tota
2123 4289 2211 4344 illa

657 4364 861 4419 radatio
884 4365 961 4419 sic
984 4368 1160 4434 potest
1185 4361 1504 4434 explicatius
1525 4361 1743 4431 exponi,
1771 4372 1828 4414 ut
1855 4361 1945 4434 Dei
1971 4359 2115 4414 ﬁlius
2145 4377 2212 4415 ex

657 4379 861 4419 radatto
884 4379 961 4419 sic
984 4379 1160 4434 poteSt
1185 4379 1504 4434 explicatius
1525 4379 1743 4431 exponi,
1771 4379 1828 4414 ut
1855 4379 1945 4414 uet
1972 4379 2115 4414 unus
2145 4379 2210 4415 ex

617 4379 839 4505 g’irgine
867 4451 1025 4491 verus
1057 4432 1288 4505 hominis
1337 4432 1475 4505 ﬁlius
1511 4447 1641 4488 vere
1689 4445 1847 4505 natus
1873 4433 1980 4499 sit;
2018 4435 2086 4505 ita
2106 4447 2210 4505 gau-

619 4503 808 4564 tem—ex
835 4507 1051 4576 Virgine
1079 4504 1311 4559 hominis
1333 4504 1475 4559 ﬁlius
1497 4503 1770 4576 natusqsit,
1800 4511 1856 4556 ιιι
1885 4519 1992 4558 ιιοιι
2017 4504 2118 4576 nisi
2143 4517 2208 4558 es

615 4578 728 4636 Deo
755 4577 918 4634 homo
932 4573 1037 4643 sit;
1070 4592 1132 4632 ac
1159 4576 1375 4632 demum
1402 4592 1465 4631 ex
1502 4577 1632 4639 Deo,
1667 4574 1768 4628 hoc
1792 4583 1896 4638 est,
1927 4589 2048 4628 cum
2071 4573 2210 4628 Deus

612 4660 779 4718 emet,
813 4652 883 4706 ita
915 4659 1070 4704 natus
1096 4647 1160 4702 sit
1195 4650 1376 4710 homo,
1408 4655 1465 4700 ut
1492 4646 1630 4700 Deus
1663 4660 1785 4699 esse
1827 4659 1931 4698 non
1962 4643 2207 4699 desierit.

689 4744 773 4818 (ά)
801 4743 1043 4818 Scilicet,
1069 4751 1127 4796 ut
1153 4757 1244 4818 per
1260 4741 1492 4796 eumdem
1516 4749 1678 4818 totum
1699 4738 1952 4818 hominem
1981 4739 2137 4794 simul
2158 4755 2218 4793 ac

614 4809 780 4871 Deum
808 4825 944 4870 totus
977 4815 1128 4867 homo
1153 4809 1209 4866 in
1236 4822 1501 4883 peccatum
1521 4811 1696 4880 lapsus
1723 4809 2008 4883 rer/iugatur
2033 4825 2098 4865 ac
2127 4825 2216 4883 re-

613 4888 902 4952 formetnr,
940 4885 1128 4956 inquit
1164 4879 1425 4956 adversus
1476 4879 1894 4956 Apellinaritua
1916 4879 2213 4950 Gregorius

612 4951 895 5024 Nazianz.,
922 4951 1118 5022 Οι·.ἰι,
1163 4972 1218 5012 ιι.
1250 4953 1303 5010 5.
1343 4955 1418 5010 De
1447 4953 1611 5009 verbo
1642 4963 1777 5007 totus
1806 4951 1931 5009 vide
1959 4963 2212 5009 annotata

612 5029 678 5086 ad
712 5031 849 5104 psal.
885 5046 923 5097 I,
955 5044 1009 5083 ιι.
1041 5027 1134 5082 27.

685 5121 761 5193 (e)
794 5121 907 5178 Hoc
932 5129 1038 5188 est,
1072 5134 1245 5190 neque
1271 5132 1300 5171 a
1337 5116 1514 5174 Verbo
1537 5116 1837 5193 conditam,
1870 5115 1966 5172 sed
1995 5132 2022 5169 a
2049 5131 2210 5193 causa

611 5187 790 5250 aliena
818 5203 984 5264 atque
1003 5187 1616 5264 esternapropagatam,
1635 5197 1690 5264 ut
1715 5187 1920 5264 dictum
1947 5189 2207 5254 estn.20,

612 5279 790 5336 neque
817 5259 994 5336 eidem
1026 5263 1204 5336 Verh_o
1231 5259 1520 5336 intri’ns’ece
1550 5270 1605 5315 et
1634 5261 1686 5336 in
1732 5259 1991 5336 unitatem
2021 5275 2209 5328 perso-

612 5331 718 5406 nas'
744 5335 1108 5406 conjunctam.
1149 5332 1381 5388 Eosdem
1411 5331 1922 5406 quippe_ha_:re_ticos
1950 5345 2209 5406 personas

610 5404 666 5462 in
688 5403 904 5463 Christo
934 5405 1206 5470 divisisse,
1235 5415 1289 5460 et
1333 5404 1566 5460 humiles
1595 5403 1792 5458 Christi
1825 5417 1980 5456 voces
2015 5403 2206 5456 huma-

612 5493 718 5543 nae,
735 5478 934 5534 divinae
958 5489 1135 5533 autem
1156 5475 1423 5548 gloriosos
1445 5476 1626 5529 titulos
1657 5475 1930 5537 tribuisse,
1954 5474 2106 5548 testis
2126 5482 2209 5528 est

605 5548 878 5675 gaudatus
905 5545 1195 5622 Gregorius
1246 5547 1497 5605 Nazianz.
1558 5548 1857 5616 praesertim
1897 5546 2001 5599 sub
2043 5545 2204 5602 ﬁnem

654 5637 697 5675 r.
728 5636 824 5675 ιιι.

654 5637 697 5678 Γ.
728 5636 824 5677 ιιι.

776 5691 1108 5776 Particulam
1137 5690 1259 5776 etin
1287 5689 2038 5776 vulgatis.omissamrectitts
2075 5700 2207 5776 mss.

601 5759 869 5828 retinent,
899 5778 967 5818 ne
985 5771 1293 5818 naturarum
1319 5759 1570 5823 co'nlusio
1596 5759 1946 5828 intelligatur.
1976 5759 2214 5820 Rursum

593 5826 676 5890 itis
700 5829 1005 5890 concinens
1030 5829 1287 5888 adversus
1315 5826 2021 5915 ApollinariumGi'egorius
2049 5833 2216 5904 Nam,

2320 3308 2625 3369 separamus
2651 3309 2669 3348 :
2695 3294 2784 3369 sed
2821 3309 2990 3369 unum
3039 3306 3105 3369 et_
3133 3293 3364 3369 eumdem
3407 3296 3727 3366 proﬁtemur,
3785 3305 3934 3369 prius

2317 3363 2528 3428 quidem
2558 3382 2661 3418 non
2693 3365 2970 3432 hominem,
3016 3365 3106 3419 sed
3138 3366 3324 3434 Deum,
3367 3363 3581 3432 etc.,iu
3627 3370 3730 3435 [ine
3756 3363 3934 3426 autem

2316 3435 2473 3488 etiam
2505 3437 2780 3490 hominem.

2393 3511 2476 3583 (g)
2510 3511 2686 3583 Atque
2735 3507 2871 3562 adeo
2927 3508 3047 3563 dum
3091 3509 3196 3583 illa:
3243 3518 3449 3583 naturre
3492 3511 3775 3583 contraria:
3808 3522 3937 3583 post

2317 3577 2758 3652 coniunctionem
2792 3592 3141 3646 perseverant
3169 3579 3490 3636 inconfusre.
3521 3583 3609 3636 Sic
3636 3577 3934 3652 Gregorius

2317 3647 2599 3717 Nazianz.,
2631 3651 2722 3705 0r.
2757 3667 2886 3716 xui,
2911 3652 3092 3706 carnis
3124 3653 3387 3706 vocabulo
3430 3654 3718 3708 humanam
3747 3647 3936 3711 'natu-

2318 3735 2459 3794 ιξιιιι,
2502 3722 2735 3776 divinam
2772 3737 2900 3777 vero
2946 3722 3166 3791 spiritus
3210 3727 3427 3779 nomine
3481 3726 3758 3794 appellans
3807 3729 3927 3782 ait:

2319 3789 2634 3866 Progressus
2689 3803 2858 3866 autem
2913 3789 3047 3847 Deus
3108 3812 3220 3848 cum
3270 3789 3931 3866 assumpta'Itumattitate,

2319 3878 2484 3917 unum
2524 3863 2689 3936 (nunc
2734 3865 3038 3920 diceremus
3069 3882 3203 3920 unus
3243 3863 3336 3935 est)
3386 3863 3672 3922 ett-duobus
3699 3869 3828 3923 inter
3873 3863 3932 3925 se

2317 3938 2614 4008 contrariis,
2647 3951 2800 3990 carne
2826 3938 3064 3990 nimirum
3110 3947 3154 3990 et
3189 3937 3414 4008 Spiritu,
3447 3955 3662 4008 quorum
3700 3943 3929 3997 alterum

2317 4005 2557 4062 deitatem
2590 4008 2726 4061 dedit
2761 4009 3044 4078 (ἐθὲωσεν),
3079 4005 3297 4062 alterum
3327 4005 3542 4081 accepit,
3566 4012 3769 4068 ἐθεὼθη.

2395 4098 2476 4171 (Ιι)
2515 4099 2630 4154 Vat.
2667 4098 2780 4171 has.
2814 4114 2913 4153 ms.
2959 4115 3082 4152 cutn
3112 4099 3430 4170 quihusdam
3471 4100 3613 4166 aliis,
3645 4103 3878 4156 naturale
3910 4119 3933 4159 .'

2319 4169 2499 4223 minus
2529 4169 2814 4226 concione.
2859 4172 2936 4225 Ex
2962 4172 3065 4225 hoc
3101 4169 3241 4236 loco,
3284 4186 3494 4225 necnon
3544 4188 3608 4226 ex
3643 4190 3788 4226 num.
3829 4176 3929 4240 64,

2319 4241 2389 4297 65
2440 4250 2496 4295 et
2523 4242 2643 4295 aliis
2671 4241 2884 4310 planum
2930 4252 3033 4303 est,
3064 4242 3137 4296 ιιιί
3161 4243 3272 4311 jam
3319 4244 3746 4307 observavimus,
3781 4244 3936 4300 Hila-

2319 4313 2401 4367 rio
2428 4315 2642 4380 quoties
2680 4312 2748 4367 de
2774 4313 2990 4367 Christo
3018 4328 3198 4367 sermo
3231 4321 3339 4372 est.
3369 4323 3570 4369 natura:
3607 4317 3931 4372 vocabulum

2319 4398 2536 4454 semper
2563 4383 2632 4438 ad
2661 4383 2998 4456 divinitatem
3032 4384 3244 4438 referri.
3273 4385 3428 4448 Quod
3454 4390 3609 4450 enim,
3662 4389 3836 4456 inquit
3873 4389 3930 4443 in

2320 4456 2456 4524 psal.
2493 4471 2713 4521 cxxxtx,
2741 4471 2797 4509 ιι.
2825 4454 2884 4522 2,
2947 4455 3085 4509 Deus
3129 4467 3224 4520 est,
3272 4464 3469 4510 notario
3497 4473 3603 4510 sua:
3649 4454 3756 4522 est;
3785 4460 3936 4525 quod

2317 4535 2488 4600 autem
2511 4526 2664 4580 homo
2708 4535 2803 4589 est,
2837 4537 3034 4600 natura?
3058 4539 3264 4600 nostra?
3299 4530 3721 4600 assumptioiest.
3753 4529 3935 4600 Cujus

2238 4613 2295 4675 Ῑ)
2321 4597 2396 4679 rei
2429 4600 2695 4679 rationem
2727 4599 2805 4651 sic
2853 4597 3027 4679 reddit
3057 4596 3114 4652 in
3144 4613 3224 4666 ps.
3265 4596 3486 4679 vanr,_'
3505 4616 3559 4652 ιι.
3592 4599 3664 4679 25_
3695 4617 3714 4679 ε.
3740 4596 3938 4679 tVequc

2323 4672 2504 4738 [arma
2526 4668 2722 4722 servilis
2750 4670 3031 4739 assumptio
3050 4679 3309 4738 tamquam
3329 4669 3564 4738 genuina:
3584 4670 3798 4740 originis
3823 4668 3896 4726 na
3915 4705 3931 4714 -

2322 4749 2437 4792 tura
2461 4749 2570 4805 est;
2611 4755 2728 4792 cum
2770 4740 2821 4811 id
2851 4745 2986 4809 quod
3016 4752 3334 4810 assumptum
3379 4749 3476 4811 est,
3503 4757 3606 4794 non
3637 4745 3938 4811 proprietas

2321 4811 2533 4884 interior
2578 4811 2665 4874 sit,
2695 4809 2784 4884 sed
2831 4811 3054 4865 exterior
3090 4809 3337 4884 accessio.
3369 4810 3460 4884 Sic
3503 4811 3692 4884 Cyrill.
3736 4809 3818 4867 'H
3874 4821 3933 4872 in

2318 4879 2475 4936 Joan.
2500 4892 2744 4936 naturam
2763 4882 3047 4956 humanam
3063 4882 3129 4956 ad
3149 4883 3304 4937 Verbi
3323 4879 3618 4956 unitioném
3634 4895 3930 4956 σχετικῶς,

2321 4967 2428 5007 non
2448 4961 2676 5028 φυσικῶς
2695 4953 3014 5028 ascendisse
3052 4953 3233 5020 docet,
3263 4953 3418 5028 quod_
3437 4970 3501 5008 ea;
3545 4971 3599 5009 se
3645 4953 3710 5008 εἴ
3735 4969 3933 5027 suapte

2321 5023 2615 5081 conditione
2664 5041 2765 5079 non
2804 5024 2951 5078 habet
2994 5023 3113 5087 hoc,
3146 5035 3202 5077 ut
3233 5023 3348 5079 cum
3377 5023 3490 5079 Deo
3521 5042 3677 5079 unum
3720 5029 3809 5081 sit.
3837 5023 3936 5084 'At

2318 5109 2476 5154 caute
2515 5097 2736 5152 omnino
2767 5094 3003 5169 Hilarius
3033 5094 3258 5151 subinde
3288 5099 3643 5159 demonstrat,
3672 5113 3934 5169 assump—

2320 5175 2429 5222 tam
2476 5170 2618 5224 servi
2656 5169 2884 5223 formant
2933 5167 3102 5223 nihilo
3143 5169 3333 5240 _tniotts
3383 5171 3657 5240 propriam
3713 5167 3930 5228 CoriSti

2319 5253 2461 5306 esse,
2492 5256 2652 5311 quant
2685 5241 2856 5309 ipsam
2885 5240 3111 5294 fortnam
3141 5238 3257 5294 Dei.

2390 5328 2454 5402 (i)
2477 5331 2692 5396 Excusl,
2721 5341 2768 5384 et
2799 5331 3101 5396 resurrexit,
3133 5332 3254 5385 etin
3276 5333 3428 5386 corios
3453 5331 3793 5394 adscenderit,
3817 5352 3930 5392 non

2319 5413 2508 5472 potest,
2536 5414 2643 5478 etc.
2674 5402 2990 5478 Simplicius
3032 5417 3095 5478 ac
3123 5404 3324 5478 veritis
3348 5419 3478 5478 mss3
3511 5414 3558 5478 et
3587 5404 3708 5478 (pro
3734 5407 3928 5478 etiam)

2314 5473 2593 5528 resurrexit
2622 5489 2642 5528 :
2673 5474 2774 5528 hoc
2798 5481 2902 5536 est,
2934 5475 2979 5526 si
3005 5472 3140 5544 mihi
3166 5473 3398 5544 ohjicitis
3419 5472 3693 5530 Christiin
3724 5472 3929 5534 nativil

2319 5556 2450 5616 tate,
2476 5545 2747 5614 passione,
2766 5558 2899 5612 etc.,
2929 5541 3327 5610 inﬁrmitatem;
3354 5559 3456 5616 ego
3481 5560 3745 5616 apponam
3770 5549 3928 5616 ejus-

2319 5615 2440 5672 dem
2475 5617 2962 5687 inresurrectione
2990 5617 3235 5687 gloriam.
3280 5615 3460 5687 Pergit
3507 5617 3739 5673 Hilarius
3767 5615 3922 5678 viam

2320 5686 2656 5760 praecludere
2691 5689 2869 5760 errori
2905 5686 3311 5760 luereticorum,
3343 5686 3571 5758 quorum
3613 5687 3925 5748 imitatores

2323 5757 2726 5834 Apollinaristac
2751 5759 2994 5819 Christus
3015 5757 3492 5834 duosinducentes
3519 5760 3662 5834 apud
3707 5761 3928 5834 Grcgu-

2326 5826 2468 5896 rium
2499 5826 2657 5898 Nam,
2685 5833 2779 5890 Or.
2829 5847 2899 5889 ιιι
2925 5848 2937 5885 :
2963 5828 3111 5885 verba
3129 5831 3240 5899 illa,
3272 5832 3512 5902 Anguore
3553 5826 3769 5900 itﬁectus
3819 5826 3927 5908 Est,
