4286 6264
588 323 698 387 363

1734 362 1757 365 η
1798 316 2045 380 SANCTI
2085 316 2337 378 HILARII
2377 311 2693 380 EHSCOPl

3794 309 3903 378 εει

594 448 841 499 nostrum
886 438 946 496 id
970 443 1182 496 nsturtc
1211 436 1395 505 habet,
1437 443 1496 491 ut
1531 435 1703 492 calcet
1728 435 1901 491 undas
1930 445 1984 491 et
2024 450 2187 507 super
2217 434 2270 497 Α
2294 451 2413 508 qua:
2445 433 2648 492 fructus
2690 447 2822 492 suos
2866 430 3124 489 esurienti
3174 446 3278 488 non
3308 429 3602 503 praebuerit
3630 428 3893 488 damnare

595 533 792 591 ﬂuctus
806 540 915 601 eat,
947 542 1001 589 et
1029 547 1135 587 non
1173 530 1495 601 degravetur
1527 528 1795 600 ingressu,
1830 543 2005 601 neque
2036 544 2192 599 aqua:

597 625 973 683 insistentibus
1003 621 1244 695 vestigiis
1272 624 1489 689 cedant,
1520 629 1769 692 penetret
1796 621 1958 677 etiam
1996 619 2193 688 solida,

605 735 708 796 nec
747 719 948 775 clausae
988 717 1182 772 domus
1223 715 1518 772 obstaculis
1560 723 1830 771 arceatur.
1880 714 1951 769 At
1981 729 2108 770 vero
2151 714 2197 770 si

601 811 859 869 dominici
886 809 1131 882 corporis
1161 808 1277 865 sola
1306 808 1412 864 ista
1442 817 1629 863 natura
1658 807 1748 874 sit,
1780 816 1842 862 ut
1867 802 1945 880 (α)
1974 821 2069 862 sua
2092 807 2198 862 vir-

606 916 743 974 tute,
784 919 880 964 sua
911 903 1089 959 anima
1121 903 1324 959 feratur
1355 903 1408 958 in
1438 902 1696 969 humidis,
1737 910 1792 957 et
1816 901 2031 959 insistat
2055 899 2108 956 in
2135 901 2200 957 li—

608 997 808 1070 quidis,
843 1006 896 1054 et
925 1004 1202 1053 exstructa
1242 1004 1571 1052 transcurrat
1598 1013 1613 1051 :
1639 994 1763 1067 quid
1808 1010 1905 1065 per
1953 1005 2197 1050 naturam

598 1090 823 1147 humani
873 1090 1118 1161 corporis
1170 1088 1245 1160 (b)
1291 1096 1611 1159 conceptam
1659 1087 1824 1160 338
1868 1103 1938 1143 ex
1992 1086 2201 1159 Spiritu

602 1198 821 1239 carnem
850 1180 1202 1255 iudicamus?
1242 1180 1383 1237 Caro
1414 1180 1527 1249 illa,
1576 1180 1628 1235 id
1658 1189 1762 1248 est,
1804 1180 1959 1253 panis
1998 1180 2093 1237 ille
2135 1180 2202 1237 de

600 1276 761 1334 ccelis
791 1283 914 1343 est;
948 1283 1004 1331 et
1035 1274 1197 1330 homo
1242 1273 1333 1329 ille
1357 1273 1427 1329 de
1466 1274 1577 1329 Deo
1616 1282 1724 1329 est.
1749 1273 1965 1329 Habetis
2009 1272 2077 1329 ad
2109 1288 2204 1344 pa-

602 1370 847 1428 tiendum
880 1369 1097 1441 quidem
1125 1380 1344 1439 corpus,
1370 1375 1425 1422 et
1450 1381 1641 1438 passus
1671 1376 1752 1423 est
1777 1382 1792 1433 ;
1823 1366 1920 1421 sed
1951 1365 2018 1439 (c)
2048 1375 2206 1423 natu-

602 1478 721 1521 ram
745 1477 849 1518 non
873 1461 1081 1517 habens
1110 1459 1176 1515 ad
1204 1458 1519 1515 dolendum.
1549 1458 1764 1514 Natura:
1797 1457 1874 1531 (tl)
1913 1458 2058 1514 enim
2083 1474 2206 1529 prae-

600 1556 735 1628 princ
758 1568 827 1610 ac
850 1568 964 1610 suae
990 1567 1191 1624 corpus
1218 1551 1348 1606 illud
1373 1560 1478 1619 est,
1509 1550 1653 1622 quod
1695 1551 1749 1606 in
1779 1551 2054 1607 caelestem
2082 1551 2204 1623 glo-

602 1648 738 1704 riam
764 1644 839 1721 (e)
867 1646 1243 1703 conformatur
1271 1646 1325 1699 in
1352 1652 1560 1710 monte,
1588 1645 1734 1716 quod
1761 1654 1964 1701 attactu
1997 1659 2098 1702 suo
2124 1649 2207 1702 fu-

600 1749 690 1810 gat
712 1738 911 1807 febres,
945 1739 1088 1810 quod
1118 1738 1185 1793 de
1225 1745 1383 1808 sputo
1402 1753 1501 1794 suo
1528 1736 1729 1793 format
1757 1738 1969 1798 oculos.

2299 530 2547 584 arborem
2580 527 2796 603 (Matth.
2825 542 2916 581 xxx
2942 569 2957 595 ,
2992 523 3113 597 19),
3148 540 3249 580 nec
3289 534 3537 580 naturam
3591 538 3711 579 eam
3763 524 3906 580 vinci

2299 623 2477 679 inedia
2502 664 2516 689 ,
2549 637 2670 692 qute
2715 629 2961 676 naturam
3002 617 3298 675 viriditatis
3334 617 3484 688 jussa
3516 617 3765 673 ariditate
3809 616 3907 674 de-

2302 726 2476 774 mutet
2508 714 2723 788 (lbid.).
2754 714 2911 784 Quod
2941 714 3020 778 si,
3053 722 3252 785 praeter
3282 711 3443 768 ﬂetus
3470 720 3526 768 et
3555 712 3674 768 sitis
3701 722 3759 775 et
3774 727 3906 773 ,esu-

2301 809 2517 866 ritionis
2547 808 2885 879 mysterium,
2916 813 3190 877 assumpta
3213 819 3363 870 caro,
3393 803 3447 858 id
3476 813 3560 861 est
3583 845 3598 870 ,
3628 804 3797 869 homo
3825 813 3912 862 to-

2303 911 2419 972 tus,
2479 903 2791 975 passionum
2838 910 2922 958 est
2967 901 3229 972 permissa
3262 899 3471 955 naturis
3519 917 3532 953 :
3582 914 3683 955 nec
3727 908 3913 959 tamen

2303 1000 2400 1063 ita,
2451 994 2533 1067 (l)
2575 1004 2632 1050 ut
2677 993 2994 1064 passionum
3044 991 3108 1067 (i)
3152 990 3515 1048 conﬁceretur
3560 990 3807 1062 injuriis;
3855 998 3916 1051 ut

2303 1088 2440 1144 ﬂens
2488 1102 2593 1144 non
2634 1086 2737 1143 sibi
2762 1085 2919 1144 ﬂeret
2944 1128 2958 1153 ,
2984 1093 3043 1142 ut
3071 1083 3263 1141 sitiens
3307 1085 3453 1140 sitim
3486 1100 3591 1140 non
3624 1092 3912 1155 potaturus

2303 1181 2633 1252 depelleret,
2665 1187 2721 1235 et
2748 1179 2994 1236 esuriens
3019 1192 3125 1234 non
3150 1193 3208 1235 se
3228 1177 3352 1233 cibo
3377 1192 3519 1234 escae
3560 1176 3787 1247 alicujus
3815 1193 3916 1233 ex-

2307 1275 2502 1345 pleret.
2534 1273 2723 1344 Neque
2752 1273 2897 1329 enim
2925 1280 3060 1335 tum.
3088 1286 3213 1326 cum
3240 1269 3408 1327 sitivit
3447 1278 3542 1327 aut
3569 1269 3798 1325 esurivit
3820 1277 3915 1325 aut

2306 1368 2491 1437 ﬂevit,
2523 1366 2731 1424 bibisse
2758 1367 3018 1423 Dominus
3051 1374 3143 1422 aut
3182 1364 3539 1422 manducasse
3562 1373 3655 1420 aut
3676 1362 3918 1421 doluisse

2306 1468 2639 1517 monstratus
2669 1470 2752 1515 est
2785 1477 2798 1514 :
2831 1459 2928 1516 sed
2955 1458 3021 1515 ad
3043 1455 3528 1515 demonstrandam
3553 1459 3801 1531 corporis
3822 1472 3919 1515 ve-

2307 1554 2558 1619 ritatem,
2589 1552 2839 1624 corporis
2882 1551 3222 1608 consuetudo
3269 1561 3524 1621 suscepta
3556 1558 3679 1618 est,
3739 1551 3811 1606 ita
3858 1560 3922 1607 ut

2309 1656 2519 1703 natura
2547 1655 2753 1703 nostra:
2774 1644 3173 1702 consuetudine
3196 1642 3577 1700 consuetudini
3609 1641 3676 1716 (j)
3704 1643 3775 1697 sit
3800 1656 3919 1697 cor-

2307 1741 2455 1811 poris
2484 1739 2837 1797 satisfactum.
2877 1739 2977 1796 Vel
3007 1753 3132 1794 cum
3156 1744 3341 1809 potum
3366 1735 3630 1793 etcibun
3662 1735 3873 1807 accepit
3896 1777 3914 1803 ,

672 1832 764 1887 Ἠ.
798 1830 1075 1886 Passiones
1098 1828 1340 1885 humana:
1369 1847 1437 1884 an
1463 1831 1517 1885 in
1549 1829 1775 1887 Christo.
1808 1860 1878 1873 -—
1920 1830 2027 1888 Sed
2062 1831 2204 1889 forte
2232 1833 2283 1895 B
2311 1850 2419 1889 non
2475 1849 2536 1891 se
2565 1832 2876 1890 necessitati
2928 1832 3173 1905 corporis
3200 1872 3215 1900 ,
3243 1830 3340 1888 sed
3396 1828 3776 1890 consuetudini
3816 1829 3916 1885 tri-

602 1926 658 1981 in
680 1939 794 1996 quo
822 1922 1037 1979 aﬂ'ectio
1061 1922 1247 1985 ﬂendi,
1280 1922 1494 1977 sitiendi
1517 1964 1533 1991 ,
1562 1924 1948 1996 esuriendique
1979 1926 2205 1996 mansit,

609 2029 931 2076 caeterarnm
956 2031 1173 2088 quoque
1202 2016 1562 2073 humanarum
1590 2016 1901 2087 passionum
1936 2019 1987 2073 iu
2017 2034 2085 2075 eo
2116 2035 2213 2077 ne—

605 2124 760 2168 cesse
791 2109 861 2165 sit
904 2110 1085 2164 inesse
1124 2115 1392 2164 naturam.
1423 2107 1527 2177 Qui
1571 2120 1967 2166 sacramentum
2006 2110 2209 2177 ﬂetus,

606 2203 730 2257 sitis
780 2209 946 2271 atque
992 2200 1310 2256 esuritionis
1354 2201 1603 2272 ignorat,
1634 2201 1773 2257 sciat
1826 2212 1880 2259 et
1934 2204 2210 2261 viviﬁcare

602 2294 848 2359 ﬂentem,
882 2309 982 2349 nec
1011 2302 1238 2350 mortem
1280 2294 1619 2352 Lazarillere
1649 2292 1839 2371 (Joan.
1870 2313 1931 2367 tt,
1964 2296 2064 2372 15)
2089 2297 2209 2372 ..(Ι)

606 2404 769 2461 quam
793 2387 1064 2460 gaudeat,
1095 2397 1150 2443 et
1178 2386 1403 2443 ﬂumina
1432 2402 1589 2460 aqum
1611 2390 1749 2446 viva:
1777 2406 1843 2448 ex
1868 2407 1934 2448 se
1971 2393 2212 2463 praebere

606 2483 881 2539 sitientem
914 2479 1096 2552 (Joan.
1137 2496 1224 2547 vn,
1257 2480 1359 2551 58)
1384 2523 1398 2548 ,
1452 2496 1629 2552 neque
1656 2482 1737 2554 (g)
1787 2499 1939 2540 arere
1969 2487 2091 2553 siti,
2122 2488 2214 2561 qui

605 2573 771 2647 339
788 2580 977 2644 potens
991 2573 1065 2627 sit
1090 2580 1277 2644 potare
1297 2570 1655 2649 sitientes,(lt)
1669 2583 1725 2631 et
1740 2576 2067 2635 esurientem
2090 2594 2211 2637 eam

678 2711 761 2784 (l)
791 2709 861 2768 Ut
887 2709 1143 2784 passionis
1164 2753 1179 2779 ,
1214 2724 1364 2775 mox,
1404 2723 1509 2764 non
1546 2717 1808 2782 potatura.

608 2866 793 2932 potest
815 2869 1013 2932 corpus
1041 2851 1259 2932 Domini
1288 2849 1545 2932 habuisse
1587 2849 1791 2932 doloris
1842 2849 2012 2932 nostri
2043 2858 2202 2905 natu-

606 2921 724 2988 ram
751 2921 1118 2992 :quia'noster
1143 2923 1301 2979 dolor
1325 2921 1487 2977 etiam
1518 2922 1944 2992 invitosrpungat
1964 2934 2029 2975 ac
2057 2936 2204 2992 mor-

608 3004 755 3059 deat.
783 2991 878 3056 Vel
902 3010 1055 3055 certe
1084 2996 1185 3049 hoc
1214 3002 1590 3065 argumentum
1624 3008 1686 3048 ex
1720 2991 1786 3046 iis
1809 2991 1927 3065 est,
1960 3006 2080 3065 quas
2111 2991 2204 3046 ad~

608 3072 884 3129 versarios
922 3070 993 3125 ita
1024 3063 1307 3130 premant,
1355 3073 1410 3119 ut
1450 3064 1503 3118 in
1540 3078 1639 3119 sua
1664 3063 1931 3120 sententia
1972 3064 2052 3119 eis
2099 3078 2206 3119 non

608 3151 867 3218 suppetat
894 3144 1034 3218 quod
1065 3144 1348 3218 reponant.
1412 3205 1425 3218 .
1466 3214 1475 3218 Δ
1522 3214 1531 3218 _
1753 3205 1764 3217 ι

683 3204 761 3287 (ἁ)
791 3218 870 3287 An
894 3204 1232 3287 primuntait
1252 3222 1346 3287 sua
1375 3205 1582 3287 virtute,
1614 3205 1771 3287 quasi
1786 3204 1983 3287 divina
2007 3205 2209 3262 virtute

612 3276 754 3359 quie'
778 3276 911 3340 dicti
954 3279 1180 3359 prodigii
1208 3277 1481 3359 _primaria
1512 3291 1673 3359 causa
1728 3276 1835 3358 sit;
1867 3292 1931 3332 ac
1971 3286 2081 3359 tum
2114 3293 2211 3332 sua

616 3348 814 3421 animo,
839 3363 898 3409 nt
915 3348 1035 3423 quae
1059 3368 1086 3404 a
1115 3349 1295 3406 divina
1327 3356 1518 3423 natura
1548 3350 1685 3423 hanc
1707 3348 1822 3423 vim_
1850 3350 2211 3423 pro_xime_ex—

616 3418 879 3499 cipiat,'et
905 3418 1512 3499 corporilcomm’unicet
1541 3437 1555 3473 :
1577 3418 1698 3499 quin
1725 3428 1783 3474 ut
1810 3419 2049 3499 loquitur
2076 3418 2211 3499 (ire-

617 3488 801 3572 gorins
830 3497 959 3552 Naz.
994 3488 1096 3549 sub
1125 3495 1283 3547 linem
1310 3488 1406 3572 _Or.
1440 3489 1543 3572 ὅδε
1576 3492 1728 3572 Deus
1744 3506 1833 3572 pfr
1856 3488 2212 3572 intermedium

619 3561 839 3626 vmentem
865 3583 981 3622 cum
1007 3582 1162 3619 carne
1201 3565 1511 3628 conjunctus
1545 3571 1652 3628 est;
1680 3569 1737 3616 et
1764 3561 1991 3617 Rufinus
2021 3563 2073 3616 in
2113 3579 2211 3617 ex-

622 3642 896 3714 positione
946 3635 1189 3714 Symboli
1221 3652 1236 3688 :
1269 3631 1440 3714 _Filius
1483 3648 1602 3703 ergo
1645 3631 1747 3714 Dei
1788 3634 2054 3714 nascitur,
2109 3650 2213 3688 non

620 3703 1099 3787 principaliter'soli
1137 3706 1280 3787 carni
1319 3704 1567 3787 sociatus,
1595 3703 1686 3759 sed
1726 3705 1899 3760 anima
1936 3706 2068 3761 inter
2101 3721 2215 3759 car-

619 3778 738 3841 nem
764 3778 1029 3846 Deumque
1054 3778 1222 3834 media
1247 3784 1535 3848 generatus.

693 3853 773 3928 (b)
803 3855 881 3930 Ita
909 3868 1040 3907 mss.
1072 3850 1209 3930 Editi
1239 3846 1367 3930 vero
1387 3889 1408 3930 ,_
1430 3855 1763 3930 conceptam}
1803 3846 2015 3930 Spiritu
2037 3857 2215 3903 sancto

619 3919 1052 4000 caro'judicatur.
1084 3922 1224 3977 Caro
1238 3920 1346 4000 .illa
1378 3919 1444 4000 de
1477 3919 1633 3975 caelis
1659 3919 1859 3975 dicitur
1881 3960 1897 3988 ,
1928 3921 2053 3990 quia
2093 3935 2215 3992 per-

626 3990 1076 4054 sona'assumens
1107 4001 1192 4049 est
1222 3991 1291 4047 de
1316 3990 1491 4045 caelis.

698 4066 773 4142 (c)
805 4067 1015 4142 _ln_uno_
1041 4062 1335 4131 exemplari
1372 4059 1576 4131 reperit
1611 4059 1873 4142 Erasmus
1905 4060 2012 4142 hic.
2037 4061 2215 4142 inser;

626 4130 765 4202 tum;
795 4135 1095 4192 imbecillam
1124 4143 1177 4188 ut
1206 4130 1378 4188 nostra
1405 4148 1470 4187 ea:
1509 4144 1730 4201 peccato.
1763 4130 1898 4187 Cum
1923 4131 2116 4187 habens
2147 4136 2218 4190 sit

627 4211 866 4265 Verbum
888 4249 903 4275 ,
932 4222 1034 4262 nec
1064 4205 1226 4260 Verbi
1259 4220 1319 4258 ea
1348 4214 1534 4259 natura
1577 4206 1649 4257 sit
1669 4246 1684 4271 ,
1715 4212 1773 4258 ut
1796 4207 1965 4274 possit
1989 4204 2174 4259 dolere
2198 4222 2214 4272 ;

629 4282 789 4337 facile
811 4274 1095 4347 expeditur
1121 4275 1419 4347 difficultas
1432 4315 1446 4335 .
1477 4290 1597 4344 qum
1633 4274 1840 4347 exrhoc
1868 4275 1986 4329 loco
2025 4278 2215 4331 oritur.

628 4353 786 4421 Quod
812 4344 1083 4405 illustrare
1126 4347 1256 4421 licet
1279 4362 1353 4421 ex_
1376 4344 1562 4421 '_l‘_ra_ct._
1582 4346 1745 4421 _Psal.
1778 4362 1907 4412 ιιιι,
1941 4362 1994 4401 n.
2028 4347 2093 4411 8,
2130 4348 2219 4402 ubi

630 4415 850 4479 J'udteos
897 4421 1121 4474 animam
1163 4417 1294 4491 lianc
1333 4415 1602 4491 (Christi)
1648 4418 1887 4473 humana:
1934 4428 2134 4491 natura:
2172 4428 2220 4473 et

629 4493 945 4563 inﬁrmitatis
973 4507 1081 4546 esse
1107 4488 1457 4563 existimantes
1469 4488 1617 4563 _cut'n
1673 4489 2023 4563 reprehendit
2067 4489 2215 4563 Hila-

2315 1927 2448 1985 buit.

2385 2017 2590 2075 25.-In
2631 2016 2835 2075 Christo
2865 2018 3098 2092 corporis
3128 2000 3582 2083 humanibcritas,
3615 2031 3721 2071 non
3764 2015 3912 2071 sitia.

2314 2110 2441 2168 Non
2484 2129 2606 2168 caro
2651 2113 2888 2185 peccati,
2945 2112 3037 2169 sed
3089 2111 3396 2167 similitudo.
3426 2140 3499 2152 —
3526 2109 3725 2165 Habuit
3766 2108 3916 2164 enim

2313 2223 2545 2279 corpus,
2585 2206 2683 2263 sed
2711 2207 2932 2278 originis
2971 2221 3085 2264 suae
3112 2206 3391 2277 proprium
3418 2222 3434 2272 ;
3476 2217 3656 2276 neque
3681 2216 3745 2260 ex
3775 2200 3921 2259 vitiis

2314 2300 2566 2357 humanae
2587 2300 2957 2371 conceptionis
2984 2300 3294 2367 assistens,
3322 2297 3421 2356 sed
3448 2298 3503 2354 in
3544 2298 3771 2353 turmam
3794 2309 3920 2353 eor-

2315 2396 2463 2467 poris
2492 2398 2663 2452 nostri
2705 2395 2922 2452 virtutis
2962 2410 3079 2452 sua:
3116 2400 3387 2467 potestate
3428 2392 3737 2449 subsistens
3768 2402 3915 2462 τεε-

2313 2503 2441 2545 rens
2469 2487 2684 2560 quidem
2710 2503 2809 2544 nos
2836 2502 2932 2558 per
2956 2485 3186 2543 formam
3217 2488 3383 2554 servi,
3408 2485 3506 2541 sed
3540 2497 3573 2539 a
3602 2482 3838 2555 peccatis
3861 2490 3920 2539 et

2314 2597 2345 2639 a
2375 2582 2519 2640 vitiis
2544 2582 2769 2641 humani
2793 2584 3040 2655 corporis
3084 2582 3257 2648 liber;
3279 2588 3344 2639 ut
3376 2593 3483 2637 nos
3506 2577 3725 2651 quidem
3752 2578 3807 2634 in
3849 2591 3919 2634 eo

2310 2848 2394 2907 ius
2425 2863 2587 2905 sensu
2611 2848 2747 2904 nihil
2772 2858 2958 2906 contra
2984 2846 3188 2906 Christi
3216 2849 3553 2907 divinitatem
3581 2863 3645 2907 ac
3664 2848 3920 2905 virtutem

2352 2920 2562 2987 abelur,
2596 2923 2736 2977 sicut
2762 2937 2936 2993 neque
2966 2937 3033 2977 ex
3062 2922 3231 2992 ipsius
3252 2922 3345 2978 siti
3367 2933 3458 2980 aut
3480 2922 3680 2991 esurie,
3707 2927 3768 2975 ut
3788 2936 3921 2977 mox

2312 2991 2642 3065 declaratur.
2678 2991 2864 3050 Potest
2904 2998 3069 3051 etiam
3088 2991 3172 3050 ita
3210 2994 3471 3064 explicari
3498 3010 3691 3065 corpus
3710 3003 3923 3065 natura:

2312 3072 2362 3118 et
2390 3064 2602 3135 originis
2624 3081 2733 3120 sua:
2757 3065 3026 3135 praprium
3047 3106 3065 3131 ,
3108 3076 3167 3121 ut
3210 3062 3408 3136 corpus
3434 3064 3568 3123 illud
3594 3062 3764 3121 Verbi
3795 3078 3923 3134 pro-

2316 3136 2491 3204 prium
2522 3135 2686 3190 fuerit
2714 3136 2874 3205 eique
2912 3136 3103 3193 intime
3144 3135 3541 3207 coniunctum,
3570 3144 3631 3195 et
3668 3150 3815 3207 non,
3864 3142 3924 3207 ut

2313 3220 2473 3281 supra
2500 3209 2689 3281 volunt
2721 3207 2990 3281 haeretici,
3024 3208 3078 3263 in
3118 3223 3183 3281 eo
3209 3205 3485 3281 tamquam
3510 3205 3587 3281 in
3628 3205 3918 3281 prophetis

2316 3277 2594 3351 habitarit.
2640 3278 2737 3351 Cui
2774 3279 3121 3348 explicationi
3154 3277 3355 3348 favet,’
3378 3280 3522 3351 quod
3553 3279 3620 3351 de
3646 3277 3819 3351 gloria
3846 3291 3915 3332 ac

2313 3348 2512 3403 virtute
2572 3348 2734 3420 hujus
2778 3344 3025 3420 corporis
3087 3344 3335 3421 proxime
3397 3344 3711 3421 subjicitur.
3768 3344 3923 3421 Hanc

2314 3421 2516 3547 quippe
2558 3419 2937 3505 probationem
2978 3419 3177 3505 lib.‘_de
3209 3422 3413 3495 Synod.
3462 3437 3612 3478 num.
3644 3419 3751 3485 t8,
3777 3432 3831 3476 et
3868 3420 3925 3502 in

2360 3506 2407 3546 s.
2438 3508 2524 3547 LV.
2558 3508 2612 3547 n.
2639 3492 2694 3547 5.
2721 3491 2955 3547 Hilarius
2981 3492 3223 3547 adhibet.
3248 3505 3305 3547 ut
3331 3491 3569 3547 Verbum
3591 3500 3716 3547 nost
3741 3505 3923 3547 carnts

2360 3488 2524 3558 s.’t.v,
2639 3492 2694 3557 5,
2721 3491 2955 3548 Hilarius
2981 3492 3223 3565 adhibet,
3248 3488 3305 3549 ut
3331 3491 3569 3565 Verbum
3591 3500 3716 3565 post
3741 3488 3923 3565 carnis

2316 3564 2744 3631 assumptionem
2787 3579 2818 3618 a
2858 3579 2919 3619 se
2960 3579 3070 3619 non
3111 3564 3379 3621 defecisse
3418 3562 3777 3620 demonstret.
3810 3562 3928 3621 Hoc

2317 3649 2480 3689 sensu
2525 3650 2630 3690 non
2658 3650 2854 3705 corpus
2880 3675 2897 3702 ,
2941 3650 3048 3695 non
3081 3637 3268 3699 homo,
3303 3636 3400 3692 sed
3430 3635 3671 3691 Verbum
3715 3633 3925 3691 habens

2317 3718 2515 3778 corpus
2542 3720 2570 3759 a
2597 3704 2785 3778 dolore
2804 3705 3135 3778 rvindicatur.
3178 3708 3315 3765 Cum
3344 3706 3430 3763 his
3458 3705 3651 3763 confer
3676 3720 3802 3778 qua
3841 3704 3926 3759 in-

2318 3775 2397 3832 fra
2417 3775 2582 3832 Vnum.
2605 3776 2700 3846 26,
2729 3777 3024 3835 habentur.

2401 3847 2473 3923 (ᾳ)
2504 3848 2646 3904 Editi
2668 3892 2682 3914 ,
2712 3850 3230 3923 transformamurAt
3254 3866 3386 3923 mss.
3412 3864 3609 3923 magno
3632 3861 3927 3923 consensu,

2319 3919 2674 3988 conformatur
2699 3936 2717 3975 :
2744 3921 2888 3991 quod
2927 3920 3223 3993 Gregorius
3270 3921 3398 3978 Naz.
3429 3919 3526 3977 Or:
3578 3937 3665 3985 nt,
3718 3919 3927 3978 factum

2320 4005 2442 4070 esse
2462 3993 2698 4070 explicat
2720 3993 2984 4070 divinitate
3005 4009 3208 4049 carnem
3237 4002 3512 4066 superante
3533 4034 3549 4062 ,
3572 3993 3933 4070 ὑπερνικὼσης

2321 4063 2381 4119 τὸ
2404 4066 2618 4136 captio»
2641 4078 2733 4127 τῆς
2763 4064 3023 4128 Θεότητος.

2406 4133 2487 4204 (θ’
2518 4135 2964 4205 Praepositionem
2993 4135 3055 4191 ob
3080 4137 3209 4193 hinc
3235 4137 3566 4194 removimus
3594 4133 3920 4194 auctoritate

2323 4219 2456 4259 mss.

2507 4275 2650 4332 Editi
2672 4319 2687 4344 ,
2718 4293 2891 4333 carere
2911 4278 2996 4333 siti
3024 4296 3045 4335 :
3071 4279 3523 4363 emendanturex
3551 4294 3687 4357 mss.

2438 4367 2451 4400 ε
2510 4347 2640 4403 Bad.
2691 4358 2745 4403 et
2795 4349 2928 4416 Er.,
2956 4361 3004 4405 et
3041 4362 3355 4418 esurientes;
3399 4352 3545 4420 Llps.
3587 4360 3643 4407 et
3684 4397 3687 4406 .

2438 4347 2477 4419 ξ)
2510 4347 2640 4403 Bad.
2691 4358 2745 4403 et
2795 4349 2889 4405 Er.
2912 4392 2928 4416 ,
2956 4361 3004 4405 et
3041 4353 3355 4418 esurientes;
3399 4352 3545 4421 Lips.
3587 4360 3643 4407 et
3684 4347 3810 4407 Par.
3835 4391 3859 4421 ,γ
3883 4359 3935 4405 et

2325 4422 2579 4475 esuriente
2622 4437 2696 4475 se.
2740 4422 2964 4477 Rectius
2994 4438 3129 4477 mss.
3181 4433 3230 4479 et
3278 4420 3581 4478 esurientem
3610 4464 3625 4489 ,
3656 4421 3760 4478 hoc
3801 4420 3933 4477 est:

2326 4492 2462 4547 sciat
2493 4506 2616 4545 emn
2641 4494 2803 4547 etiam
2828 4494 2954 4547 dum
2977 4496 3147 4551 esurit
3174 4510 3296 4550 cum
3324 4494 3648 4550 auctoritate
3668 4492 3934 4549 damnare

632 4556 745 4622 rius
765 4608 780 4631 ,
812 4564 1105 4633 praedicare
1128 4559 1401 4615 videretur
1419 4556 1876 4633 Christianii'natn
1903 4576 2010 4616 non
2032 4562 2222 4616 similis
2249 4556 2304 4617 D
2328 4566 2600 4617 arborem.
2629 4563 2685 4618 In
2711 4564 2791 4619 his
2815 4564 3158 4621 manifestum
3176 4577 3280 4631 est,
3303 4567 3405 4621 hoc
3433 4565 3693 4621 Hilarium
3719 4574 3931 4619 tantum

632 4629 961 4693 cum—nostra
993 4633 1159 4688 fuisse
1185 4642 1411 4691 naturae.
1436 4629 1543 4683 nisi
1573 4629 1857 4685 adversam
1890 4633 2216 4686 sententiam

632 4717 757 4764 ante
792 4715 849 4762 et
887 4716 1008 4773 post
1053 4716 1325 4766 tueretur;
1378 4711 1693 4770 patet-etque
1723 4702 1824 4773 hoc
1855 4718 1977 4755 eum
2010 4712 2218 4758 tantum

633 4782 771 4837 velle
796 4821 811 4843 ,
859 4771 1061 4832 Christi
1100 4775 1333 4827 animum
1382 4773 1655 4839 pertinere
1683 4771 1751 4827 ad
1780 4788 2062 4842 personam
2126 4774 2220 4829 lilii

637 4852 729 4907 Dei
755 4893 767 4916 ,
799 4842 888 4920 qui
919 4857 1112 4920 natura
1141 4845 1281 4920 Deus
1322 4842 1390 4920 sit
1430 4853 1485 4896 et
1526 4844 1704 4897 omnis
1754 4843 2080 4899 infirmitatis
2126 4862 2221 4901 ex-

634 4913 792 4995 pers;
820 4913 988 4995 idque
1014 4915 1213 4971 Judmis
1245 4913 1484 4995 latuisse.
1521 4972 1551 4995 ,κ

708 4984 790 5064 (tl)
823 4984 956 5045 [llud
980 4999 1177 5064 natm-ag
1201 4987 1335 5064 enim
1355 4984 1597 5064 proprias,
1627 4994 1760 5052 etc.,
1793 4984 2218 5064 idem_est_qttod

633 5056 787 5120 iniiio
812 5077 958 5117 num.
984 5059 1056 5112 25
1085 5076 1098 5111 :
1129 5056 1319 5110 Habuit
1350 5057 1485 5110 enim
1515 5072 1722 5124 corpus.
1752 5059 1842 5110 sed
1872 5056 2221 5127 originis‘sua:

634 5136 926 5209 proprium,
958 5141 1088 5209 elc.,
1116 5129 1255 5209 quod
1288 5127 1554 5209 signiﬁcat
1580 5126 1779 5184 Christi
1807 5126 2021 5209 corpjri
2064 5142 2219 5188 ualu-

634 5199 750 5262 ran'i
785 5208 951 5260 fuisse
990 5201 1337 5269 singularem,
1371 5199 1641 5268 propriam
1664 5240 1677 5261 ,
1711 5216 1775 5254 ac
1807 5201 1899 5255 Dei
1933 5200 2042 5258 tilio
2085 5219 2218 5259 Cott-

633 5290 985 5339 sentaueam;
1016 5275 1127 5338 ipse
1155 5271 1289 5324 enim
1331 5271 1669 5343 corporissui
1703 5273 1845 5343 origo
1876 5282 1981 5339 est,
2018 5285 2077 5329 ut
2105 5275 2220 5329 dic-

634 5360 744 5404 tum
794 5359 877 5403 est
909 5361 1056 5401 num.
1093 5343 1179 5397 18.
1208 5345 1328 5408 Quo
1368 5356 1530 5415 sensu
1571 5341 1645 5396 ita
1687 5341 2095 5415 intelligendum
2138 5355 2223 5402 est

631 5421 831 5476 Clu-isti
857 5433 1052 5488 corpus
1078 5424 1277 5468 natura:
1306 5412 1558 5485 propriae,
1586 5422 1644 5467 ut
1671 5412 1885 5488 naturae
1904 5424 2102 5471 nostra:
2135 5419 2217 5472 vi-

630 5493 719 5546 tiis
752 5493 912 5547 fuerit
936 5487 1163 5542 vacuum
1191 5528 1205 5549 ,
1240 5500 1342 5539 non
1372 5493 1440 5557 ut
1466 5495 1664 5538 nostra:
1687 5487 1865 5540 carnis
1890 5502 2087 5557 corpus
2113 5505 2219 5543 non

630 5563 809 5618 fuerit.
848 5563 978 5615 Nam
1006 5569 1060 5615 et
1086 5557 1180 5612 lib.
1209 5573 1226 5610 ι
1250 5598 1264 5622 ,
1294 5571 1355 5613 _n.
1384 5555 1471 5621 ii,
1499 5567 1687 5609 nostrte
1715 5558 1886 5611 carnis
1917 5555 2055 5613 Deus
2098 5577 2220 5614 caro

634 5638 802 5706 factus
832 5631 1192 5706 praedicatus.
1226 5637 1282 5681 ut
1302 5637 1357 5706 _et
1382 5627 1433 5679 in
1456 5628 1564 5681 suis
1583 5632 1841 5706 perfectus
1879 5628 1976 5706 sit__,
1998 5640 2048 5706 et
2077 5647 2222 5706 verus

631 5696 683 5758 in
714 5696 933 5767 nostris;
960 5712 1013 5755 et
1045 5700 1134 5754 hic
1160 5696 1437 5773 ipseliber
1462 5696 1623 5766 supra
1652 5696 1707 5755 et
1733 5698 1877 5773 infra
1903 5701 2030 5756 nihil
2064 5703 2221 5773 quid-

632 5792 791 5840 qmm
821 5773 990 5840 magis
1017 5776 1257 5823 resonat.
1287 5767 1343 5820 In
1373 5770 1473 5823 hac
1515 5778 1705 5840 natura
1753 5785 1782 5824 a
1831 5772 1975 5827 vitiis
2018 5767 2221 5830 nostris

630 5839 800 5900 libera
823 5839 977 5897 ιιοεοτ
1000 5853 1107 5893 non
1135 5845 1316 5906 potest
1343 5851 1465 5892 esse
1492 5839 1592 5893 nisi
1622 5848 1954 5909 spontaneos
1983 5860 1995 5895 :
2030 5858 2102 5900 ex
2125 5860 2220 5901 cu-

2331 4633 2504 4706 velle,
2542 4644 2787 4706 naturam
2820 4635 2872 4706 in
2900 4633 3119 4693 Christo
3160 4639 3437 4693 exstitisse
3479 4638 3713 4706 aliquam
3754 4635 3822 4690 ab
3852 4634 3935 4688 af-

2330 4704 2562 4760 fectione
2586 4703 3037 4779 llendi,__sitiendi,
3063 4709 3444 4779 esuriendique
3466 4703 3733 4771 alienam;
3766 4706 3931 4760 etiam

2330 4791 2453 4848 cum
2485 4774 2704 4848 easdem
2728 4775 3043 4832 atl‘uctiones
3066 4774 3605 4835 seettndutncarnetn
3628 4785 3930 4848 pateretur.

2332 4846 2541 4902 Eodem
2584 4846 2746 4901 modo
2799 4848 2868 4904 de
2916 4848 3123 4907 doloris
3152 4866 3317 4907 sensu
3361 4850 3597 4906 locutum
3634 4846 3763 4905 eum
3806 4862 3932 4903 esse

2332 4918 2677 4974 seruiendum
2703 4928 2807 4974 est.
3258 4956 3261 4961 -

2372 4990 2472 5073 ,(ί)
2520 4989 2721 5061 Supple
2765 4992 3013 5073 permissa
3198 4992 3338 5049 Tum
3370 4992 3604 5060 vulgati,
3636 5000 3689 5046 ut
3729 4988 3933 5073 passio-

2326 5062 2451 5126 nis;
2485 5078 2546 5115 ac
2574 5071 2799 5134 tnox,ct
2820 5065 2994 5119 sitiens
3024 5066 3165 5119 sitim
3195 5082 3297 5119 non
3328 5075 3568 5134 potatura
3596 5081 3616 5118 :
3647 5061 3938 5134 corrigun-

2333 5145 2418 5188 tur
2447 5149 2513 5206 ex
2560 5150 2689 5188 mss.
2723 5133 2837 5188 Non
2872 5146 2956 5190 cst
3003 5136 3092 5190 hic
3128 5136 3463 5206 negligenter
3506 5133 3932 5195 transeundum.

2328 5204 2473 5275 quod
2503 5215 2767 5274 assumpta
2804 5222 2923 5261 caro
2975 5209 3043 5262 ab
3086 5204 3319 5276 ipsumet
3371 5206 3576 5263 Hilario
3626 5210 3934 5275 expOuatur

2331 5285 2464 5329 totus
2491 5276 2641 5330 homo
2670 5293 2688 5331 :
2719 5292 2880 5347 quem
2922 5278 3121 5336 deinde
3147 5280 3399 5335 concedit
3435 5278 3760 5348 permissum
3806 5288 3933 5330 esse

2327 5348 2633 5421 passionum
2655 5350 2871 5411 naturis.
2900 5365 3004 5405 non
3030 5351 3333 5420 passionum
3360 5351 3588 5421 injuriis.
3619 5348 3832 5418 Quippe
3860 5361 3932 5402 ex

2332 5419 2416 5471 Itis
2458 5418 2801 5487 perspicuum
2831 5431 2947 5484 est,
2985 5418 3111 5477 cum
3140 5425 3379 5478 sensisse
3412 5418 3702 5477 Christum
3741 5433 3935 5473 secun-

2327 5488 2459 5542 dum
2488 5489 2759 5545 hominem
2790 5501 2979 5557 totum,
3004 5494 3059 5550 id
3084 5503 3195 5561 est,
3239 5504 3347 5548 tam
3373 5493 3673 5548 secundum
3702 5490 3939 5544 animant

2328 5574 2494 5631 quam
2535 5562 2834 5617 secundum
2877 5579 3095 5620 carnem
3124 5607 3140 5632 ,
3198 5564 3571 5632 passionibusg
3604 5561 3932 5632 permissum

2329 5630 2455 5687 esse
2476 5645 2623 5706 anon
2656 5634 2875 5703 quidem
2906 5630 3177 5706 quatenus
3198 5630 3386 5692 Verbo
3416 5630 3778 5706 injuriaswiet
3805 5645 3942 5685 con-

2332 5703 2637 5778 tumeliosa:
2663 5715 2789 5778 sunt
2809 5746 2826 5772 ,
2856 5703 2952 5762 sed
2980 5718 3247 5778 quatenus
3270 5703 3481 5778 homini
3509 5705 3803 5761 naturales.

2413 5771 2484 5845 (Ῑ)
2511 5772 2567 5827 Ῑη
2608 5790 2711 5851 ms.
2745 5776 2870 5851 Vat.
2902 5771 3018 5834 bas'.
3048 5821 3062 5845 ,
3094 5780 3160 5834 sit
3186 5776 3391 5851 corpori
3421 5778 3778 5851 satisfactum,
3810 5787 3939 5849 pero

2336 5858 2524 5916 peram
2554 5848 2759 5905 omisso
2790 5849 2939 5919 prius
2967 5851 3139 5911 verbo
3162 5848 3539 5909 consuetudini.
