4286 6264
326 290 445 351 565

1562 285 1650 349 DE
1686 284 1955 346 TRINITA
1969 283 2059 342 TE
2095 282 2301 342 LIBER
2342 283 2409 342 Χ.

3528 292 3635 350 866

325 428 428 483 per
458 411 869 485 generationem
893 409 1129 481 Virginis
1155 408 1460 469 inessemus
1479 451 1491 474 ,
1524 407 1618 465 sed
1659 416 1844 465 nostra
1879 407 1930 461 in
1960 429 2014 489 Α
2039 420 2144 460 non
2172 404 2329 460 estin
2356 401 2564 475 peccati
2586 400 2915 475 proprietate
2937 401 3063 459 dum
3083 402 3331 462 Christus
3361 415 3441 463 est
3468 425 3481 463 :
3512 411 3635 479 quia

324 520 398 562 eo
442 519 539 575 per
566 505 823 559 virtutem
871 503 1127 572 proiecta
1168 519 1233 557 es
1279 517 1340 558 se
1382 501 1606 572 originis
1640 501 1771 556 vitia
1825 516 1932 555 non

324 598 572 653 inessent
604 614 618 651 :
647 596 774 650 dum
806 594 972 650 homo
993 604 1149 651 natus
1168 636 1182 660 ,
1212 611 1318 650 non
1352 595 1496 650 vitiis
1526 593 1776 650 humana:
1801 608 1930 648 con-

325 690 603 759 ceptionis
629 697 715 744 est
758 695 938 743 natus.
974 685 1173 743 Tenuit
1197 688 1343 744 enim
1375 687 1671 758 Apostolus
1708 686 1937 743 demon-

326 782 572 836 strandae
619 779 919 835 nativitatis
957 778 1119 850 hujus
1155 790 1557 836 Sacramentum
1584 822 1599 850 ,
1630 795 1754 837 cum
1803 783 1878 837 ait
1916 796 1933 836 :

330 873 444 928 Sed
472 873 762 928 humiliari:
793 888 847 927 se
872 875 1094 945 formam
1131 874 1265 928 servi
1294 873 1581 942 accipiens,
1615 874 1668 928 in
1692 873 1938 928 similitu-

330 967 455 1020 dine
505 963 577 1039 (α)
625 964 854 1020 hominis
904 966 1249 1032 constitutus,
1292 975 1338 1020 et
1383 964 1565 1022 habitu
1611 976 1841 1036 repertus
1884 974 1938 1021 ut

330 1058 487 1114 homo
519 1056 685 1129 (Phil.
721 1073 791 1125 ιι,
827 1054 883 1130 7)
921 1073 939 1111 :
968 1068 1027 1113 ut
1065 1056 1196 1113 dum
1237 1056 1471 1113 formam
1516 1058 1664 1115 servi
1690 1059 1936 1129 accepit,

330 1160 500 1205 natus
525 1165 645 1207 esse
679 1151 731 1206 in
766 1151 941 1206 turma
987 1149 1226 1206 hominis
1271 1150 1636 1224 intelligatur;
1684 1151 1810 1207 dum
1837 1167 1936 1207 au-

333 1252 448 1298 tem
493 1244 551 1300 in
599 1243 952 1299 similitudine
999 1243 1234 1300 hominis
1265 1245 1596 1303 constitutus
1646 1255 1701 1302 et
1753 1245 1939 1302 habitu

331 1346 594 1405 repertus
615 1346 670 1391 ut
695 1336 859 1392 homo
884 1343 999 1402 est,
1030 1338 1489 1408 speciesquidcm
1514 1349 1568 1394 et
1596 1340 1799 1397 veritas
1817 1354 1942 1397 cor-

331 1428 487 1498 poris
528 1428 801 1483 hominem
832 1437 1066 1485 leuetur
1089 1471 1103 1497 ,
1148 1430 1243 1485 sed
1274 1429 1349 1504 (to)
1379 1441 1600 1489 naturas
1648 1433 1901 1488 vitiorum
1924 1473 1940 1500 ,

329 1519 426 1593 qui
456 1526 514 1577 ut
541 1518 709 1575 homo
756 1520 827 1574 sit
874 1520 1059 1575 hahitu
1099 1531 1351 1592 repertus
1373 1563 1388 1587 ,
1422 1523 1657 1595 ignoret.
1701 1523 1757 1578 ln
1788 1524 1944 1581 siuti-

330 1613 564 1671 litudine
586 1614 730 1670 enim
756 1624 985 1681 natura},
1016 1631 1122 1671 non
1150 1614 1317 1690 36,0
1341 1616 1397 1672 in
1422 1618 1671 1673 vitiorqu
1698 1620 1942 1689 proprie-

336 1715 454 1762 tate
487 1705 559 1780 (c)
585 1707 869 1778 generatio
897 1718 999 1763 est.
1031 1706 1163 1763 Nam
1187 1711 1310 1779 quia
1341 1710 1394 1765 in
1426 1726 1515 1780 eo,
1539 1710 1682 1782 quod
1712 1711 1941 1769 fortnam

334 1799 489 1856 servi
530 1800 767 1869 accepit,
823 1802 1118 1859 nativitatis
1150 1802 1431 1858 videbatur
1474 1804 1776 1875 signiﬁcata
1821 1819 1943 1860 eSse
1972 1826 2020 1886 Β

335 1902 532 1948 natura
551 1934 567 1960 ,
593 1892 831 1962 subjecit
865 1893 920 1948 in
946 1892 1302 1951 similitudine
1330 1894 1565 1951 hominis
1588 1898 1940 1952 constitutum

333 1997 394 2041 et
414 1984 600 2040 habitu
632 1993 688 2039 ut
716 1985 989 2041 hominem
1013 1997 1289 2056 repertum
1325 2003 1337 2040 :
1374 2003 1442 2042 ne
1478 1987 1774 2045 nativitatis
1798 1989 1941 2045 veri-

336 2083 427 2133 tas
453 2085 661 2133 natura:
690 2093 904 2149 quoque
945 2092 1042 2148 per
1074 2079 1198 2134 vitia
1234 2080 1461 2137 inﬁrmis
1491 2081 1797 2152 proprietas
1824 2098 1944 2139 cre-

335 2169 583 2233 deretur,
609 2184 732 2226 eum
760 2179 816 2227 et
844 2171 895 2225 in
929 2170 1101 2226 forma
1135 2174 1276 2228 servi
1306 2185 1451 2230 esset
1486 2189 1613 2235 vera
1647 2174 1940 2243 nativitas;

335 2270 397 2315 et
420 2260 473 2315 in
506 2258 587 2333 (tt)
618 2261 803 2317 habitu
838 2272 1110 2333 repertum
1150 2276 1210 2319 ut
1241 2263 1513 2321 hominem
1534 2307 1548 2333 ,
1576 2275 1724 2322 esset
1750 2268 1946 2324 simili-

336 2354 475 2410 tudo
512 2365 736 2410 natum.
782 2354 899 2426 Ipse
925 2356 1140 2427 quidem
1172 2373 1267 2426 per
1305 2358 1566 2429 virginem
1597 2374 1661 2415 ex
1692 2375 1752 2415 se
1784 2370 1944 2416 natus

342 2447 537 2516 homo,
565 2446 644 2521 (l)
682 2458 736 2505 et
769 2450 820 2503 in
861 2450 1219 2506 similitudine
1248 2448 1318 2524 (ε)
1348 2451 1557 2506 vitiosa:
1585 2451 1795 2524 peccati
1823 2467 1943 2508 car-

347 2540 438 2594 nis
470 2540 741 2595 inventus.
773 2540 927 2608 Quod
961 2542 1011 2595 id
1040 2542 1214 2611 ipsum
1257 2542 1325 2597 ad
1379 2542 1652 2598 Romanos
1701 2543 1946 2600 scribens

342 2641 578 2688 testatus
605 2643 688 2687 est
718 2632 1043 2703 Apostolus,
1068 2649 1189 2690 cum
1230 2634 1306 2689 ait
1332 2652 1345 2689 :
1373 2633 1527 2701 Quod
1546 2634 1679 2690 enim
1700 2636 1946 2706 impossi-

338 2724 449 2778 bile
487 2734 595 2779 erat
634 2724 770 2796 legi,
813 2725 865 2779 in
892 2742 995 2797 quo
1023 2725 1381 2796 inﬁrmabatur
1408 2742 1499 2798 per
1536 2743 1774 2794 carnem,
1807 2726 1946 2782 Deus

340 2817 517 2890 ﬁlium
555 2833 711 2871 suum
748 2817 884 2871 misit
930 2816 1009 2892 (ἓ)
1041 2821 1093 2872 in
1136 2819 1476 2873 similitudine
1506 2819 1677 2872 carnis
1708 2821 1942 2888 peccati,

340 2920 393 2964 et
420 2909 486 2964 de
512 2918 726 2981 peccato
748 2910 1097 2964 condemnavit
1125 2921 1388 2981 peccatum
1414 2907 1590 2981 (Rom.
1621 2925 1737 2978 vttt,
1770 2909 1824 2981 5)
1855 2909 1942 2982 (Ῑ).

340 3001 464 3057 Non
500 3002 599 3057 fuit
631 3002 846 3060 habitus
882 3002 976 3063 illc
1010 3001 1089 3075 (ὅ)
1125 3013 1393 3074 tamquam
1432 3001 1509 3075 (g)
1543 3002 1775 3058 hominis
1798 3044 1812 3069 ,
1850 3002 1945 3057 sed

340 3105 403 3151 ut
434 3093 674 3151 hominis
721 3112 736 3151 :
769 3110 943 3168 neque
970 3111 1098 3151 caro
1125 3095 1211 3150 illa
1240 3111 1367 3152 caro
1395 3096 1599 3167 peccati
1621 3138 1634 3164 ,
1664 3094 1759 3152 sed
1798 3096 1950 3153 simi-

340 3186 519 3243 litudo
539 3187 718 3243 carnis
746 3188 953 3259 peccati
985 3206 999 3243 :
1035 3187 1161 3243 dum
1188 3196 1244 3244 et
1265 3187 1479 3243 habitus
1514 3190 1695 3244 carnis
1726 3189 1778 3243 in
1812 3189 1951 3243 nati-

2041 507 2095 554 et
2124 498 2216 569 qui
2247 498 2409 553 homo
2437 507 2555 565 est,
2604 512 2713 553 non
2743 497 2913 567 potuit
2961 513 3071 554 non
3116 498 3281 555 homo
3324 516 3448 558 esse
3491 504 3637 573 quod

2039 601 2200 648 natus
2224 602 2344 660 est;
2374 602 2427 650 et
2469 593 2562 663 qui
2592 590 2839 649 Christus
2876 599 2962 648 est
2983 634 2997 661 ,
3031 607 3140 648 non
3183 595 3350 663 potuit
3388 596 3639 653 amisisse

2040 686 2183 755 quod
2226 683 2472 741 Christus
2522 693 2627 741 est.
2676 688 2853 754 Atque
2903 686 2975 739 ita
3020 684 3146 739 dum
3178 684 3342 741 homo
3388 687 3638 745 Christus

2040 778 2199 835 Jesus
2216 788 2320 844 est,
2351 779 2513 836 habet
2533 788 2586 834 et
2605 779 2939 837 nativitatem
2969 779 3222 846 hominis,
3249 778 3330 853 (It)
3360 783 3449 851 qui
3476 784 3635 841 homo

2041 881 2164 938 est;
2196 886 2298 929 nec
2323 882 2407 927 est
2434 871 2487 926 in
2521 871 2711 929 vitiosa
2740 871 2975 929 hominis
3004 872 3338 940 inﬁrmitate,
3370 876 3460 946 qui
3482 875 3637 934 Chri-

2041 972 2159 1020 8108
2186 973 2290 1019 est.

2114 1057 2206 1112 26.
2241 1055 2477 1115 Christus
2517 1072 2664 1113 verus
2701 1056 2856 1112 homo
2897 1059 3008 1114 sine
3061 1058 3283 1117 hominis
3325 1060 3462 1117 vitiis
3500 1060 3641 1118 Deus

2044 1165 2191 1205 uerus
2245 1150 2547 1221 permansit.
2606 1149 2875 1207 Passionis
2920 1160 3063 1222 gesta
3127 1152 3507 1221 expenduntur.
3570 1184 3641 1195 --

2046 1244 2386 1311 Quamquam
2428 1244 2591 1314 igitur
2619 1259 2720 1299 nos
2760 1244 2827 1298 ad
2868 1242 3032 1314 hujus
3073 1248 3399 1305 sacramenti
3440 1248 3648 1305 intelli-

2045 1338 2283 1405 gentiam
2308 1337 2606 1407 apostolica
2646 1336 2783 1395 ﬁdes
2812 1338 3078 1407 instruat,
3105 1355 3229 1409 qua:
3275 1351 3329 1397 et
3375 1341 3556 1399 habitu
3588 1353 3649 1401 ut

2046 1427 2325 1486 hominem
2355 1441 2658 1500 repertum,
2688 1438 2745 1486 et
2770 1430 2823 1489 in
2854 1431 3209 1489 similitudine
3227 1434 3410 1491 carnis
3434 1436 3646 1506 peccati

2047 1521 2272 1579 missum
2302 1522 2575 1578 hominem
2607 1522 2879 1579 Chrismm
2906 1522 3091 1579 Jesum
3136 1540 3261 1581 esse
3288 1534 3484 1583 testata
3531 1529 3604 1584 sit
3636 1546 3651 1584 :

2049 1624 2105 1669 ut
2134 1630 2258 1671 cum
2291 1614 2476 1673 habitu
2516 1624 2576 1669 ut
2620 1614 2785 1671 homo
2810 1626 2895 1672 est
2918 1658 2935 1684 ,
2966 1617 3039 1673 sit
3077 1618 3130 1673 in
3162 1617 3334 1675 l'orma
3376 1622 3562 1690 servi,
3591 1631 3649 1679 et

2049 1721 2156 1763 non
2201 1708 2270 1763 sit
2302 1707 2354 1762 in
2386 1708 2529 1763 vitiis
2559 1716 2798 1775 naturte;
2832 1718 2891 1765 et
2918 1725 3039 1765 cum
3065 1710 3118 1765 in
3145 1709 3499 1769 similitudine
3524 1729 3647 1769 ear-

2047 1802 2132 1856 nis
2163 1802 2365 1872 peccati
2396 1810 2513 1869 est,
2543 1801 2617 1857 sit
2650 1802 2868 1872 quidem
2898 1802 3135 1861 Verbum
3160 1820 3290 1862 caro
3310 1847 3325 1874 ,
3351 1808 3446 1865 sed
3486 1809 3540 1867 in
3571 1809 3644 1864 si-

2050 1894 2353 1951 militudine
2379 1896 2561 1955 carnis
2593 1897 2796 1963 peccati
2823 1898 2894 1952 sit
2924 1897 3123 1967 potius,
3164 1898 3229 1970 (ἰ)
3284 1915 3448 1969 quam
3503 1917 3639 1959 caro

2049 1986 2165 2056 ipsa
2198 1986 2404 2056 peccati
2447 1986 2517 2042 sit
2549 2003 2563 2038 :
2592 1996 2648 2047 et
2678 2000 2799 2043 cum
2842 1986 3008 2043 homo
3023 1986 3185 2061 35],
3210 1987 3461 2049 Christus
3490 1992 3649 2051 Jesus

2048 2089 2153 2145 est,
2177 2076 2479 2150 sitquidem
2508 2077 2695 2147 homo,
2724 2078 2820 2135 sed
2848 2079 2905 2137 in
2932 2080 3155 2139 homine
3170 2097 3284 2139 non
3312 2083 3481 2154 possit
3502 2085 3648 2143 aliud

2050 2183 2174 2226 esse
2197 2185 2356 2241 quam
2384 2169 2632 2227 Christus
2659 2180 2745 2227 est
2773 2187 2789 2225 :
2821 2178 2986 2243 atque
3013 2176 3086 2229 ita
3112 2181 3169 2229 et
3188 2189 3255 2231 ex
3285 2178 3528 2247 corporis
3554 2195 3650 2234 na.

2051 2263 2259 2319 tivitate
2290 2263 2452 2318 homo
2480 2274 2639 2319 natus
2664 2264 2766 2331 sit,
2797 2280 2898 2320 nec
2925 2264 2994 2319 sit
3020 2266 3073 2322 in
3094 2265 3333 2324 hominis
3362 2269 3525 2338 vitiis,
3554 2273 3651 2343 qui

2054 2368 2163 2410 non
2190 2354 2263 2409 sit
2287 2356 2339 2409 in
2366 2354 2608 2426 origine;
2628 2356 2754 2427 quia
2782 2355 3016 2413 Verbum
3042 2372 3171 2417 caro
3190 2360 3394 2417 factum
3417 2378 3524 2418 non
3555 2379 3654 2434 po-

2055 2449 2159 2503 tuit
2189 2462 2295 2503 non
2328 2463 2457 2504 caro
2483 2464 2604 2506 esse
2631 2449 2773 2520 quod
2800 2449 3000 2506 factum
3026 2460 3148 2517 est,
3176 2463 3231 2508 et
3262 2453 3496 2513 Verbum
3523 2457 3652 2515 licet

2052 2554 2182 2599 caro
2223 2538 2423 2595 factum
2463 2540 2568 2607 sit,
2610 2555 2714 2595 non
2763 2549 2945 2596 tamen
2975 2541 3157 2598 amisit
3180 2559 3303 2601 esse
3331 2547 3475 2616 quod
3519 2548 3652 2605 Ver-

2056 2630 2181 2687 bum
2206 2638 2324 2697 est;
2355 2640 2410 2686 et
2437 2631 2565 2685 dum
2604 2630 2834 2687 Verbum
2867 2646 2996 2688 caro
3029 2632 3232 2690 factum
3272 2636 3497 2707 originis
3530 2654 3650 2699 sua

2054 2739 2161 2781 neu
2188 2735 2367 2795 potest
2396 2739 2586 2781 carere
2616 2734 2832 2793 natura,
2869 2725 2945 2798 (j)
2990 2740 3096 2781 non
3127 2728 3300 2797 potuit
3326 2729 3428 2784 nisi
3456 2732 3514 2786 in
3548 2748 3647 2789 ua-

2058 2828 2193 2872 turae
2221 2832 2337 2872 suae
2364 2815 2571 2886 origine
2600 2830 2922 2885 permanere
2961 2817 3102 2888 quod
3145 2818 3380 2875 Verbum
3413 2831 3496 2878 est
3512 2863 3529 2891 ,
3556 2838 3654 2882 nec

2051 2923 2156 2981 que
2182 2924 2291 2964 non
2316 2923 2441 2964 vere
2467 2906 2695 2978 intelligi
2724 2905 2960 2963 Verbum
2989 2923 3118 2964 caro
3139 2925 3261 2967 esse
3280 2911 3426 2983 quod
3450 2912 3652 2972 factum

2051 3013 2169 3069 est;
2206 3001 2277 3059 ita
2312 3010 2532 3063 tamen,
2567 3008 2628 3054 ut
2664 2996 2740 3072 (It)
2788 3002 2910 3069 quia
2943 2999 3207 3057 habitavit
3230 3003 3287 3059 in
3315 3006 3504 3073 nobis,
3534 3024 3647 3067 non
3683 3019 3687 3023 ’

2052 3108 2179 3151 caro
2216 3093 2303 3149 illa
2331 3091 2569 3149 Verbum
2609 3093 2717 3159 sit,
2756 3091 2853 3149 sed
2888 3091 3047 3148 Verbi
3074 3108 3204 3151 earn
3246 3098 3318 3152 sit
3354 3097 3651 3161 habitantis

2053 3186 2108 3242 in
2138 3200 2302 3242 carne
2330 3201 2343 3239 :
2374 3200 2494 3255 qua:
2520 3200 2642 3240 cum
2670 3184 2742 3239 ita
2772 3184 2903 3252 sint,
2924 3194 3103 3243 tamen
3130 3187 3409 3248 videamus
3434 3207 3502 3249 an
3527 3210 3653 3266 per-

339 3277 525 3332 vitatis
551 3288 634 3334 est
663 3277 916 3344 veritate,
943 3288 997 3334 et
1025 3278 1321 3334 similitudo
1346 3281 1529 3335 carnis
1573 3277 1781 3351 peccati
1807 3294 1836 3333 a
1869 3280 1948 3334 vi-
1976 3277 2022 3342 C
2053 3285 2207 3334 actus
2248 3276 2536 3333 universus
2587 3276 2683 3331 ille
2725 3276 2992 3347 passionis
3016 3277 3153 3334 ordo
3182 3280 3552 3342 inﬁrmitatem
3595 3287 3651 3344 in

342 3369 436 3424 tiis
458 3368 710 3424 humana:
740 3369 1006 3439 passionis
1038 3369 1216 3425 aliena
1247 3379 1350 3425 est.
1375 3369 1452 3425 Ita
1503 3368 1667 3426 homo
1695 3369 1947 3426 Christus

340 3462 505 3519 Jcsus
532 3470 589 3518 et
608 3464 659 3518 in
691 3462 909 3519 veritate
932 3463 1227 3519 nativitatis
1253 3473 1337 3520 est
1366 3464 1494 3519 dum
1529 3463 1692 3520 homo
1723 3474 1808 3520 est
1828 3509 1845 3537 ,
1886 3472 1942 3521 et

444 3618 500 3693 ι)
528 3616 595 3693 ξι
622 3620 678 3693 in
701 3619 1086 3693 similitudinem
1111 3620 1291 3676 vitiose
1316 3621 1558 3693 peccatis.

444 3622 467 3673 ‘l
528 3618 595 3672 Et
622 3620 678 3675 in
701 3619 1031 3675 similitudine

417 3618 504 3764 δὲ
532 3688 599 3745 In
623 3691 1031 3747 similitudinem.

418 3804 503 3876 (α)
529 3806 604 3862 tta
624 3815 940 3863 constanter
966 3821 1100 3863 mss.
1145 3810 1213 3863 At
1239 3806 1370 3864 editi
1395 3807 1559 3865 etiam
1586 3817 1905 3865 constanter
1925 3848 1941 3872 ,

336 3878 398 3931 in
421 3878 761 3935 similitudine
782 3878 1069 3933 hominum.

417 3948 499 4020 (ir)
528 3950 586 4004 tn
617 3952 880 4021 vulgatis,
918 3962 1180 4004 naturam.
1211 3951 1378 4021 Magis
1420 3951 1597 4020 placet
1634 3966 1760 4007 cum
1806 3964 1939 4005 mss.

336 4030 580 4076 sunmus.
617 4019 881 4077 Vitiorum
910 4031 1089 4077 autem
1126 4019 1346 4077 naturas
1369 4019 1675 4092 intelligere
1713 4030 1796 4076 est
1824 4036 1942 4091 per-

340 4092 682 4164 turbationes
728 4094 920 4148 rationi
963 4094 1218 4149 adversas
1255 4101 1313 4149 et
1356 4105 1755 4164 repugnantes,
1806 4109 1940 4164 quas

336 4179 500 4221 statu.
525 4162 615 4225 24.
647 4166 952 4234 passionum
978 4164 1207 4234 injurias
1236 4162 1767 4220 voeart‘attdiviruns.

423 4233 497 4305 (c)
524 4233 680 4300 Apud
713 4236 802 4307 Er.
822 4278 836 4300 ,
865 4233 1052 4303 Lips,
1083 4247 1137 4290 et
1166 4237 1289 4290 Patr.
1319 4279 1331 4302 ,
1376 4238 1489 4305 ejus
1534 4236 1791 4307 generatio
1837 4245 1932 4289 est.

339 4306 520 4362 Abest
545 4308 657 4377 ejus
684 4326 710 4363 si
738 4306 870 4361 .thd.
903 4317 959 4362 et
982 4322 1115 4362 mss.
1143 4308 1329 4376 sicque
1358 4309 1423 4361 alit
1461 4306 1707 4364 abstilnta
1740 4322 1937 4375 pretio-

343 4379 477 4432 sitin
518 4379 587 4433 de
632 4379 779 4432 omni
806 4379 1194 4448 generatione,
1226 4378 1300 4433 ad
1334 4378 1492 4448 atjus
1534 4379 1818 4434 ueritatem
1859 4378 1935 4432 nil

344 4463 489 4520 Opus
510 4460 593 4504 est
618 4459 675 4503 ut
698 4450 818 4507 vitia
850 4458 1232 4520 propagentur.

423 4518 508 4592 (Δ)
538 4521 859 4592 l‘articulam
884 4522 936 4575 in
951 4518 1166 4575 omittit
1196 4520 1325 4581 Bad.
1351 4521 1441 4577 Sic
1460 4531 1641 4577 autem
1672 4519 1809 4575 illud
1847 4520 1899 4575 in
1920 4552 1931 4563 ο

345 4590 697 4664 telligendutn
730 4590 938 4647 videtur
974 4606 990 4643 τ
1028 4601 1082 4645 et
1110 4593 1177 4664 in
1210 4609 1309 4660 eo,
1353 4592 1495 4662 quod
1535 4594 1831 4664 ApoStolus
1860 4593 1935 4647 ait

345 4678 476 4718 eum
502 4663 690 4717 habitu
720 4678 989 4733 repertum
1023 4672 1080 4715 ιιι
1106 4663 1400 4720 hominem.

425 4736 513 4858 (t2)l
544 4734 682 4789 Bad.
728 4751 849 4791 cum
898 4736 1173 4791 nonnullis
1212 4750 1345 4791 mss.
1372 4776 1390 4805 ,
1442 4736 1636 4793 vitiosa:
1674 4735 1897 4806 peccatis
1926 4751 1945 4788 :

425 4822 495 4858 3m
519 4821 633 4858 058.

346 4821 633 4861 mendose.

420 4875 493 4950 (Γ)
523 4876 619 4950 ilic
646 4877 934 4947 subjiciunt
964 4878 1057 4935 Er.
1085 4886 1141 4933 et
1182 4875 1333 4949 Lips.
1356 4920 1369 4943 ,
1409 4878 1463 4934 in
1487 4895 1671 4946 carne,
1701 4877 1848 4945 Pan,
1892 4878 1945 4932 in

348 4949 522 5002 cruce.
549 4949 805 5004 Neutrum
832 4960 1009 5005 exstat
1036 4951 1090 5005 in
1116 4950 1244 5004 Bad.
1274 4957 1330 5005 et
1357 4966 1487 5005 mss.

424 5018 503 5092 (9)
534 5020 609 5076 lta
633 5020 755 5075 Vat.
782 5021 891 5074 has.
920 5033 973 5076 et
997 5022 1238 5090 potiores
1260 5036 1390 5077 mss.
1413 5020 1518 5077 Alii
1544 5037 1671 5076 vero
1692 5036 1814 5077 cum
1838 5021 1947 5076 vul-

344 5094 494 5162 gatis
513 5134 525 5152 .
554 5103 756 5146 tantum
783 5093 1025 5160 hominis,
1049 5094 1138 5148 sed
1179 5102 1223 5147 et
1250 5101 1302 5146 ut
1335 5093 1574 5147 hominis.
1610 5093 1753 5147 inter
1792 5103 1847 5145 ut
1889 5101 1944 5148 et

349 5173 613 5231 tamquam
657 5165 759 5219 hoc
799 5165 948 5230 ponit
998 5163 1230 5218 llilarius
1269 5165 1555 5218 discrimen
1582 5206 1597 5231 ,
1630 5164 1772 5234 quod
1814 5173 1943 5217 tum-

344 5250 507 5304 quatst
530 5245 811 5295 externam
838 5237 1119 5295 durataxnt
1140 5236 1223 5292 rei
1251 5236 1511 5304 speciem,
1543 5245 1598 5291 et
1627 5233 1941 5305 conjunctio

340 5316 407 5365 ιι
426 5310 716 5376 veritatem
744 5309 1038 5376 signiticet.

418 5373 506 5451 (It)
531 5375 698 5451 Editi,
724 5373 849 5448 quia
867 5376 1022 5433 homo
1047 5388 1121 5434 est
1138 5386 1401 5451 ;etm_ox,
1424 5379 1549 5447 quia
1568 5375 1802 5433 Christus
1822 5387 1895 5432 est
1920 5394 1941 5433 :

336 5449 709 5505 renitet-uibus
750 5451 1061 5519 potioribus
1110 5464 1243 5503 mss.
1292 5449 1462 5505 Nemo
1498 5466 1603 5507 non
1660 5451 1807 5505 videt
1851 5451 1938 5519 qui

347 5520 600 5579 Christus
630 5538 659 5574 ει
688 5521 819 5577 Jesu
850 5530 905 5575 et
944 5520 1161 5576 homine
1185 5520 1568 5591 distinguatur.
1594 5522 1703 5577 Sed
1745 5538 1811 5576 ex
1840 5537 1941 5575 nu-

346 5607 505 5647 utero
532 5593 883 5663 sultseqnenti
925 5593 1177 5663 liquidius
1206 5593 1405 5661 patebit
1434 5591 1694 5649 Christum
1724 5601 1781 5646 et
1822 5591 1945 5645 Ver-

346 5662 946 5735 berasynonyutaesse
976 5662 1371 5735 {centrumque
1398 5665 1717 5721 vocabulum
1746 5664 1813 5718 ad
1842 5680 1939 5719 nuo

332 5733 796 5793 Auramdivintuu
818 5735 891 5792 ab
925 5735 1157 5793 bestiam
1179 5733 1486 5790 distinctam
1514 5736 1730 5793 referti.

346 5863 357 5878 .
423 5807 489 5877 (i)
517 5805 608 5863 Sic
665 5823 797 5863 mss.
830 5810 899 5862 At
932 5807 1060 5863 editi
1080 5852 1094 5874 ,
1122 5821 1274 5876 quant
1296 5806 1405 5876 ipse
1437 5822 1558 5862 caro
1586 5808 1799 5879 peccati.
1828 5806 1946 5862 Huc

2061 3370 2615 3442 Dominocorporalis
2644 3369 2847 3427 doloris
2872 3372 3151 3442 permittat
3179 3374 3424 3449 intelligi.
3453 3379 3647 3438 Dilatis

2054 3467 2196 3522 enim
2216 3464 2283 3520 ad
2314 3464 2585 3520 modicum
2608 3480 2798 3521 eorum
2819 3464 3088 3521 dictorum
3116 3470 3295 3526 causis
3316 3511 3332 3540 ,
3362 3486 3427 3531 es
3457 3474 3649 3546 quibus

2119 3622 2198 3696 (5)
2231 3621 2452 3679 Tantum
2480 3623 2733 3692 hominis,
2762 3624 2854 3678 sed
2882 3634 2931 3680 et
2959 3634 3014 3680 ut
3043 3626 3286 3687 hominis.

2057 3813 2304 3874 spectant
2330 3817 2542 3874 qute‘ex
2572 3801 2777 3856 llilario
2802 3803 2933 3874 citat
2956 3805 3287 3874 Augustinus
3337 3809 3426 3863 lib.
3454 3826 3471 3865 ι
3494 3825 3643 3872 cont.

2055 3871 2250 3932 Julian.
2279 3890 2328 3929 c.
2349 3871 2386 3930 3
2412 3890 2424 3925 :
2449 3871 2590 3942 Ergo
2620 3889 2737 3926 cum
2762 3873 2952 3927 missus
2981 3871 3063 3928 esi
3082 3878 3133 3928 in
3163 3877 3504 3937 similitudine
3532 3871 3649 3941 car-

2051 3949 2132 4003 uis
2150 3946 2505 4025 peccatitnmt
2530 3948 2660 3998 sicut
2685 3958 2890 3997 carnem
2915 3943 3113 4025 habuit,
3144 3947 3220 4001 ita
3241 3949 3415 4006 habuit
3443 3965 3493 4009 et
3530 3974 3646 4025 pec-

2052 4031 2244 4095 catum.
2274 4017 2386 4095 .b'ed
2406 4016 2532 4083 quia
2563 4031 2626 4069 ex
2644 4026 2849 4095 peccato
2883 4017 3050 4095 omnis
3080 4034 3207 4095 caro
3219 4030 3340 4095 est,
3370 4039 3403 4076 α
3438 4016 3646 4095 pedm“,

2050 4090 2243 4164 scilicet
2268 4087 2438 4164 Adam
2471 4097 2681 4164 parente
2713 4086 2967 4164 deducta,
2996 4089 3049 4141 in
3088 4086 3647 4164 similitudine'peccati

2049 4161 2221 4241 carnis
2240 4168 2319 4239 est.
2334 4156 2837 4241 miserrmeaisisteute
2854 4158 2911 4212 in
2932 4175 2995 4213 eo
3022 4176 3125 4215 non
3151 4173 3382 4229 peccato,
3416 4156 3507 4223 sed
3528 4188 3646 4241 pec.

2044 4235 2149 4286 cati
2177 4232 2349 4285 curuis
2376 4228 2738 4282 similitudine.

2112 4304 2135 4372 (
2147 4305 2199 4375 1-)
2233 4303 2288 4357 ιη
2323 4299 2648 4375 "gregum;
2678 4299 3077 4370 exemplaribus
3107 4302 3224 4359 Vat.
3248 4305 3368 4362 bas.
3396 4317 3452 4364 et
3477 4311 3640 4371 Cara.

2045 4370 2422 4446 ιιοιίὸρονιεξὶι.
2454 4370 2510 4425 In
2544 4371 2905 4446 hoc_numero
2944 4386 3209 4429 summam
3252 4378 3513 4437 habemus
3548 4370 3645 4442 eo-

2044 4461 2162 4501 rum
2192 4440 2606 4516 qttshactenus
2632 4440 2998 4516 demonstrata
3043 4454 3202 4511 sunt,
3252 4447 3484 4509 Verbum
3522 4440 3644 4515 δέη,

2043 4513 2370 4571 ιιεςιιιιιιυιιιιη
2401 4529 2618 4585 carnem
2647 4530 2754 4566 non
2777 4513 3036 4573 amisisse
3072 4517 3219 4585 quod
3256 4530 3403 4585 erat,
3449 4533 3506 4580 et
3547 4513 3646 4583 hn-

2045 4603 2222 4642 tnantc
2248 4594 2460 4641 natura:
2491 4584 2769 4639 veritatem
2797 4584 3155 4653 assumpsisse
3174 4629 3190 4654 ,
3221 4604 3326 4643 non
3354 4584 3504 4649 vitia.
3532 4596 3647 4655 Nec

1964 4654 2276 4725 Dvidetnr,
2327 4673 2424 4729 cur
2475 4657 2710 4729 Hilarius
2755 4662 2907 4729 tanto
2956 4656 3136 4711 studio
3186 4666 3540 4729 propugnanit
3587 4654 3642 4725 in

2046 4729 2268 4786 Christo
2299 4728 2495 4784 divina)
2522 4727 2682 4782 simul
2711 4735 2767 4781 et
2805 4725 3059 4801 humana:
3096 4725 3304 4785 naturae
3342 4725 3646 4794 distinctio-

2050 4818 2172 4857 nem
2196 4845 2211 4869 ,
2245 4802 2347 4856 nisi
2378 4809 2432 4854 ut
2466 4800 2804 4871 inﬁrmitates
2835 4800 3047 4871 nostras
3067 4841 3082 4867 ,
3114 4817 3248 4871 quas
3286 4802 3527 4864 haeretici
3558 4812 3641 4867 di-

2048 4875 2189 4951 vina:
2221 4874 2360 4929 male
2382 4869 2766 4951 adscribebant
2787 4868 2887 4951 ,(in
2920 4887 3079 4951 unam
3120 4868 3404 4951 humanam
3444 4882 3645 4939 eadem

2050 4946 2345 5002 evinceret.
2379 4942 2487 4999 Sed
2519 4943 2640 5011 quia
2676 4956 2780 4996 non
2804 4941 3035 4996 'decebat
3068 4943 3337 5001 hominem
3374 4949 3480 5005 Deo
3522 4956 3645 5009 uni-

2052 5027 2162 5071 tntn
2198 5019 2508 5086 passionum
2537 5013 2833 5070 dominatui
2864 5012 3165 5081 subiacere,
3192 5019 3438 5087 apposite
3463 5033 3648 5081 osten-

2044 5089 2162 5150 dit.
2189 5089 2465 5144 Christum
2499 5088 2672 5153 turpia
2698 5086 3074 5153 conceptionis
3118 5086 3317 5144 tioetra:
3366 5093 3516 5148 initia
3546 5113 3645 5154 ne-

2051 5159 2268 5223 sciisse,
2294 5160 2537 5223 adeoque
2576 5156 2779 5211 nostris
2821 5155 3165 5224 passionibus
3204 5161 3498 5219 obnoxium
3534 5183 3645 5224 non

2048 5230 2250 5298 fuisse,
2283 5239 2545 5299 quatenus
2576 5227 2850 5297 injuriosa:
2893 5240 2955 5281 ac
2998 5226 3209 5286 vitiosae
3246 5245 3372 5289 sunt
3396 5275 3411 5301 ,
3452 5243 3650 5295 nostri-

2048 5316 2154 5372 que
2183 5302 2548 5372 dominantur.

2123 5373 2197 5447 (k)
2226 5373 2285 5428 ιιι
2311 5368 2581 5450 vulgatis.
2614 5368 2723 5450 qui.
2758 5367 2951 5423 Helius
2990 5383 3159 5450 mss.,
3198 5373 3341 5450 ostia.
3384 5377 3652 5438 Redditur

2046 5440 2193 5504 enim
2225 5445 2367 5521 ratio
2387 5440 2485 5497 cur
2520 5440 2791 5521 Verbunr,
2820 5440 3070 5508 quamvis
3109 5440 3250 5521 caro
3278 5446 3513 5516 factum,
3556 5470 3652 5511 ne-

2048 5530 2205 5589 queat
2266 5515 2369 5570 dici
2426 5518 2702 5589 mutatum
2748 5515 2803 5565 in
2852 5524 3109 5589 carnem;
3156 5516 3283 5584 quia
3332 5521 3544 5578 scilicet
3581 5528 3653 5582 ita

2050 5582 2254 5663 factum
2292 5592 2528 5663 esteam
2550 5624 2563 5646 ,
2597 5593 2652 5636 ut
2691 5584 2949 5663 inferne
2986 5582 3261 5663 inibitasse
3300 5591 3652 5663 pradicet“...

2050 5672 2107 5716 stt
2132 5660 2257 5714 dum
2294 5656 2545 5728 habitat,
2572 5670 2677 5708 non
2717 5651 2864 5708 aliud
2902 5654 3236 5728 litigi-Inﬁma
3270 5651 3534 5728 maneret,
3581 5651 3659 5722 in;

2046 5731 2174 5803 quit
2216 5728 2451 5785 Hilarius
2620 5740 2676 5791 ι,
2718 5737 2870 5780 ιιιιω.
2922 5724 3011 5780 ii.
3048 5724 3263 5784 Videsis
3288 5739 3465 5791 tract.
3510 5724 3657 5794 Psal.

2054 5797 2294 5860 eluunt
2310 5843 2328 5867 ,
2364 5813 2512 5856 num.
2546 5797 2598 5851 5.
