  <div class='ocr_page' id='page_1' title='image "/cluster/home/n/w/nwhite01/storage/ocr_20150623/10/hvd.32044096580386/189.png"; bbox 0 0 4286 6264; ppageno 0'>
   <div class='ocr_carea' id='block_1_1' title="bbox 666 287 774 361">
    <p class='ocr_par' dir='ltr' id='par_1_1' title="bbox 666 287 774 361">
     <span class='ocr_line' id='line_1_1' title="bbox 666 287 774 361; baseline -0.019 0"><span class='ocrx_word' id='word_1_1' title='bbox 666 287 774 361; x_wconf 79' lang='lat'><strong>5&#39;67</strong></span> 
     </span>
    </p>
   </div>
   <div class='ocr_carea' id='block_1_2' title="bbox 1861 290 2763 357">
    <p class='ocr_par' dir='ltr' id='par_1_2' title="bbox 1861 290 2763 357">
     <span class='ocr_line' id='line_1_2' title="bbox 1861 290 2763 357; baseline -0.003 0"><span class='ocrx_word' id='word_1_2' title='bbox 1861 290 2106 357; x_wconf 81' lang='lat' dir='ltr'><strong>SANCTI</strong></span> <span class='ocrx_word' id='word_1_3' title='bbox 2144 294 2407 357; x_wconf 75' lang='lat' dir='ltr'><strong>HlLARll</strong></span> <span class='ocrx_word' id='word_1_4' title='bbox 2453 295 2763 356; x_wconf 81' lang='lat' dir='ltr'><strong>EPISCOPI</strong></span> 
     </span>
    </p>
   </div>
   <div class='ocr_carea' id='block_1_3' title="bbox 3870 300 3978 361">
    <p class='ocr_par' dir='ltr' id='par_1_3' title="bbox 3870 300 3978 361">
     <span class='ocr_line' id='line_1_3' title="bbox 3870 300 3978 361; baseline 0.019 -2"><span class='ocrx_word' id='word_1_5' title='bbox 3870 300 3978 361; x_wconf 82' lang='lat'><strong>368</strong></span> 
     </span>
    </p>
   </div>
   <div class='ocr_carea' id='block_1_4' title="bbox 664 411 3980 489">
    <p class='ocr_par' dir='ltr' id='par_1_4' title="bbox 664 411 3980 489">
     <span class='ocr_line' id='line_1_4' title="bbox 664 411 3980 489; baseline -0.002 -13"><span class='ocrx_word' id='word_1_6' title='bbox 664 427 871 477; x_wconf 87' lang='lat' dir='ltr'><strong>metum</strong></span> <span class='ocrx_word' id='word_1_7' title='bbox 899 417 1131 474; x_wconf 89' lang='lat' dir='ltr'><strong>Domino</strong></span> <span class='ocrx_word' id='word_1_8' title='bbox 1161 415 1384 473; x_wconf 77' lang='lat' dir='ltr'><strong>literesis</strong></span> <span class='ocrx_word' id='word_1_9' title='bbox 1426 414 1726 482; x_wconf 77' lang='lat' dir='ltr'><strong>adscribit;</strong></span> <span class='ocrx_word' id='word_1_10' title='bbox 1764 430 1854 472; x_wconf 90' lang='lat' dir='ltr'><strong>res</strong></span> <span class='ocrx_word' id='word_1_11' title='bbox 1884 415 2033 486; x_wconf 87' lang='lat' dir='ltr'><strong>ipsas</strong></span> <span class='ocrx_word' id='word_1_12' title='bbox 2073 424 2133 471; x_wconf 90' lang='lat' dir='ltr'><strong>ut</strong></span> <span class='ocrx_word' id='word_1_13' title='bbox 2157 431 2253 488; x_wconf 88' lang='lat' dir='ltr'><strong>ge-</strong></span> <span class='ocrx_word' id='word_1_14' title='bbox 2281 418 2334 478; x_wconf 81' lang='grc' dir='ltr'><strong>Α</strong></span> <span class='ocrx_word' id='word_1_15' title='bbox 2360 414 2717 471; x_wconf 88' lang='lat' dir='ltr'><strong>discindcntis</strong></span> <span class='ocrx_word' id='word_1_16' title='bbox 2740 413 2819 489; x_wconf 77' lang='grc' dir='ltr'><strong>(ά)</strong></span> <span class='ocrx_word' id='word_1_17' title='bbox 2839 412 2999 486; x_wconf 82' lang='lat' dir='ltr'><strong>gladii</strong></span> <span class='ocrx_word' id='word_1_18' title='bbox 3019 411 3339 487; x_wconf 72' lang='lat' dir='ltr'><strong>vestigia,et</strong></span> <span class='ocrx_word' id='word_1_19' title='bbox 3372 411 3423 468; x_wconf 90' lang='lat' dir='ltr'><strong>in</strong></span> <span class='ocrx_word' id='word_1_20' title='bbox 3454 411 3570 484; x_wconf 87' lang='lat' dir='ltr'><strong>ipsa</strong></span> <span class='ocrx_word' id='word_1_21' title='bbox 3589 413 3765 470; x_wconf 89' lang='lat' dir='ltr'><strong>trunci</strong></span> <span class='ocrx_word' id='word_1_22' title='bbox 3780 428 3980 487; x_wconf 91' lang='lat' dir='ltr'><strong>corpo-</strong></span> 
     </span>
    </p>
   </div>
   <div class='ocr_carea' id='block_1_5' title="bbox 663 508 2265 579">
    <p class='ocr_par' dir='ltr' id='par_1_5' title="bbox 663 508 2265 579">
     <span class='ocr_line' id='line_1_5' title="bbox 663 508 2265 579; baseline -0.002 -12"><span class='ocrx_word' id='word_1_23' title='bbox 663 523 764 567; x_wconf 76' lang='lat' dir='ltr'><strong>sttc</strong></span> <span class='ocrx_word' id='word_1_24' title='bbox 812 519 943 567; x_wconf 87' lang='lat' dir='ltr'><strong>sunt</strong></span> <span class='ocrx_word' id='word_1_25' title='bbox 988 509 1353 566; x_wconf 76' lang='lat' dir='ltr'><strong>conferamus.</strong></span> <span class='ocrx_word' id='word_1_26' title='bbox 1388 508 1571 579; x_wconf 76' lang='lat' dir='ltr'><strong>Neque</strong></span> <span class='ocrx_word' id='word_1_27' title='bbox 1597 508 1741 563; x_wconf 90' lang='lat' dir='ltr'><strong>enim</strong></span> <span class='ocrx_word' id='word_1_28' title='bbox 1775 508 1889 563; x_wconf 91' lang='lat' dir='ltr'><strong>ﬁeri</strong></span> <span class='ocrx_word' id='word_1_29' title='bbox 1939 516 2154 578; x_wconf 89' lang='lat' dir='ltr'><strong>potest,</strong></span> <span class='ocrx_word' id='word_1_30' title='bbox 2206 517 2265 563; x_wconf 92' lang='lat' dir='ltr'><strong>ut</strong></span> 
     </span>
    </p>
   </div>
   <div class='ocr_carea' id='block_1_6' title="bbox 664 598 2263 673">
    <p class='ocr_par' dir='ltr' id='par_1_6' title="bbox 664 598 2263 673">
     <span class='ocr_line' id='line_1_6' title="bbox 664 598 2263 673; baseline -0.002 -15"><span class='ocrx_word' id='word_1_31' title='bbox 664 603 832 659; x_wconf 81' lang='lat' dir='ltr'><strong>timor</strong></span> <span class='ocrx_word' id='word_1_32' title='bbox 860 602 978 673; x_wconf 92' lang='lat' dir='ltr'><strong>ejus</strong></span> <span class='ocrx_word' id='word_1_33' title='bbox 1020 600 1357 672; x_wconf 89' lang='lat' dir='ltr'><strong>signiﬁcetur</strong></span> <span class='ocrx_word' id='word_1_34' title='bbox 1399 600 1451 656; x_wconf 94' lang='lat' dir='ltr'><strong>in</strong></span> <span class='ocrx_word' id='word_1_35' title='bbox 1479 599 1692 666; x_wconf 81' lang='lat' dir='ltr'><strong>verbis,</strong></span> <span class='ocrx_word' id='word_1_36' title='bbox 1721 598 1877 671; x_wconf 82' lang='lat' dir='ltr'><strong>cujus</strong></span> <span class='ocrx_word' id='word_1_37' title='bbox 1910 599 2099 656; x_wconf 88' lang='lat' dir='ltr'><strong>ﬁducia</strong></span> <span class='ocrx_word' id='word_1_38' title='bbox 2133 615 2263 656; x_wconf 88' lang='lat' dir='ltr'><strong>con-</strong></span> 
     </span>
    </p>
   </div>
   <div class='ocr_carea' id='block_1_7' title="bbox 662 691 1176 749">
    <p class='ocr_par' dir='ltr' id='par_1_7' title="bbox 662 691 1176 749">
     <span class='ocr_line' id='line_1_7' title="bbox 662 691 1176 749; baseline -0.006 0"><span class='ocrx_word' id='word_1_39' title='bbox 662 694 899 749; x_wconf 91' lang='lat' dir='ltr'><strong>tineatur</strong></span> <span class='ocrx_word' id='word_1_40' title='bbox 921 694 973 748; x_wconf 92' lang='lat' dir='ltr'><strong>in</strong></span> <span class='ocrx_word' id='word_1_41' title='bbox 998 691 1176 747; x_wconf 83' lang='lat' dir='ltr'><strong>factis;</strong></span> 
     </span>
    </p>
   </div>
   <div class='ocr_carea' id='block_1_8' title="bbox 732 784 2260 853">
    <p class='ocr_par' dir='ltr' id='par_1_8' title="bbox 732 784 2260 853">
     <span class='ocr_line' id='line_1_8' title="bbox 732 784 2260 853; baseline 0 -12"><span class='ocrx_word' id='word_1_42' title='bbox 732 788 821 842; x_wconf 74' lang='lat'><strong>27.</strong></span> <span class='ocrx_word' id='word_1_43' title='bbox 852 788 932 841; x_wconf 84' lang='lat' dir='ltr'><strong>An</strong></span> <span class='ocrx_word' id='word_1_44' title='bbox 958 796 1122 842; x_wconf 84' lang='lat' dir='ltr'><strong>metus</strong></span> <span class='ocrx_word' id='word_1_45' title='bbox 1149 785 1416 843; x_wconf 73' lang='lat' dir='ltr'><strong>Passionis</strong></span> <span class='ocrx_word' id='word_1_46' title='bbox 1439 787 1494 841; x_wconf 88' lang='lat' dir='ltr'><strong>in</strong></span> <span class='ocrx_word' id='word_1_47' title='bbox 1519 784 1744 843; x_wconf 75' lang='lat' dir='ltr'><strong>Christo.</strong></span> <span class='ocrx_word' id='word_1_48' title='bbox 1764 785 2117 843; x_wconf 88' lang='lat' dir='ltr'><strong>—Timuisse</strong></span> <span class='ocrx_word' id='word_1_49' title='bbox 2145 786 2260 853; x_wconf 89' lang='lat' dir='ltr'><strong>tibi,</strong></span> 
     </span>
    </p>
   </div>
   <div class='ocr_carea' id='block_1_9' title="bbox 662 878 2263 952">
    <p class='ocr_par' dir='ltr' id='par_1_9' title="bbox 662 878 2263 952">
     <span class='ocr_line' id='line_1_9' title="bbox 662 878 2263 952; baseline 0 -17"><span class='ocrx_word' id='word_1_50' title='bbox 662 894 699 935; x_wconf 90' lang='grc' dir='ltr'>ο</span> <span class='ocrx_word' id='word_1_51' title='bbox 727 879 985 936; x_wconf 74' lang='lat' dir='ltr'><strong>bmretice</strong></span> <span class='ocrx_word' id='word_1_52' title='bbox 1004 920 1019 946; x_wconf 92' lang='lat'><strong>,</strong></span> <span class='ocrx_word' id='word_1_53' title='bbox 1049 879 1309 936; x_wconf 88' lang='lat' dir='ltr'><strong>Dominus</strong></span> <span class='ocrx_word' id='word_1_54' title='bbox 1332 879 1518 952; x_wconf 81' lang='lat' dir='ltr'><strong>gloriae</strong></span> <span class='ocrx_word' id='word_1_55' title='bbox 1545 879 1852 951; x_wconf 80' lang='lat' dir='ltr'><strong>passionem</strong></span> <span class='ocrx_word' id='word_1_56' title='bbox 1882 879 2133 935; x_wconf 79' lang='lat' dir='ltr'><strong>videtur?</strong></span> <span class='ocrx_word' id='word_1_57' title='bbox 2157 878 2263 935; x_wconf 89' lang='lat' dir='ltr'><strong>Sed</strong></span> 
     </span>
    </p>
   </div>
   <div class='ocr_carea' id='block_1_10' title="bbox 664 972 2267 1047">
    <p class='ocr_par' dir='ltr' id='par_1_10' title="bbox 664 972 2267 1047">
     <span class='ocr_line' id='line_1_10' title="bbox 664 972 2267 1047; baseline -0.003 -13"><span class='ocrx_word' id='word_1_58' title='bbox 664 977 715 1034; x_wconf 89' lang='lat' dir='ltr'><strong>ei</strong></span> <span class='ocrx_word' id='word_1_59' title='bbox 745 976 815 1032; x_wconf 90' lang='lat' dir='ltr'><strong>ob</strong></span> <span class='ocrx_word' id='word_1_60' title='bbox 844 976 1160 1047; x_wconf 67' lang='lat' dir='ltr'><strong>ignorantia:</strong></span> <span class='ocrx_word' id='word_1_61' title='bbox 1194 975 1356 1045; x_wconf 89' lang='lat' dir='ltr'><strong>hujus</strong></span> <span class='ocrx_word' id='word_1_62' title='bbox 1385 990 1628 1032; x_wconf 85' lang='lat' dir='ltr'><strong>errorem</strong></span> <span class='ocrx_word' id='word_1_63' title='bbox 1658 987 1713 1032; x_wconf 90' lang='lat' dir='ltr'><strong>et</strong></span> <span class='ocrx_word' id='word_1_64' title='bbox 1739 984 1954 1030; x_wconf 84' lang='lat' dir='ltr'><strong>satanas</strong></span> <span class='ocrx_word' id='word_1_65' title='bbox 1993 972 2186 1030; x_wconf 79' lang='lat' dir='ltr'><strong>Petrus</strong></span> <span class='ocrx_word' id='word_1_66' title='bbox 2210 982 2267 1030; x_wconf 88' lang='lat' dir='ltr'><strong>et</strong></span> 
     </span>
    </p>
   </div>
   <div class='ocr_carea' id='block_1_11' title="bbox 656 1067 2266 1142">
    <p class='ocr_par' dir='ltr' id='par_1_11' title="bbox 656 1067 2266 1142">
     <span class='ocr_line' id='line_1_11' title="bbox 656 1067 2266 1142; baseline -0.002 -16"><span class='ocrx_word' id='word_1_67' title='bbox 656 1070 973 1126; x_wconf 73' lang='lat' dir='ltr'><strong>scandalum</strong></span> <span class='ocrx_word' id='word_1_68' title='bbox 999 1079 1079 1125; x_wconf 90' lang='lat' dir='ltr'><strong>est</strong></span> <span class='ocrx_word' id='word_1_69' title='bbox 1108 1070 1127 1142; x_wconf 94' lang='lat'>(</span> <span class='ocrx_word' id='word_1_70' title='bbox 1155 1068 1343 1125; x_wconf 81' lang='lat' dir='ltr'><strong>Matth.</strong></span> <span class='ocrx_word' id='word_1_71' title='bbox 1373 1085 1494 1130; x_wconf 72' lang='grc' dir='ltr'>χιιι.</span> <span class='ocrx_word' id='word_1_72' title='bbox 1521 1068 1594 1124; x_wconf 76' lang='grc'><strong>25</strong></span> <span class='ocrx_word' id='word_1_73' title='bbox 1616 1070 1658 1140; x_wconf 95' lang='grc'><strong>).</strong></span> <span class='ocrx_word' id='word_1_74' title='bbox 1700 1067 1770 1123; x_wconf 85' lang='lat' dir='ltr'><strong>Et</strong></span> <span class='ocrx_word' id='word_1_75' title='bbox 1798 1068 1891 1124; x_wconf 91' lang='lat' dir='ltr'><strong>ille</strong></span> <span class='ocrx_word' id='word_1_76' title='bbox 1918 1067 2136 1139; x_wconf 89' lang='lat' dir='ltr'><strong>quidem</strong></span> <span class='ocrx_word' id='word_1_77' title='bbox 2169 1082 2266 1139; x_wconf 91' lang='lat' dir='ltr'><strong>per</strong></span> 
     </span>
    </p>
   </div>
   <div class='ocr_carea' id='block_1_12' title="bbox 661 1160 2267 1233">
    <p class='ocr_par' dir='ltr' id='par_1_12' title="bbox 661 1160 2267 1233">
     <span class='ocr_line' id='line_1_12' title="bbox 661 1160 2267 1233; baseline -0.003 -14"><span class='ocrx_word' id='word_1_78' title='bbox 661 1163 982 1220; x_wconf 89' lang='lat' dir='ltr'><strong>cbaritatem</strong></span> <span class='ocrx_word' id='word_1_79' title='bbox 1021 1160 1259 1230; x_wconf 84' lang='lat' dir='ltr'><strong>Christi,</strong></span> <span class='ocrx_word' id='word_1_80' title='bbox 1307 1177 1466 1233; x_wconf 88' lang='lat' dir='ltr'><strong>quem</strong></span> <span class='ocrx_word' id='word_1_81' title='bbox 1510 1162 1561 1217; x_wconf 92' lang='lat' dir='ltr'><strong>ei</strong></span> <span class='ocrx_word' id='word_1_82' title='bbox 1603 1175 1708 1216; x_wconf 93' lang='lat' dir='ltr'><strong>non</strong></span> <span class='ocrx_word' id='word_1_83' title='bbox 1752 1175 1879 1216; x_wconf 90' lang='lat' dir='ltr'><strong>caro</strong></span> <span class='ocrx_word' id='word_1_84' title='bbox 1918 1175 2094 1231; x_wconf 89' lang='lat' dir='ltr'><strong>neque</strong></span> <span class='ocrx_word' id='word_1_85' title='bbox 2141 1174 2267 1214; x_wconf 84' lang='lat' dir='ltr'><strong>san-</strong></span> 
     </span>
    </p>
   </div>
   <div class='ocr_carea' id='block_1_13' title="bbox 661 1250 2269 1326">
    <p class='ocr_par' dir='ltr' id='par_1_13' title="bbox 661 1250 2269 1326">
     <span class='ocr_line' id='line_1_13' title="bbox 661 1250 2269 1326; baseline -0.002 -17"><span class='ocrx_word' id='word_1_86' title='bbox 661 1256 786 1326; x_wconf 89' lang='lat' dir='ltr'><strong>guis</strong></span> <span class='ocrx_word' id='word_1_87' title='bbox 803 1294 819 1321; x_wconf 96' lang='lat'><strong>,</strong></span> <span class='ocrx_word' id='word_1_88' title='bbox 847 1252 941 1310; x_wconf 87' lang='lat' dir='ltr'><strong>sed</strong></span> <span class='ocrx_word' id='word_1_89' title='bbox 966 1253 1125 1308; x_wconf 84' lang='lat' dir='ltr'><strong>Pater</strong></span> <span class='ocrx_word' id='word_1_90' title='bbox 1152 1252 1241 1325; x_wconf 91' lang='lat' dir='ltr'><strong>qui</strong></span> <span class='ocrx_word' id='word_1_91' title='bbox 1271 1254 1322 1308; x_wconf 91' lang='lat' dir='ltr'><strong>in</strong></span> <span class='ocrx_word' id='word_1_92' title='bbox 1349 1253 1503 1310; x_wconf 74' lang='lat' dir='ltr'><strong>etnlis</strong></span> <span class='ocrx_word' id='word_1_93' title='bbox 1528 1262 1611 1309; x_wconf 92' lang='lat' dir='ltr'><strong>est</strong></span> <span class='ocrx_word' id='word_1_94' title='bbox 1633 1252 2005 1320; x_wconf 86' lang='lat' dir='ltr'><strong>revelaverat,</strong></span> <span class='ocrx_word' id='word_1_95' title='bbox 2031 1250 2269 1307; x_wconf 81' lang='lat' dir='ltr'><strong>detesta-</strong></span> 
     </span>
    </p>
   </div>
   <div class='ocr_carea' id='block_1_14' title="bbox 664 1345 2265 1419">
    <p class='ocr_par' dir='ltr' id='par_1_14' title="bbox 664 1345 2265 1419">
     <span class='ocr_line' id='line_1_14' title="bbox 664 1345 2265 1419; baseline -0.002 -16"><span class='ocrx_word' id='word_1_96' title='bbox 664 1357 754 1403; x_wconf 91' lang='lat' dir='ltr'><strong>tus</strong></span> <span class='ocrx_word' id='word_1_97' title='bbox 784 1347 1048 1419; x_wconf 86' lang='lat' dir='ltr'><strong>passionis</strong></span> <span class='ocrx_word' id='word_1_98' title='bbox 1076 1358 1471 1404; x_wconf 78' lang='lat' dir='ltr'><strong>sacramentum</strong></span> <span class='ocrx_word' id='word_1_99' title='bbox 1492 1390 1507 1413; x_wconf 91' lang='lat'><strong>,</strong></span> <span class='ocrx_word' id='word_1_100' title='bbox 1545 1346 1635 1401; x_wconf 89' lang='lat' dir='ltr'><strong>tali</strong></span> <span class='ocrx_word' id='word_1_101' title='bbox 1666 1345 1972 1403; x_wconf 83' lang='lat' dir='ltr'><strong>severitatis</strong></span> <span class='ocrx_word' id='word_1_102' title='bbox 2000 1345 2265 1401; x_wconf 87' lang='lat' dir='ltr'><strong>sententia</strong></span> 
     </span>
    </p>
   </div>
   <div class='ocr_carea' id='block_1_15' title="bbox 665 1439 2265 1511">
    <p class='ocr_par' dir='ltr' id='par_1_15' title="bbox 665 1439 2265 1511">
     <span class='ocr_line' id='line_1_15' title="bbox 665 1439 2265 1511; baseline -0.001 -15"><span class='ocrx_word' id='word_1_103' title='bbox 665 1442 1016 1497; x_wconf 86' lang='lat' dir='ltr'><strong>conﬁrmatus</strong></span> <span class='ocrx_word' id='word_1_104' title='bbox 1055 1441 1121 1496; x_wconf 90' lang='lat' dir='ltr'><strong>ad</strong></span> <span class='ocrx_word' id='word_1_105' title='bbox 1154 1441 1313 1497; x_wconf 88' lang='lat' dir='ltr'><strong>ﬁdem</strong></span> <span class='ocrx_word' id='word_1_106' title='bbox 1344 1449 1448 1497; x_wconf 83' lang='lat' dir='ltr'><strong>est.</strong></span> <span class='ocrx_word' id='word_1_107' title='bbox 1487 1440 1569 1496; x_wconf 90' lang='lat' dir='ltr'><strong>Tu</strong></span> <span class='ocrx_word' id='word_1_108' title='bbox 1611 1440 1738 1509; x_wconf 90' lang='lat' dir='ltr'><strong>quid</strong></span> <span class='ocrx_word' id='word_1_109' title='bbox 1779 1440 2076 1496; x_wconf 84' lang='lat' dir='ltr'><strong>sectaberis</strong></span> <span class='ocrx_word' id='word_1_110' title='bbox 2115 1439 2265 1511; x_wconf 90' lang='lat' dir='ltr'><strong>spei,</strong></span> 
     </span>
    </p>
   </div>
   <div class='ocr_carea' id='block_1_16' title="bbox 665 1534 2270 1607">
    <p class='ocr_par' dir='ltr' id='par_1_16' title="bbox 665 1534 2270 1607">
     <span class='ocr_line' id='line_1_16' title="bbox 665 1534 2270 1607; baseline -0.002 -15"><span class='ocrx_word' id='word_1_111' title='bbox 665 1535 942 1592; x_wconf 86' lang='lat' dir='ltr'><strong>Christum</strong></span> <span class='ocrx_word' id='word_1_112' title='bbox 975 1536 1143 1591; x_wconf 87' lang='lat' dir='ltr'><strong>Deum</strong></span> <span class='ocrx_word' id='word_1_113' title='bbox 1175 1535 1451 1607; x_wconf 90' lang='lat' dir='ltr'><strong>negando,</strong></span> <span class='ocrx_word' id='word_1_114' title='bbox 1484 1544 1537 1590; x_wconf 91' lang='lat' dir='ltr'><strong>et</strong></span> <span class='ocrx_word' id='word_1_115' title='bbox 1564 1543 1766 1590; x_wconf 90' lang='lat' dir='ltr'><strong>metum</strong></span> <span class='ocrx_word' id='word_1_116' title='bbox 1798 1535 1847 1590; x_wconf 90' lang='lat' dir='ltr'><strong>ei</strong></span> <span class='ocrx_word' id='word_1_117' title='bbox 1880 1534 2146 1605; x_wconf 86' lang='lat' dir='ltr'><strong>passionis</strong></span> <span class='ocrx_word' id='word_1_118' title='bbox 2175 1534 2270 1588; x_wconf 86' lang='lat' dir='ltr'><strong>ad-</strong></span> 
     </span>
    </p>
   </div>
   <div class='ocr_carea' id='block_1_17' title="bbox 662 1628 2267 1701">
    <p class='ocr_par' dir='ltr' id='par_1_17' title="bbox 662 1628 2267 1701">
     <span class='ocr_line' id='line_1_17' title="bbox 662 1628 2267 1701; baseline -0.002 -14"><span class='ocrx_word' id='word_1_119' title='bbox 662 1630 875 1688; x_wconf 79' lang='lat' dir='ltr'><strong>dendo?</strong></span> <span class='ocrx_word' id='word_1_120' title='bbox 919 1632 1075 1686; x_wconf 85' lang='lat' dir='ltr'><strong>Anne</strong></span> <span class='ocrx_word' id='word_1_121' title='bbox 1115 1630 1324 1699; x_wconf 86' lang='lat' dir='ltr'><strong>timuit,</strong></span> <span class='ocrx_word' id='word_1_122' title='bbox 1366 1630 1456 1701; x_wconf 89' lang='lat' dir='ltr'><strong>qui</strong></span> <span class='ocrx_word' id='word_1_123' title='bbox 1497 1629 1717 1685; x_wconf 82' lang='lat' dir='ltr'><strong>armatis</strong></span> <span class='ocrx_word' id='word_1_124' title='bbox 1759 1629 1825 1684; x_wconf 89' lang='lat' dir='ltr'><strong>ad</strong></span> <span class='ocrx_word' id='word_1_125' title='bbox 1866 1628 2267 1700; x_wconf 83' lang='lat' dir='ltr'><strong>corripiendum</strong></span> 
     </span>
    </p>
   </div>
   <div class='ocr_carea' id='block_1_18' title="bbox 661 1720 2267 1793">
    <p class='ocr_par' dir='ltr' id='par_1_18' title="bbox 661 1720 2267 1793">
     <span class='ocr_line' id='line_1_18' title="bbox 661 1720 2267 1793; baseline -0.003 -12"><span class='ocrx_word' id='word_1_126' title='bbox 661 1739 723 1781; x_wconf 89' lang='lat' dir='ltr'><strong>se</strong></span> <span class='ocrx_word' id='word_1_127' title='bbox 753 1722 944 1779; x_wconf 85' lang='lat' dir='ltr'><strong>obvius</strong></span> <span class='ocrx_word' id='word_1_128' title='bbox 974 1722 1176 1793; x_wconf 89' lang='lat' dir='ltr'><strong>prodiit</strong></span> <span class='ocrx_word' id='word_1_129' title='bbox 1205 1720 1387 1793; x_wconf 81' lang='lat' dir='ltr'><strong>(loan.</strong></span> <span class='ocrx_word' id='word_1_130' title='bbox 1415 1736 1577 1789; x_wconf 79' lang='grc' dir='ltr'>χνιιι,</span> <span class='ocrx_word' id='word_1_131' title='bbox 1606 1721 1697 1793; x_wconf 83' lang='lat'><strong>6)?</strong></span> <span class='ocrx_word' id='word_1_132' title='bbox 1727 1728 1783 1777; x_wconf 87' lang='lat' dir='ltr'><strong>et</strong></span> <span class='ocrx_word' id='word_1_133' title='bbox 1812 1720 1863 1775; x_wconf 90' lang='lat' dir='ltr'><strong>in</strong></span> <span class='ocrx_word' id='word_1_134' title='bbox 1896 1726 2124 1790; x_wconf 74' lang='lat' dir='ltr'><strong>corpore</strong></span> <span class='ocrx_word' id='word_1_135' title='bbox 2150 1720 2267 1791; x_wconf 88' lang='lat' dir='ltr'><strong>ejus</strong></span> 
     </span>
    </p>
   </div>
   <div class='ocr_carea' id='block_1_19' title="bbox 2367 508 3974 583">
    <p class='ocr_par' dir='ltr' id='par_1_19' title="bbox 2367 508 3974 583">
     <span class='ocr_line' id='line_1_19' title="bbox 2367 508 3974 583; baseline 0.001 -18"><span class='ocrx_word' id='word_1_136' title='bbox 2367 510 2444 565; x_wconf 90' lang='lat' dir='ltr'><strong>ris</strong></span> <span class='ocrx_word' id='word_1_137' title='bbox 2469 510 2760 576; x_wconf 76' lang='lat' dir='ltr'><strong>calumnia,</strong></span> <span class='ocrx_word' id='word_1_138' title='bbox 2785 508 2864 583; x_wconf 80' lang='grc'><strong>(5)</strong></span> <span class='ocrx_word' id='word_1_139' title='bbox 2890 510 3021 564; x_wconf 81' lang='lat' dir='ltr'><strong>exiit</strong></span> <span class='ocrx_word' id='word_1_140' title='bbox 3041 509 3182 580; x_wconf 87' lang='lat' dir='ltr'><strong>quod</strong></span> <span class='ocrx_word' id='word_1_141' title='bbox 3209 524 3313 564; x_wconf 92' lang='lat' dir='ltr'><strong>non</strong></span> <span class='ocrx_word' id='word_1_142' title='bbox 3342 516 3455 575; x_wconf 89' lang='lat' dir='ltr'><strong>est,</strong></span> <span class='ocrx_word' id='word_1_143' title='bbox 3484 517 3537 563; x_wconf 83' lang='lat' dir='ltr'><strong>cl</strong></span> <span class='ocrx_word' id='word_1_144' title='bbox 3562 510 3806 580; x_wconf 88' lang='lat' dir='ltr'><strong>sequitur</strong></span> <span class='ocrx_word' id='word_1_145' title='bbox 3830 509 3974 582; x_wconf 85' lang='lat' dir='ltr'><strong>quod</strong></span> 
     </span>
    </p>
   </div>
   <div class='ocr_carea' id='block_1_20' title="bbox 2367 601 3977 673">
    <p class='ocr_par' dir='ltr' id='par_1_20' title="bbox 2367 601 3977 673">
     <span class='ocr_line' id='line_1_20' title="bbox 2367 601 3977 673; baseline -0.001 -14"><span class='ocrx_word' id='word_1_146' title='bbox 2367 619 2472 659; x_wconf 89' lang='lat' dir='ltr'><strong>non</strong></span> <span class='ocrx_word' id='word_1_147' title='bbox 2501 610 2697 671; x_wconf 81' lang='lat' dir='ltr'><strong>exstat,</strong></span> <span class='ocrx_word' id='word_1_148' title='bbox 2722 612 2775 658; x_wconf 92' lang='lat' dir='ltr'><strong>et</strong></span> <span class='ocrx_word' id='word_1_149' title='bbox 2800 601 3115 672; x_wconf 84' lang='lat' dir='ltr'><strong>rependitur</strong></span> <span class='ocrx_word' id='word_1_150' title='bbox 3134 602 3203 672; x_wconf 82' lang='grc' dir='ltr'><strong>(ε)</strong></span> <span class='ocrx_word' id='word_1_151' title='bbox 3228 601 3371 673; x_wconf 90' lang='lat' dir='ltr'><strong>quod</strong></span> <span class='ocrx_word' id='word_1_152' title='bbox 3393 602 3644 657; x_wconf 86' lang='lat' dir='ltr'><strong>caretur?</strong></span> <span class='ocrx_word' id='word_1_153' title='bbox 3666 602 3977 673; x_wconf 72' lang='lat' dir='ltr'><strong>Producens</strong></span> 
     </span>
    </p>
   </div>
   <div class='ocr_carea' id='block_1_21' title="bbox 2370 695 3976 769">
    <p class='ocr_par' dir='ltr' id='par_1_21' title="bbox 2370 695 3976 769">
     <span class='ocr_line' id='line_1_21' title="bbox 2370 695 3976 769; baseline 0.002 -18"><span class='ocrx_word' id='word_1_154' title='bbox 2370 696 2486 754; x_wconf 85' lang='lat' dir='ltr'><strong>haec</strong></span> <span class='ocrx_word' id='word_1_155' title='bbox 2512 712 2642 769; x_wconf 89' lang='lat' dir='ltr'><strong>ergo</strong></span> <span class='ocrx_word' id='word_1_156' title='bbox 2670 712 2853 752; x_wconf 87' lang='lat' dir='ltr'><strong>aurem</strong></span> <span class='ocrx_word' id='word_1_157' title='bbox 2887 710 3097 761; x_wconf 88' lang='lat' dir='ltr'><strong>manus,</strong></span> <span class='ocrx_word' id='word_1_158' title='bbox 3133 696 3342 751; x_wconf 87' lang='lat' dir='ltr'><strong>clavum</strong></span> <span class='ocrx_word' id='word_1_159' title='bbox 3376 695 3569 752; x_wconf 88' lang='lat' dir='ltr'><strong>dolet?</strong></span> <span class='ocrx_word' id='word_1_160' title='bbox 3598 706 3652 752; x_wconf 91' lang='lat' dir='ltr'><strong>et</strong></span> <span class='ocrx_word' id='word_1_161' title='bbox 3681 698 3849 753; x_wconf 90' lang='lat' dir='ltr'><strong>sentit</strong></span> <span class='ocrx_word' id='word_1_162' title='bbox 3876 697 3976 754; x_wconf 91' lang='lat' dir='ltr'><strong>sibi</strong></span> 
     </span>
    </p>
   </div>
   <div class='ocr_carea' id='block_1_22' title="bbox 2367 787 3973 861">
    <p class='ocr_par' dir='ltr' id='par_1_22' title="bbox 2367 787 3973 861">
     <span class='ocr_line' id='line_1_22' title="bbox 2367 787 3973 861; baseline 0.001 -19"><span class='ocrx_word' id='word_1_163' title='bbox 2367 788 2596 856; x_wconf 82' lang='lat' dir='ltr'><strong>vulnus,</strong></span> <span class='ocrx_word' id='word_1_164' title='bbox 2643 788 2734 860; x_wconf 91' lang='lat' dir='ltr'><strong>qui</strong></span> <span class='ocrx_word' id='word_1_165' title='bbox 2776 787 2933 845; x_wconf 84' lang='lat' dir='ltr'><strong>alteri</strong></span> <span class='ocrx_word' id='word_1_166' title='bbox 2973 788 3215 844; x_wconf 89' lang='lat' dir='ltr'><strong>dolorem</strong></span> <span class='ocrx_word' id='word_1_167' title='bbox 3246 788 3489 845; x_wconf 83' lang='lat' dir='ltr'><strong>vulneris</strong></span> <span class='ocrx_word' id='word_1_168' title='bbox 3528 805 3634 845; x_wconf 88' lang='lat' dir='ltr'><strong>non</strong></span> <span class='ocrx_word' id='word_1_169' title='bbox 3676 790 3973 861; x_wconf 86' lang='lat' dir='ltr'><strong>relinquit?</strong></span> 
     </span>
    </p>
   </div>
   <div class='ocr_carea' id='block_1_23' title="bbox 2369 880 3976 952">
    <p class='ocr_par' dir='ltr' id='par_1_23' title="bbox 2369 880 3976 952">
     <span class='ocr_line' id='line_1_23' title="bbox 2369 880 3976 952; baseline 0.001 -16"><span class='ocrx_word' id='word_1_170' title='bbox 2369 880 2807 952; x_wconf 83' lang='lat' dir='ltr'><strong>Compuugendae</strong></span> <span class='ocrx_word' id='word_1_171' title='bbox 2848 881 3026 936; x_wconf 87' lang='lat' dir='ltr'><strong>carnis</strong></span> <span class='ocrx_word' id='word_1_172' title='bbox 3053 890 3198 937; x_wconf 91' lang='lat' dir='ltr'><strong>metu</strong></span> <span class='ocrx_word' id='word_1_173' title='bbox 3232 881 3401 936; x_wconf 83' lang='lat' dir='ltr'><strong>tristis</strong></span> <span class='ocrx_word' id='word_1_174' title='bbox 3426 889 3538 948; x_wconf 90' lang='lat' dir='ltr'><strong>est,</strong></span> <span class='ocrx_word' id='word_1_175' title='bbox 3571 880 3724 952; x_wconf 92' lang='lat' dir='ltr'><strong>cujus</strong></span> <span class='ocrx_word' id='word_1_176' title='bbox 3752 882 3976 939; x_wconf 88' lang='lat' dir='ltr'><strong>attactui</strong></span> 
     </span>
    </p>
   </div>
   <div class='ocr_carea' id='block_1_24' title="bbox 2376 972 3973 1045">
    <p class='ocr_par' dir='ltr' id='par_1_24' title="bbox 2376 972 3973 1045">
     <span class='ocr_line' id='line_1_24' title="bbox 2376 972 3973 1045; baseline 0.003 -18"><span class='ocrx_word' id='word_1_177' title='bbox 2376 972 2502 1028; x_wconf 84' lang='lat' dir='ltr'><strong>licet</strong></span> <span class='ocrx_word' id='word_1_178' title='bbox 2547 988 2768 1028; x_wconf 86' lang='lat' dir='ltr'><strong>carnem</strong></span> <span class='ocrx_word' id='word_1_179' title='bbox 2814 972 3017 1029; x_wconf 88' lang='lat' dir='ltr'><strong>donare</strong></span> <span class='ocrx_word' id='word_1_180' title='bbox 3055 983 3180 1045; x_wconf 89' lang='lat' dir='ltr'><strong>post</strong></span> <span class='ocrx_word' id='word_1_181' title='bbox 3218 972 3458 1030; x_wconf 72' lang='lat' dir='ltr'><strong>cmdcm?</strong></span> <span class='ocrx_word' id='word_1_182' title='bbox 3490 973 3642 1041; x_wconf 87' lang='lat' dir='ltr'><strong>Quod</strong></span> <span class='ocrx_word' id='word_1_183' title='bbox 3684 974 3729 1031; x_wconf 92' lang='lat' dir='ltr'><strong>si</strong></span> <span class='ocrx_word' id='word_1_184' title='bbox 3769 974 3887 1031; x_wconf 70' lang='lat' dir='ltr'><strong>hmc</strong></span> <span class='ocrx_word' id='word_1_185' title='bbox 3921 976 3973 1032; x_wconf 92' lang='lat' dir='ltr'><strong>in</strong></span> 
     </span>
    </p>
   </div>
   <div class='ocr_carea' id='block_1_25' title="bbox 2378 1065 3976 1139">
    <p class='ocr_par' dir='ltr' id='par_1_25' title="bbox 2378 1065 3976 1139">
     <span class='ocr_line' id='line_1_25' title="bbox 2378 1065 3976 1139; baseline 0.001 -19"><span class='ocrx_word' id='word_1_186' title='bbox 2378 1065 2582 1122; x_wconf 78' lang='lat' dir='ltr'><strong>CliriSIi</strong></span> <span class='ocrx_word' id='word_1_187' title='bbox 2610 1081 2840 1138; x_wconf 83' lang='lat' dir='ltr'><strong>cerpore</strong></span> <span class='ocrx_word' id='word_1_188' title='bbox 2868 1067 3040 1122; x_wconf 84' lang='lat' dir='ltr'><strong>virtus</strong></span> <span class='ocrx_word' id='word_1_189' title='bbox 3068 1067 3170 1123; x_wconf 86' lang='lat' dir='ltr'><strong>fuit</strong></span> <span class='ocrx_word' id='word_1_190' title='bbox 3194 1110 3208 1134; x_wconf 89' lang='lat'><strong>,</strong></span> <span class='ocrx_word' id='word_1_191' title='bbox 3241 1083 3344 1139; x_wconf 89' lang='lat' dir='ltr'><strong>qua</strong></span> <span class='ocrx_word' id='word_1_192' title='bbox 3368 1109 3381 1133; x_wconf 88' lang='lat'><strong>,</strong></span> <span class='ocrx_word' id='word_1_193' title='bbox 3416 1082 3548 1139; x_wconf 87' lang='lat' dir='ltr'><strong>rogo</strong></span> <span class='ocrx_word' id='word_1_194' title='bbox 3569 1110 3585 1134; x_wconf 88' lang='lat'><strong>,</strong></span> <span class='ocrx_word' id='word_1_195' title='bbox 3617 1067 3723 1124; x_wconf 89' lang='lat' dir='ltr'><strong>ﬁde</strong></span> <span class='ocrx_word' id='word_1_196' title='bbox 3752 1077 3976 1124; x_wconf 83' lang='lat' dir='ltr'><strong>natura-</strong></span> 
     </span>
    </p>
   </div>
   <div class='ocr_carea' id='block_1_26' title="bbox 2372 1157 3979 1232">
    <p class='ocr_par' dir='ltr' id='par_1_26' title="bbox 2372 1157 3979 1232">
     <span class='ocr_line' id='line_1_26' title="bbox 2372 1157 3979 1232; baseline 0.002 -18"><span class='ocrx_word' id='word_1_197' title='bbox 2372 1157 2499 1215; x_wconf 86' lang='lat' dir='ltr'><strong>liter</strong></span> <span class='ocrx_word' id='word_1_198' title='bbox 2528 1158 2607 1232; x_wconf 78' lang='lat' dir='ltr'><strong>(f)</strong></span> <span class='ocrx_word' id='word_1_199' title='bbox 2639 1158 2882 1215; x_wconf 88' lang='lat' dir='ltr'><strong>inﬁrmus</strong></span> <span class='ocrx_word' id='word_1_200' title='bbox 2924 1159 3092 1216; x_wconf 85' lang='lat' dir='ltr'><strong>fuisse</strong></span> <span class='ocrx_word' id='word_1_201' title='bbox 3120 1159 3449 1226; x_wconf 82' lang='lat' dir='ltr'><strong>defenditur,</strong></span> <span class='ocrx_word' id='word_1_202' title='bbox 3478 1160 3565 1216; x_wconf 92' lang='lat' dir='ltr'><strong>cui</strong></span> <span class='ocrx_word' id='word_1_203' title='bbox 3609 1162 3852 1217; x_wconf 83' lang='lat' dir='ltr'><strong>naturale</strong></span> <span class='ocrx_word' id='word_1_204' title='bbox 3883 1161 3979 1217; x_wconf 87' lang='lat' dir='ltr'><strong>fuit</strong></span> 
     </span>
    </p>
   </div>
   <div class='ocr_carea' id='block_1_27' title="bbox 2368 1253 3976 1311">
    <p class='ocr_par' dir='ltr' id='par_1_27' title="bbox 2368 1253 3976 1311">
     <span class='ocr_line' id='line_1_27' title="bbox 2368 1253 3976 1311; baseline 0 -1"><span class='ocrx_word' id='word_1_205' title='bbox 2368 1268 2586 1310; x_wconf 85' lang='lat' dir='ltr'><strong>omnem</strong></span> <span class='ocrx_word' id='word_1_206' title='bbox 2619 1253 2975 1310; x_wconf 85' lang='lat' dir='ltr'><strong>humanarum</strong></span> <span class='ocrx_word' id='word_1_207' title='bbox 3009 1255 3379 1310; x_wconf 88' lang='lat' dir='ltr'><strong>inﬁrmitatum</strong></span> <span class='ocrx_word' id='word_1_208' title='bbox 3408 1253 3657 1311; x_wconf 91' lang='lat' dir='ltr'><strong>inhibere</strong></span> <span class='ocrx_word' id='word_1_209' title='bbox 3689 1256 3976 1310; x_wconf 89' lang='lat' dir='ltr'><strong>naturam?</strong></span> 
     </span>
    </p>
   </div>
   <div class='ocr_carea' id='block_1_28' title="bbox 2438 1345 3975 1419">
    <p class='ocr_par' dir='ltr' id='par_1_28' title="bbox 2438 1345 3975 1419">
     <span class='ocr_line' id='line_1_28' title="bbox 2438 1345 3975 1419; baseline 0 -18"><span class='ocrx_word' id='word_1_210' title='bbox 2438 1345 2530 1402; x_wconf 70' lang='lat'><strong>29.</strong></span> <span class='ocrx_word' id='word_1_211' title='bbox 2564 1346 2643 1401; x_wconf 83' lang='lat' dir='ltr'><strong>An</strong></span> <span class='ocrx_word' id='word_1_212' title='bbox 2671 1346 2793 1401; x_wconf 85' lang='lat' dir='ltr'><strong>inde</strong></span> <span class='ocrx_word' id='word_1_213' title='bbox 2821 1348 3001 1402; x_wconf 88' lang='lat' dir='ltr'><strong>tristis.</strong></span> <span class='ocrx_word' id='word_1_214' title='bbox 3033 1377 3103 1388; x_wconf 88' lang='lat'><strong>—</strong></span> <span class='ocrx_word' id='word_1_215' title='bbox 3129 1346 3235 1403; x_wconf 90' lang='lat' dir='ltr'><strong>Sed</strong></span> <span class='ocrx_word' id='word_1_216' title='bbox 3268 1348 3403 1403; x_wconf 81' lang='lat' dir='ltr'><strong>forte</strong></span> <span class='ocrx_word' id='word_1_217' title='bbox 3428 1346 3592 1402; x_wconf 79' lang='lat' dir='ltr'><strong>Stulta</strong></span> <span class='ocrx_word' id='word_1_218' title='bbox 3621 1355 3783 1418; x_wconf 88' lang='lat' dir='ltr'><strong>atque</strong></span> <span class='ocrx_word' id='word_1_219' title='bbox 3813 1347 3975 1419; x_wconf 89' lang='lat' dir='ltr'><strong>impia</strong></span> 
     </span>
    </p>
   </div>
   <div class='ocr_carea' id='block_1_29' title="bbox 2371 1440 3979 1511">
    <p class='ocr_par' dir='ltr' id='par_1_29' title="bbox 2371 1440 3979 1511">
     <span class='ocr_line' id='line_1_29' title="bbox 2371 1440 3979 1511; baseline 0 -14"><span class='ocrx_word' id='word_1_220' title='bbox 2371 1441 2724 1511; x_wconf 83' lang='lat' dir='ltr'><strong>perversitate</strong></span> <span class='ocrx_word' id='word_1_221' title='bbox 2764 1440 2892 1495; x_wconf 89' lang='lat' dir='ltr'><strong>hinc</strong></span> <span class='ocrx_word' id='word_1_222' title='bbox 2927 1440 3157 1496; x_wconf 92' lang='lat' dir='ltr'><strong>inﬁrmis</strong></span> <span class='ocrx_word' id='word_1_223' title='bbox 3196 1441 3250 1496; x_wconf 92' lang='lat' dir='ltr'><strong>in</strong></span> <span class='ocrx_word' id='word_1_224' title='bbox 3291 1455 3357 1497; x_wconf 93' lang='lat' dir='ltr'><strong>eo</strong></span> <span class='ocrx_word' id='word_1_225' title='bbox 3384 1449 3591 1497; x_wconf 68' lang='lat' dir='ltr'><strong>natura:</strong></span> <span class='ocrx_word' id='word_1_226' title='bbox 3620 1451 3979 1511; x_wconf 69' lang='lat' dir='ltr'><strong>praesumetur</strong></span> 
     </span>
    </p>
   </div>
   <div class='ocr_carea' id='block_1_30' title="bbox 2369 1534 3978 1607">
    <p class='ocr_par' dir='ltr' id='par_1_30' title="bbox 2369 1534 3978 1607">
     <span class='ocr_line' id='line_1_30' title="bbox 2369 1534 3978 1607; baseline 0.003 -18"><span class='ocrx_word' id='word_1_227' title='bbox 2369 1534 2620 1602; x_wconf 88' lang='lat' dir='ltr'><strong>assertio,</strong></span> <span class='ocrx_word' id='word_1_228' title='bbox 2651 1536 2774 1606; x_wconf 87' lang='lat' dir='ltr'><strong>quia</strong></span> <span class='ocrx_word' id='word_1_229' title='bbox 2808 1535 2979 1592; x_wconf 90' lang='lat' dir='ltr'><strong>tristis</strong></span> <span class='ocrx_word' id='word_1_230' title='bbox 3006 1536 3079 1590; x_wconf 89' lang='lat' dir='ltr'><strong>sit</strong></span> <span class='ocrx_word' id='word_1_231' title='bbox 3106 1535 3281 1590; x_wconf 89' lang='lat' dir='ltr'><strong>anima</strong></span> <span class='ocrx_word' id='word_1_232' title='bbox 3309 1535 3423 1607; x_wconf 90' lang='lat' dir='ltr'><strong>ejus</strong></span> <span class='ocrx_word' id='word_1_233' title='bbox 3451 1551 3621 1607; x_wconf 91' lang='lat' dir='ltr'><strong>usque</strong></span> <span class='ocrx_word' id='word_1_234' title='bbox 3647 1535 3714 1591; x_wconf 91' lang='lat' dir='ltr'><strong>ad</strong></span> <span class='ocrx_word' id='word_1_235' title='bbox 3744 1547 3978 1594; x_wconf 89' lang='lat' dir='ltr'><strong>mortem</strong></span> 
     </span>
    </p>
   </div>
   <div class='ocr_carea' id='block_1_31' title="bbox 2372 1627 3978 1700">
    <p class='ocr_par' dir='ltr' id='par_1_31' title="bbox 2372 1627 3978 1700">
     <span class='ocr_line' id='line_1_31' title="bbox 2372 1627 3978 1700; baseline 0.002 -19"><span class='ocrx_word' id='word_1_236' title='bbox 2372 1627 2587 1700; x_wconf 83' lang='lat' dir='ltr'><strong>(Matth.</strong></span> <span class='ocrx_word' id='word_1_237' title='bbox 2623 1645 2784 1697; x_wconf 78' lang='lat' dir='ltr'><strong>xxvi,</strong></span> <span class='ocrx_word' id='word_1_238' title='bbox 2814 1628 2931 1700; x_wconf 80' lang='lat'><strong>&#39;58).</strong></span> <span class='ocrx_word' id='word_1_239' title='bbox 2961 1629 3208 1684; x_wconf 81' lang='lat' dir='ltr'><strong>Nondum</strong></span> <span class='ocrx_word' id='word_1_240' title='bbox 3239 1638 3291 1683; x_wconf 90' lang='lat' dir='ltr'><strong>te</strong></span> <span class='ocrx_word' id='word_1_241' title='bbox 3310 1671 3325 1696; x_wconf 95' lang='lat'><strong>,</strong></span> <span class='ocrx_word' id='word_1_242' title='bbox 3355 1627 3615 1684; x_wconf 64' lang='lat' dir='ltr'><strong>hmretice</strong></span> <span class='ocrx_word' id='word_1_243' title='bbox 3634 1671 3649 1694; x_wconf 92' lang='lat'><strong>,</strong></span> <span class='ocrx_word' id='word_1_244' title='bbox 3676 1643 3773 1684; x_wconf 91' lang='lat' dir='ltr'><strong>cur</strong></span> <span class='ocrx_word' id='word_1_245' title='bbox 3799 1629 3978 1686; x_wconf 86' lang='lat' dir='ltr'><strong>virtu-</strong></span> 
     </span>
    </p>
   </div>
   <div class='ocr_carea' id='block_1_32' title="bbox 2373 1722 3980 1795">
    <p class='ocr_par' dir='ltr' id='par_1_32' title="bbox 2373 1722 3980 1795">
     <span class='ocr_line' id='line_1_32' title="bbox 2373 1722 3980 1795; baseline 0.004 -20"><span class='ocrx_word' id='word_1_246' title='bbox 2373 1731 2477 1778; x_wconf 90' lang='lat' dir='ltr'><strong>tem</strong></span> <span class='ocrx_word' id='word_1_247' title='bbox 2509 1722 2638 1778; x_wconf 89' lang='lat' dir='ltr'><strong>dicti</strong></span> <span class='ocrx_word' id='word_1_248' title='bbox 2669 1739 2776 1779; x_wconf 92' lang='lat' dir='ltr'><strong>non</strong></span> <span class='ocrx_word' id='word_1_249' title='bbox 2807 1722 3108 1795; x_wconf 80' lang='lat' dir='ltr'><strong>intelligas,</strong></span> <span class='ocrx_word' id='word_1_250' title='bbox 3141 1738 3330 1794; x_wconf 89' lang='lat' dir='ltr'><strong>arguo.</strong></span> <span class='ocrx_word' id='word_1_251' title='bbox 3364 1723 3586 1780; x_wconf 88' lang='lat' dir='ltr'><strong>Interim</strong></span> <span class='ocrx_word' id='word_1_252' title='bbox 3626 1732 3807 1781; x_wconf 90' lang='lat' dir='ltr'><strong>tamen</strong></span> <span class='ocrx_word' id='word_1_253' title='bbox 3850 1741 3881 1779; x_wconf 88' lang='lat' dir='ltr'><strong>a</strong></span> <span class='ocrx_word' id='word_1_254' title='bbox 3925 1734 3980 1782; x_wconf 88' lang='lat' dir='ltr'><strong>te</strong></span> 
     </span>
    </p>
   </div>
   <div class='ocr_carea' id='block_1_33' title="bbox 659 1809 3982 1888">
    <p class='ocr_par' dir='ltr' id='par_1_33' title="bbox 659 1809 3982 1888">
     <span class='ocr_line' id='line_1_33' title="bbox 659 1809 3982 1888; baseline 0 -15"><span class='ocrx_word' id='word_1_255' title='bbox 659 1816 950 1873; x_wconf 89' lang='lat' dir='ltr'><strong>inﬁrmitas</strong></span> <span class='ocrx_word' id='word_1_256' title='bbox 993 1816 1119 1883; x_wconf 78' lang='lat' dir='ltr'><strong>fuit,</strong></span> <span class='ocrx_word' id='word_1_257' title='bbox 1161 1815 1228 1870; x_wconf 89' lang='lat' dir='ltr'><strong>ad</strong></span> <span class='ocrx_word' id='word_1_258' title='bbox 1268 1814 1421 1886; x_wconf 90' lang='lat' dir='ltr'><strong>cujus</strong></span> <span class='ocrx_word' id='word_1_259' title='bbox 1447 1828 1733 1871; x_wconf 91' lang='lat' dir='ltr'><strong>occursum</strong></span> <span class='ocrx_word' id='word_1_260' title='bbox 1764 1822 2112 1869; x_wconf 86' lang='lat' dir='ltr'><strong>consternata</strong></span> <span class='ocrx_word' id='word_1_261' title='bbox 2145 1827 2267 1882; x_wconf 87' lang='lat' dir='ltr'><strong>pcr-</strong></span> <span class='ocrx_word' id='word_1_262' title='bbox 2294 1809 2343 1869; x_wconf 91' lang='lat' dir='ltr'><strong>B</strong></span> <span class='ocrx_word' id='word_1_263' title='bbox 2370 1816 2611 1886; x_wconf 90' lang='lat' dir='ltr'><strong>requiro,</strong></span> <span class='ocrx_word' id='word_1_264' title='bbox 2639 1831 2736 1873; x_wconf 90' lang='lat' dir='ltr'><strong>cur</strong></span> <span class='ocrx_word' id='word_1_265' title='bbox 2758 1825 2989 1872; x_wconf 82' lang='lat' dir='ltr'><strong>exeunte</strong></span> <span class='ocrx_word' id='word_1_266' title='bbox 3014 1817 3079 1872; x_wconf 92' lang='lat' dir='ltr'><strong>ad</strong></span> <span class='ocrx_word' id='word_1_267' title='bbox 3111 1816 3468 1888; x_wconf 89' lang='lat' dir='ltr'><strong>proditionem</strong></span> <span class='ocrx_word' id='word_1_268' title='bbox 3491 1816 3629 1873; x_wconf 82' lang='lat' dir='ltr'><strong>Juda</strong></span> <span class='ocrx_word' id='word_1_269' title='bbox 3656 1834 3761 1873; x_wconf 88' lang='lat' dir='ltr'><strong>non</strong></span> <span class='ocrx_word' id='word_1_270' title='bbox 3787 1820 3982 1875; x_wconf 87' lang='lat' dir='ltr'><strong>memi—</strong></span> 
     </span>
    </p>
   </div>
   <div class='ocr_carea' id='block_1_34' title="bbox 667 1907 2270 1982">
    <p class='ocr_par' dir='ltr' id='par_1_34' title="bbox 667 1907 2270 1982">
     <span class='ocr_line' id='line_1_34' title="bbox 667 1907 2270 1982; baseline -0.003 -16"><span class='ocrx_word' id='word_1_271' title='bbox 667 1910 1012 1982; x_wconf 87' lang='lat' dir='ltr'><strong>sequentium</strong></span> <span class='ocrx_word' id='word_1_272' title='bbox 1052 1910 1267 1980; x_wconf 80' lang='lat' dir='ltr'><strong>agmina</strong></span> <span class='ocrx_word' id='word_1_273' title='bbox 1307 1908 1694 1971; x_wconf 87' lang='lat' dir='ltr'><strong>conciderunt,</strong></span> <span class='ocrx_word' id='word_1_274' title='bbox 1736 1918 1790 1964; x_wconf 91' lang='lat' dir='ltr'><strong>et</strong></span> <span class='ocrx_word' id='word_1_275' title='bbox 1817 1907 2154 1977; x_wconf 84' lang='lat' dir='ltr'><strong>majestatetn</strong></span> <span class='ocrx_word' id='word_1_276' title='bbox 2187 1907 2270 1962; x_wconf 90' lang='lat' dir='ltr'><strong>in-</strong></span> 
     </span>
    </p>
   </div>
   <div class='ocr_carea' id='block_1_35' title="bbox 662 2000 2269 2077">
    <p class='ocr_par' dir='ltr' id='par_1_35' title="bbox 662 2000 2269 2077">
     <span class='ocr_line' id='line_1_35' title="bbox 662 2000 2269 2077; baseline -0.002 -15"><span class='ocrx_word' id='word_1_277' title='bbox 662 2003 908 2077; x_wconf 88' lang='lat' dir='ltr'><strong>gerentis</strong></span> <span class='ocrx_word' id='word_1_278' title='bbox 952 2017 1012 2060; x_wconf 90' lang='lat' dir='ltr'><strong>se</strong></span> <span class='ocrx_word' id='word_1_279' title='bbox 1057 2003 1124 2058; x_wconf 90' lang='lat' dir='ltr'><strong>ad</strong></span> <span class='ocrx_word' id='word_1_280' title='bbox 1167 2003 1379 2058; x_wconf 87' lang='lat' dir='ltr'><strong>vincula</strong></span> <span class='ocrx_word' id='word_1_281' title='bbox 1410 2017 1518 2057; x_wconf 90' lang='lat' dir='ltr'><strong>non</strong></span> <span class='ocrx_word' id='word_1_282' title='bbox 1546 2001 1782 2059; x_wconf 85' lang='lat' dir='ltr'><strong>ferentes</strong></span> <span class='ocrx_word' id='word_1_283' title='bbox 1811 2000 1973 2074; x_wconf 63' lang='lat'><strong>342</strong></span> <span class='ocrx_word' id='word_1_284' title='bbox 2003 2002 2269 2071; x_wconf 87' lang='lat' dir='ltr'><strong>supinatis</strong></span> 
     </span>
    </p>
   </div>
   <div class='ocr_carea' id='block_1_36' title="bbox 669 2094 2271 2167">
    <p class='ocr_par' dir='ltr' id='par_1_36' title="bbox 669 2094 2271 2167">
     <span class='ocr_line' id='line_1_36' title="bbox 669 2094 2271 2167; baseline -0.002 -14"><span class='ocrx_word' id='word_1_285' title='bbox 669 2096 990 2167; x_wconf 90' lang='lat' dir='ltr'><strong>corporibus</strong></span> <span class='ocrx_word' id='word_1_286' title='bbox 1016 2094 1367 2151; x_wconf 89' lang='lat' dir='ltr'><strong>reciderunt?</strong></span> <span class='ocrx_word' id='word_1_287' title='bbox 1387 2094 1559 2163; x_wconf 90' lang='lat' dir='ltr'><strong>Quam</strong></span> <span class='ocrx_word' id='word_1_288' title='bbox 1587 2094 1747 2165; x_wconf 83' lang='lat' dir='ltr'><strong>igitur</strong></span> <span class='ocrx_word' id='word_1_289' title='bbox 1773 2095 2139 2150; x_wconf 89' lang='lat' dir='ltr'><strong>inﬁrmitatem</strong></span> <span class='ocrx_word' id='word_1_290' title='bbox 2172 2094 2271 2149; x_wconf 87' lang='lat' dir='ltr'><strong>do-</strong></span> 
     </span>
    </p>
   </div>
   <div class='ocr_carea' id='block_1_37' title="bbox 663 2185 2270 2263">
    <p class='ocr_par' dir='ltr' id='par_1_37' title="bbox 663 2185 2270 2263">
     <span class='ocr_line' id='line_1_37' title="bbox 663 2185 2270 2263; baseline -0.003 -18"><span class='ocrx_word' id='word_1_291' title='bbox 663 2191 924 2245; x_wconf 90' lang='lat' dir='ltr'><strong>minalam</strong></span> <span class='ocrx_word' id='word_1_292' title='bbox 954 2187 1032 2263; x_wconf 92' lang='lat' dir='ltr'><strong>(a)</strong></span> <span class='ocrx_word' id='word_1_293' title='bbox 1058 2188 1220 2258; x_wconf 83' lang='lat' dir='ltr'><strong>hujus</strong></span> <span class='ocrx_word' id='word_1_294' title='bbox 1249 2186 1464 2258; x_wconf 88' lang='lat' dir='ltr'><strong>corpori</strong></span> <span class='ocrx_word' id='word_1_295' title='bbox 1494 2187 1702 2255; x_wconf 90' lang='lat' dir='ltr'><strong>credis,</strong></span> <span class='ocrx_word' id='word_1_296' title='bbox 1733 2185 1886 2258; x_wconf 89' lang='lat' dir='ltr'><strong>cujus</strong></span> <span class='ocrx_word' id='word_1_297' title='bbox 1928 2193 2130 2242; x_wconf 85' lang='lat' dir='ltr'><strong>tantam</strong></span> <span class='ocrx_word' id='word_1_298' title='bbox 2173 2186 2270 2241; x_wconf 89' lang='lat' dir='ltr'><strong>ha-</strong></span> 
     </span>
    </p>
   </div>
   <div class='ocr_carea' id='block_1_38' title="bbox 664 2279 1331 2338">
    <p class='ocr_par' dir='ltr' id='par_1_38' title="bbox 664 2279 1331 2338">
     <span class='ocr_line' id='line_1_38' title="bbox 664 2279 1331 2338; baseline -0.007 0"><span class='ocrx_word' id='word_1_299' title='bbox 664 2281 786 2338; x_wconf 85' lang='lat' dir='ltr'><strong>buit</strong></span> <span class='ocrx_word' id='word_1_300' title='bbox 815 2290 1005 2337; x_wconf 87' lang='lat' dir='ltr'><strong>natura</strong></span> <span class='ocrx_word' id='word_1_301' title='bbox 1035 2280 1287 2336; x_wconf 83' lang='lat' dir='ltr'><strong>virtutem</strong></span> <span class='ocrx_word' id='word_1_302' title='bbox 1307 2279 1331 2333; x_wconf 87' lang='lat'><strong>?</strong></span> 
     </span>
    </p>
   </div>
   <div class='ocr_carea' id='block_1_39' title="bbox 737 2369 2270 2430">
    <p class='ocr_par' dir='ltr' id='par_1_39' title="bbox 737 2369 2270 2430">
     <span class='ocr_line' id='line_1_39' title="bbox 737 2369 2270 2430; baseline -0.001 -2"><span class='ocrx_word' id='word_1_303' title='bbox 737 2374 828 2430; x_wconf 70' lang='lat'><strong>&#39;28.</strong></span> <span class='ocrx_word' id='word_1_304' title='bbox 873 2375 952 2428; x_wconf 83' lang='lat' dir='ltr'><strong>An</strong></span> <span class='ocrx_word' id='word_1_305' title='bbox 980 2373 1195 2428; x_wconf 85' lang='lat' dir='ltr'><strong>doloris.</strong></span> <span class='ocrx_word' id='word_1_306' title='bbox 1222 2402 1294 2413; x_wconf 94' lang='lat'><strong>—</strong></span> <span class='ocrx_word' id='word_1_307' title='bbox 1313 2370 1420 2427; x_wconf 90' lang='lat' dir='ltr'><strong>Sed</strong></span> <span class='ocrx_word' id='word_1_308' title='bbox 1450 2370 1590 2426; x_wconf 82' lang='lat' dir='ltr'><strong>forte</strong></span> <span class='ocrx_word' id='word_1_309' title='bbox 1618 2369 1864 2428; x_wconf 90' lang='lat' dir='ltr'><strong>dolorem</strong></span> <span class='ocrx_word' id='word_1_310' title='bbox 1894 2371 2173 2427; x_wconf 75' lang='lat' dir='ltr'><strong>vulnerum</strong></span> <span class='ocrx_word' id='word_1_311' title='bbox 2202 2370 2270 2426; x_wconf 92' lang='lat' dir='ltr'><strong>ti-</strong></span> 
     </span>
    </p>
   </div>
   <div class='ocr_carea' id='block_1_40' title="bbox 662 2464 2270 2536">
    <p class='ocr_par' dir='ltr' id='par_1_40' title="bbox 662 2464 2270 2536">
     <span class='ocr_line' id='line_1_40' title="bbox 662 2464 2270 2536; baseline -0.002 -14"><span class='ocrx_word' id='word_1_312' title='bbox 662 2466 818 2522; x_wconf 90' lang='lat' dir='ltr'><strong>muit.</strong></span> <span class='ocrx_word' id='word_1_313' title='bbox 849 2465 1018 2533; x_wconf 86' lang='lat' dir='ltr'><strong>Quem</strong></span> <span class='ocrx_word' id='word_1_314' title='bbox 1042 2507 1058 2532; x_wconf 92' lang='lat'><strong>,</strong></span> <span class='ocrx_word' id='word_1_315' title='bbox 1091 2479 1257 2536; x_wconf 89' lang='lat' dir='ltr'><strong>rogo,</strong></span> <span class='ocrx_word' id='word_1_316' title='bbox 1286 2464 1623 2535; x_wconf 85' lang='lat' dir='ltr'><strong>penetrantis</strong></span> <span class='ocrx_word' id='word_1_317' title='bbox 1656 2465 1707 2519; x_wconf 90' lang='lat' dir='ltr'><strong>in</strong></span> <span class='ocrx_word' id='word_1_318' title='bbox 1740 2480 1957 2520; x_wconf 88' lang='lat' dir='ltr'><strong>carnem</strong></span> <span class='ocrx_word' id='word_1_319' title='bbox 2000 2464 2138 2520; x_wconf 85' lang='lat' dir='ltr'><strong>clavi</strong></span> <span class='ocrx_word' id='word_1_320' title='bbox 2171 2468 2270 2519; x_wconf 79' lang='lat' dir='ltr'><strong>ha-</strong></span> 
     </span>
    </p>
   </div>
   <div class='ocr_carea' id='block_1_41' title="bbox 665 2555 2270 2632">
    <p class='ocr_par' dir='ltr' id='par_1_41' title="bbox 665 2555 2270 2632">
     <span class='ocr_line' id='line_1_41' title="bbox 665 2555 2270 2632; baseline -0.001 -18"><span class='ocrx_word' id='word_1_321' title='bbox 665 2559 784 2615; x_wconf 89' lang='lat' dir='ltr'><strong>buit</strong></span> <span class='ocrx_word' id='word_1_322' title='bbox 809 2556 891 2632; x_wconf 87' lang='grc'><strong>(1)</strong></span> <span class='ocrx_word' id='word_1_323' title='bbox 921 2557 1204 2613; x_wconf 89' lang='lat' dir='ltr'><strong>horrorem</strong></span> <span class='ocrx_word' id='word_1_324' title='bbox 1235 2555 1311 2629; x_wconf 86' lang='lat' dir='ltr'><strong>(b)</strong></span> <span class='ocrx_word' id='word_1_325' title='bbox 1333 2598 1346 2622; x_wconf 90' lang='lat'><strong>,</strong></span> <span class='ocrx_word' id='word_1_326' title='bbox 1379 2558 1468 2627; x_wconf 91' lang='lat' dir='ltr'><strong>qui</strong></span> <span class='ocrx_word' id='word_1_327' title='bbox 1501 2557 1697 2612; x_wconf 69' lang='lat' dir='ltr'><strong>excisa:</strong></span> <span class='ocrx_word' id='word_1_328' title='bbox 1727 2557 1874 2611; x_wconf 89' lang='lat' dir='ltr'><strong>auris</strong></span> <span class='ocrx_word' id='word_1_329' title='bbox 1904 2572 2123 2613; x_wconf 88' lang='lat' dir='ltr'><strong>carnem</strong></span> <span class='ocrx_word' id='word_1_330' title='bbox 2152 2557 2270 2613; x_wconf 91' lang='lat' dir='ltr'><strong>solo</strong></span> 
     </span>
    </p>
   </div>
   <div class='ocr_carea' id='block_1_42' title="bbox 662 2648 2266 2723">
    <p class='ocr_par' dir='ltr' id='par_1_42' title="bbox 662 2648 2266 2723">
     <span class='ocr_line' id='line_1_42' title="bbox 662 2648 2266 2723; baseline -0.003 -13"><span class='ocrx_word' id='word_1_331' title='bbox 662 2652 903 2710; x_wconf 84' lang='lat' dir='ltr'><strong>restituit</strong></span> <span class='ocrx_word' id='word_1_332' title='bbox 959 2660 1163 2706; x_wconf 85' lang='lat' dir='ltr'><strong>attactu</strong></span> <span class='ocrx_word' id='word_1_333' title='bbox 1198 2648 1349 2723; x_wconf 90' lang='lat' dir='ltr'><strong>(Luc.</strong></span> <span class='ocrx_word' id='word_1_334' title='bbox 1399 2665 1542 2715; x_wconf 87' lang='grc' dir='ltr'>χχιι,</span> <span class='ocrx_word' id='word_1_335' title='bbox 1571 2650 1702 2721; x_wconf 73' lang='lat'><strong>51)?</strong></span> <span class='ocrx_word' id='word_1_336' title='bbox 1733 2650 1960 2720; x_wconf 74' lang='lat' dir='ltr'><strong>Expone</strong></span> <span class='ocrx_word' id='word_1_337' title='bbox 1989 2651 2143 2706; x_wconf 91' lang='lat' dir='ltr'><strong>nobis</strong></span> <span class='ocrx_word' id='word_1_338' title='bbox 2176 2660 2227 2707; x_wconf 91' lang='lat' dir='ltr'><strong>tu</strong></span> <span class='ocrx_word' id='word_1_339' title='bbox 2249 2692 2266 2719; x_wconf 91' lang='lat'><strong>,</strong></span> 
     </span>
    </p>
   </div>
   <div class='ocr_carea' id='block_1_43' title="bbox 619 2743 2269 2817">
    <p class='ocr_par' dir='ltr' id='par_1_43' title="bbox 619 2743 2269 2817">
     <span class='ocr_line' id='line_1_43' title="bbox 619 2743 2269 2817; baseline -0.002 -11"><span class='ocrx_word' id='word_1_340' title='bbox 619 2756 624 2760; x_wconf 81' lang='lat'>&#39;</span> <span class='ocrx_word' id='word_1_341' title='bbox 664 2748 951 2806; x_wconf 68' lang='lat' dir='ltr'><strong>dominica:</strong></span> <span class='ocrx_word' id='word_1_342' title='bbox 981 2745 1313 2801; x_wconf 85' lang='lat' dir='ltr'><strong>inﬁrmitatis</strong></span> <span class='ocrx_word' id='word_1_343' title='bbox 1340 2753 1601 2811; x_wconf 88' lang='lat' dir='ltr'><strong>assertor,</strong></span> <span class='ocrx_word' id='word_1_344' title='bbox 1637 2743 1739 2799; x_wconf 90' lang='lat' dir='ltr'><strong>hoc</strong></span> <span class='ocrx_word' id='word_1_345' title='bbox 1771 2745 1822 2798; x_wconf 94' lang='lat' dir='ltr'><strong>in</strong></span> <span class='ocrx_word' id='word_1_346' title='bbox 1855 2745 1972 2816; x_wconf 90' lang='lat' dir='ltr'><strong>ipso</strong></span> <span class='ocrx_word' id='word_1_347' title='bbox 2001 2746 2269 2817; x_wconf 88' lang='lat' dir='ltr'><strong>passionis</strong></span> 
     </span>
    </p>
   </div>
   <div class='ocr_carea' id='block_1_44' title="bbox 663 2835 2269 2912">
    <p class='ocr_par' dir='ltr' id='par_1_44' title="bbox 663 2835 2269 2912">
     <span class='ocr_line' id='line_1_44' title="bbox 663 2835 2269 2912; baseline -0.002 -16"><span class='ocrx_word' id='word_1_348' title='bbox 663 2848 913 2912; x_wconf 86' lang='lat' dir='ltr'><strong>tempore</strong></span> <span class='ocrx_word' id='word_1_349' title='bbox 944 2839 1228 2893; x_wconf 80' lang='lat' dir='ltr'><strong>inﬁrmata:</strong></span> <span class='ocrx_word' id='word_1_350' title='bbox 1259 2852 1396 2907; x_wconf 84' lang='lat' dir='ltr'><strong>opus</strong></span> <span class='ocrx_word' id='word_1_351' title='bbox 1423 2835 1625 2892; x_wconf 87' lang='lat' dir='ltr'><strong>carnis.</strong></span> <span class='ocrx_word' id='word_1_352' title='bbox 1653 2835 1951 2893; x_wconf 83' lang='lat' dir='ltr'><strong>Exserente</strong></span> <span class='ocrx_word' id='word_1_353' title='bbox 1986 2839 2128 2893; x_wconf 90' lang='lat' dir='ltr'><strong>enim</strong></span> <span class='ocrx_word' id='word_1_354' title='bbox 2170 2839 2269 2893; x_wconf 84' lang='lat' dir='ltr'><strong>Pe-</strong></span> 
     </span>
    </p>
   </div>
   <div class='ocr_carea' id='block_1_45' title="bbox 667 2930 2267 3003">
    <p class='ocr_par' dir='ltr' id='par_1_45' title="bbox 667 2930 2267 3003">
     <span class='ocr_line' id='line_1_45' title="bbox 667 2930 2267 3003; baseline 0 -15"><span class='ocrx_word' id='word_1_355' title='bbox 667 2943 752 2988; x_wconf 92' lang='lat' dir='ltr'><strong>tro</strong></span> <span class='ocrx_word' id='word_1_356' title='bbox 778 2943 941 3003; x_wconf 86' lang='lat' dir='ltr'><strong>atque</strong></span> <span class='ocrx_word' id='word_1_357' title='bbox 966 2931 1216 3002; x_wconf 77' lang='lat' dir='ltr'><strong>adigente.</strong></span> <span class='ocrx_word' id='word_1_358' title='bbox 1244 2930 1480 3001; x_wconf 82' lang='lat' dir='ltr'><strong>gladium</strong></span> <span class='ocrx_word' id='word_1_359' title='bbox 1500 2972 1515 2997; x_wconf 94' lang='lat'><strong>,</strong></span> <span class='ocrx_word' id='word_1_360' title='bbox 1552 2940 1776 2985; x_wconf 88' lang='lat' dir='ltr'><strong>truncus</strong></span> <span class='ocrx_word' id='word_1_361' title='bbox 1803 2945 1932 2985; x_wconf 86' lang='lat' dir='ltr'><strong>aure</strong></span> <span class='ocrx_word' id='word_1_362' title='bbox 1960 2945 2150 2987; x_wconf 87' lang='lat' dir='ltr'><strong>servus</strong></span> <span class='ocrx_word' id='word_1_363' title='bbox 2178 2948 2267 2988; x_wconf 89' lang='lat' dir='ltr'><strong>sa-</strong></span> 
     </span>
    </p>
   </div>
   <div class='ocr_carea' id='block_1_46' title="bbox 666 3020 2268 3096">
    <p class='ocr_par' dir='ltr' id='par_1_46' title="bbox 666 3020 2268 3096">
     <span class='ocr_line' id='line_1_46' title="bbox 666 3020 2268 3096; baseline -0.001 -15"><span class='ocrx_word' id='word_1_364' title='bbox 666 3024 903 3081; x_wconf 89' lang='lat' dir='ltr'><strong>cerdotis</strong></span> <span class='ocrx_word' id='word_1_365' title='bbox 929 3022 1196 3079; x_wconf 88' lang='lat' dir='ltr'><strong>adstabat.</strong></span> <span class='ocrx_word' id='word_1_366' title='bbox 1229 3021 1513 3091; x_wconf 86' lang='lat' dir='ltr'><strong>Quomodo</strong></span> <span class='ocrx_word' id='word_1_367' title='bbox 1547 3020 1626 3093; x_wconf 72' lang='grc'><strong>(2)</strong></span> <span class='ocrx_word' id='word_1_368' title='bbox 1665 3038 1731 3077; x_wconf 82' lang='lat' dir='ltr'><strong>ex</strong></span> <span class='ocrx_word' id='word_1_369' title='bbox 1773 3021 1970 3076; x_wconf 61' lang='lat' dir='ltr'><strong>decisae</strong></span> <span class='ocrx_word' id='word_1_370' title='bbox 2014 3020 2085 3096; x_wconf 76' lang='grc' dir='ltr'><strong>(ε)</strong></span> <span class='ocrx_word' id='word_1_371' title='bbox 2123 3025 2268 3079; x_wconf 87' lang='lat' dir='ltr'><strong>auris</strong></span> 
     </span>
    </p>
   </div>
   <div class='ocr_carea' id='block_1_47' title="bbox 666 3111 2268 3185">
    <p class='ocr_par' dir='ltr' id='par_1_47' title="bbox 666 3111 2268 3185">
     <span class='ocr_line' id='line_1_47' title="bbox 666 3111 2268 3185; baseline 0.001 -15"><span class='ocrx_word' id='word_1_372' title='bbox 666 3116 935 3183; x_wconf 84' lang='lat' dir='ltr'><strong>vulnere,</strong></span> <span class='ocrx_word' id='word_1_373' title='bbox 980 3114 1330 3185; x_wconf 86' lang='lat' dir='ltr'><strong>contingente</strong></span> <span class='ocrx_word' id='word_1_374' title='bbox 1372 3111 1627 3181; x_wconf 84' lang='lat' dir='ltr'><strong>Christo,</strong></span> <span class='ocrx_word' id='word_1_375' title='bbox 1668 3113 1914 3169; x_wconf 84' lang='lat' dir='ltr'><strong>restituta</strong></span> <span class='ocrx_word' id='word_1_376' title='bbox 1955 3129 2083 3170; x_wconf 82' lang='lat' dir='ltr'><strong>caro</strong></span> <span class='ocrx_word' id='word_1_377' title='bbox 2122 3116 2268 3172; x_wconf 89' lang='lat' dir='ltr'><strong>auris</strong></span> 
     </span>
    </p>
   </div>
   <div class='ocr_carea' id='block_1_48' title="bbox 2378 1907 3984 1983">
    <p class='ocr_par' dir='ltr' id='par_1_48' title="bbox 2378 1907 3984 1983">
     <span class='ocr_line' id='line_1_48' title="bbox 2378 1907 3984 1983; baseline 0.004 -21"><span class='ocrx_word' id='word_1_378' title='bbox 2378 1908 2527 1964; x_wconf 88' lang='lat' dir='ltr'><strong>neris</strong></span> <span class='ocrx_word' id='word_1_379' title='bbox 2555 1907 2758 1964; x_wconf 90' lang='lat' dir='ltr'><strong>dictum</strong></span> <span class='ocrx_word' id='word_1_380' title='bbox 2792 1908 2991 1966; x_wconf 87' lang='lat' dir='ltr'><strong>fuisse:</strong></span> <span class='ocrx_word' id='word_1_381' title='bbox 3026 1908 3181 1965; x_wconf 87' lang='lat' dir='ltr'><strong>Nunc</strong></span> <span class='ocrx_word' id='word_1_382' title='bbox 3211 1910 3582 1981; x_wconf 81' lang='lat' dir='ltr'><strong>honoriﬁcatus</strong></span> <span class='ocrx_word' id='word_1_383' title='bbox 3609 1921 3686 1967; x_wconf 83' lang='lat' dir='ltr'><strong>est</strong></span> <span class='ocrx_word' id='word_1_384' title='bbox 3713 1913 3853 1983; x_wconf 87' lang='lat' dir='ltr'><strong>ﬁlius</strong></span> <span class='ocrx_word' id='word_1_385' title='bbox 3883 1913 3984 1968; x_wconf 84' lang='lat' dir='ltr'><strong>ho-</strong></span> 
     </span>
    </p>
   </div>
   <div class='ocr_carea' id='block_1_49' title="bbox 2371 1999 3981 2072">
    <p class='ocr_par' dir='ltr' id='par_1_49' title="bbox 2371 1999 3981 2072">
     <span class='ocr_line' id='line_1_49' title="bbox 2371 1999 3981 2072; baseline 0.006 -20"><span class='ocrx_word' id='word_1_386' title='bbox 2371 1999 2523 2053; x_wconf 85' lang='lat' dir='ltr'><strong>minis</strong></span> <span class='ocrx_word' id='word_1_387' title='bbox 2553 1999 2735 2071; x_wconf 84' lang='lat' dir='ltr'><strong>(Joan.</strong></span> <span class='ocrx_word' id='word_1_388' title='bbox 2764 2014 2892 2065; x_wconf 84' lang='grc' dir='ltr'>χιιι,</span> <span class='ocrx_word' id='word_1_389' title='bbox 2921 2001 3036 2072; x_wconf 80' lang='grc'><strong>51).</strong></span> <span class='ocrx_word' id='word_1_390' title='bbox 3081 2000 3137 2057; x_wconf 90' lang='lat' dir='ltr'><strong>Si</strong></span> <span class='ocrx_word' id='word_1_391' title='bbox 3164 2003 3307 2057; x_wconf 90' lang='lat' dir='ltr'><strong>enim</strong></span> <span class='ocrx_word' id='word_1_392' title='bbox 3347 2003 3527 2072; x_wconf 83' lang='lat' dir='ltr'><strong>passio</strong></span> <span class='ocrx_word' id='word_1_393' title='bbox 3554 2003 3981 2062; x_wconf 76' lang='lat' dir='ltr'><strong>lionoriﬁcatura</strong></span> 
     </span>
    </p>
   </div>
   <div class='ocr_carea' id='block_1_50' title="bbox 2371 2095 3985 2167">
    <p class='ocr_par' dir='ltr' id='par_1_50' title="bbox 2371 2095 3985 2167">
     <span class='ocr_line' id='line_1_50' title="bbox 2371 2095 3985 2167; baseline 0.004 -18"><span class='ocrx_word' id='word_1_394' title='bbox 2371 2107 2493 2149; x_wconf 90' lang='lat' dir='ltr'><strong>eum</strong></span> <span class='ocrx_word' id='word_1_395' title='bbox 2524 2101 2672 2161; x_wconf 89' lang='lat' dir='ltr'><strong>erat;</strong></span> <span class='ocrx_word' id='word_1_396' title='bbox 2704 2095 2977 2165; x_wconf 89' lang='lat' dir='ltr'><strong>quomodo</strong></span> <span class='ocrx_word' id='word_1_397' title='bbox 3004 2096 3213 2151; x_wconf 88' lang='lat' dir='ltr'><strong>tristem</strong></span> <span class='ocrx_word' id='word_1_398' title='bbox 3241 2112 3365 2151; x_wconf 89' lang='lat' dir='ltr'><strong>cum</strong></span> <span class='ocrx_word' id='word_1_399' title='bbox 3396 2106 3572 2153; x_wconf 91' lang='lat' dir='ltr'><strong>metus</strong></span> <span class='ocrx_word' id='word_1_400' title='bbox 3604 2099 3873 2167; x_wconf 89' lang='lat' dir='ltr'><strong>passionis</strong></span> <span class='ocrx_word' id='word_1_401' title='bbox 3899 2098 3985 2155; x_wconf 78' lang='lat' dir='ltr'><strong>ef-</strong></span> 
     </span>
    </p>
   </div>
   <div class='ocr_carea' id='block_1_51' title="bbox 2371 2173 3985 2262">
    <p class='ocr_par' dir='ltr' id='par_1_51' title="bbox 2371 2173 3985 2262">
     <span class='ocr_line' id='line_1_51' title="bbox 2371 2173 3985 2262; baseline 0.004 -21"><span class='ocrx_word' id='word_1_402' title='bbox 2371 2183 2618 2241; x_wconf 78' lang='lat' dir='ltr'><strong>fecerat?</strong></span> <span class='ocrx_word' id='word_1_403' title='bbox 2643 2185 2755 2240; x_wconf 84' lang='lat' dir='ltr'><strong>Nisi</strong></span> <span class='ocrx_word' id='word_1_404' title='bbox 2790 2173 2929 2243; x_wconf 83' lang='lat' dir='ltr'><strong>l&#39;orte</strong></span> <span class='ocrx_word' id='word_1_405' title='bbox 2960 2194 3067 2242; x_wconf 89' lang='lat' dir='ltr'><strong>tam</strong></span> <span class='ocrx_word' id='word_1_406' title='bbox 3113 2188 3494 2243; x_wconf 87' lang='lat' dir='ltr'><strong>irrationabilis</strong></span> <span class='ocrx_word' id='word_1_407' title='bbox 3535 2188 3731 2253; x_wconf 85' lang='lat' dir='ltr'><strong>fuerit,</strong></span> <span class='ocrx_word' id='word_1_408' title='bbox 3770 2199 3829 2246; x_wconf 89' lang='lat' dir='ltr'><strong>ut</strong></span> <span class='ocrx_word' id='word_1_409' title='bbox 3869 2191 3985 2262; x_wconf 90' lang='lat' dir='ltr'><strong>pati</strong></span> 
     </span>
    </p>
   </div>
   <div class='ocr_carea' id='block_1_52' title="bbox 2372 2278 3982 2355">
    <p class='ocr_par' dir='ltr' id='par_1_52' title="bbox 2372 2278 3982 2355">
     <span class='ocr_line' id='line_1_52' title="bbox 2372 2278 3982 2355; baseline 0.005 -22"><span class='ocrx_word' id='word_1_410' title='bbox 2372 2278 2789 2353; x_wconf 61' lang='lat' dir='ltr'><strong>timuerit343</strong></span> <span class='ocrx_word' id='word_1_411' title='bbox 2806 2323 2821 2346; x_wconf 91' lang='lat'><strong>,</strong></span> <span class='ocrx_word' id='word_1_412' title='bbox 2849 2296 2968 2353; x_wconf 82' lang='lat' dir='ltr'><strong>quae</strong></span> <span class='ocrx_word' id='word_1_413' title='bbox 2989 2295 3047 2336; x_wconf 89' lang='lat' dir='ltr'><strong>se</strong></span> <span class='ocrx_word' id='word_1_414' title='bbox 3072 2291 3255 2337; x_wconf 89' lang='lat' dir='ltr'><strong>essent</strong></span> <span class='ocrx_word' id='word_1_415' title='bbox 3272 2281 3630 2354; x_wconf 86' lang='lat' dir='ltr'><strong>gloriﬁcatura</strong></span> <span class='ocrx_word' id='word_1_416' title='bbox 3660 2285 3982 2355; x_wconf 87' lang='lat' dir='ltr'><strong>patientem.</strong></span> 
     </span>
    </p>
   </div>
   <div class='ocr_carea' id='block_1_53' title="bbox 2442 2370 3985 2446">
    <p class='ocr_par' dir='ltr' id='par_1_53' title="bbox 2442 2370 3985 2446">
     <span class='ocr_line' id='line_1_53' title="bbox 2442 2370 3985 2446; baseline 0.006 -19"><span class='ocrx_word' id='word_1_417' title='bbox 2442 2371 2531 2427; x_wconf 83' lang='grc'><strong>50.</strong></span> <span class='ocrx_word' id='word_1_418' title='bbox 2567 2370 2648 2426; x_wconf 84' lang='grc' dir='ltr'><strong>Αη</strong></span> <span class='ocrx_word' id='word_1_419' title='bbox 2689 2373 2899 2428; x_wconf 81' lang='lat' dir='ltr'><strong>calicem</strong></span> <span class='ocrx_word' id='word_1_420' title='bbox 2943 2376 3217 2446; x_wconf 77' lang='lat' dir='ltr'><strong>transferri</strong></span> <span class='ocrx_word' id='word_1_421' title='bbox 3243 2392 3274 2429; x_wconf 85' lang='grc' dir='ltr'><em>α</em></span> <span class='ocrx_word' id='word_1_422' title='bbox 3303 2393 3357 2430; x_wconf 91' lang='lat' dir='ltr'><strong>se</strong></span> <span class='ocrx_word' id='word_1_423' title='bbox 3385 2387 3621 2446; x_wconf 72' lang='lat' dir='ltr'><strong>precatus</strong></span> <span class='ocrx_word' id='word_1_424' title='bbox 3661 2379 3749 2433; x_wconf 87' lang='lat' dir='ltr'><strong>sit.</strong></span> <span class='ocrx_word' id='word_1_425' title='bbox 3776 2409 3848 2419; x_wconf 74' lang='grc' dir='ltr'><strong>-ο</strong></span> <span class='ocrx_word' id='word_1_426' title='bbox 3868 2376 3985 2436; x_wconf 86' lang='lat' dir='ltr'><strong>Sed</strong></span> 
     </span>
    </p>
   </div>
   <div class='ocr_carea' id='block_1_54' title="bbox 2370 2462 3985 2537">
    <p class='ocr_par' dir='ltr' id='par_1_54' title="bbox 2370 2462 3985 2537">
     <span class='ocr_line' id='line_1_54' title="bbox 2370 2462 3985 2537; baseline 0.006 -19"><span class='ocrx_word' id='word_1_427' title='bbox 2370 2462 2510 2519; x_wconf 85' lang='lat' dir='ltr'><strong>forte</strong></span> <span class='ocrx_word' id='word_1_428' title='bbox 2541 2465 2782 2521; x_wconf 88' lang='lat' dir='ltr'><strong>timuisse</strong></span> <span class='ocrx_word' id='word_1_429' title='bbox 2812 2481 2979 2537; x_wconf 84' lang='lat' dir='ltr'><strong>usque</strong></span> <span class='ocrx_word' id='word_1_430' title='bbox 3010 2482 3078 2524; x_wconf 93' lang='lat' dir='ltr'><strong>eo</strong></span> <span class='ocrx_word' id='word_1_431' title='bbox 3105 2467 3522 2537; x_wconf 82' lang='lat' dir='ltr'><strong>existimabitur,</strong></span> <span class='ocrx_word' id='word_1_432' title='bbox 3556 2478 3615 2525; x_wconf 91' lang='lat' dir='ltr'><strong>ut</strong></span> <span class='ocrx_word' id='word_1_433' title='bbox 3639 2470 3920 2527; x_wconf 76' lang='lat' dir='ltr'><strong>transferri</strong></span> <span class='ocrx_word' id='word_1_434' title='bbox 3949 2486 3985 2527; x_wconf 88' lang='lat' dir='ltr'><strong>a</strong></span> 
     </span>
    </p>
   </div>
   <div class='ocr_carea' id='block_1_55' title="bbox 2370 2565 3988 2643">
    <p class='ocr_par' dir='ltr' id='par_1_55' title="bbox 2370 2565 3988 2643">
     <span class='ocr_line' id='line_1_55' title="bbox 2370 2565 3988 2643; baseline 0.003 -23"><span class='ocrx_word' id='word_1_435' title='bbox 2370 2578 2430 2620; x_wconf 90' lang='lat' dir='ltr'><strong>se</strong></span> <span class='ocrx_word' id='word_1_436' title='bbox 2453 2566 2675 2621; x_wconf 87' lang='lat' dir='ltr'><strong>calicem</strong></span> <span class='ocrx_word' id='word_1_437' title='bbox 2700 2565 3021 2637; x_wconf 86' lang='lat' dir='ltr'><strong>deprecatus</strong></span> <span class='ocrx_word' id='word_1_438' title='bbox 3044 2567 3144 2633; x_wconf 90' lang='lat' dir='ltr'><strong>sit,</strong></span> <span class='ocrx_word' id='word_1_439' title='bbox 3165 2566 3383 2622; x_wconf 90' lang='lat' dir='ltr'><strong>dicens:</strong></span> <span class='ocrx_word' id='word_1_440' title='bbox 3408 2567 3551 2623; x_wconf 83' lang='lat' dir='ltr'><strong>Abba</strong></span> <span class='ocrx_word' id='word_1_441' title='bbox 3574 2578 3739 2637; x_wconf 87' lang='lat' dir='ltr'><strong>pater,</strong></span> <span class='ocrx_word' id='word_1_442' title='bbox 3764 2566 3839 2643; x_wconf 83' lang='lat' dir='ltr'><strong>(g)</strong></span> <span class='ocrx_word' id='word_1_443' title='bbox 3862 2585 3988 2640; x_wconf 87' lang='lat' dir='ltr'><strong>pos-</strong></span> 
     </span>
    </p>
   </div>
   <div class='ocr_carea' id='block_1_56' title="bbox 2382 2657 3991 2732">
    <p class='ocr_par' dir='ltr' id='par_1_56' title="bbox 2382 2657 3991 2732">
     <span class='ocr_line' id='line_1_56' title="bbox 2382 2657 3991 2732; baseline 0.003 -20"><span class='ocrx_word' id='word_1_444' title='bbox 2382 2657 2553 2712; x_wconf 86' lang='lat' dir='ltr'><strong>sibilia</strong></span> <span class='ocrx_word' id='word_1_445' title='bbox 2593 2658 2681 2712; x_wconf 88' lang='lat' dir='ltr'><strong>tibi</strong></span> <span class='ocrx_word' id='word_1_446' title='bbox 2720 2659 2893 2712; x_wconf 84' lang='lat' dir='ltr'><strong>omnia</strong></span> <span class='ocrx_word' id='word_1_447' title='bbox 2934 2669 3088 2727; x_wconf 80' lang='lat' dir='ltr'><strong>sunt,</strong></span> <span class='ocrx_word' id='word_1_448' title='bbox 3130 2662 3353 2732; x_wconf 82' lang='lat' dir='ltr'><strong>transfer</strong></span> <span class='ocrx_word' id='word_1_449' title='bbox 3391 2659 3529 2717; x_wconf 87' lang='lat' dir='ltr'><strong>hunc</strong></span> <span class='ocrx_word' id='word_1_450' title='bbox 3570 2661 3781 2715; x_wconf 80' lang='lat' dir='ltr'><strong>calicem</strong></span> <span class='ocrx_word' id='word_1_451' title='bbox 3825 2677 3859 2715; x_wconf 91' lang='lat' dir='ltr'><strong>a</strong></span> <span class='ocrx_word' id='word_1_452' title='bbox 3899 2676 3991 2717; x_wconf 88' lang='lat' dir='ltr'><strong>me</strong></span> 
     </span>
    </p>
   </div>
   <div class='ocr_carea' id='block_1_57' title="bbox 2375 2749 3990 2823">
    <p class='ocr_par' dir='ltr' id='par_1_57' title="bbox 2375 2749 3990 2823">
     <span class='ocr_line' id='line_1_57' title="bbox 2375 2749 3990 2823; baseline 0.003 -18"><span class='ocrx_word' id='word_1_453' title='bbox 2375 2749 2573 2823; x_wconf 84' lang='lat' dir='ltr'><strong>(Marc.</strong></span> <span class='ocrx_word' id='word_1_454' title='bbox 2606 2769 2716 2819; x_wconf 79' lang='lat' dir='ltr'><strong>xw,</strong></span> <span class='ocrx_word' id='word_1_455' title='bbox 2745 2752 2860 2823; x_wconf 78' lang='lat'><strong>56).</strong></span> <span class='ocrx_word' id='word_1_456' title='bbox 2897 2752 2960 2810; x_wconf 88' lang='lat' dir='ltr'><strong>Ut</strong></span> <span class='ocrx_word' id='word_1_457' title='bbox 2986 2753 3055 2809; x_wconf 90' lang='lat' dir='ltr'><strong>de</strong></span> <span class='ocrx_word' id='word_1_458' title='bbox 3079 2754 3290 2809; x_wconf 77' lang='lat' dir='ltr'><strong>czrteris</strong></span> <span class='ocrx_word' id='word_1_459' title='bbox 3317 2768 3421 2807; x_wconf 89' lang='lat' dir='ltr'><strong>non</strong></span> <span class='ocrx_word' id='word_1_460' title='bbox 3451 2753 3766 2820; x_wconf 88' lang='lat' dir='ltr'><strong>calumnier,</strong></span> <span class='ocrx_word' id='word_1_461' title='bbox 3797 2769 3990 2810; x_wconf 86' lang='lat' dir='ltr'><strong>nonne</strong></span> 
     </span>
    </p>
   </div>
   <div class='ocr_carea' id='block_1_58' title="bbox 2376 2844 3991 2920">
    <p class='ocr_par' dir='ltr' id='par_1_58' title="bbox 2376 2844 3991 2920">
     <span class='ocr_line' id='line_1_58' title="bbox 2376 2844 3991 2920; baseline 0.004 -21"><span class='ocrx_word' id='word_1_462' title='bbox 2376 2844 2756 2903; x_wconf 88' lang='lat' dir='ltr'><strong>hebetudinem</strong></span> <span class='ocrx_word' id='word_1_463' title='bbox 2780 2847 3074 2916; x_wconf 86' lang='lat' dir='ltr'><strong>impietatis</strong></span> <span class='ocrx_word' id='word_1_464' title='bbox 3097 2857 3201 2903; x_wconf 66' lang='lat' dir='ltr'><strong>tua:</strong></span> <span class='ocrx_word' id='word_1_465' title='bbox 3222 2848 3304 2903; x_wconf 85' lang='lat' dir='ltr'><strong>vel</strong></span> <span class='ocrx_word' id='word_1_466' title='bbox 3328 2846 3455 2903; x_wconf 91' lang='lat' dir='ltr'><strong>hinc</strong></span> <span class='ocrx_word' id='word_1_467' title='bbox 3476 2848 3830 2920; x_wconf 89' lang='lat' dir='ltr'><strong>coarguisses,</strong></span> <span class='ocrx_word' id='word_1_468' title='bbox 3852 2847 3991 2917; x_wconf 90' lang='lat' dir='ltr'><strong>quia</strong></span> 
     </span>
    </p>
   </div>
   <div class='ocr_carea' id='block_1_59' title="bbox 2371 2937 3987 3012">
    <p class='ocr_par' dir='ltr' id='par_1_59' title="bbox 2371 2937 3987 3012">
     <span class='ocr_line' id='line_1_59' title="bbox 2371 2937 3987 3012; baseline 0.001 -21"><span class='ocrx_word' id='word_1_469' title='bbox 2371 2937 2614 3011; x_wconf 79' lang='lat' dir='ltr'><strong>legeras:</strong></span> <span class='ocrx_word' id='word_1_470' title='bbox 2658 2939 2899 2994; x_wconf 84' lang='lat' dir='ltr'><strong>Reconde</strong></span> <span class='ocrx_word' id='word_1_471' title='bbox 2937 2940 3168 3012; x_wconf 87' lang='lat' dir='ltr'><strong>gladium</strong></span> <span class='ocrx_word' id='word_1_472' title='bbox 3205 2949 3347 2995; x_wconf 83' lang='lat' dir='ltr'><strong>tuum</strong></span> <span class='ocrx_word' id='word_1_473' title='bbox 3386 2942 3437 2996; x_wconf 87' lang='lat' dir='ltr'><strong>in</strong></span> <span class='ocrx_word' id='word_1_474' title='bbox 3468 2941 3702 2996; x_wconf 78' lang='lat' dir='ltr'><strong>thecam:</strong></span> <span class='ocrx_word' id='word_1_475' title='bbox 3729 2938 3943 2996; x_wconf 85' lang='lat' dir='ltr'><strong>calicem</strong></span> <span class='ocrx_word' id='word_1_476' title='bbox 3965 2982 3987 3008; x_wconf 85' lang='lat'><strong>,</strong></span> 
     </span>
    </p>
   </div>
   <div class='ocr_carea' id='block_1_60' title="bbox 2370 3019 3990 3105">
    <p class='ocr_par' dir='ltr' id='par_1_60' title="bbox 2370 3019 3990 3105">
     <span class='ocr_line' id='line_1_60' title="bbox 2370 3019 3990 3105; baseline 0.001 -19"><span class='ocrx_word' id='word_1_477' title='bbox 2370 3049 2519 3103; x_wconf 84' lang='lat' dir='ltr'><strong>quem</strong></span> <span class='ocrx_word' id='word_1_478' title='bbox 2550 3033 2687 3088; x_wconf 78' lang='lat' dir='ltr'><strong>dedit</strong></span> <span class='ocrx_word' id='word_1_479' title='bbox 2712 3019 2839 3088; x_wconf 78' lang='lat' dir='ltr'><strong>mihi</strong></span> <span class='ocrx_word' id='word_1_480' title='bbox 2871 3033 3047 3100; x_wconf 88' lang='lat' dir='ltr'><strong>Pater,</strong></span> <span class='ocrx_word' id='word_1_481' title='bbox 3080 3051 3182 3089; x_wconf 91' lang='lat' dir='ltr'><strong>non</strong></span> <span class='ocrx_word' id='word_1_482' title='bbox 3213 3034 3377 3089; x_wconf 86' lang='lat' dir='ltr'><strong>bibant</strong></span> <span class='ocrx_word' id='word_1_483' title='bbox 3407 3033 3556 3090; x_wconf 87' lang='lat' dir='ltr'><strong>illum</strong></span> <span class='ocrx_word' id='word_1_484' title='bbox 3595 3033 3788 3105; x_wconf 84' lang='lat' dir='ltr'><strong>(Joan.</strong></span> <span class='ocrx_word' id='word_1_485' title='bbox 3817 3048 3945 3088; x_wconf 76' lang='grc' dir='ltr'>χνιιι</span> <span class='ocrx_word' id='word_1_486' title='bbox 3969 3074 3990 3100; x_wconf 85' lang='grc'><em>,</em></span> 
     </span>
    </p>
   </div>
   <div class='ocr_carea' id='block_1_61' title="bbox 2373 3123 3991 3197">
    <p class='ocr_par' dir='ltr' id='par_1_61' title="bbox 2373 3123 3991 3197">
     <span class='ocr_line' id='line_1_61' title="bbox 2373 3123 3991 3197; baseline 0.002 -19"><span class='ocrx_word' id='word_1_487' title='bbox 2373 3123 2461 3197; x_wconf 90' lang='grc'><strong>11)</strong></span> <span class='ocrx_word' id='word_1_488' title='bbox 2481 3126 2508 3180; x_wconf 90' lang='lat'><strong><em>?</em></strong></span> <span class='ocrx_word' id='word_1_489' title='bbox 2530 3126 2812 3194; x_wconf 87' lang='lat' dir='ltr'><strong>Quomodo</strong></span> <span class='ocrx_word' id='word_1_490' title='bbox 2836 3126 2980 3182; x_wconf 90' lang='lat' dir='ltr'><strong>enim</strong></span> <span class='ocrx_word' id='word_1_491' title='bbox 3012 3141 3112 3196; x_wconf 87' lang='lat' dir='ltr'><strong>per</strong></span> <span class='ocrx_word' id='word_1_492' title='bbox 3138 3126 3375 3197; x_wconf 89' lang='lat' dir='ltr'><strong>patiendi</strong></span> <span class='ocrx_word' id='word_1_493' title='bbox 3409 3135 3610 3182; x_wconf 84' lang='lat' dir='ltr'><strong>metum</strong></span> <span class='ocrx_word' id='word_1_494' title='bbox 3645 3123 3926 3181; x_wconf 88' lang='lat' dir='ltr'><strong>transferri</strong></span> <span class='ocrx_word' id='word_1_495' title='bbox 3950 3139 3991 3182; x_wconf 84' lang='lat' dir='ltr'><strong>a</strong></span> 
     </span>
    </p>
   </div>
   <div class='ocr_carea' id='block_1_62' title="bbox 669 3199 2268 3291">
    <p class='ocr_par' dir='ltr' id='par_1_62' title="bbox 669 3204 2268 3279">
     <span class='ocr_line' id='line_1_62' title="bbox 669 3204 2268 3279; baseline 0 -15"><span class='ocrx_word' id='word_1_496' title='bbox 669 3207 793 3265; x_wconf 88' lang='lat' dir='ltr'><strong>est?</strong></span> <span class='ocrx_word' id='word_1_497' title='bbox 818 3205 977 3263; x_wconf 91' lang='lat' dir='ltr'><strong>Unde</strong></span> <span class='ocrx_word' id='word_1_498' title='bbox 1014 3205 1158 3260; x_wconf 90' lang='lat' dir='ltr'><strong>inter</strong></span> <span class='ocrx_word' id='word_1_499' title='bbox 1208 3204 1463 3261; x_wconf 85' lang='lat' dir='ltr'><strong>ﬂuentem</strong></span> <span class='ocrx_word' id='word_1_500' title='bbox 1508 3204 1821 3275; x_wconf 87' lang='lat' dir='ltr'><strong>sanguinem</strong></span> <span class='ocrx_word' id='word_1_501' title='bbox 1876 3216 1931 3261; x_wconf 89' lang='lat' dir='ltr'><strong>et</strong></span> <span class='ocrx_word' id='word_1_502' title='bbox 1985 3216 2106 3276; x_wconf 87' lang='lat' dir='ltr'><strong>post</strong></span> <span class='ocrx_word' id='word_1_503' title='bbox 2160 3207 2268 3279; x_wconf 84' lang='lat' dir='ltr'><strong>ipsa</strong></span> 
     </span>
    </p>
   </div>
   <div class='ocr_carea' id='block_1_63' title="bbox 2372 3199 3990 3291">
    <p class='ocr_par' dir='ltr' id='par_1_63' title="bbox 2380 3217 3990 3291">
     <span class='ocr_line' id='line_1_63' title="bbox 2380 3217 3990 3291; baseline 0.001 -19"><span class='ocrx_word' id='word_1_504' title='bbox 2380 3232 2439 3273; x_wconf 91' lang='lat' dir='ltr'><strong>sc</strong></span> <span class='ocrx_word' id='word_1_505' title='bbox 2469 3217 2546 3291; x_wconf 87' lang='lat' dir='ltr'><strong>(h)</strong></span> <span class='ocrx_word' id='word_1_506' title='bbox 2569 3219 2976 3290; x_wconf 87' lang='lat' dir='ltr'><strong>deprecaretur,</strong></span> <span class='ocrx_word' id='word_1_507' title='bbox 3004 3218 3149 3291; x_wconf 89' lang='lat' dir='ltr'><strong>quod</strong></span> <span class='ocrx_word' id='word_1_508' title='bbox 3177 3235 3275 3291; x_wconf 89' lang='lat' dir='ltr'><strong>per</strong></span> <span class='ocrx_word' id='word_1_509' title='bbox 3300 3219 3718 3291; x_wconf 89' lang='lat' dir='ltr'><strong>dispensationis</strong></span> <span class='ocrx_word' id='word_1_510' title='bbox 3742 3217 3990 3276; x_wconf 87' lang='lat' dir='ltr'><strong>studium</strong></span> 
     </span>
    </p>
   </div>
   <div class='ocr_carea' id='block_1_64' title="bbox 737 3320 1568 3392">
    <p class='ocr_par' dir='ltr' id='par_1_64' title="bbox 737 3320 1568 3392">
     <span class='ocr_line' id='line_1_64' title="bbox 737 3320 1568 3392; baseline -0.007 -11"><span class='ocrx_word' id='word_1_511' title='bbox 737 3325 819 3392; x_wconf 87' lang='grc'><strong>(1)</strong></span> <span class='ocrx_word' id='word_1_512' title='bbox 853 3323 1122 3379; x_wconf 86' lang='lat' dir='ltr'><strong>Terrorem</strong></span> <span class='ocrx_word' id='word_1_513' title='bbox 1148 3320 1202 3377; x_wconf 89' lang='lat' dir='ltr'><strong>in</strong></span> <span class='ocrx_word' id='word_1_514' title='bbox 1232 3336 1336 3378; x_wconf 92' lang='lat' dir='ltr'><strong>ms.</strong></span> <span class='ocrx_word' id='word_1_515' title='bbox 1367 3321 1568 3378; x_wconf 80' lang='lat' dir='ltr'><strong>Veron.</strong></span> 
     </span>
    </p>
   </div>
   <div class='ocr_carea' id='block_1_65' title="bbox 741 3325 2266 3471">
    <p class='ocr_par' dir='ltr' id='par_1_65' title="bbox 741 3325 2266 3471">
     <span class='ocr_line' id='line_1_65' title="bbox 741 3325 1568 3392; baseline -0.007 -11"><span class='ocrx_word' id='word_1_516' title='bbox 741 3328 757 3392; x_wconf 73' lang='grc' dir='ltr'><strong>ί</strong></span> <span class='ocrx_word' id='word_1_517' title='bbox 764 3326 787 3381; x_wconf 93' lang='grc'><strong>1</strong></span> <span class='ocrx_word' id='word_1_518' title='bbox 853 3325 1122 3379; x_wconf 86' lang='lat' dir='ltr'><strong>Terrorem</strong></span> <span class='ocrx_word' id='word_1_519' title='bbox 1148 3325 1202 3377; x_wconf 89' lang='lat' dir='ltr'><strong>in</strong></span> <span class='ocrx_word' id='word_1_520' title='bbox 1232 3336 1336 3378; x_wconf 92' lang='lat' dir='ltr'><strong>ms.</strong></span> <span class='ocrx_word' id='word_1_521' title='bbox 1368 3325 1568 3378; x_wconf 82' lang='lat' dir='ltr'><strong>Veron.</strong></span> 
     </span>
     <span class='ocr_line' id='line_1_66' title="bbox 741 3325 2266 3471; baseline 0.001 -20"><span class='ocrx_word' id='word_1_522' title='bbox 741 3325 822 3471; x_wconf 66' lang='grc' dir='ltr'><strong>(εὶ)</strong></span> <span class='ocrx_word' id='word_1_523' title='bbox 841 3394 1241 3451; x_wconf 69' lang='lat' dir='ltr'><strong>ExcistePaulo</strong></span> <span class='ocrx_word' id='word_1_524' title='bbox 1260 3392 1889 3465; x_wconf 87' lang='lat' dir='ltr'><strong>post,descendentis,non</strong></span> <span class='ocrx_word' id='word_1_525' title='bbox 1913 3392 2266 3453; x_wconf 85' lang='lat' dir='ltr'><strong>discindentis.</strong></span> 
     </span>
    </p>
   </div>
   <div class='ocr_carea' id='block_1_66' title="bbox 740 3506 2264 3601">
    <p class='ocr_par' dir='ltr' id='par_1_66' title="bbox 740 3506 2264 3601">
     <span class='ocr_line' id='line_1_67' title="bbox 740 3506 2264 3601; baseline 0 0"><span class='ocrx_word' id='word_1_526' title='bbox 740 3514 814 3601; x_wconf 85' lang='grc' dir='ltr'><strong>(α)</strong></span> <span class='ocrx_word' id='word_1_527' title='bbox 849 3512 991 3601; x_wconf 56' lang='grc' dir='ltr'>Εδιίιί</span> <span class='ocrx_word' id='word_1_528' title='bbox 1012 3553 1033 3601; x_wconf 25' lang='grc' dir='ltr'><strong>νί</strong></span> <span class='ocrx_word' id='word_1_529' title='bbox 1057 3506 2141 3601; x_wconf 29' lang='lat' dir='ltr'><strong>&quot;iis?CPA’£°I‘E:.152&#39;1_&quot;£§?Ei‘39ld3§59.2</strong></span> <span class='ocrx_word' id='word_1_530' title='bbox 2170 3512 2264 3601; x_wconf 58' lang='lat' dir='ltr'><strong>sed</strong></span> 
     </span>
    </p>
   </div>
   <div class='ocr_carea' id='block_1_67' title="bbox 672 3579 2268 3650">
    <p class='ocr_par' dir='ltr' id='par_1_67' title="bbox 672 3579 2268 3650">
     <span class='ocr_line' id='line_1_68' title="bbox 672 3579 2268 3650; baseline -0.006 -4"><span class='ocrx_word' id='word_1_531' title='bbox 672 3579 987 3645; x_wconf 72' lang='lat' dir='ltr'><strong>dominatum</strong></span> <span class='ocrx_word' id='word_1_532' title='bbox 1012 3579 1140 3639; x_wconf 50' lang='lat' dir='ltr'><strong>esse:</strong></span> <span class='ocrx_word' id='word_1_533' title='bbox 1158 3582 1236 3638; x_wconf 79' lang='lat' dir='ltr'><strong>Re</strong></span> <span class='ocrx_word' id='word_1_534' title='bbox 1264 3579 1379 3650; x_wconf 82' lang='lat' dir='ltr'><strong>ipsa</strong></span> <span class='ocrx_word' id='word_1_535' title='bbox 1399 3588 1598 3635; x_wconf 75' lang='lat' dir='ltr'><strong>nostra:</strong></span> <span class='ocrx_word' id='word_1_536' title='bbox 1626 3579 1967 3635; x_wconf 87' lang='lat' dir='ltr'><strong>inﬁrmitates</strong></span> <span class='ocrx_word' id='word_1_537' title='bbox 1997 3584 2047 3635; x_wconf 91' lang='lat' dir='ltr'><strong>in</strong></span> <span class='ocrx_word' id='word_1_538' title='bbox 2079 3581 2268 3638; x_wconf 89' lang='lat' dir='ltr'><strong>Chris-</strong></span> 
     </span>
    </p>
   </div>
   <div class='ocr_carea' id='block_1_68' title="bbox 674 3651 2266 3721">
    <p class='ocr_par' dir='ltr' id='par_1_68' title="bbox 674 3651 2266 3721">
     <span class='ocr_line' id='line_1_69' title="bbox 674 3651 2266 3721; baseline -0.005 -5"><span class='ocrx_word' id='word_1_539' title='bbox 674 3672 787 3716; x_wconf 91' lang='lat' dir='ltr'><strong>tum</strong></span> <span class='ocrx_word' id='word_1_540' title='bbox 812 3658 885 3713; x_wconf 89' lang='lat' dir='ltr'><strong>ita</strong></span> <span class='ocrx_word' id='word_1_541' title='bbox 915 3655 1250 3719; x_wconf 83' lang='lat' dir='ltr'><strong>inciderunt,</strong></span> <span class='ocrx_word' id='word_1_542' title='bbox 1276 3661 1334 3707; x_wconf 91' lang='lat' dir='ltr'><strong>ut</strong></span> <span class='ocrx_word' id='word_1_543' title='bbox 1359 3667 1543 3707; x_wconf 86' lang='lat' dir='ltr'><strong>earum</strong></span> <span class='ocrx_word' id='word_1_544' title='bbox 1571 3666 1788 3721; x_wconf 87' lang='lat' dir='ltr'><strong>semper</strong></span> <span class='ocrx_word' id='word_1_545' title='bbox 1804 3651 2056 3708; x_wconf 86' lang='lat' dir='ltr'><strong>dominus</strong></span> <span class='ocrx_word' id='word_1_546' title='bbox 2084 3653 2266 3709; x_wconf 86' lang='lat' dir='ltr'><strong>fuerit.</strong></span> 
     </span>
    </p>
   </div>
   <div class='ocr_carea' id='block_1_69' title="bbox 748 3723 2269 3803">
    <p class='ocr_par' dir='ltr' id='par_1_69' title="bbox 748 3723 2269 3803">
     <span class='ocr_line' id='line_1_70' title="bbox 748 3723 2269 3803; baseline -0.001 -19"><span class='ocrx_word' id='word_1_547' title='bbox 748 3729 823 3803; x_wconf 92' lang='lat' dir='ltr'><strong>(b)</strong></span> <span class='ocrx_word' id='word_1_548' title='bbox 852 3725 1084 3792; x_wconf 83' lang='lat' dir='ltr'><strong>Excusi,</strong></span> <span class='ocrx_word' id='word_1_549' title='bbox 1116 3736 1397 3780; x_wconf 87' lang='lat' dir='ltr'><strong>terrorem:</strong></span> <span class='ocrx_word' id='word_1_550' title='bbox 1425 3723 1755 3794; x_wconf 87' lang='lat' dir='ltr'><strong>castigantur</strong></span> <span class='ocrx_word' id='word_1_551' title='bbox 1784 3739 1851 3779; x_wconf 79' lang='lat' dir='ltr'><strong>ex</strong></span> <span class='ocrx_word' id='word_1_552' title='bbox 1880 3725 2269 3782; x_wconf 82' lang='lat' dir='ltr'><strong>vetustioribus</strong></span> 
     </span>
    </p>
   </div>
   <div class='ocr_carea' id='block_1_70' title="bbox 672 3817 1978 3942">
    <p class='ocr_par' dir='ltr' id='par_1_70' title="bbox 672 3817 1978 3942">
     <span class='ocr_line' id='line_1_71' title="bbox 672 3817 1978 3942; baseline -0.005 -14"><span class='ocrx_word' id='word_1_553' title='bbox 850 3871 907 3942; x_wconf 74' lang='lat' dir='ltr'><strong>lo</strong></span> <span class='ocrx_word' id='word_1_554' title='bbox 939 3868 1182 3939; x_wconf 91' lang='lat' dir='ltr'><strong>pluribus</strong></span> <span class='ocrx_word' id='word_1_555' title='bbox 1209 3881 1339 3921; x_wconf 87' lang='lat' dir='ltr'><strong>mss.</strong></span> <span class='ocrx_word' id='word_1_556' title='bbox 1360 3906 1377 3932; x_wconf 90' lang='lat'><strong>,</strong></span> <span class='ocrx_word' id='word_1_557' title='bbox 1406 3866 1591 3942; x_wconf 64' lang='lat' dir='ltr'><strong>excisa</strong></span> <span class='ocrx_word' id='word_1_558' title='bbox 1610 3866 1978 3942; x_wconf 25' lang='lat' dir='ltr'><strong>auris‘vutnus.</strong></span> 
     </span>
    </p>
   </div>
   <div class='ocr_carea' id='block_1_71' title="bbox 750 3937 2275 4027">
    <p class='ocr_par' dir='ltr' id='par_1_71' title="bbox 750 3937 2275 4027">
     <span class='ocr_line' id='line_1_72' title="bbox 750 3937 2275 4027; baseline -0.002 -30"><span class='ocrx_word' id='word_1_559' title='bbox 750 3937 832 4027; x_wconf 62' lang='lat' dir='ltr'><strong>(d)</strong></span> <span class='ocrx_word' id='word_1_560' title='bbox 857 3937 1115 4027; x_wconf 80' lang='lat' dir='ltr'><strong>Plerique</strong></span> <span class='ocrx_word' id='word_1_561' title='bbox 1142 3954 1272 4027; x_wconf 61' lang='lat' dir='ltr'><strong>mss.</strong></span> <span class='ocrx_word' id='word_1_562' title='bbox 1304 3952 1426 4027; x_wconf 60' lang='lat' dir='ltr'><strong>cupi</strong></span> <span class='ocrx_word' id='word_1_563' title='bbox 1457 3937 1720 4027; x_wconf 57' lang='lat' dir='ltr'><strong>vulgatis,</strong></span> <span class='ocrx_word' id='word_1_564' title='bbox 1742 3938 2115 4027; x_wconf 63' lang='lat' dir='ltr'><strong>descendentis.</strong></span> <span class='ocrx_word' id='word_1_565' title='bbox 2149 3939 2275 4027; x_wconf 51' lang='lat' dir='ltr'><strong>Zel-</strong></span> 
     </span>
    </p>
   </div>
   <div class='ocr_carea' id='block_1_72' title="bbox 674 4008 2272 4080">
    <p class='ocr_par' dir='ltr' id='par_1_72' title="bbox 674 4008 2272 4080">
     <span class='ocr_line' id='line_1_73' title="bbox 674 4008 2272 4080; baseline -0.003 -9"><span class='ocrx_word' id='word_1_566' title='bbox 674 4008 914 4072; x_wconf 84' lang='lat' dir='ltr'><strong>lerianus</strong></span> <span class='ocrx_word' id='word_1_567' title='bbox 942 4008 1144 4075; x_wconf 83' lang='lat' dir='ltr'><strong>codex,</strong></span> <span class='ocrx_word' id='word_1_568' title='bbox 1178 4008 1540 4080; x_wconf 85' lang='lat' dir='ltr'><strong>discendentis.</strong></span> <span class='ocrx_word' id='word_1_569' title='bbox 1586 4009 1752 4078; x_wconf 86' lang='lat' dir='ltr'><strong>Magis</strong></span> <span class='ocrx_word' id='word_1_570' title='bbox 1789 4010 1969 4080; x_wconf 87' lang='lat' dir='ltr'><strong>placet</strong></span> <span class='ocrx_word' id='word_1_571' title='bbox 2009 4025 2130 4066; x_wconf 91' lang='lat' dir='ltr'><strong>cum</strong></span> <span class='ocrx_word' id='word_1_572' title='bbox 2162 4011 2272 4067; x_wconf 85' lang='lat' dir='ltr'><strong>Rc-</strong></span> 
     </span>
    </p>
   </div>
   <div class='ocr_carea' id='block_1_73' title="bbox 678 4079 2273 4155">
    <p class='ocr_par' dir='ltr' id='par_1_73' title="bbox 678 4079 2273 4155">
     <span class='ocr_line' id='line_1_74' title="bbox 678 4079 2273 4155; baseline -0.004 -14"><span class='ocrx_word' id='word_1_573' title='bbox 678 4086 953 4155; x_wconf 81' lang='lat' dir='ltr'><strong>migiano,</strong></span> <span class='ocrx_word' id='word_1_574' title='bbox 992 4081 1346 4155; x_wconf 79' lang='lat' dir='ltr'><strong>discindentis.</strong></span> <span class='ocrx_word' id='word_1_575' title='bbox 1395 4079 1632 4155; x_wconf 75' lang='lat' dir='ltr'><strong>Deinde,</strong></span> <span class='ocrx_word' id='word_1_576' title='bbox 1672 4082 1729 4133; x_wconf 87' lang='lat' dir='ltr'><strong>in</strong></span> <span class='ocrx_word' id='word_1_577' title='bbox 1792 4079 1904 4151; x_wconf 76' lang='lat' dir='ltr'><strong>ipsa</strong></span> <span class='ocrx_word' id='word_1_578' title='bbox 1945 4082 2273 4155; x_wconf 85' lang='lat' dir='ltr'><strong>trunci_cor-</strong></span> 
     </span>
    </p>
   </div>
   <div class='ocr_carea' id='block_1_74' title="bbox 681 4151 2275 4227">
    <p class='ocr_par' dir='ltr' id='par_1_74' title="bbox 681 4151 2275 4227">
     <span class='ocr_line' id='line_1_75' title="bbox 681 4151 2275 4227; baseline -0.003 -15"><span class='ocrx_word' id='word_1_579' title='bbox 681 4151 824 4227; x_wconf 68' lang='lat' dir='ltr'><strong>poris</strong></span> <span class='ocrx_word' id='word_1_580' title='bbox 850 4151 1261 4227; x_wconf 36' lang='lat' dir='ltr'><strong>calumniathoc</strong></span> <span class='ocrx_word' id='word_1_581' title='bbox 1279 4161 1362 4206; x_wconf 87' lang='lat' dir='ltr'><strong>est</strong></span> <span class='ocrx_word' id='word_1_582' title='bbox 1383 4192 1399 4216; x_wconf 93' lang='lat'><strong>,</strong></span> <span class='ocrx_word' id='word_1_583' title='bbox 1430 4166 1497 4205; x_wconf 89' lang='lat' dir='ltr'><strong>eo</strong></span> <span class='ocrx_word' id='word_1_584' title='bbox 1524 4152 1641 4220; x_wconf 88' lang='lat' dir='ltr'><strong>ipso</strong></span> <span class='ocrx_word' id='word_1_585' title='bbox 1666 4161 1941 4227; x_wconf 63' lang='lat' dir='ltr'><strong>mpmento</strong></span> <span class='ocrx_word' id='word_1_586' title='bbox 1967 4167 2073 4222; x_wconf 83' lang='lat' dir='ltr'><strong>quo</strong></span> <span class='ocrx_word' id='word_1_587' title='bbox 2097 4153 2275 4227; x_wconf 82' lang='lat' dir='ltr'><strong>ablata</strong></span> 
     </span>
    </p>
   </div>
   <div class='ocr_carea' id='block_1_75' title="bbox 682 4220 2277 4290">
    <p class='ocr_par' dir='ltr' id='par_1_75' title="bbox 682 4220 2277 4290">
     <span class='ocr_line' id='line_1_76' title="bbox 682 4220 2277 4290; baseline -0.003 -7"><span class='ocrx_word' id='word_1_588' title='bbox 682 4220 816 4283; x_wconf 79' lang='lat' dir='ltr'><strong>aure</strong></span> <span class='ocrx_word' id='word_1_589' title='bbox 846 4237 1091 4281; x_wconf 91' lang='lat' dir='ltr'><strong>truncum</strong></span> <span class='ocrx_word' id='word_1_590' title='bbox 1124 4223 1320 4277; x_wconf 82' lang='lat' dir='ltr'><strong>factum</strong></span> <span class='ocrx_word' id='word_1_591' title='bbox 1349 4228 1431 4277; x_wconf 84' lang='lat' dir='ltr'><strong>est</strong></span> <span class='ocrx_word' id='word_1_592' title='bbox 1454 4237 1671 4290; x_wconf 88' lang='lat' dir='ltr'><strong>corpus.</strong></span> <span class='ocrx_word' id='word_1_593' title='bbox 1701 4220 2277 4279; x_wconf 42' lang='lat' dir='ltr'><strong>Calumniaa&#39;vocabulo</strong></span> 
     </span>
    </p>
   </div>
   <div class='ocr_carea' id='block_1_76' title="bbox 682 4291 2276 4368">
    <p class='ocr_par' dir='ltr' id='par_1_76' title="bbox 682 4291 2276 4368">
     <span class='ocr_line' id='line_1_77' title="bbox 682 4291 2276 4368; baseline -0.003 -14"><span class='ocrx_word' id='word_1_594' title='bbox 682 4297 824 4368; x_wconf 87' lang='lat' dir='ltr'><strong>apud</strong></span> <span class='ocrx_word' id='word_1_595' title='bbox 851 4307 1097 4351; x_wconf 88' lang='lat' dir='ltr'><strong>auctores</strong></span> <span class='ocrx_word' id='word_1_596' title='bbox 1123 4292 1313 4368; x_wconf 65' lang='lat' dir='ltr'><strong>mediae</strong></span> <span class='ocrx_word' id='word_1_597' title='bbox 1340 4301 1431 4346; x_wconf 89' lang='lat' dir='ltr'><strong>aut</strong></span> <span class='ocrx_word' id='word_1_598' title='bbox 1457 4291 1657 4368; x_wconf 74' lang='lat' dir='ltr'><strong>inﬁnite</strong></span> <span class='ocrx_word' id='word_1_599' title='bbox 1681 4292 1964 4368; x_wconf 29' lang='lat' dir='ltr'><strong>l‘atioitatis</strong></span> <span class='ocrx_word' id='word_1_600' title='bbox 1987 4294 2276 4368; x_wconf 80' lang='lat' dir='ltr'><strong>aliquando</strong></span> 
     </span>
    </p>
   </div>
   <div class='ocr_carea' id='block_1_77' title="bbox 684 4363 2276 4439">
    <p class='ocr_par' dir='ltr' id='par_1_77' title="bbox 684 4363 2276 4439">
     <span class='ocr_line' id='line_1_78' title="bbox 684 4363 2276 4439; baseline -0.002 -16"><span class='ocrx_word' id='word_1_601' title='bbox 684 4363 1019 4439; x_wconf 87' lang='lat' dir='ltr'><strong>signiﬁcatur</strong></span> <span class='ocrx_word' id='word_1_602' title='bbox 1045 4366 1186 4439; x_wconf 72' lang='lat' dir='ltr'><strong>actio</strong></span> <span class='ocrx_word' id='word_1_603' title='bbox 1206 4406 1220 4429; x_wconf 91' lang='lat'><strong>,</strong></span> <span class='ocrx_word' id='word_1_604' title='bbox 1249 4377 1355 4434; x_wconf 89' lang='lat' dir='ltr'><strong>qua</strong></span> <span class='ocrx_word' id='word_1_605' title='bbox 1392 4365 1513 4439; x_wconf 80' lang='lat' dir='ltr'><strong>quis</strong></span> <span class='ocrx_word' id='word_1_606' title='bbox 1556 4363 2122 4439; x_wconf 32' lang='lat' dir='ltr'><strong>per‘jurisformulas</strong></span> <span class='ocrx_word' id='word_1_607' title='bbox 2162 4382 2276 4421; x_wconf 87' lang='lat' dir='ltr'><strong>rem</strong></span> 
     </span>
    </p>
   </div>
   <div class='ocr_carea' id='block_1_78' title="bbox 684 4434 2278 4509">
    <p class='ocr_par' dir='ltr' id='par_1_78' title="bbox 684 4434 2278 4509">
     <span class='ocr_line' id='line_1_79' title="bbox 684 4434 2278 4509; baseline -0.002 -14"><span class='ocrx_word' id='word_1_608' title='bbox 684 4434 995 4509; x_wconf 71' lang='lat' dir='ltr'><strong>quampiam</strong></span> <span class='ocrx_word' id='word_1_609' title='bbox 1020 4435 1236 4509; x_wconf 79' lang='lat' dir='ltr'><strong>auferre</strong></span> <span class='ocrx_word' id='word_1_610' title='bbox 1261 4434 1572 4509; x_wconf 66' lang='lat' dir='ltr'><strong>contendit;</strong></span> <span class='ocrx_word' id='word_1_611' title='bbox 1602 4434 2091 4509; x_wconf 82' lang='lat' dir='ltr'><strong>aliquandoaulem</strong></span> <span class='ocrx_word' id='word_1_612' title='bbox 2119 4451 2278 4506; x_wconf 62' lang='lat' dir='ltr'><strong>pinna</strong></span> 
     </span>
    </p>
   </div>
   <div class='ocr_carea' id='block_1_79' title="bbox 686 4504 2283 4579">
    <p class='ocr_par' dir='ltr' id='par_1_79' title="bbox 686 4504 2283 4579">
     <span class='ocr_line' id='line_1_80' title="bbox 686 4504 2283 4579; baseline -0.004 -12"><span class='ocrx_word' id='word_1_613' title='bbox 686 4504 773 4567; x_wconf 75' lang='lat' dir='ltr'><strong>vel</strong></span> <span class='ocrx_word' id='word_1_614' title='bbox 803 4504 966 4565; x_wconf 79' lang='lat' dir='ltr'><strong>multa</strong></span> <span class='ocrx_word' id='word_1_615' title='bbox 985 4549 1002 4576; x_wconf 92' lang='lat'><strong>,</strong></span> <span class='ocrx_word' id='word_1_616' title='bbox 1033 4522 1137 4579; x_wconf 90' lang='lat' dir='ltr'><strong>qua</strong></span> <span class='ocrx_word' id='word_1_617' title='bbox 1156 4505 1465 4579; x_wconf 75' lang='lat' dir='ltr'><strong>damnatur</strong></span> <span class='ocrx_word' id='word_1_618' title='bbox 1479 4504 1572 4579; x_wconf 88' lang='lat' dir='ltr'><strong>qui</strong></span> <span class='ocrx_word' id='word_1_619' title='bbox 1599 4506 1866 4579; x_wconf 72' lang='lat' dir='ltr'><strong>actionem</strong></span> <span class='ocrx_word' id='word_1_620' title='bbox 1894 4507 2098 4576; x_wconf 90' lang='lat' dir='ltr'><strong>injuste</strong></span> <span class='ocrx_word' id='word_1_621' title='bbox 2122 4504 2283 4563; x_wconf 82' lang='lat' dir='ltr'><strong>insti-</strong></span> 
     </span>
    </p>
   </div>
   <div class='ocr_carea' id='block_1_80' title="bbox 684 4577 2276 4647">
    <p class='ocr_par' dir='ltr' id='par_1_80' title="bbox 684 4577 2276 4647">
     <span class='ocr_line' id='line_1_81' title="bbox 684 4577 2276 4647; baseline -0.003 -9"><span class='ocrx_word' id='word_1_622' title='bbox 684 4584 808 4637; x_wconf 85' lang='lat' dir='ltr'><strong>tuit.</strong></span> <span class='ocrx_word' id='word_1_623' title='bbox 854 4581 1028 4636; x_wconf 85' lang='lat' dir='ltr'><strong>Prima</strong></span> <span class='ocrx_word' id='word_1_624' title='bbox 1054 4577 1278 4633; x_wconf 83' lang='lat' dir='ltr'><strong>ratione</strong></span> <span class='ocrx_word' id='word_1_625' title='bbox 1315 4577 1634 4647; x_wconf 83' lang='lat' dir='ltr'><strong>intelligitur</strong></span> <span class='ocrx_word' id='word_1_626' title='bbox 1673 4577 1729 4631; x_wconf 87' lang='lat' dir='ltr'><strong>in</strong></span> <span class='ocrx_word' id='word_1_627' title='bbox 1771 4577 1913 4632; x_wconf 87' lang='lat' dir='ltr'><strong>Psal.</strong></span> <span class='ocrx_word' id='word_1_628' title='bbox 1946 4593 2192 4643; x_wconf 77' lang='lat' dir='ltr'><strong>cxxxvn.</strong></span> <span class='ocrx_word' id='word_1_629' title='bbox 2222 4596 2276 4633; x_wconf 90' lang='grc' dir='ltr'>ιι.</span> 
     </span>
    </p>
   </div>
   <div class='ocr_carea' id='block_1_81' title="bbox 690 4647 2277 4719">
    <p class='ocr_par' dir='ltr' id='par_1_81' title="bbox 690 4647 2277 4719">
     <span class='ocr_line' id='line_1_82' title="bbox 690 4647 2277 4719; baseline -0.003 -10"><span class='ocrx_word' id='word_1_630' title='bbox 690 4654 795 4719; x_wconf 81' lang='grc'><strong>15;</strong></span> <span class='ocrx_word' id='word_1_631' title='bbox 826 4667 970 4707; x_wconf 90' lang='lat' dir='ltr'><strong>nunc</strong></span> <span class='ocrx_word' id='word_1_632' title='bbox 998 4666 1129 4706; x_wconf 90' lang='lat' dir='ltr'><strong>vero</strong></span> <span class='ocrx_word' id='word_1_633' title='bbox 1158 4664 1256 4718; x_wconf 90' lang='lat' dir='ltr'><strong>pro</strong></span> <span class='ocrx_word' id='word_1_634' title='bbox 1282 4663 1440 4719; x_wconf 87' lang='lat' dir='ltr'><strong>pcena</strong></span> <span class='ocrx_word' id='word_1_635' title='bbox 1472 4647 1791 4717; x_wconf 88' lang='lat' dir='ltr'><strong>simpliciter</strong></span> <span class='ocrx_word' id='word_1_636' title='bbox 1815 4662 2142 4719; x_wconf 87' lang='lat' dir='ltr'><strong>usurpatur:</strong></span> <span class='ocrx_word' id='word_1_637' title='bbox 2174 4650 2277 4705; x_wconf 91' lang='lat' dir='ltr'><strong>nisi</strong></span> 
     </span>
    </p>
   </div>
   <div class='ocr_carea' id='block_1_82' title="bbox 693 4718 2280 4795">
    <p class='ocr_par' dir='ltr' id='par_1_82' title="bbox 693 4718 2280 4795">
     <span class='ocr_line' id='line_1_83' title="bbox 693 4718 2280 4795; baseline -0.001 -17"><span class='ocrx_word' id='word_1_638' title='bbox 693 4718 815 4795; x_wconf 89' lang='lat' dir='ltr'><strong>quis</strong></span> <span class='ocrx_word' id='word_1_639' title='bbox 841 4723 995 4795; x_wconf 87' lang='lat' dir='ltr'><strong>malit</strong></span> <span class='ocrx_word' id='word_1_640' title='bbox 1020 4737 1139 4795; x_wconf 84' lang='lat' dir='ltr'><strong>eam</strong></span> <span class='ocrx_word' id='word_1_641' title='bbox 1171 4718 1353 4795; x_wconf 86' lang='lat' dir='ltr'><strong>vocari</strong></span> <span class='ocrx_word' id='word_1_642' title='bbox 1379 4720 1578 4795; x_wconf 76' lang='lat' dir='ltr'><strong>justam</strong></span> <span class='ocrx_word' id='word_1_643' title='bbox 1606 4733 1822 4788; x_wconf 65' lang='lat' dir='ltr'><strong>poenam</strong></span> <span class='ocrx_word' id='word_1_644' title='bbox 1851 4718 2049 4775; x_wconf 88' lang='lat' dir='ltr'><strong>Christi</strong></span> <span class='ocrx_word' id='word_1_645' title='bbox 2081 4720 2280 4790; x_wconf 88' lang='lat' dir='ltr'><strong>injuste</strong></span> 
     </span>
    </p>
   </div>
   <div class='ocr_carea' id='block_1_83' title="bbox 688 4789 1492 4857">
    <p class='ocr_par' dir='ltr' id='par_1_83' title="bbox 688 4789 1492 4857">
     <span class='ocr_line' id='line_1_84' title="bbox 688 4789 1492 4857; baseline -0.011 -5"><span class='ocrx_word' id='word_1_646' title='bbox 688 4789 744 4852; x_wconf 75' lang='grc' dir='ltr'>εἰ</span> <span class='ocrx_word' id='word_1_647' title='bbox 768 4810 864 4857; x_wconf 88' lang='lat' dir='ltr'><strong>per</strong></span> <span class='ocrx_word' id='word_1_648' title='bbox 888 4792 1209 4848; x_wconf 90' lang='lat' dir='ltr'><strong>calumniam</strong></span> <span class='ocrx_word' id='word_1_649' title='bbox 1243 4789 1492 4857; x_wconf 86' lang='lat' dir='ltr'><strong>impetiti.</strong></span> 
     </span>
    </p>
   </div>
   <div class='ocr_carea' id='block_1_84' title="bbox 763 4812 2288 4939">
    <p class='ocr_par' dir='ltr' id='par_1_84' title="bbox 763 4812 2288 4939">
     <span class='ocr_line' id='line_1_85' title="bbox 803 4812 1492 4857; baseline -0.01 -7"><span class='ocrx_word' id='word_1_650' title='bbox 803 4812 864 4851; x_wconf 85' lang='lat' dir='ltr'><strong>er</strong></span> <span class='ocrx_word' id='word_1_651' title='bbox 888 4812 1209 4848; x_wconf 72' lang='lat' dir='ltr'><strong>calumniam</strong></span> <span class='ocrx_word' id='word_1_652' title='bbox 1243 4812 1492 4857; x_wconf 81' lang='lat' dir='ltr'><strong>tmpeuu.</strong></span> 
     </span>
     <span class='ocr_line' id='line_1_86' title="bbox 763 4812 2288 4939; baseline 0.001 -20"><span class='ocrx_word' id='word_1_653' title='bbox 763 4812 838 4939; x_wconf 47' lang='lat' dir='ltr'><strong>fe)</strong></span> <span class='ocrx_word' id='word_1_654' title='bbox 870 4863 1010 4920; x_wconf 86' lang='lat' dir='ltr'><strong>Editi</strong></span> <span class='ocrx_word' id='word_1_655' title='bbox 1035 4904 1051 4931; x_wconf 91' lang='lat'><strong>,</strong></span> <span class='ocrx_word' id='word_1_656' title='bbox 1081 4878 1180 4933; x_wconf 86' lang='lat' dir='ltr'><strong>quo</strong></span> <span class='ocrx_word' id='word_1_657' title='bbox 1209 4870 1448 4915; x_wconf 82' lang='lat' dir='ltr'><strong>curetur:</strong></span> <span class='ocrx_word' id='word_1_658' title='bbox 1491 4860 1851 4917; x_wconf 87' lang='lat' dir='ltr'><strong>renitentibus</strong></span> <span class='ocrx_word' id='word_1_659' title='bbox 1892 4860 2288 4932; x_wconf 87' lang='lat' dir='ltr'><strong>antiquioribus</strong></span> 
     </span>
    </p>
   </div>
   <div class='ocr_carea' id='block_1_85' title="bbox 688 4953 822 4993">
    <p class='ocr_par' dir='ltr' id='par_1_85' title="bbox 688 4953 822 4993">
     <span class='ocr_line' id='line_1_87' title="bbox 688 4953 822 4993; baseline -0.007 0"><span class='ocrx_word' id='word_1_660' title='bbox 688 4953 822 4993; x_wconf 71' lang='lat' dir='ltr'><strong>mss.</strong></span> 
     </span>
    </p>
   </div>
   <div class='ocr_carea' id='block_1_86' title="bbox 767 5008 2286 5088">
    <p class='ocr_par' dir='ltr' id='par_1_86' title="bbox 767 5008 2286 5088">
     <span class='ocr_line' id='line_1_88' title="bbox 767 5008 2286 5088; baseline -0.002 -18"><span class='ocrx_word' id='word_1_661' title='bbox 767 5015 839 5088; x_wconf 79' lang='lat' dir='ltr'><strong>(f)</strong></span> <span class='ocrx_word' id='word_1_662' title='bbox 881 5014 1102 5070; x_wconf 84' lang='lat' dir='ltr'><strong>Fatetur</strong></span> <span class='ocrx_word' id='word_1_663' title='bbox 1128 5011 1361 5088; x_wconf 80' lang='lat' dir='ltr'><strong>Hilarius</strong></span> <span class='ocrx_word' id='word_1_664' title='bbox 1402 5009 1539 5065; x_wconf 84' lang='lat' dir='ltr'><strong>infra</strong></span> <span class='ocrx_word' id='word_1_665' title='bbox 1579 5025 1634 5064; x_wconf 83' lang='grc' dir='ltr'>ιι.</span> <span class='ocrx_word' id='word_1_666' title='bbox 1680 5009 1777 5073; x_wconf 84' lang='lat'><strong>65.</strong></span> <span class='ocrx_word' id='word_1_667' title='bbox 1818 5008 2126 5073; x_wconf 86' lang='lat' dir='ltr'><strong>Christum,</strong></span> <span class='ocrx_word' id='word_1_668' title='bbox 2170 5028 2286 5067; x_wconf 88' lang='lat' dir='ltr'><strong>cum</strong></span> 
     </span>
    </p>
   </div>
   <div class='ocr_carea' id='block_1_87' title="bbox 694 5083 2287 5157">
    <p class='ocr_par' dir='ltr' id='par_1_87' title="bbox 694 5083 2287 5157">
     <span class='ocr_line' id='line_1_89' title="bbox 694 5083 2287 5157; baseline -0.003 -13"><span class='ocrx_word' id='word_1_669' title='bbox 694 5083 1169 5157; x_wconf 53' lang='lat' dir='ltr'><strong>ex&#39;dispensatione</strong></span> <span class='ocrx_word' id='word_1_670' title='bbox 1220 5083 1372 5157; x_wconf 90' lang='lat' dir='ltr'><strong>homo</strong></span> <span class='ocrx_word' id='word_1_671' title='bbox 1411 5092 1580 5157; x_wconf 75' lang='lat' dir='ltr'><strong>esset,</strong></span> <span class='ocrx_word' id='word_1_672' title='bbox 1620 5092 1845 5157; x_wconf 79' lang='lat' dir='ltr'><strong>ntaneret</strong></span> <span class='ocrx_word' id='word_1_673' title='bbox 1884 5092 2053 5157; x_wconf 67' lang='lat' dir='ltr'><strong>tamen</strong></span> <span class='ocrx_word' id='word_1_674' title='bbox 2090 5100 2154 5138; x_wconf 76' lang='lat' dir='ltr'><strong>ea:</strong></span> <span class='ocrx_word' id='word_1_675' title='bbox 2190 5101 2287 5140; x_wconf 76' lang='lat' dir='ltr'><strong>NA-</strong></span> 
     </span>
    </p>
   </div>
   <div class='ocr_carea' id='block_1_88' title="bbox 691 5153 2286 5226">
    <p class='ocr_par' dir='ltr' id='par_1_88' title="bbox 691 5153 2286 5226">
     <span class='ocr_line' id='line_1_90' title="bbox 691 5153 2286 5226; baseline -0.002 -12"><span class='ocrx_word' id='word_1_676' title='bbox 691 5175 835 5216; x_wconf 77' lang='lat' dir='ltr'><strong>TUBA</strong></span> <span class='ocrx_word' id='word_1_677' title='bbox 869 5153 1006 5211; x_wconf 87' lang='lat' dir='ltr'><strong>Deus</strong></span> <span class='ocrx_word' id='word_1_678' title='bbox 1032 5198 1047 5222; x_wconf 89' lang='lat'><strong>,</strong></span> <span class='ocrx_word' id='word_1_679' title='bbox 1077 5156 1305 5209; x_wconf 85' lang='lat' dir='ltr'><strong>eumdem</strong></span> <span class='ocrx_word' id='word_1_680' title='bbox 1326 5195 1341 5221; x_wconf 94' lang='lat'><strong>,</strong></span> <span class='ocrx_word' id='word_1_681' title='bbox 1387 5169 1451 5208; x_wconf 76' lang='lat' dir='ltr'><strong>ex</strong></span> <span class='ocrx_word' id='word_1_682' title='bbox 1489 5153 1786 5226; x_wconf 77' lang='lat' dir='ltr'><strong>inﬁrmitate</strong></span> <span class='ocrx_word' id='word_1_683' title='bbox 1822 5154 2133 5226; x_wconf 70' lang='lat' dir='ltr'><strong>cruciﬁxum</strong></span> <span class='ocrx_word' id='word_1_684' title='bbox 2154 5196 2169 5222; x_wconf 94' lang='lat'><strong>,</strong></span> <span class='ocrx_word' id='word_1_685' title='bbox 2198 5157 2286 5226; x_wconf 81' lang='lat' dir='ltr'><strong>qui</strong></span> 
     </span>
    </p>
   </div>
   <div class='ocr_carea' id='block_1_89' title="bbox 694 5224 2293 5347">
    <p class='ocr_par' dir='ltr' id='par_1_89' title="bbox 694 5224 2293 5347">
     <span class='ocr_line' id='line_1_91' title="bbox 694 5224 2293 5347; baseline -0.002 -62"><span class='ocrx_word' id='word_1_686' title='bbox 694 5247 760 5286; x_wconf 79' lang='lat' dir='ltr'><strong>ea:</strong></span> <span class='ocrx_word' id='word_1_687' title='bbox 787 5244 1017 5285; x_wconf 71' lang='grc' dir='ltr'>ινιιιτυτιιι</span> <span class='ocrx_word' id='word_1_688' title='bbox 1041 5225 1137 5282; x_wconf 86' lang='lat' dir='ltr'><strong>Dei</strong></span> <span class='ocrx_word' id='word_1_689' title='bbox 1164 5228 1382 5279; x_wconf 76' lang='lat' dir='ltr'><strong>uiueret:</strong></span> <span class='ocrx_word' id='word_1_690' title='bbox 1407 5233 1461 5277; x_wconf 90' lang='lat' dir='ltr'><strong>ut</strong></span> <span class='ocrx_word' id='word_1_691' title='bbox 1488 5238 1605 5278; x_wconf 84' lang='lat' dir='ltr'><strong>cum</strong></span> <span class='ocrx_word' id='word_1_692' title='bbox 1635 5224 1911 5347; x_wconf 52' lang='lat' dir='ltr'><strong>irlrfrmitas</strong></span> <span class='ocrx_word' id='word_1_693' title='bbox 1941 5238 2069 5280; x_wconf 86' lang='lat' dir='ltr'><strong>esset</strong></span> <span class='ocrx_word' id='word_1_694' title='bbox 2096 5243 2161 5281; x_wconf 78' lang='lat' dir='ltr'><strong>ea:</strong></span> <span class='ocrx_word' id='word_1_695' title='bbox 2182 5224 2293 5300; x_wconf 74' lang='lat' dir='ltr'><strong>for-</strong></span> 
     </span>
     <span class='ocr_line' id='line_1_92' title="bbox 694 5296 2291 5347; baseline 0 0"><span class='ocrx_word' id='word_1_696' title='bbox 694 5319 779 5347; x_wconf 82' lang='lat' dir='ltr'><strong>mn</strong></span> <span class='ocrx_word' id='word_1_697' title='bbox 808 5302 937 5347; x_wconf 74' lang='lat' dir='ltr'><strong>serui</strong></span> <span class='ocrx_word' id='word_1_698' title='bbox 957 5342 969 5347; x_wconf 89' lang='lat'>_</span> <span class='ocrx_word' id='word_1_699' title='bbox 1004 5308 1051 5347; x_wconf 80' lang='lat' dir='ltr'><strong>et</strong></span> <span class='ocrx_word' id='word_1_700' title='bbox 1076 5314 1285 5347; x_wconf 75' lang='lat' dir='ltr'><strong>nmm</strong></span> <span class='ocrx_word' id='word_1_701' title='bbox 1313 5307 1536 5347; x_wconf 79' lang='lat' dir='ltr'><strong>maneret</strong></span> <span class='ocrx_word' id='word_1_702' title='bbox 1567 5311 1630 5347; x_wconf 83' lang='lat' dir='ltr'><strong>ea:</strong></span> <span class='ocrx_word' id='word_1_703' title='bbox 1712 5296 1755 5347; x_wconf 85' lang='lat' dir='ltr'><strong>ei</strong></span> <span class='ocrx_word' id='word_1_704' title='bbox 1796 5300 1999 5347; x_wconf 80' lang='lat' dir='ltr'><strong>forma:</strong></span> <span class='ocrx_word' id='word_1_705' title='bbox 2040 5315 2143 5347; x_wconf 87' lang='lat' dir='ltr'><strong>mm</strong></span> <span class='ocrx_word' id='word_1_706' title='bbox 2178 5316 2291 5347; x_wconf 86' lang='lat' dir='ltr'><strong>am-</strong></span> 
     </span>
    </p>
   </div>
   <div class='ocr_carea' id='block_1_90' title="bbox 694 5296 2291 5366">
    <p class='ocr_par' dir='ltr' id='par_1_90' title="bbox 694 5296 2291 5366">
     <span class='ocr_line' id='line_1_93' title="bbox 694 5296 2291 5366; baseline -0.001 -11"><span class='ocrx_word' id='word_1_707' title='bbox 694 5319 779 5355; x_wconf 84' lang='lat' dir='ltr'><strong>nta</strong></span> <span class='ocrx_word' id='word_1_708' title='bbox 808 5302 937 5356; x_wconf 83' lang='lat' dir='ltr'><strong>servi</strong></span> <span class='ocrx_word' id='word_1_709' title='bbox 956 5342 971 5363; x_wconf 87' lang='lat'><strong>,</strong></span> <span class='ocrx_word' id='word_1_710' title='bbox 1004 5308 1051 5355; x_wconf 87' lang='lat' dir='ltr'><strong>et</strong></span> <span class='ocrx_word' id='word_1_711' title='bbox 1075 5314 1286 5355; x_wconf 70' lang='lat' dir='ltr'><strong>unum</strong></span> <span class='ocrx_word' id='word_1_712' title='bbox 1313 5307 1536 5350; x_wconf 82' lang='lat' dir='ltr'><strong>maneret</strong></span> <span class='ocrx_word' id='word_1_713' title='bbox 1567 5311 1630 5351; x_wconf 76' lang='lat' dir='ltr'><strong>ea;</strong></span> <span class='ocrx_word' id='word_1_714' title='bbox 1658 5296 1755 5348; x_wconf 85' lang='lat' dir='ltr'><strong>Dei</strong></span> <span class='ocrx_word' id='word_1_715' title='bbox 1795 5300 1999 5366; x_wconf 76' lang='lat' dir='ltr'><strong>forma;</strong></span> <span class='ocrx_word' id='word_1_716' title='bbox 2040 5315 2143 5353; x_wconf 89' lang='lat' dir='ltr'><strong>non</strong></span> <span class='ocrx_word' id='word_1_717' title='bbox 2178 5296 2291 5353; x_wconf 83' lang='lat' dir='ltr'><strong>am-</strong></span> 
     </span>
    </p>
   </div>
   <div class='ocr_carea' id='block_1_91' title="bbox 697 5372 2290 5444">
    <p class='ocr_par' dir='ltr' id='par_1_91' title="bbox 697 5372 2290 5444">
     <span class='ocr_line' id='line_1_94' title="bbox 697 5372 2290 5444; baseline -0.001 -18"><span class='ocrx_word' id='word_1_718' title='bbox 697 5375 905 5444; x_wconf 85' lang='lat' dir='ltr'><strong>biguum</strong></span> <span class='ocrx_word' id='word_1_719' title='bbox 935 5381 1062 5426; x_wconf 84' lang='lat' dir='ltr'><strong>esset</strong></span> <span class='ocrx_word' id='word_1_720' title='bbox 1088 5372 1141 5424; x_wconf 89' lang='lat' dir='ltr'><strong>in</strong></span> <span class='ocrx_word' id='word_1_721' title='bbox 1159 5386 1268 5444; x_wconf 72' lang='lat' dir='ltr'><strong>quo</strong></span> <span class='ocrx_word' id='word_1_722' title='bbox 1296 5376 1614 5444; x_wconf 79' lang='lat' dir='ltr'><strong>sacramento</strong></span> <span class='ocrx_word' id='word_1_723' title='bbox 1643 5378 1902 5444; x_wconf 64' lang='lat' dir='ltr'><strong>etpassus</strong></span> <span class='ocrx_word' id='word_1_724' title='bbox 1940 5380 2070 5444; x_wconf 75' lang='lat' dir='ltr'><strong>esset</strong></span> <span class='ocrx_word' id='word_1_725' title='bbox 2090 5410 2105 5435; x_wconf 93' lang='lat'><strong>,</strong></span> <span class='ocrx_word' id='word_1_726' title='bbox 2138 5381 2185 5424; x_wconf 91' lang='lat' dir='ltr'><strong>et</strong></span> <span class='ocrx_word' id='word_1_727' title='bbox 2216 5372 2290 5444; x_wconf 65' lang='lat' dir='ltr'><strong>ai-</strong></span> 
     </span>
    </p>
   </div>
   <div class='ocr_carea' id='block_1_92' title="bbox 696 5438 2290 5508">
    <p class='ocr_par' dir='ltr' id='par_1_92' title="bbox 696 5438 2290 5508">
     <span class='ocr_line' id='line_1_95' title="bbox 696 5438 2290 5508; baseline -0.001 -11"><span class='ocrx_word' id='word_1_728' title='bbox 696 5438 830 5499; x_wconf 62' lang='lat' dir='ltr'><strong>vei&#39;et</strong></span> <span class='ocrx_word' id='word_1_729' title='bbox 850 5460 869 5497; x_wconf 92' lang='lat'><strong><em>:</em></strong></span> <span class='ocrx_word' id='word_1_730' title='bbox 909 5451 962 5496; x_wconf 85' lang='lat' dir='ltr'><strong>ut</strong></span> <span class='ocrx_word' id='word_1_731' title='bbox 998 5457 1118 5496; x_wconf 89' lang='lat' dir='ltr'><strong>cum</strong></span> <span class='ocrx_word' id='word_1_732' title='bbox 1151 5438 1204 5494; x_wconf 83' lang='lat' dir='ltr'><strong>in</strong></span> <span class='ocrx_word' id='word_1_733' title='bbox 1248 5439 1421 5494; x_wconf 87' lang='lat' dir='ltr'><strong>eodem</strong></span> <span class='ocrx_word' id='word_1_734' title='bbox 1460 5448 1588 5494; x_wconf 81' lang='lat' dir='ltr'><strong>esset</strong></span> <span class='ocrx_word' id='word_1_735' title='bbox 1613 5448 1659 5492; x_wconf 89' lang='lat' dir='ltr'><strong>et</strong></span> <span class='ocrx_word' id='word_1_736' title='bbox 1688 5438 1961 5508; x_wconf 83' lang='lat' dir='ltr'><strong>inﬁrmitas</strong></span> <span class='ocrx_word' id='word_1_737' title='bbox 1989 5438 2059 5492; x_wconf 87' lang='lat' dir='ltr'><strong>ad</strong></span> <span class='ocrx_word' id='word_1_738' title='bbox 2088 5442 2290 5508; x_wconf 85' lang='lat' dir='ltr'><strong>passio-</strong></span> 
     </span>
    </p>
   </div>
   <div class='ocr_carea' id='block_1_93' title="bbox 693 5509 2289 5577">
    <p class='ocr_par' dir='ltr' id='par_1_93' title="bbox 693 5509 2289 5577">
     <span class='ocr_line' id='line_1_96' title="bbox 693 5509 2289 5577; baseline -0.001 -9"><span class='ocrx_word' id='word_1_739' title='bbox 693 5532 811 5570; x_wconf 84' lang='lat' dir='ltr'><strong>nem</strong></span> <span class='ocrx_word' id='word_1_740' title='bbox 830 5555 844 5577; x_wconf 88' lang='lat'><strong>,</strong></span> <span class='ocrx_word' id='word_1_741' title='bbox 875 5524 922 5568; x_wconf 89' lang='lat' dir='ltr'><strong>et</strong></span> <span class='ocrx_word' id='word_1_742' title='bbox 949 5513 1018 5566; x_wconf 82' lang='lat' dir='ltr'><strong>ad</strong></span> <span class='ocrx_word' id='word_1_743' title='bbox 1045 5514 1202 5567; x_wconf 79' lang='lat' dir='ltr'><strong>vitam</strong></span> <span class='ocrx_word' id='word_1_744' title='bbox 1228 5511 1323 5565; x_wconf 86' lang='lat' dir='ltr'><strong>Dei</strong></span> <span class='ocrx_word' id='word_1_745' title='bbox 1352 5525 1583 5572; x_wconf 63' lang='lat' dir='ltr'><strong>vm&#39;rtts:</strong></span> <span class='ocrx_word' id='word_1_746' title='bbox 1619 5526 1721 5564; x_wconf 91' lang='lat' dir='ltr'><strong>non</strong></span> <span class='ocrx_word' id='word_1_747' title='bbox 1760 5509 1897 5564; x_wconf 86' lang='lat' dir='ltr'><strong>alius</strong></span> <span class='ocrx_word' id='word_1_748' title='bbox 1932 5525 1993 5563; x_wconf 86' lang='lat' dir='ltr'><strong>ac</strong></span> <span class='ocrx_word' id='word_1_749' title='bbox 2033 5510 2228 5566; x_wconf 82' lang='lat' dir='ltr'><strong>divisus</strong></span> <span class='ocrx_word' id='word_1_750' title='bbox 2255 5529 2289 5566; x_wconf 94' lang='lat' dir='ltr'><strong>a</strong></span> 
     </span>
    </p>
   </div>
   <div class='ocr_carea' id='block_1_94' title="bbox 689 5580 2285 5653">
    <p class='ocr_par' dir='ltr' id='par_1_94' title="bbox 689 5580 2285 5653">
     <span class='ocr_line' id='line_1_97' title="bbox 689 5580 2285 5653; baseline -0.003 -11"><span class='ocrx_word' id='word_1_751' title='bbox 689 5604 745 5642; x_wconf 92' lang='lat' dir='ltr'><strong>se</strong></span> <span class='ocrx_word' id='word_1_752' title='bbox 773 5596 898 5642; x_wconf 86' lang='lat' dir='ltr'><strong>esset</strong></span> <span class='ocrx_word' id='word_1_753' title='bbox 918 5624 934 5648; x_wconf 88' lang='lat'><strong>,</strong></span> <span class='ocrx_word' id='word_1_754' title='bbox 962 5585 1049 5653; x_wconf 85' lang='lat' dir='ltr'><strong>qui</strong></span> <span class='ocrx_word' id='word_1_755' title='bbox 1076 5592 1126 5639; x_wconf 88' lang='lat' dir='ltr'><strong>et</strong></span> <span class='ocrx_word' id='word_1_756' title='bbox 1155 5593 1429 5652; x_wconf 86' lang='lat' dir='ltr'><strong>pateretur,</strong></span> <span class='ocrx_word' id='word_1_757' title='bbox 1463 5592 1509 5653; x_wconf 77' lang='lat' dir='ltr'><strong>et</strong></span> <span class='ocrx_word' id='word_1_758' title='bbox 1536 5584 1743 5653; x_wconf 78' lang='lat' dir='ltr'><strong>uiueret.</strong></span> <span class='ocrx_word' id='word_1_759' title='bbox 1776 5580 1894 5646; x_wconf 84' lang='lat' dir='ltr'><strong>Quo</strong></span> <span class='ocrx_word' id='word_1_760' title='bbox 1921 5596 1987 5636; x_wconf 86' lang='lat' dir='ltr'><strong>ex</strong></span> <span class='ocrx_word' id='word_1_761' title='bbox 2021 5581 2139 5653; x_wconf 85' lang='lat' dir='ltr'><strong>loco</strong></span> <span class='ocrx_word' id='word_1_762' title='bbox 2167 5582 2285 5637; x_wconf 80' lang='lat' dir='ltr'><strong>efﬁ-</strong></span> 
     </span>
    </p>
   </div>
   <div class='ocr_carea' id='block_1_95' title="bbox 694 5651 2284 5724">
    <p class='ocr_par' dir='ltr' id='par_1_95' title="bbox 694 5651 2284 5724">
     <span class='ocr_line' id='line_1_98' title="bbox 694 5651 2284 5724; baseline -0.002 -12"><span class='ocrx_word' id='word_1_763' title='bbox 694 5658 864 5712; x_wconf 86' lang='lat' dir='ltr'><strong>citur;</strong></span> <span class='ocrx_word' id='word_1_764' title='bbox 894 5656 949 5711; x_wconf 88' lang='grc'><strong>1⁰</strong></span> <span class='ocrx_word' id='word_1_765' title='bbox 975 5651 1229 5710; x_wconf 80' lang='lat' dir='ltr'><strong>virtutem</strong></span> <span class='ocrx_word' id='word_1_766' title='bbox 1253 5669 1376 5724; x_wconf 65' lang='lat' dir='ltr'><strong>qua:</strong></span> <span class='ocrx_word' id='word_1_767' title='bbox 1403 5655 1455 5707; x_wconf 91' lang='lat' dir='ltr'><strong>in</strong></span> <span class='ocrx_word' id='word_1_768' title='bbox 1481 5651 1683 5724; x_wconf 83' lang='lat' dir='ltr'><strong>Christi</strong></span> <span class='ocrx_word' id='word_1_769' title='bbox 1708 5667 1940 5724; x_wconf 79' lang='lat' dir='ltr'><strong>corpore</strong></span> <span class='ocrx_word' id='word_1_770' title='bbox 1968 5651 2061 5706; x_wconf 77' lang='lat' dir='ltr'><strong>fuit</strong></span> <span class='ocrx_word' id='word_1_771' title='bbox 2081 5692 2098 5718; x_wconf 92' lang='lat'><strong>,</strong></span> <span class='ocrx_word' id='word_1_772' title='bbox 2128 5654 2284 5709; x_wconf 88' lang='lat' dir='ltr'><strong>intel-</strong></span> 
     </span>
    </p>
   </div>
   <div class='ocr_carea' id='block_1_96' title="bbox 695 5722 2284 5798">
    <p class='ocr_par' dir='ltr' id='par_1_96' title="bbox 695 5722 2284 5798">
     <span class='ocr_line' id='line_1_99' title="bbox 695 5722 2284 5798; baseline 0.001 -17"><span class='ocrx_word' id='word_1_773' title='bbox 695 5726 964 5798; x_wconf 85' lang='lat' dir='ltr'><strong>ligendam</strong></span> <span class='ocrx_word' id='word_1_774' title='bbox 993 5740 1114 5781; x_wconf 89' lang='lat' dir='ltr'><strong>esse</strong></span> <span class='ocrx_word' id='word_1_775' title='bbox 1139 5722 1473 5798; x_wconf 59' lang='lat' dir='ltr'><strong>divinitatem</strong></span> <span class='ocrx_word' id='word_1_776' title='bbox 1494 5767 1509 5791; x_wconf 89' lang='lat'><strong>,</strong></span> <span class='ocrx_word' id='word_1_777' title='bbox 1540 5722 1684 5794; x_wconf 92' lang='lat' dir='ltr'><strong>quod</strong></span> <span class='ocrx_word' id='word_1_778' title='bbox 1708 5722 1819 5793; x_wconf 87' lang='lat' dir='ltr'><strong>jam</strong></span> <span class='ocrx_word' id='word_1_779' title='bbox 1847 5737 2184 5798; x_wconf 64' lang='lat' dir='ltr'><strong>supr-anum.</strong></span> <span class='ocrx_word' id='word_1_780' title='bbox 2211 5725 2284 5782; x_wconf 76' lang='lat'><strong>25</strong></span> 
     </span>
    </p>
   </div>
   <div class='ocr_carea' id='block_1_97' title="bbox 694 5791 2278 5864">
    <p class='ocr_par' dir='ltr' id='par_1_97' title="bbox 694 5791 2278 5864">
     <span class='ocr_line' id='line_1_100' title="bbox 694 5791 2278 5864; baseline -0.001 -11"><span class='ocrx_word' id='word_1_781' title='bbox 694 5791 1035 5855; x_wconf 79' lang='lat' dir='ltr'><strong>observatum</strong></span> <span class='ocrx_word' id='word_1_782' title='bbox 1066 5803 1181 5861; x_wconf 89' lang='lat' dir='ltr'><strong>est;</strong></span> <span class='ocrx_word' id='word_1_783' title='bbox 1222 5792 1281 5848; x_wconf 78' lang='lat'><strong>2°</strong></span> <span class='ocrx_word' id='word_1_784' title='bbox 1307 5791 1580 5850; x_wconf 85' lang='lat' dir='ltr'><strong>Christum</strong></span> <span class='ocrx_word' id='word_1_785' title='bbox 1608 5791 1757 5850; x_wconf 84' lang='lat' dir='ltr'><strong>recte</strong></span> <span class='ocrx_word' id='word_1_786' title='bbox 1787 5791 1967 5864; x_wconf 76' lang='lat' dir='ltr'><strong>negari</strong></span> <span class='ocrx_word' id='word_1_787' title='bbox 2007 5792 2098 5852; x_wconf 88' lang='lat' dir='ltr'><strong>hic</strong></span> <span class='ocrx_word' id='word_1_788' title='bbox 2126 5805 2278 5851; x_wconf 80' lang='lat' dir='ltr'><strong>natu-</strong></span> 
     </span>
    </p>
   </div>
   <div class='ocr_carea' id='block_1_98' title="bbox 2448 3333 3360 3409">
    <p class='ocr_par' dir='ltr' id='par_1_98' title="bbox 2448 3333 3360 3409">
     <span class='ocr_line' id='line_1_101' title="bbox 2448 3333 3360 3409; baseline 0.004 -19"><span class='ocrx_word' id='word_1_789' title='bbox 2448 3333 2535 3408; x_wconf 65' lang='grc'><strong>(5),</strong></span> <span class='ocrx_word' id='word_1_790' title='bbox 2558 3335 2701 3391; x_wconf 69' lang='lat' dir='ltr'><strong>Emit.</strong></span> <span class='ocrx_word' id='word_1_791' title='bbox 2734 3334 2969 3405; x_wconf 88' lang='lat' dir='ltr'><strong>Deinde,</strong></span> <span class='ocrx_word' id='word_1_792' title='bbox 3003 3353 3105 3409; x_wconf 86' lang='lat' dir='ltr'><strong>quo</strong></span> <span class='ocrx_word' id='word_1_793' title='bbox 3133 3344 3360 3394; x_wconf 78' lang='lat' dir='ltr'><strong>curetur.</strong></span> 
     </span>
    </p>
   </div>
   <div class='ocr_carea' id='block_1_99' title="bbox 2373 3514 3986 3584">
    <p class='ocr_par' dir='ltr' id='par_1_99' title="bbox 2373 3514 3986 3584">
     <span class='ocr_line' id='line_1_102' title="bbox 2373 3514 3986 3584; baseline 0.002 -15"><span class='ocrx_word' id='word_1_794' title='bbox 2373 3515 2551 3570; x_wconf 86' lang='lat' dir='ltr'><strong>raliter</strong></span> <span class='ocrx_word' id='word_1_795' title='bbox 2579 3515 2848 3573; x_wconf 89' lang='lat' dir='ltr'><strong>inﬁrmum</strong></span> <span class='ocrx_word' id='word_1_796' title='bbox 2872 3559 2886 3584; x_wconf 92' lang='lat'><strong>,</strong></span> <span class='ocrx_word' id='word_1_797' title='bbox 2917 3532 3039 3572; x_wconf 89' lang='lat' dir='ltr'><strong>cum</strong></span> <span class='ocrx_word' id='word_1_798' title='bbox 3071 3516 3317 3573; x_wconf 89' lang='lat' dir='ltr'><strong>inﬁrmus</strong></span> <span class='ocrx_word' id='word_1_799' title='bbox 3346 3517 3417 3572; x_wconf 89' lang='lat' dir='ltr'><strong>sit</strong></span> <span class='ocrx_word' id='word_1_800' title='bbox 3447 3524 3651 3573; x_wconf 88' lang='lat' dir='ltr'><strong>tantum</strong></span> <span class='ocrx_word' id='word_1_801' title='bbox 3683 3524 3742 3573; x_wconf 89' lang='lat' dir='ltr'><strong>ut</strong></span> <span class='ocrx_word' id='word_1_802' title='bbox 3782 3514 3986 3584; x_wconf 87' lang='lat' dir='ltr'><strong>homo,</strong></span> 
     </span>
    </p>
   </div>
   <div class='ocr_carea' id='block_1_100' title="bbox 2375 3588 3988 3658">
    <p class='ocr_par' dir='ltr' id='par_1_100' title="bbox 2375 3588 3988 3658">
     <span class='ocr_line' id='line_1_103' title="bbox 2375 3588 3988 3658; baseline 0.001 -16"><span class='ocrx_word' id='word_1_803' title='bbox 2375 3602 2550 3658; x_wconf 86' lang='lat' dir='ltr'><strong>neque</strong></span> <span class='ocrx_word' id='word_1_804' title='bbox 2578 3588 2778 3643; x_wconf 89' lang='lat' dir='ltr'><strong>Hilario</strong></span> <span class='ocrx_word' id='word_1_805' title='bbox 2804 3605 2868 3644; x_wconf 84' lang='lat' dir='ltr'><strong>ex</strong></span> <span class='ocrx_word' id='word_1_806' title='bbox 2896 3599 3085 3644; x_wconf 91' lang='lat' dir='ltr'><strong>natura</strong></span> <span class='ocrx_word' id='word_1_807' title='bbox 3113 3590 3183 3643; x_wconf 93' lang='lat' dir='ltr'><strong>sit</strong></span> <span class='ocrx_word' id='word_1_808' title='bbox 3211 3590 3395 3657; x_wconf 90' lang='lat' dir='ltr'><strong>homo,</strong></span> <span class='ocrx_word' id='word_1_809' title='bbox 3425 3590 3518 3644; x_wconf 86' lang='lat' dir='ltr'><strong>sed</strong></span> <span class='ocrx_word' id='word_1_810' title='bbox 3540 3590 3702 3657; x_wconf 86' lang='lat' dir='ltr'><strong>Deus,</strong></span> <span class='ocrx_word' id='word_1_811' title='bbox 3727 3591 3799 3643; x_wconf 91' lang='lat' dir='ltr'><strong>uti</strong></span> <span class='ocrx_word' id='word_1_812' title='bbox 3822 3590 3988 3643; x_wconf 88' lang='lat' dir='ltr'><strong>etiam</strong></span> 
     </span>
    </p>
   </div>
   <div class='ocr_carea' id='block_1_101' title="bbox 2375 3658 3990 3730">
    <p class='ocr_par' dir='ltr' id='par_1_101' title="bbox 2375 3658 3990 3730">
     <span class='ocr_line' id='line_1_104' title="bbox 2375 3658 3990 3730; baseline 0.003 -19"><span class='ocrx_word' id='word_1_813' title='bbox 2375 3674 2430 3730; x_wconf 81' lang='grc' dir='ltr'>ιι.</span> <span class='ocrx_word' id='word_1_814' title='bbox 2451 3658 2524 3713; x_wconf 72' lang='grc'><strong>22</strong></span> <span class='ocrx_word' id='word_1_815' title='bbox 2544 3662 2921 3716; x_wconf 86' lang='lat' dir='ltr'><strong>annotavimus</strong></span> <span class='ocrx_word' id='word_1_816' title='bbox 2942 3678 2956 3725; x_wconf 91' lang='lat'><strong>;</strong></span> <span class='ocrx_word' id='word_1_817' title='bbox 2981 3659 3039 3716; x_wconf 78' lang='lat'><strong>5&#39;</strong></span> <span class='ocrx_word' id='word_1_818' title='bbox 3065 3677 3167 3713; x_wconf 88' lang='lat' dir='ltr'><strong>non</strong></span> <span class='ocrx_word' id='word_1_819' title='bbox 3189 3658 3392 3716; x_wconf 89' lang='lat' dir='ltr'><strong>Christi</strong></span> <span class='ocrx_word' id='word_1_820' title='bbox 3415 3663 3658 3730; x_wconf 84' lang='lat' dir='ltr'><strong>corpori.</strong></span> <span class='ocrx_word' id='word_1_821' title='bbox 3684 3661 3780 3715; x_wconf 86' lang='lat' dir='ltr'><strong>sed</strong></span> <span class='ocrx_word' id='word_1_822' title='bbox 3808 3660 3990 3716; x_wconf 83' lang='lat' dir='ltr'><strong>Verbo</strong></span> 
     </span>
    </p>
   </div>
   <div class='ocr_carea' id='block_1_102' title="bbox 2376 3729 3986 3799">
    <p class='ocr_par' dir='ltr' id='par_1_102' title="bbox 2376 3729 3986 3799">
     <span class='ocr_line' id='line_1_105' title="bbox 2376 3729 3986 3799; baseline 0.001 -15"><span class='ocrx_word' id='word_1_823' title='bbox 2376 3729 2429 3784; x_wconf 87' lang='lat' dir='ltr'><strong>in</strong></span> <span class='ocrx_word' id='word_1_824' title='bbox 2453 3745 2682 3799; x_wconf 89' lang='lat' dir='ltr'><strong>corpore</strong></span> <span class='ocrx_word' id='word_1_825' title='bbox 2705 3734 2938 3786; x_wconf 88' lang='lat' dir='ltr'><strong>manenti</strong></span> <span class='ocrx_word' id='word_1_826' title='bbox 2965 3732 3050 3786; x_wconf 89' lang='lat' dir='ltr'><strong>hic</strong></span> <span class='ocrx_word' id='word_1_827' title='bbox 3066 3731 3299 3787; x_wconf 88' lang='lat' dir='ltr'><strong>adscribi</strong></span> <span class='ocrx_word' id='word_1_828' title='bbox 3326 3729 3624 3789; x_wconf 88' lang='lat' dir='ltr'><strong>naturalem</strong></span> <span class='ocrx_word' id='word_1_829' title='bbox 3645 3733 3986 3789; x_wconf 84' lang='lat' dir='ltr'><strong>edendorum</strong></span> 
     </span>
    </p>
   </div>
   <div class='ocr_carea' id='block_1_103' title="bbox 2377 3800 3989 3874">
    <p class='ocr_par' dir='ltr' id='par_1_103' title="bbox 2377 3800 3989 3874">
     <span class='ocr_line' id='line_1_106' title="bbox 2377 3800 3989 3874; baseline 0.002 -18"><span class='ocrx_word' id='word_1_830' title='bbox 2377 3800 2763 3858; x_wconf 90' lang='lat' dir='ltr'><strong>miraculorum</strong></span> <span class='ocrx_word' id='word_1_831' title='bbox 2786 3803 3036 3874; x_wconf 71' lang='lat' dir='ltr'><strong>virtutem</strong></span> <span class='ocrx_word' id='word_1_832' title='bbox 3059 3845 3073 3868; x_wconf 94' lang='lat'><strong>,</strong></span> <span class='ocrx_word' id='word_1_833' title='bbox 3108 3803 3249 3858; x_wconf 89' lang='lat' dir='ltr'><strong>unde</strong></span> <span class='ocrx_word' id='word_1_834' title='bbox 3277 3803 3629 3858; x_wconf 88' lang='lat' dir='ltr'><strong>conﬁrmatur</strong></span> <span class='ocrx_word' id='word_1_835' title='bbox 3655 3802 3799 3874; x_wconf 88' lang='lat' dir='ltr'><strong>quod</strong></span> <span class='ocrx_word' id='word_1_836' title='bbox 3830 3820 3886 3858; x_wconf 88' lang='grc' dir='ltr'>ιι.</span> <span class='ocrx_word' id='word_1_837' title='bbox 3912 3803 3989 3874; x_wconf 71' lang='grc'><strong>25</strong></span> 
     </span>
    </p>
   </div>
   <div class='ocr_carea' id='block_1_104' title="bbox 2378 3873 3990 3954">
    <p class='ocr_par' dir='ltr' id='par_1_104' title="bbox 2378 3873 3990 3954">
     <span class='ocr_line' id='line_1_107' title="bbox 2378 3873 3990 3954; baseline 0.002 -28"><span class='ocrx_word' id='word_1_838' title='bbox 2378 3874 2662 3954; x_wconf 67' lang='lat' dir='ltr'><strong>probatum</strong></span> <span class='ocrx_word' id='word_1_839' title='bbox 2687 3884 2770 3929; x_wconf 92' lang='lat' dir='ltr'><strong>est</strong></span> <span class='ocrx_word' id='word_1_840' title='bbox 2787 3875 2883 3954; x_wconf 71' lang='lat'><strong>;_4°</strong></span> <span class='ocrx_word' id='word_1_841' title='bbox 2902 3873 3185 3954; x_wconf 69' lang='lat' dir='ltr'><strong>_C_hristun_r</strong></span> <span class='ocrx_word' id='word_1_842' title='bbox 3202 3874 3518 3954; x_wconf 79' lang='lat' dir='ltr'><strong>naturaliter</strong></span> <span class='ocrx_word' id='word_1_843' title='bbox 3535 3885 3590 3932; x_wconf 86' lang='lat' dir='ltr'><strong>et</strong></span> <span class='ocrx_word' id='word_1_844' title='bbox 3610 3873 3681 3954; x_wconf 62' lang='lat' dir='ltr'><strong>es</strong></span> <span class='ocrx_word' id='word_1_845' title='bbox 3698 3874 3868 3954; x_wconf 75' lang='lat' dir='ltr'><strong>forma</strong></span> <span class='ocrx_word' id='word_1_846' title='bbox 3890 3873 3990 3930; x_wconf 90' lang='lat' dir='ltr'><strong>Dei</strong></span> 
     </span>
    </p>
   </div>
   <div class='ocr_carea' id='block_1_105' title="bbox 2380 3944 3993 4016">
    <p class='ocr_par' dir='ltr' id='par_1_105' title="bbox 2380 3944 3993 4016">
     <span class='ocr_line' id='line_1_108' title="bbox 2380 3944 3993 4016; baseline 0.001 -19"><span class='ocrx_word' id='word_1_847' title='bbox 2380 3944 2653 4016; x_wconf 83' lang='lat' dir='ltr'><strong>inﬁrmum</strong></span> <span class='ocrx_word' id='word_1_848' title='bbox 2678 3961 2785 4000; x_wconf 90' lang='lat' dir='ltr'><strong>non</strong></span> <span class='ocrx_word' id='word_1_849' title='bbox 2798 3945 2882 4016; x_wconf 84' lang='lat' dir='ltr'><strong>ita</strong></span> <span class='ocrx_word' id='word_1_850' title='bbox 2905 3945 2992 4001; x_wconf 88' lang='lat' dir='ltr'><strong>hic</strong></span> <span class='ocrx_word' id='word_1_851' title='bbox 3012 3947 3080 3999; x_wconf 85' lang='lat' dir='ltr'><strong>ab</strong></span> <span class='ocrx_word' id='word_1_852' title='bbox 3105 3945 3307 4001; x_wconf 90' lang='lat' dir='ltr'><strong>Hilario</strong></span> <span class='ocrx_word' id='word_1_853' title='bbox 3331 3948 3539 4014; x_wconf 86' lang='lat' dir='ltr'><strong>negari,</strong></span> <span class='ocrx_word' id='word_1_854' title='bbox 3564 3950 3655 4016; x_wconf 90' lang='lat' dir='ltr'><strong>qui</strong></span> <span class='ocrx_word' id='word_1_855' title='bbox 3677 3961 3744 4001; x_wconf 84' lang='lat' dir='ltr'><strong>ex</strong></span> <span class='ocrx_word' id='word_1_856' title='bbox 3768 3947 3993 4016; x_wconf 86' lang='lat' dir='ltr'><strong>dispen-</strong></span> 
     </span>
    </p>
   </div>
   <div class='ocr_carea' id='block_1_106' title="bbox 2382 4015 3993 4073">
    <p class='ocr_par' dir='ltr' id='par_1_106' title="bbox 2382 4015 3993 4073">
     <span class='ocr_line' id='line_1_109' title="bbox 2382 4015 3993 4073; baseline 0.002 -5"><span class='ocrx_word' id='word_1_857' title='bbox 2382 4015 2593 4070; x_wconf 88' lang='lat' dir='ltr'><strong>satione</strong></span> <span class='ocrx_word' id='word_1_858' title='bbox 2618 4028 2666 4071; x_wconf 91' lang='lat' dir='ltr'><strong>et</strong></span> <span class='ocrx_word' id='word_1_859' title='bbox 2696 4032 2761 4071; x_wconf 79' lang='lat' dir='ltr'><strong>ex</strong></span> <span class='ocrx_word' id='word_1_860' title='bbox 2789 4015 2959 4071; x_wconf 86' lang='lat' dir='ltr'><strong>forma</strong></span> <span class='ocrx_word' id='word_1_861' title='bbox 2981 4018 3122 4071; x_wconf 84' lang='lat' dir='ltr'><strong>servi</strong></span> <span class='ocrx_word' id='word_1_862' title='bbox 3148 4017 3395 4072; x_wconf 89' lang='lat' dir='ltr'><strong>eumdem</strong></span> <span class='ocrx_word' id='word_1_863' title='bbox 3424 4018 3695 4073; x_wconf 91' lang='lat' dir='ltr'><strong>inﬁrmum</strong></span> <span class='ocrx_word' id='word_1_864' title='bbox 3720 4027 3776 4073; x_wconf 90' lang='lat' dir='ltr'><strong>et</strong></span> <span class='ocrx_word' id='word_1_865' title='bbox 3799 4015 3993 4072; x_wconf 87' lang='lat' dir='ltr'><strong>credat</strong></span> 
     </span>
    </p>
   </div>
   <div class='ocr_carea' id='block_1_107' title="bbox 2382 4086 3990 4158">
    <p class='ocr_par' dir='ltr' id='par_1_107' title="bbox 2382 4086 3990 4158">
     <span class='ocr_line' id='line_1_110' title="bbox 2382 4086 3990 4158; baseline 0.001 -20"><span class='ocrx_word' id='word_1_866' title='bbox 2382 4097 2435 4158; x_wconf 87' lang='lat' dir='ltr'><strong>et</strong></span> <span class='ocrx_word' id='word_1_867' title='bbox 2464 4087 2739 4156; x_wconf 66' lang='lat' dir='ltr'><strong>praedicet.</strong></span> <span class='ocrx_word' id='word_1_868' title='bbox 2769 4087 2879 4143; x_wconf 84' lang='lat' dir='ltr'><strong>Nec</strong></span> <span class='ocrx_word' id='word_1_869' title='bbox 2908 4103 3128 4143; x_wconf 85' lang='lat' dir='ltr'><strong>morere</strong></span> <span class='ocrx_word' id='word_1_870' title='bbox 3154 4087 3317 4143; x_wconf 84' lang='lat' dir='ltr'><strong>debet</strong></span> <span class='ocrx_word' id='word_1_871' title='bbox 3340 4087 3484 4157; x_wconf 85' lang='lat' dir='ltr'><strong>quod</strong></span> <span class='ocrx_word' id='word_1_872' title='bbox 3514 4090 3589 4143; x_wconf 90' lang='lat' dir='ltr'><strong>ait</strong></span> <span class='ocrx_word' id='word_1_873' title='bbox 3616 4104 3778 4158; x_wconf 81' lang='lat' dir='ltr'><strong>supra</strong></span> <span class='ocrx_word' id='word_1_874' title='bbox 3797 4130 3815 4155; x_wconf 90' lang='lat'><strong>,</strong></span> <span class='ocrx_word' id='word_1_875' title='bbox 3845 4086 3990 4141; x_wconf 88' lang='lat' dir='ltr'><strong>Pro-</strong></span> 
     </span>
    </p>
   </div>
   <div class='ocr_carea' id='block_1_108' title="bbox 2383 4157 3993 4230">
    <p class='ocr_par' dir='ltr' id='par_1_108' title="bbox 2383 4157 3993 4230">
     <span class='ocr_line' id='line_1_111' title="bbox 2383 4157 3993 4230; baseline 0.003 -20"><span class='ocrx_word' id='word_1_876' title='bbox 2383 4157 2574 4213; x_wconf 86' lang='lat' dir='ltr'><strong>ducens</strong></span> <span class='ocrx_word' id='word_1_877' title='bbox 2604 4158 2714 4213; x_wconf 74' lang='lat' dir='ltr'><strong>haec</strong></span> <span class='ocrx_word' id='word_1_878' title='bbox 2743 4175 2864 4230; x_wconf 88' lang='lat' dir='ltr'><strong>ergo</strong></span> <span class='ocrx_word' id='word_1_879' title='bbox 2889 4175 3066 4213; x_wconf 87' lang='lat' dir='ltr'><strong>aurem</strong></span> <span class='ocrx_word' id='word_1_880' title='bbox 3091 4176 3276 4215; x_wconf 86' lang='lat' dir='ltr'><strong>manus</strong></span> <span class='ocrx_word' id='word_1_881' title='bbox 3303 4161 3505 4216; x_wconf 82' lang='lat' dir='ltr'><strong>clavum</strong></span> <span class='ocrx_word' id='word_1_882' title='bbox 3530 4162 3709 4216; x_wconf 81' lang='lat' dir='ltr'><strong>dolet?</strong></span> <span class='ocrx_word' id='word_1_883' title='bbox 3734 4159 3993 4227; x_wconf 77' lang='lat' dir='ltr'><strong>Figurate</strong></span> 
     </span>
    </p>
   </div>
   <div class='ocr_carea' id='block_1_109' title="bbox 2385 4230 3989 4304">
    <p class='ocr_par' dir='ltr' id='par_1_109' title="bbox 2385 4230 3989 4304">
     <span class='ocr_line' id='line_1_112' title="bbox 2385 4230 3989 4304; baseline 0.002 -21"><span class='ocrx_word' id='word_1_884' title='bbox 2385 4230 2533 4304; x_wconf 85' lang='lat' dir='ltr'><strong>enim</strong></span> <span class='ocrx_word' id='word_1_885' title='bbox 2572 4247 2755 4304; x_wconf 80' lang='lat' dir='ltr'><strong>manus</strong></span> <span class='ocrx_word' id='word_1_886' title='bbox 2794 4231 3025 4304; x_wconf 86' lang='lat' dir='ltr'><strong>sumitur</strong></span> <span class='ocrx_word' id='word_1_887' title='bbox 3064 4246 3161 4302; x_wconf 91' lang='lat' dir='ltr'><strong>pro</strong></span> <span class='ocrx_word' id='word_1_888' title='bbox 3203 4231 3385 4304; x_wconf 79' lang='lat' dir='ltr'><strong>Verbo</strong></span> <span class='ocrx_word' id='word_1_889' title='bbox 3431 4232 3585 4304; x_wconf 88' lang='lat' dir='ltr'><strong>cujus</strong></span> <span class='ocrx_word' id='word_1_890' title='bbox 3629 4243 3715 4289; x_wconf 87' lang='lat' dir='ltr'><strong>est</strong></span> <span class='ocrx_word' id='word_1_891' title='bbox 3753 4247 3989 4297; x_wconf 88' lang='lat' dir='ltr'><strong>manus,</strong></span> 
     </span>
    </p>
   </div>
   <div class='ocr_carea' id='block_1_110' title="bbox 2385 4301 3991 4375">
    <p class='ocr_par' dir='ltr' id='par_1_110' title="bbox 2385 4301 3991 4375">
     <span class='ocr_line' id='line_1_113' title="bbox 2385 4301 3991 4375; baseline 0.003 -21"><span class='ocrx_word' id='word_1_892' title='bbox 2385 4302 2537 4368; x_wconf 90' lang='lat' dir='ltr'><strong>quasi</strong></span> <span class='ocrx_word' id='word_1_893' title='bbox 2565 4301 2858 4375; x_wconf 82' lang='lat' dir='ltr'><strong>diceretur.</strong></span> <span class='ocrx_word' id='word_1_894' title='bbox 2890 4301 2974 4357; x_wconf 79' lang='lat' dir='ltr'><strong>An</strong></span> <span class='ocrx_word' id='word_1_895' title='bbox 3004 4301 3077 4358; x_wconf 71' lang='lat' dir='ltr'><strong>ex</strong></span> <span class='ocrx_word' id='word_1_896' title='bbox 3098 4318 3263 4375; x_wconf 87' lang='lat' dir='ltr'><strong>manu</strong></span> <span class='ocrx_word' id='word_1_897' title='bbox 3299 4303 3424 4358; x_wconf 77' lang='lat' dir='ltr'><strong>ltesa</strong></span> <span class='ocrx_word' id='word_1_898' title='bbox 3456 4301 3640 4373; x_wconf 81' lang='lat' dir='ltr'><strong>dolet,</strong></span> <span class='ocrx_word' id='word_1_899' title='bbox 3674 4305 3765 4375; x_wconf 88' lang='lat' dir='ltr'><strong>qui</strong></span> <span class='ocrx_word' id='word_1_900' title='bbox 3795 4305 3991 4359; x_wconf 88' lang='lat' dir='ltr'><strong>eadem</strong></span> 
     </span>
    </p>
   </div>
   <div class='ocr_carea' id='block_1_111' title="bbox 2386 4373 3586 4444">
    <p class='ocr_par' dir='ltr' id='par_1_111' title="bbox 2386 4373 3586 4444">
     <span class='ocr_line' id='line_1_114' title="bbox 2386 4373 3586 4444; baseline 0.003 -18"><span class='ocrx_word' id='word_1_901' title='bbox 2386 4386 2547 4427; x_wconf 88' lang='lat' dir='ltr'><strong>manu</strong></span> <span class='ocrx_word' id='word_1_902' title='bbox 2577 4373 2815 4430; x_wconf 78' lang='lat' dir='ltr'><strong>excisam</strong></span> <span class='ocrx_word' id='word_1_903' title='bbox 2845 4389 3032 4429; x_wconf 89' lang='lat' dir='ltr'><strong>aurem</strong></span> <span class='ocrx_word' id='word_1_904' title='bbox 3062 4374 3350 4431; x_wconf 88' lang='lat' dir='ltr'><strong>restituere</strong></span> <span class='ocrx_word' id='word_1_905' title='bbox 3379 4375 3586 4444; x_wconf 85' lang='lat' dir='ltr'><strong>potuit?</strong></span> 
     </span>
    </p>
   </div>
   <div class='ocr_carea' id='block_1_112' title="bbox 2457 4470 3992 4543">
    <p class='ocr_par' dir='ltr' id='par_1_112' title="bbox 2457 4470 3992 4543">
     <span class='ocr_line' id='line_1_115' title="bbox 2457 4470 3992 4543; baseline -0.001 -12"><span class='ocrx_word' id='word_1_906' title='bbox 2457 4470 2547 4543; x_wconf 20' lang='lat' dir='ltr'><strong>(g),</strong></span> <span class='ocrx_word' id='word_1_907' title='bbox 2575 4472 2727 4530; x_wconf 88' lang='lat' dir='ltr'><strong>Unus</strong></span> <span class='ocrx_word' id='word_1_908' title='bbox 2766 4473 2935 4530; x_wconf 81' lang='lat' dir='ltr'><strong>codex</strong></span> <span class='ocrx_word' id='word_1_909' title='bbox 2974 4474 3208 4530; x_wconf 89' lang='lat' dir='ltr'><strong>Sorbon.</strong></span> <span class='ocrx_word' id='word_1_910' title='bbox 3254 4483 3308 4530; x_wconf 90' lang='lat' dir='ltr'><strong>et</strong></span> <span class='ocrx_word' id='word_1_911' title='bbox 3345 4474 3485 4531; x_wconf 87' lang='lat' dir='ltr'><strong>alter</strong></span> <span class='ocrx_word' id='word_1_912' title='bbox 3523 4472 3677 4531; x_wconf 88' lang='lat' dir='ltr'><strong>Colb.</strong></span> <span class='ocrx_word' id='word_1_913' title='bbox 3708 4476 3753 4532; x_wconf 90' lang='lat' dir='ltr'><strong>si</strong></span> <span class='ocrx_word' id='word_1_914' title='bbox 3781 4477 3992 4542; x_wconf 82' lang='lat' dir='ltr'><strong>omnia,</strong></span> 
     </span>
    </p>
   </div>
   <div class='ocr_carea' id='block_1_113' title="bbox 2386 4542 3997 4617">
    <p class='ocr_par' dir='ltr' id='par_1_113' title="bbox 2386 4542 3997 4617">
     <span class='ocr_line' id='line_1_116' title="bbox 2386 4542 3997 4617; baseline 0.005 -21"><span class='ocrx_word' id='word_1_915' title='bbox 2386 4542 2491 4617; x_wconf 79' lang='lat' dir='ltr'><strong>etc.</strong></span> <span class='ocrx_word' id='word_1_916' title='bbox 2521 4542 2898 4617; x_wconf 85' lang='lat' dir='ltr'><strong>Carnutensis,</strong></span> <span class='ocrx_word' id='word_1_917' title='bbox 2924 4546 2969 4599; x_wconf 88' lang='lat' dir='ltr'><strong>si</strong></span> <span class='ocrx_word' id='word_1_918' title='bbox 2997 4546 3236 4617; x_wconf 78' lang='lat' dir='ltr'><strong>possibile</strong></span> <span class='ocrx_word' id='word_1_919' title='bbox 3259 4556 3353 4606; x_wconf 90' lang='lat' dir='ltr'><strong>est.</strong></span> <span class='ocrx_word' id='word_1_920' title='bbox 3384 4550 3608 4617; x_wconf 76' lang='lat' dir='ltr'><strong>transfer</strong></span> <span class='ocrx_word' id='word_1_921' title='bbox 3626 4564 3660 4603; x_wconf 90' lang='lat' dir='ltr'><strong>a</strong></span> <span class='ocrx_word' id='word_1_922' title='bbox 3680 4565 3760 4603; x_wconf 86' lang='lat' dir='ltr'><strong>me</strong></span> <span class='ocrx_word' id='word_1_923' title='bbox 3778 4550 3997 4604; x_wconf 83' lang='lat' dir='ltr'><strong>calicem</strong></span> 
     </span>
    </p>
   </div>
   <div class='ocr_carea' id='block_1_114' title="bbox 2384 4614 3996 4689">
    <p class='ocr_par' dir='ltr' id='par_1_114' title="bbox 2384 4614 3996 4689">
     <span class='ocr_line' id='line_1_117' title="bbox 2384 4614 3996 4689; baseline 0.005 -23"><span class='ocrx_word' id='word_1_924' title='bbox 2384 4614 2562 4689; x_wconf 65' lang='lat' dir='ltr'><strong>istum.</strong></span> <span class='ocrx_word' id='word_1_925' title='bbox 2598 4617 2672 4670; x_wconf 85' lang='lat' dir='ltr'><strong>De</strong></span> <span class='ocrx_word' id='word_1_926' title='bbox 2701 4616 2889 4689; x_wconf 63' lang='lat' dir='ltr'><strong>iisdem</strong></span> <span class='ocrx_word' id='word_1_927' title='bbox 2922 4615 3101 4689; x_wconf 65' lang='lat' dir='ltr'><strong>verbis</strong></span> <span class='ocrx_word' id='word_1_928' title='bbox 3140 4616 3398 4689; x_wconf 82' lang='lat' dir='ltr'><strong>adversus</strong></span> <span class='ocrx_word' id='word_1_929' title='bbox 3439 4614 3671 4689; x_wconf 25' lang='lat' dir='ltr'><strong>Ari‘anos</strong></span> <span class='ocrx_word' id='word_1_930' title='bbox 3709 4618 3996 4689; x_wconf 80' lang='lat' dir='ltr'><strong>disputans</strong></span> 
     </span>
    </p>
   </div>
   <div class='ocr_carea' id='block_1_115' title="bbox 2305 4671 3995 4757">
    <p class='ocr_par' dir='ltr' id='par_1_115' title="bbox 2305 4671 3995 4757">
     <span class='ocr_line' id='line_1_118' title="bbox 2305 4671 3995 4757; baseline -0.014 9"><span class='ocrx_word' id='word_1_931' title='bbox 2305 4671 2361 4732; x_wconf 80' lang='lat' dir='ltr'><strong>D</strong></span> <span class='ocrx_word' id='word_1_932' title='bbox 2384 4683 2802 4757; x_wconf 64' lang='grc' dir='ltr'><strong>οιπγςοςιυπιυε</strong></span> <span class='ocrx_word' id='word_1_933' title='bbox 2829 4686 2895 4742; x_wconf 79' lang='grc' dir='ltr'><strong>τ.</strong></span> <span class='ocrx_word' id='word_1_934' title='bbox 2925 4703 2980 4750; x_wconf 86' lang='grc' dir='ltr'>ι,</span> <span class='ocrx_word' id='word_1_935' title='bbox 3011 4686 3200 4743; x_wconf 89' lang='lat' dir='ltr'><strong>homil.</strong></span> <span class='ocrx_word' id='word_1_936' title='bbox 3231 4688 3302 4743; x_wconf 62' lang='grc' dir='ltr'><strong>δε</strong></span> <span class='ocrx_word' id='word_1_937' title='bbox 3330 4671 3406 4743; x_wconf 84' lang='lat' dir='ltr'><strong>ait</strong></span> <span class='ocrx_word' id='word_1_938' title='bbox 3424 4671 3567 4743; x_wconf 59' lang='lat' dir='ltr'><strong>{ita</strong></span> <span class='ocrx_word' id='word_1_939' title='bbox 3594 4671 3823 4755; x_wconf 50' lang='grc' dir='ltr'><strong>ίηξιίᾱέηῖ</strong></span> <span class='ocrx_word' id='word_1_940' title='bbox 3840 4671 3995 4745; x_wconf 59' lang='lat' dir='ltr'><strong>ira:</strong></span> 
     </span>
    </p>
   </div>
   <div class='ocr_carea' id='block_1_116' title="bbox 2395 4757 3997 4817">
    <p class='ocr_par' dir='ltr' id='par_1_116' title="bbox 2395 4757 3997 4817">
     <span class='ocr_line' id='line_1_119' title="bbox 2395 4757 3997 4817; baseline 0.006 -9"><span class='ocrx_word' id='word_1_941' title='bbox 2395 4757 2570 4811; x_wconf 81' lang='lat' dir='ltr'><strong>uitatis</strong></span> <span class='ocrx_word' id='word_1_942' title='bbox 2610 4758 2893 4812; x_wconf 89' lang='lat' dir='ltr'><strong>orationem</strong></span> <span class='ocrx_word' id='word_1_943' title='bbox 2935 4774 3041 4812; x_wconf 77' lang='lat' dir='ltr'><strong>esse</strong></span> <span class='ocrx_word' id='word_1_944' title='bbox 3078 4758 3288 4815; x_wconf 84' lang='lat' dir='ltr'><strong>dicunt:</strong></span> <span class='ocrx_word' id='word_1_945' title='bbox 3318 4775 3410 4814; x_wconf 89' lang='lat' dir='ltr'><strong>nos</strong></span> <span class='ocrx_word' id='word_1_946' title='bbox 3439 4768 3607 4815; x_wconf 84' lang='lat' dir='ltr'><strong>autem</strong></span> <span class='ocrx_word' id='word_1_947' title='bbox 3634 4777 3744 4817; x_wconf 84' lang='lat' dir='ltr'><strong>esse</strong></span> <span class='ocrx_word' id='word_1_948' title='bbox 3769 4762 3997 4817; x_wconf 80' lang='lat' dir='ltr'><strong>dicimus</strong></span> 
     </span>
    </p>
   </div>
   <div class='ocr_carea' id='block_1_117' title="bbox 2396 4827 3994 4897">
    <p class='ocr_par' dir='ltr' id='par_1_117' title="bbox 2396 4827 3994 4897">
     <span class='ocr_line' id='line_1_120' title="bbox 2396 4827 3994 4897; baseline 0.005 -17"><span class='ocrx_word' id='word_1_949' title='bbox 2396 4827 2811 4895; x_wconf 82' lang='lat' dir='ltr'><strong>dispensationis.</strong></span> <span class='ocrx_word' id='word_1_950' title='bbox 2855 4827 2990 4883; x_wconf 89' lang='lat' dir='ltr'><strong>Tum</strong></span> <span class='ocrx_word' id='word_1_951' title='bbox 3035 4831 3228 4897; x_wconf 87' lang='lat' dir='ltr'><strong>probat</strong></span> <span class='ocrx_word' id='word_1_952' title='bbox 3264 4829 3537 4886; x_wconf 89' lang='lat' dir='ltr'><strong>Christum</strong></span> <span class='ocrx_word' id='word_1_953' title='bbox 3580 4832 3820 4887; x_wconf 88' lang='lat' dir='ltr'><strong>noluisse</strong></span> <span class='ocrx_word' id='word_1_954' title='bbox 3858 4848 3888 4887; x_wconf 85' lang='lat' dir='ltr'><strong>a</strong></span> <span class='ocrx_word' id='word_1_955' title='bbox 3931 4847 3994 4888; x_wconf 86' lang='lat' dir='ltr'><strong>se</strong></span> 
     </span>
    </p>
   </div>
   <div class='ocr_carea' id='block_1_118' title="bbox 2395 4899 4000 4973">
    <p class='ocr_par' dir='ltr' id='par_1_118' title="bbox 2395 4899 4000 4973">
     <span class='ocr_line' id='line_1_121' title="bbox 2395 4899 4000 4973; baseline 0.006 -24"><span class='ocrx_word' id='word_1_956' title='bbox 2395 4899 2616 4973; x_wconf 57' lang='lat' dir='ltr'><strong>calicem</strong></span> <span class='ocrx_word' id='word_1_957' title='bbox 2651 4899 3153 4973; x_wconf 12' lang='lat' dir='ltr'><strong>transferri,iquem</strong></span> <span class='ocrx_word' id='word_1_958' title='bbox 3186 4908 3334 4956; x_wconf 86' lang='lat' dir='ltr'><strong>tanto</strong></span> <span class='ocrx_word' id='word_1_959' title='bbox 3376 4903 3551 4959; x_wconf 79' lang='lat' dir='ltr'><strong>studio</strong></span> <span class='ocrx_word' id='word_1_960' title='bbox 3590 4905 3889 4973; x_wconf 83' lang='lat' dir='ltr'><strong>exoptarit,</strong></span> <span class='ocrx_word' id='word_1_961' title='bbox 3935 4912 4000 4958; x_wconf 86' lang='lat' dir='ltr'><strong>ut</strong></span> 
     </span>
    </p>
   </div>
   <div class='ocr_carea' id='block_1_119' title="bbox 2396 4966 3991 5044">
    <p class='ocr_par' dir='ltr' id='par_1_119' title="bbox 2396 4966 3991 5044">
     <span class='ocr_line' id='line_1_122' title="bbox 2396 4966 3991 5044; baseline 0.005 -22"><span class='ocrx_word' id='word_1_962' title='bbox 2396 4966 2612 5044; x_wconf 86' lang='lat' dir='ltr'><strong>Petrum</strong></span> <span class='ocrx_word' id='word_1_963' title='bbox 2643 4985 2765 5025; x_wconf 90' lang='lat' dir='ltr'><strong>eum</strong></span> <span class='ocrx_word' id='word_1_964' title='bbox 2796 4986 2827 5026; x_wconf 89' lang='lat' dir='ltr'><strong>a</strong></span> <span class='ocrx_word' id='word_1_965' title='bbox 2857 4985 2916 5044; x_wconf 81' lang='lat' dir='ltr'><strong>se</strong></span> <span class='ocrx_word' id='word_1_966' title='bbox 2958 4966 3340 5041; x_wconf 78' lang='lat' dir='ltr'><strong>deprecantem</strong></span> <span class='ocrx_word' id='word_1_967' title='bbox 3383 4984 3624 5030; x_wconf 88' lang='lat' dir='ltr'><strong>satanam</strong></span> <span class='ocrx_word' id='word_1_968' title='bbox 3669 4966 3991 5044; x_wconf 76' lang='lat' dir='ltr'><strong>appellarit;</strong></span> 
     </span>
    </p>
   </div>
   <div class='ocr_carea' id='block_1_120' title="bbox 2397 5042 3991 5114">
    <p class='ocr_par' dir='ltr' id='par_1_120' title="bbox 2397 5042 3991 5114">
     <span class='ocr_line' id='line_1_123' title="bbox 2397 5042 3991 5114; baseline 0.006 -21"><span class='ocrx_word' id='word_1_969' title='bbox 2397 5055 2571 5111; x_wconf 84' lang='lat' dir='ltr'><strong>neque</strong></span> <span class='ocrx_word' id='word_1_970' title='bbox 2594 5042 2849 5098; x_wconf 85' lang='lat' dir='ltr'><strong>incertam</strong></span> <span class='ocrx_word' id='word_1_971' title='bbox 2873 5042 2977 5114; x_wconf 90' lang='lat' dir='ltr'><strong>ipsi</strong></span> <span class='ocrx_word' id='word_1_972' title='bbox 3000 5044 3161 5100; x_wconf 81' lang='lat' dir='ltr'><strong>fuisse</strong></span> <span class='ocrx_word' id='word_1_973' title='bbox 3182 5044 3357 5100; x_wconf 83' lang='lat' dir='ltr'><strong>Patris</strong></span> <span class='ocrx_word' id='word_1_974' title='bbox 3377 5062 3439 5101; x_wconf 88' lang='lat' dir='ltr'><strong>ea</strong></span> <span class='ocrx_word' id='word_1_975' title='bbox 3462 5046 3529 5102; x_wconf 89' lang='lat' dir='ltr'><strong>de</strong></span> <span class='ocrx_word' id='word_1_976' title='bbox 3551 5062 3611 5101; x_wconf 90' lang='lat' dir='ltr'><strong>re</strong></span> <span class='ocrx_word' id='word_1_977' title='bbox 3631 5042 3991 5113; x_wconf 78' lang='lat' dir='ltr'><strong>Voluntatem,</strong></span> 
     </span>
    </p>
   </div>
   <div class='ocr_carea' id='block_1_121' title="bbox 2392 5114 3953 5190">
    <p class='ocr_par' dir='ltr' id='par_1_121' title="bbox 2392 5114 3953 5190">
     <span class='ocr_line' id='line_1_124' title="bbox 2392 5114 3953 5190; baseline 0.003 -23"><span class='ocrx_word' id='word_1_978' title='bbox 2392 5127 2512 5185; x_wconf 68' lang='lat' dir='ltr'><strong>qua:</strong></span> <span class='ocrx_word' id='word_1_979' title='bbox 2545 5114 2823 5186; x_wconf 80' lang='lat' dir='ltr'><strong>praphetis</strong></span> <span class='ocrx_word' id='word_1_980' title='bbox 2852 5118 3015 5170; x_wconf 90' lang='lat' dir='ltr'><strong>etiam</strong></span> <span class='ocrx_word' id='word_1_981' title='bbox 3046 5115 3206 5186; x_wconf 88' lang='lat' dir='ltr'><strong>longe</strong></span> <span class='ocrx_word' id='word_1_982' title='bbox 3235 5127 3359 5172; x_wconf 88' lang='lat' dir='ltr'><strong>ante</strong></span> <span class='ocrx_word' id='word_1_983' title='bbox 3389 5118 3722 5190; x_wconf 86' lang='lat' dir='ltr'><strong>praecognita</strong></span> <span class='ocrx_word' id='word_1_984' title='bbox 3754 5117 3953 5174; x_wconf 84' lang='lat' dir='ltr'><strong>fuerat.</strong></span> 
     </span>
    </p>
   </div>
   <div class='ocr_carea' id='block_1_122' title="bbox 2466 5228 3992 5302">
    <p class='ocr_par' dir='ltr' id='par_1_122' title="bbox 2466 5228 3992 5302">
     <span class='ocr_line' id='line_1_125' title="bbox 2466 5228 3992 5302; baseline 0.005 -20"><span class='ocrx_word' id='word_1_985' title='bbox 2466 5228 2545 5301; x_wconf 83' lang='lat' dir='ltr'><strong>(It)</strong></span> <span class='ocrx_word' id='word_1_986' title='bbox 2577 5230 2631 5288; x_wconf 94' lang='lat' dir='ltr'><strong>ln</strong></span> <span class='ocrx_word' id='word_1_987' title='bbox 2665 5247 2768 5286; x_wconf 90' lang='lat' dir='ltr'><strong>ms.</strong></span> <span class='ocrx_word' id='word_1_988' title='bbox 2802 5230 2974 5287; x_wconf 85' lang='lat' dir='ltr'><strong>Vatic.</strong></span> <span class='ocrx_word' id='word_1_989' title='bbox 3014 5231 3130 5287; x_wconf 89' lang='lat' dir='ltr'><strong>bas.</strong></span> <span class='ocrx_word' id='word_1_990' title='bbox 3172 5242 3231 5289; x_wconf 90' lang='lat' dir='ltr'><strong>et</strong></span> <span class='ocrx_word' id='word_1_991' title='bbox 3264 5232 3384 5288; x_wconf 90' lang='lat' dir='ltr'><strong>aliis</strong></span> <span class='ocrx_word' id='word_1_992' title='bbox 3425 5235 3699 5290; x_wconf 89' lang='lat' dir='ltr'><strong>nonnullis</strong></span> <span class='ocrx_word' id='word_1_993' title='bbox 3721 5275 3736 5302; x_wconf 94' lang='lat'><strong>,</strong></span> <span class='ocrx_word' id='word_1_994' title='bbox 3776 5234 3992 5290; x_wconf 76' lang='lat' dir='ltr'><strong>calicem</strong></span> 
     </span>
    </p>
   </div>
   <div class='ocr_carea' id='block_1_123' title="bbox 2395 5299 3984 5390">
    <p class='ocr_par' dir='ltr' id='par_1_123' title="bbox 2395 5299 3984 5390">
     <span class='ocr_line' id='line_1_126' title="bbox 2395 5299 3984 5390; baseline 0.006 -38"><span class='ocrx_word' id='word_1_995' title='bbox 2395 5299 2796 5390; x_wconf 49' lang='lat' dir='ltr'><strong>deprecaretur:</strong></span> <span class='ocrx_word' id='word_1_996' title='bbox 2835 5302 3125 5390; x_wconf 58' lang='lat' dir='ltr'><strong>glossema:</strong></span> <span class='ocrx_word' id='word_1_997' title='bbox 3173 5305 3295 5390; x_wconf 73' lang='grc' dir='ltr'><strong>Μοχ</strong></span> <span class='ocrx_word' id='word_1_998' title='bbox 3324 5305 3392 5390; x_wconf 51' lang='lat' dir='ltr'><strong>‘in</strong></span> <span class='ocrx_word' id='word_1_999' title='bbox 3435 5307 3664 5376; x_wconf 84' lang='lat' dir='ltr'><strong>vulgatis</strong></span> <span class='ocrx_word' id='word_1_1000' title='bbox 3694 5299 3984 5390; x_wconf 21' lang='lat' dir='ltr'><strong>aimpleri.</strong></span> 
     </span>
    </p>
   </div>
   <div class='ocr_carea' id='block_1_124' title="bbox 2393 5369 3993 5446">
    <p class='ocr_par' dir='ltr' id='par_1_124' title="bbox 2393 5369 3993 5446">
     <span class='ocr_line' id='line_1_127' title="bbox 2393 5369 3993 5446; baseline 0.005 -22"><span class='ocrx_word' id='word_1_1001' title='bbox 2393 5369 2723 5446; x_wconf 78' lang='lat' dir='ltr'><strong>Coucinnius</strong></span> <span class='ocrx_word' id='word_1_1002' title='bbox 2754 5374 2805 5428; x_wconf 92' lang='lat' dir='ltr'><strong>in</strong></span> <span class='ocrx_word' id='word_1_1003' title='bbox 2837 5369 2967 5446; x_wconf 74' lang='lat' dir='ltr'><strong>mss.</strong></span> <span class='ocrx_word' id='word_1_1004' title='bbox 2996 5374 3227 5446; x_wconf 87' lang='lat' dir='ltr'><strong>implere.</strong></span> <span class='ocrx_word' id='word_1_1005' title='bbox 3259 5374 3340 5430; x_wconf 84' lang='lat' dir='ltr'><strong>Ad</strong></span> <span class='ocrx_word' id='word_1_1006' title='bbox 3378 5377 3481 5432; x_wconf 91' lang='lat' dir='ltr'><strong>hoc</strong></span> <span class='ocrx_word' id='word_1_1007' title='bbox 3519 5369 3993 5446; x_wconf 45' lang='lat' dir='ltr'><strong>porro&#39;festinavit</strong></span> 
     </span>
    </p>
   </div>
   <div class='ocr_carea' id='block_1_125' title="bbox 2393 5393 3989 5514">
    <p class='ocr_par' dir='ltr' id='par_1_125' title="bbox 2393 5393 3989 5514">
     <span class='ocr_line' id='line_1_128' title="bbox 2394 5393 3989 5446; baseline 0.005 -22"><span class='ocrx_word' id='word_1_1008' title='bbox 2394 5393 2723 5427; x_wconf 69' lang='grc' dir='ltr'>υυιιειιιιιιυδ</span> <span class='ocrx_word' id='word_1_1009' title='bbox 2754 5393 2805 5428; x_wconf 89' lang='lat' dir='ltr'><strong>In</strong></span> <span class='ocrx_word' id='word_1_1010' title='bbox 2837 5393 2967 5429; x_wconf 84' lang='lat' dir='ltr'><strong>mss.</strong></span> <span class='ocrx_word' id='word_1_1011' title='bbox 2996 5393 3067 5427; x_wconf 76' lang='lat' dir='ltr'><strong>tm</strong></span> <span class='ocrx_word' id='word_1_1012' title='bbox 3106 5393 3227 5430; x_wconf 84' lang='lat' dir='ltr'><strong>tere.</strong></span> <span class='ocrx_word' id='word_1_1013' title='bbox 3259 5393 3340 5430; x_wconf 76' lang='lat' dir='ltr'><strong>At]</strong></span> <span class='ocrx_word' id='word_1_1014' title='bbox 3378 5393 3481 5432; x_wconf 88' lang='lat' dir='ltr'><strong>noc</strong></span> <span class='ocrx_word' id='word_1_1015' title='bbox 3519 5393 3682 5446; x_wconf 82' lang='lat' dir='ltr'><strong>porro</strong></span> <span class='ocrx_word' id='word_1_1016' title='bbox 3719 5393 3989 5433; x_wconf 71' lang='lat' dir='ltr'><strong>tesunavti</strong></span> 
     </span>
     <span class='ocr_line' id='line_1_129' title="bbox 2393 5393 3989 5514; baseline 0.004 -19"><span class='ocrx_word' id='word_1_1017' title='bbox 2393 5455 2609 5497; x_wconf 83' lang='lat' dir='ltr'><strong>summo</strong></span> <span class='ocrx_word' id='word_1_1018' title='bbox 2648 5442 2928 5499; x_wconf 74' lang='lat' dir='ltr'><strong>charitatis</strong></span> <span class='ocrx_word' id='word_1_1019' title='bbox 2960 5393 3139 5499; x_wconf 54' lang='lat' dir='ltr'><strong>stud’io</strong></span> <span class='ocrx_word' id='word_1_1020' title='bbox 3160 5487 3175 5514; x_wconf 85' lang='lat'><strong>,</strong></span> <span class='ocrx_word' id='word_1_1021' title='bbox 3207 5463 3324 5502; x_wconf 84' lang='lat' dir='ltr'><strong>cum</strong></span> <span class='ocrx_word' id='word_1_1022' title='bbox 3355 5447 3410 5500; x_wconf 86' lang='lat' dir='ltr'><strong>id</strong></span> <span class='ocrx_word' id='word_1_1023' title='bbox 3436 5448 3490 5503; x_wconf 86' lang='lat' dir='ltr'><strong>in</strong></span> <span class='ocrx_word' id='word_1_1024' title='bbox 3526 5464 3582 5505; x_wconf 79' lang='lat' dir='ltr'><strong>se</strong></span> <span class='ocrx_word' id='word_1_1025' title='bbox 3609 5463 3989 5503; x_wconf 68' lang='lat' dir='ltr'><strong>consummareo</strong></span> 
     </span>
    </p>
   </div>
   <div class='ocr_carea' id='block_1_126' title="bbox 2391 5515 3985 5590">
    <p class='ocr_par' dir='ltr' id='par_1_126' title="bbox 2391 5515 3985 5590">
     <span class='ocr_line' id='line_1_130' title="bbox 2391 5515 3985 5590; baseline 0.005 -25"><span class='ocrx_word' id='word_1_1026' title='bbox 2391 5521 2493 5590; x_wconf 62' lang='lat' dir='ltr'><strong>tur,</strong></span> <span class='ocrx_word' id='word_1_1027' title='bbox 2529 5515 2668 5590; x_wconf 77' lang='lat' dir='ltr'><strong>quod</strong></span> <span class='ocrx_word' id='word_1_1028' title='bbox 2695 5516 2763 5569; x_wconf 90' lang='lat' dir='ltr'><strong>ad</strong></span> <span class='ocrx_word' id='word_1_1029' title='bbox 2792 5518 3009 5590; x_wconf 63' lang='lat' dir='ltr'><strong>salutem</strong></span> <span class='ocrx_word' id='word_1_1030' title='bbox 3051 5527 3277 5573; x_wconf 89' lang='lat' dir='ltr'><strong>nostram</strong></span> <span class='ocrx_word' id='word_1_1031' title='bbox 3320 5522 3517 5590; x_wconf 85' lang='lat' dir='ltr'><strong>perpeti</strong></span> <span class='ocrx_word' id='word_1_1032' title='bbox 3560 5523 3673 5583; x_wconf 83' lang='lat' dir='ltr'><strong>ipse</strong></span> <span class='ocrx_word' id='word_1_1033' title='bbox 3713 5521 3985 5590; x_wconf 77' lang='lat' dir='ltr'><strong>voluisset,</strong></span> 
     </span>
    </p>
   </div>
   <div class='ocr_carea' id='block_1_127' title="bbox 2392 5582 3987 5662">
    <p class='ocr_par' dir='ltr' id='par_1_127' title="bbox 2392 5582 3987 5662">
     <span class='ocr_line' id='line_1_131' title="bbox 2392 5582 3987 5662; baseline 0.006 -26"><span class='ocrx_word' id='word_1_1034' title='bbox 2392 5582 2704 5662; x_wconf 71' lang='lat' dir='ltr'><strong>uthabetnr</strong></span> <span class='ocrx_word' id='word_1_1035' title='bbox 2732 5596 2888 5662; x_wconf 81' lang='lat' dir='ltr'><strong>tract.</strong></span> <span class='ocrx_word' id='word_1_1036' title='bbox 2916 5587 3059 5642; x_wconf 87' lang='lat' dir='ltr'><strong>Psal.</strong></span> <span class='ocrx_word' id='word_1_1037' title='bbox 3088 5604 3197 5655; x_wconf 79' lang='lat' dir='ltr'><strong>Liv,</strong></span> <span class='ocrx_word' id='word_1_1038' title='bbox 3228 5608 3284 5645; x_wconf 90' lang='grc' dir='ltr'>ιι.</span> <span class='ocrx_word' id='word_1_1039' title='bbox 3315 5582 3382 5646; x_wconf 81' lang='grc'><strong>15</strong></span> <span class='ocrx_word' id='word_1_1040' title='bbox 3406 5582 3458 5646; x_wconf 84' lang='lat' dir='ltr'><strong>et</strong></span> <span class='ocrx_word' id='word_1_1041' title='bbox 3489 5582 3648 5662; x_wconf 84' lang='lat' dir='ltr'><strong>paulo</strong></span> <span class='ocrx_word' id='word_1_1042' title='bbox 3670 5599 3825 5647; x_wconf 83' lang='lat' dir='ltr'><strong>ante:</strong></span> <span class='ocrx_word' id='word_1_1043' title='bbox 3858 5582 3987 5645; x_wconf 73' lang='lat' dir='ltr'><strong>Cum</strong></span> 
     </span>
    </p>
   </div>
   <div class='ocr_carea' id='block_1_128' title="bbox 2391 5656 3977 5733">
    <p class='ocr_par' dir='ltr' id='par_1_128' title="bbox 2391 5656 3977 5733">
     <span class='ocr_line' id='line_1_132' title="bbox 2391 5656 3977 5733; baseline 0.004 -25"><span class='ocrx_word' id='word_1_1044' title='bbox 2391 5656 2606 5710; x_wconf 84' lang='lat' dir='ltr'><strong>salutem</strong></span> <span class='ocrx_word' id='word_1_1045' title='bbox 2634 5660 2806 5733; x_wconf 83' lang='lat' dir='ltr'><strong>generi</strong></span> <span class='ocrx_word' id='word_1_1046' title='bbox 2834 5660 3061 5733; x_wconf 82' lang='lat' dir='ltr'><strong>humano</strong></span> <span class='ocrx_word' id='word_1_1047' title='bbox 3088 5672 3321 5733; x_wconf 88' lang='lat' dir='ltr'><strong>suscepta</strong></span> <span class='ocrx_word' id='word_1_1048' title='bbox 3350 5656 3521 5717; x_wconf 74' lang='lat' dir='ltr'><strong>crucis</strong></span> <span class='ocrx_word' id='word_1_1049' title='bbox 3547 5673 3708 5718; x_wconf 84' lang='lat' dir='ltr'><strong>morte</strong></span> <span class='ocrx_word' id='word_1_1050' title='bbox 3733 5663 3977 5727; x_wconf 84' lang='lat' dir='ltr'><strong>donaret,</strong></span> 
     </span>
    </p>
   </div>
   <div class='ocr_carea' id='block_1_129' title="bbox 2390 5730 3983 5807">
    <p class='ocr_par' dir='ltr' id='par_1_129' title="bbox 2390 5730 3983 5807">
     <span class='ocr_line' id='line_1_133' title="bbox 2390 5730 3983 5807; baseline 0.006 -28"><span class='ocrx_word' id='word_1_1051' title='bbox 2390 5742 2492 5781; x_wconf 88' lang='lat' dir='ltr'><strong>non</strong></span> <span class='ocrx_word' id='word_1_1052' title='bbox 2525 5738 2687 5796; x_wconf 87' lang='lat' dir='ltr'><strong>potest</strong></span> <span class='ocrx_word' id='word_1_1053' title='bbox 2717 5730 2877 5785; x_wconf 84' lang='lat' dir='ltr'><strong>uideri</strong></span> <span class='ocrx_word' id='word_1_1054' title='bbox 2903 5730 3279 5788; x_wconf 83' lang='lat' dir='ltr'><strong>sacramentum</strong></span> <span class='ocrx_word' id='word_1_1055' title='bbox 3306 5734 3402 5789; x_wconf 85' lang='lat' dir='ltr'><strong>hoc</strong></span> <span class='ocrx_word' id='word_1_1056' title='bbox 3431 5750 3631 5806; x_wconf 68' lang='lat' dir='ltr'><strong>magna</strong></span> <span class='ocrx_word' id='word_1_1057' title='bbox 3667 5734 3872 5807; x_wconf 84' lang='lat' dir='ltr'><strong>pietatis</strong></span> <span class='ocrx_word' id='word_1_1058' title='bbox 3899 5748 3983 5788; x_wconf 76' lang='lat' dir='ltr'><strong>ar-</strong></span> 
     </span>
    </p>
   </div>
   <div class='ocr_carea' id='block_1_130' title="bbox 2386 5813 2931 5868">
    <p class='ocr_par' dir='ltr' id='par_1_130' title="bbox 2386 5813 2931 5868">
     <span class='ocr_line' id='line_1_134' title="bbox 2386 5813 2931 5868; baseline 0.017 -18"><span class='ocrx_word' id='word_1_1059' title='bbox 2386 5814 2540 5868; x_wconf 85' lang='lat' dir='ltr'><strong>guere</strong></span> <span class='ocrx_word' id='word_1_1060' title='bbox 2568 5813 2631 5855; x_wconf 86' lang='lat' dir='ltr'><strong>ac</strong></span> <span class='ocrx_word' id='word_1_1061' title='bbox 2659 5815 2931 5859; x_wconf 83' lang='lat' dir='ltr'><strong>recusare.</strong></span> 
     </span>
    </p>
   </div>
  </div>
