4286 6264
301 360 416 418 569

1547 364 1636 421 DE
1676 364 2053 425 TRINITATE
2090 368 2293 426 LIBER
2336 371 2404 426 Χ.

3519 386 3624 443 5ἷο

306 474 594 532 festinaret
632 475 904 544 implere?
941 475 1059 531 Non
1100 475 1244 532 enim
1287 478 1574 545 convenit,
1614 477 1688 553 (a)
1724 490 1776 537 ut
1807 483 1915 554 pati
1943 485 1993 545 Α
2020 491 2077 540 et
2104 485 2245 557 quod
2279 486 2551 545 inﬁrmum
2581 499 2695 560 est,
2727 494 2891 548 sumit
2928 509 2994 549 ex
3037 495 3409 555 imbecillitate
3452 508 3626 556 terro-

304 569 511 633 nollet,
542 568 621 641 (i)
655 569 743 639 qui
776 569 884 639 pati
914 570 1096 625 vellet.
1126 570 1195 624 Et
1220 584 1342 626 cum
1373 571 1481 641 pati
1507 587 1630 628 eum
1659 575 1799 630 velle
1827 590 1921 631 co-

302 676 635 737 gnosceres;
671 660 981 731 religiosius
1038 661 1213 717 fuerat
1265 660 1393 717 dicti
1438 662 1509 735 (b)
1553 664 1919 737 inintelligen-

304 756 438 813 tiam
464 754 712 811 c0nﬁteri
736 796 749 818 ,
778 769 939 826 quam
979 755 1054 826 (ε)
1083 755 1150 810 ad
1178 756 1230 811 id
1262 756 1442 828 impia:
1468 759 1713 815 stultitiae
1739 759 1920 818 furore

305 864 689 923 prorumpere,
722 857 779 903 ut
806 863 928 904 eum
960 864 1236 906 asscreres
1278 866 1344 907 ne
1389 861 1663 923 pateretur
1705 869 1915 923 orasse,

305 958 469 1016 quem
501 944 612 1014 pati
644 944 785 999 velle
813 942 1182 1014 cognovisses.

386 1038 479 1093 51.
507 1036 586 1092 An
612 1037 915 1091 derelictum
937 1053 991 1092 se
1016 1047 1325 1108 conquestus
1350 1039 1437 1093 sit.
1469 1069 1538 1080 —
1563 1039 1666 1097 Sed
1690 1082 1704 1106 ,
1733 1042 1918 1110 credo,

310 1140 363 1189 te
405 1132 474 1187 ad
514 1132 800 1202 impietatis
838 1141 940 1186 tute
980 1146 1212 1202 pugnam
1253 1134 1412 1187 etiam
1451 1133 1595 1189 dicto
1634 1133 1920 1191 dominicae

304 1226 459 1283 vocis
483 1226 718 1282 armabis
739 1244 752 1281 :
771 1223 936 1289 Deus,
970 1223 1108 1280 Deus
1134 1242 1294 1292 meus,
1317 1243 1475 1293 quare
1500 1243 1578 1280 me
1603 1226 1921 1297 dereliquisti

316 1317 521 1392 (Marc.
550 1333 643 1384 xv,
672 1316 798 1389 34)?
825 1317 956 1373 Post
978 1318 1360 1372 contumeliam
1387 1319 1530 1374 enim
1556 1320 1754 1386 crucis,
1781 1318 1920 1376 forte

309 1411 681 1483 dignationem
712 1411 782 1465 ab
809 1425 874 1466 eo
902 1411 1109 1480 paterni
1140 1411 1326 1466 auxilii
1356 1412 1636 1467 existimes
1663 1414 1921 1468 recessis-

303 1519 395 1571 se,
426 1512 481 1559 et
509 1504 634 1558 hinc
661 1503 920 1559 deSoIatae
949 1502 1278 1558 inﬁrmitatis
1302 1518 1415 1558 sum
1445 1505 1719 1575 querelam
1751 1507 1920 1562 exsti-

305 1596 457 1654 tisse.
476 1595 533 1652 Si
557 1595 651 1650 tibi
674 1594 855 1665 itaque
878 1595 930 1649 in
954 1591 1168 1650 Christo
1188 1604 1531 1666 contemptus
1554 1604 1608 1650 et
1630 1594 1918 1652 inﬁrmitas

314 1697 372 1743 et
398 1703 530 1743 crus
555 1686 882 1743 contumelia
909 1695 1021 1750 est;
1049 1694 1360 1756 oportuerat
1389 1695 1442 1742 te
1468 1685 1595 1741 dicti
1627 1686 1786 1758 hujus
1815 1687 1916 1741 im—

307 1795 607 1838 memorem
632 1794 739 1834 non
765 1778 966 1834 fuisse:
1009 1775 1192 1833 Verum
1218 1778 1333 1832 dico
1356 1779 1516 1845 vobis,
1542 1780 1728 1834 amodo
1777 1779 1917 1834 uide-

2021 593 2170 645 rem;
2201 588 2254 636 et
2283 581 2542 652 quidquid
2574 583 2976 655 dolet,dolendi
3008 588 3062 643 in
3090 602 3149 645 se
3184 589 3345 647 habet
3370 590 3442 665 (e)
3473 593 3627 651 inde-

2023 675 2340 732 mutabilem
2370 688 2651 746 naturam;
2680 690 2733 735 et
2759 680 3022 753 quidquid
3050 685 3496 742 contumeliosum
3521 696 3627 758 est,

2022 782 2238 838 semper
2278 769 2604 828 inhonorum
2644 783 2762 829 est:
2808 785 2861 829 tu
2900 791 3028 831 vero
3068 792 3175 847 quo
3204 792 3370 834 sensu
3400 782 3625 836 rationis

2022 858 2313 931 intelligis.
2368 861 2650 917 Dominum
2702 875 2946 922 nostrum
2996 866 3177 922 Jesum
3227 869 3502 926 Christum
3555 872 3624 927 ad

2021 952 2163 1022 quod
2197 953 2445 1018 festinat,
2480 956 2703 1022 timere;
2744 967 2797 1013 et
2828 967 3262 1015 consternantem
3294 960 3495 1031 fortes,
3543 965 3627 1020 in-

2022 1045 2276 1101 ﬁrmitate
2304 1046 2604 1116 trepidare;
2632 1061 2685 1104 et
2711 1049 2933 1105 vulnera
2968 1066 3075 1106 non
3109 1053 3507 1122 permittentem
3526 1055 3627 1112 do-

2021 1137 2121 1193 lori
2143 1136 2233 1211 (f).
2266 1139 2604 1196 vulneratum
2636 1141 2856 1210 dolere;
2882 1153 2937 1199 et
2964 1147 3293 1201 contumelia
3324 1150 3500 1205 crucis
3527 1150 3625 1206 de-

2024 1232 2318 1299 honestari,
2366 1236 2454 1290 cui
2494 1252 2622 1292 crux
2652 1236 2726 1309 (g)
2765 1252 3053 1295 consessus
3090 1239 3156 1295 ad
3203 1240 3370 1297 Deum
3424 1251 3541 1309 est,
3573 1252 3628 1299 et

2023 1329 2229 1384 reditus
2257 1328 2323 1384 ad
2357 1331 2620 1401 regnum?

2093 1421 2181 1479 54.
2209 1422 2528 1479 Descendens
2550 1425 2617 1478 ad
2638 1425 2830 1494 inferos
2851 1445 2882 1481 α
2901 1428 3027 1482 coelo
3048 1444 3150 1483 non
3176 1430 3405 1485 recessit.
3437 1429 3625 1486 Latro-

2023 1516 2103 1570 nis
2130 1516 2238 1572 alia
2257 1558 2272 1581 ,
2304 1509 2410 1570 alia
2441 1517 2798 1573 haereticorum
2822 1520 2974 1590 fides.
3004 1550 3077 1562 —-
3103 1521 3209 1577 Sed
3242 1522 3379 1577 forte
3408 1523 3491 1578 vel
3525 1523 3629 1579 hoc

2025 1608 2116 1664 tibi
2147 1608 2392 1663 relictum
2426 1610 2724 1666 occasionis
2754 1612 2933 1680 impia:
2962 1614 3243 1670 arbitraris
3267 1656 3281 1679 ,
3312 1624 3370 1670 ut
3396 1616 3629 1672 descen-

2021 1701 2229 1756 sionem
2255 1700 2322 1755 ad
2348 1700 2550 1757 inferos
2576 1713 2630 1758 et
2656 1703 2827 1772 ipsam
2855 1706 3045 1760 mortis
3068 1705 3308 1761 timuerit
3334 1710 3632 1763 necessita-

2024 1799 2132 1847 tem
2155 1834 2170 1859 ,
2201 1791 2328 1847 dum
2363 1793 2414 1848 id
2446 1794 2620 1862 ipsum
2649 1795 2834 1850 testari
2869 1794 3079 1851 videtur
3110 1798 3211 1852 hoc
3238 1797 3416 1853 dicto:
3447 1796 3630 1868 Pater,

308 1876 427 1931 hitis
456 1875 624 1942 ﬁlium
653 1872 878 1927 hominis
905 1872 1161 1928 sedentem
1190 1889 1223 1926 a
1252 1871 1444 1926 dextris
1473 1872 1700 1940 virtutis,
1741 1882 1787 1927 et
1829 1888 1910 1928 ve-
1942 1884 1991 1944 Β
2017 1885 2312 1939 commendo
2357 1886 2411 1939 in
2458 1902 2643 1940 manus
2684 1895 2799 1940 tuas
2841 1886 2920 1960 (It)
2961 1886 3201 1954 spiritum
3240 1906 3408 1944 meum
3457 1889 3627 1961 (Luc.

308 1969 531 2026 trientem
557 1984 669 2021 cum
701 1965 914 2021 nubibus
940 1965 1053 2020 (teli
1078 1964 1289 2040 (Matth.
1315 1981 1451 2021 xxvt
1470 2008 1484 2031 .
1508 1964 1622 2037 64).

378 2064 471 2123 59..
502 2063 906 2133 Recapitulatio.
925 2092 997 2103 -—
1018 2062 1147 2129 Ubi,
1178 2077 1331 2132 rogo,
1361 2060 1414 2116 in
1442 2062 1693 2132 passione
1721 2061 1915 2116 timor?

306 2156 398 2213 ubi
424 2155 747 2212 inﬁrmitas?
768 2156 856 2211 ubi
883 2155 1077 2211 dolor?
1098 2155 1185 2210 ubi
1210 2155 1579 2210 contumelia?
1601 2154 1817 2209 Timere
1844 2154 1914 2208 ab

305 2250 487 2321 impiis
523 2251 756 2306 dicitur?
794 2249 901 2307 Sed
935 2251 1048 2321 ipse
1079 2249 1188 2320 pati
1229 2249 1367 2305 velle
1404 2263 1463 2303 se
1501 2247 1778 2319 prmdicat.
1821 2247 1909 2303 In—

309 2349 501 2406 ﬁrmus
523 2340 646 2404 esse
675 2347 1052 2403 contenditur?
1076 2345 1182 2401 Sed
1209 2360 1269 2401 se
1299 2352 1599 2415 potentem,
1630 2342 1758 2398 dum
1783 2357 1912 2398 con-

304 2440 562 2496 sternatis
587 2439 1029 2512 persecutoribus
1050 2437 1243 2493 obvius
1266 2450 1371 2491 non
1395 2436 1714 2501 sustinetur,
1733 2444 1915 2491 osten-

306 2533 408 2589 dit.
441 2533 633 2590 Dolere
663 2533 884 2589 vulnera
916 2532 1097 2588 carnis
1124 2531 1403 2602 arguitur?
1429 2529 1536 2585 Sed
1568 2530 1620 2584 in
1649 2544 1736 2597 eo,
1767 2529 1913 2601 quod

306 2641 532 2683 carnem
574 2627 718 2682 auris
759 2625 938 2682 reddit
980 2640 1046 2681 ex
1087 2625 1332 2688 vulnere,
1359 2638 1487 2678 caro
1519 2622 1635 2693 ipse
1659 2638 1780 2678 cum
1811 2624 1908 2688 sit,

302 2730 460 2778 extra
488 2719 761 2776 carnalem
805 2728 982 2774 tamen
1027 2727 1271 2772 naturam
1313 2715 1527 2772 dolendi
1557 2714 1793 2771 vulneris
1822 2730 1910 2771 re-

307 2815 554 2887 peritur:
581 2808 706 2884 quia
733 2812 863 2867 dum
891 2819 947 2867 et
968 2809 1133 2884 344
1159 2824 1318 2865 manu
1348 2818 1592 2864 truncam
1622 2822 1807 2863 aurem
1835 2814 1914 2864 at-

317 2908 511 2979 tingit,
541 2920 735 2962 manus
759 2905 845 2961 illa
873 2904 940 2961 de
964 2919 1193 2974 corpore
1218 2912 1300 2960 est
1320 2946 1335 2970 ,
1365 2910 1420 2959 et
1446 2902 1570 2957 dum
1598 2916 1790 2957 manus
1816 2915 1913 2956 au-

305 3017 422 3059 rem
461 2999 715 3073 producit
753 3014 816 3055 ex
858 2999 1105 3065 vulnere,
1141 3012 1248 3053 non
1280 3010 1402 3053 esse
1438 3010 1628 3051 manus
1661 2996 1749 3052 illa
1786 3010 1910 3052 cor-

306 3096 455 3168 poris
480 3093 821 3164 significatur
846 3091 1099 3147 inﬁrmis.

378 3189 470 3243 55.
503 3186 585 3240 An
614 3202 744 3241 crux
768 3186 814 3240 ei
833 3181 1421 3240 contumeliam—Sed
1442 3182 1830 3240 contumeliosa
1861 3183 1912 3239 ei

2022 1991 2193 2044 χχιιι,
2223 1974 2350 2048 46).
2399 1976 2513 2031 Hoc
2550 1977 2736 2047 legens
2759 2019 2773 2043 ,
2802 1987 2855 2032 et
2882 1993 2988 2032 non
3030 1979 3378 2050 intelligens,
3413 1989 3505 2036 aut
3542 1980 3631 2051 pie

2020 2071 2325 2135 tacuisses,
2389 2081 2485 2124 aut
2530 2070 2692 2126 etiam
2746 2070 3455 2143 religiose'intelligentiam
3503 2073 3620 2144 ejus

2020 2176 2278 2218 orasses:
2327 2176 2434 2216 non
2485 2162 2657 2232 magis
2706 2178 2802 2232 per
2851 2163 3223 2233 impudentem
3270 2166 3624 2221 assertionem

2018 2255 2183 2332 stulto
2227 2254 2407 2311 furore
2443 2255 2686 2312 veritatis
2726 2257 2947 2327 incaan
2994 2259 3290 2330 vagareris.
3326 2257 3485 2315 Anne
3529 2259 3628 2315 tibi

2020 2358 2261 2405 metuere
2288 2348 2557 2405 infernum
2585 2349 2751 2405 chaos
2777 2360 2831 2405 et
2862 2359 3131 2407 torrentes
3157 2351 3403 2408 ﬂammas
3431 2361 3485 2407 et
3509 2366 3629 2407 om-

2019 2460 2140 2501 nem
2170 2459 2450 2515 plenarum
2477 2443 2745 2499 ultricium
2770 2444 3028 2517 abyssum
3051 2444 3356 2501 credendus
3382 2453 3500 2510 est,
3530 2444 3619 2499 di-

2017 2552 2146 2593 cens
2185 2535 2381 2592 latroni
2420 2535 2473 2590 in
2513 2549 2704 2590 cruce:
2750 2534 2911 2591 Amen
2948 2535 3065 2589 dico
3092 2535 3213 2601 tibi,
3242 2535 3395 2589 hodie
3419 2551 3620 2590 mecum

2017 2631 2118 2685 eris
2138 2630 2194 2684 in
2221 2628 2463 2699 paradiso
2495 2627 2659 2698 (Ibid.
2688 2627 2821 2699 45η
2860 2626 3078 2682 Natura:
3099 2627 3268 2697 hujus
3296 2636 3622 2698 potestatein

2012 2723 2123 2793 jam
2153 2737 2259 2777 non
2284 2720 2406 2777 dico
2447 2718 2512 2792 (i)
2553 2729 2731 2785 metu,
2773 2718 2870 2775 sed
2911 2734 3012 2775 nec
3050 2719 3273 2775 inferna:
3295 2717 3457 2793 345
3481 2718 3627 2776 sedis

2015 2815 2240 2886 regione
2281 2814 2611 2883 concludes,
2656 2830 2778 2885 quae
2823 2812 3161 2870 descendens
3202 2813 3269 2869 ad
3310 2813 3546 2879 inferos,
3591 2830 3623 2869 a

2016 2908 2270 2979 paradiso
2301 2924 2407 2964 non
2459 2907 2602 2963 desit
2644 2905 2827 2977 (sicuti
2854 2913 2910 2961 et
2936 2905 3170 2961 hominis
3210 2904 3349 2960 ﬁlius
3393 2904 3624 2976 loquens

2015 3002 2070 3059 in
2104 3001 2295 3066 terris,
2324 3007 2541 3055 maneat
2566 2997 2645 3072 (j)
2674 3007 2728 3053 et
2750 3000 2803 3054 in
2834 2995 3022 3069 caelo),
3064 2997 3281 3068 Martyri
3325 3011 3424 3052 suo
3466 3012 3624 3067 para-

2014 3092 2189 3149 disum
2213 3093 2614 3163 promittens,et
2631 3098 3016 3146 consummata:
3032 3089 3383 3146 beatitudinis
3402 3089 3627 3146 delicias

2018 3187 2307 3258 pollicens.
2350 3183 2464 3241 Non
2504 3184 2665 3239 habet
2703 3184 2847 3239 hunc
2874 3192 3050 3239 metus
3094 3181 3428 3253 corporalis,
3469 3198 3629 3255 pene-

307 3294 429 3337 esse
452 3294 583 3334 crux
614 3278 830 3333 dicitur.
863 3276 1062 3349 Atquin
1097 3290 1189 3346 per
1216 3274 1355 3331 hanc
1385 3275 1619 3331 hominis
1645 3275 1789 3331 ﬁlius
1821 3293 1913 3330 sea
1939 3306 1985 3371 ρ
2023 3289 2255 3335 trantem
2282 3276 2498 3348 quidem
2528 3275 2768 3344 inferos,
2801 3274 2896 3331 sed
2926 3274 3123 3345 ubique
3150 3284 3354 3330 naturae
3380 3290 3492 3331 suze
3513 3278 3623 3332 vir-

306 3373 437 3430 dere
462 3388 491 3426 a
518 3370 721 3427 dextris
748 3370 960 3425 virtutis
981 3368 1243 3425 videndus
1272 3378 1376 3433 est,
1399 3378 1452 3423 et
1476 3383 1541 3424 ex
1573 3379 1725 3439 partu
1747 3369 1913 3439 virgi-

308 3468 391 3523 nis
419 3465 583 3521 bomo
605 3473 761 3522 natus
789 3464 842 3519 in
869 3463 1150 3534 majestate
1175 3478 1271 3519 sua
1292 3478 1413 3518 cum
1435 3462 1557 3519 εωΙί
1580 3471 1664 3518 est
1685 3462 1916 3518 nubibus

312 3572 588 3616 reversus.
611 3556 727 3612 Non
751 3566 904 3612 tenes
925 3556 1220 3627 irreligiose
1243 3570 1422 3611 rerum
1448 3554 1769 3610 naturalium
1789 3569 1912 3610 caua

308 3668 438 3709 sas:
483 3652 538 3707 et
577 3650 704 3706 dum
738 3651 1031 3713 impietatis
1060 3660 1220 3720 atque
1250 3649 1452 3705 erroris
1491 3649 1683 3721 spiritu
1727 3648 1917 3720 plenus

311 3753 713 3803 sacramentum
760 3742 884 3800 ﬁdei
936 3758 1043 3798 non
1100 3742 1351 3814 intelligis
1381 3785 1396 3809 ,
1448 3758 1512 3798 ex
1566 3744 1683 3812 ipso
1733 3744 1919 3799 s:rculi

310 3856 479 3899 sensu
536 3837 862 3894 hebetudine
917 3836 1172 3891 haeretica
1234 3835 1311 3908 (ά)
1365 3835 1689 3907 disproﬁcis.
1747 3834 1919 3892 Omne

310 3935 494 4001 enim,
524 3930 668 4004 quod
696 3931 935 3997 timetur,
967 3930 1127 3986 vitari
1155 3943 1378 3986 necesse
1404 3938 1488 3985 est
1512 3930 1639 3984 dum
1670 3928 1917 3997 timetur;

382 4073 462 4145 (1)
496 4070 648 4140 Quod
674 4069 782 4142 pati
804 4067 971 4123 uellet.

387 4186 465 4261 (a)
497 4187 552 4241 In
586 4186 734 4255 prius
762 4183 991 4261 vulgatis
1016 4225 1028 4247 ,
1064 4190 1116 4235 ut
1146 4181 1255 4253 pati
1282 4180 1410 4235 nolit
1438 4176 1575 4261 quod
1604 4175 1730 4261 pati
1758 4172 1878 4228 uelit
1897 4188 1917 4227 :

311 4252 458 4332 quod
490 4252 833 4332 immutatnus
859 4252 1296 4332 potiorum’tnss.
1331 4252 1673 4332 auctoritate.

391 4331 467 4404 (b)
498 4330 589 4386 Sic
616 4343 732 4404 ms._
747 4317 910 4383 Corb.
925 4326 1214 4404 quomodo
1235 4321 1522 4404 legendum
1547 4317 1921 4404 suspicabatur

312 4389 578 4460 Erasinus
599 4443 617 4467 ,
649 4402 737 4469 qui
769 4414 892 4472 cum
925 4389 1055 4472 llud.
1097 4408 1157 4472 et
1201 4389 1647 4472 pleris_que_mss.
1698 4389 1920 4472 retinuit

310 4463 740 4543 intelligentiam:
768 4471 920 4540 cujus
949 4470 1067 4525 loco
1096 4463 1312 4538 Lipsius
1337 4463 1535 4521 deinde
1562 4463 1739 4534 posuit
1763 4463 1914 4531 ignoo

312 4548 561 4602 matiam.

388 4618 460 4688 (c)
492 4617 583 4672 Sic
611 4630 741 4671 mss.
771 4612 836 4669 At
864 4612 993 4668 editi
1016 4653 1030 4675 ,
1076 4610 1145 4665 ad
1184 4607 1357 4688 impia:
1396 4605 1629 4662 stultitia:
1656 4602 1918 4674 furorem:

314 4701 370 4747 et
394 4680 528 4743 mox
549 4731 565 4753 ,
597 4701 924 4757 cognosceres
945 4726 958 4745 ,
974 4699 1096 4757 non
1125 4680 1467 4757 cognovisses.

388 4760 470 4835 (ιι)
503 4743 697 4835 hinni)
725 4757 914 4835 codice
949 4743 1114 4835 Vatia.
1164 4743 1409 4835 pingas.-
1453 4748 1647 4835 tnale,
1672 4754 1753 4835 ιιιΔ
1776 4743 1912 4835 Ltt'd.

317 4816 532 4888 Mirants
563 4831 673 4900 jam
704 4828 948 4900 notavit;
973 4828 1062 4897 qui
1107 4816 1225 4895 post
1259 4816 1541 4900 Erasmnm
1575 4826 1785 4900 monet,
1822 4816 1914 4870 Hi-

317 4890 706 4974 lariunrv’erbo
736 4890 1222 4974 disproﬁcércfpro
1246 4894 1582 4974 degenerare,
1606 4890 1739 4945 alias
1761 4902 1915 4974 usum

316 4959 460 5031 esse.
505 4972 744 5042 Uterque
788 4959 930 5025 haud
958 4959 1385 5042 dubie'respe'xit
1414 4964 1466 5018 in
1494 4962 1592 5042 lib:
1617 4976 1705 5042 ιιι.
1735 4977 1791 5014 ιι.
1829 4959 1917 5042 ῌξ

318 5047 392 5102 ibi
442 5054 623 5099 tamen
658 5033 786 5099 'eatn
830 5042 940 5097 vim
990 5040 1210 5095 verbum
1244 5033 1374 5090 illud
1408 5049 1510 5089 non
1543 5033 1784 5095 obtinet,
1818 5033 1921 5084 nisi

316 5116 557 5173 accessio
568 5130 635 5169 ne
660 5129 852 5168 vocum
878 5114 933 5167 in
958 5109 1285 5185 genere._lli_c
1310 5122 1440 5161 vero
1465 5104 1752 5185 disproﬁcit
1797 5115 1919 5185 cum

319 5188 593 5257 adjunctis
621 5194 779 5241 sonat
823 5180 1095 5240 recessum
1137 5182 1207 5257 ab
1249 5182 1480 5233 humana
1510 5180 1819 5257 sapientia:
1864 5180 1922 5226 ut

317 5245 410 5330 qui
441 5260 674 5332 primum
709 5263 1041 5332 recesserant
1069 5269 1098 5307 a
1130 5252 1235 5332 ﬁde
1262 5257 1480 5332 propter
1510 5245 1801 5332 humanam
1832 5258 1920 5332 ra-

320 5318 558 5398 tionein,
586 5328 803 5385 demum
848 5326 1095 5381 lum-retica
1137 5318 1465 5398 hebetudine
1492 5318 1569 5398 ὀὶ)
1612 5329 1922 5398 praeduce-

320 5414 468 5476 ptam
498 5388 808 5476 opinionem
840 5399 910 5452 ab
953 5399 1185 5476 humana
1213 5388 1920 5476 etiam.ratione'deﬁcj‘ant.

394 5474 465 5549 (e)
514 5459 630 5529 Uuo
660 5488 726 5527 ex
767 5468 1170 5549 recentioribus
1188 5480 1321 5549 mss.
1353 5461 1732 5549 derttittalii(ent.
1780 5459 1926 5549 RIeti-

321 5530 560 5603 nendum
588 5560 712 5599 cum
738 5543 862 5615 aliis
885 5539 1322 5615 iudemutubiliem
1343 5576 1358 5601 ,
1386 5550 1517 5615 quae.
1536 5533 1657 5615 scil:
1685 5547 1715 5586 ιι
1739 5530 1927 5615 volun:

324 5602 436 5672 tate
461 5616 726 5673 demutari
751 5630 815 5670 ac
835 5611 1094 5669 declinari
1124 5625 1230 5664 non
1257 5602 1444 5676 possit.
1473 5604 1542 5661 Ut
1569 5603 1714 5676 enim
1742 5602 1930 5676 deﬁnit

320 5691 657 5758 Augustinus
698 5687 790 5758 lib.
834 5701 948 5747 stv,
991 5684 1059 5737 de
1095 5681 1211 5758 Civ.
1250 5673 1338 5733 Dei
1368 5693 1417 5732 c.
1450 5677 1550 5731 15:
1581 5675 1733 5758 dolor
1757 5673 1930 5758 carnis
2018 5712 2025 5719 .

323 5745 680 5816 tani'ummodo
705 5745 943 5824 o/i'ensto'
960 5770 1033 5809 est
1079 5755 1264 5807 attinnt:
1289 5767 1352 5804 ea:
1377 5764 1567 5824 carne,
1591 5755 1657 5824 ⁸εἰ
1697 5745 1933 5824 quadam

323 5833 391 5888 ab
424 5838 546 5902 ejus
574 5816 1121 5902 passionegdissensio;
1147 5821 1491 5902 sicutanimw
1515 5816 1753 5902 dolor.
1787 5857 1799 5869 .
1831 5816 1938 5902 dis-

326 5884 497 5960 initis
526 5884 622 5955 In
666 5901 729 5954 ‘ab
782 5900 861 5955 his
907 5897 1059 5953 rebus
1103 5884 1221 5965 quia
1269 5885 1414 5949 nobis
1464 5884 1751 5946 nolentibus
1799 5885 1934 5943 actis

1947 4761 2051 4850 DS

2022 3383 2136 3429 tute
2169 3371 2483 3428 distentum.
2525 3370 2590 3425 Et
2629 3378 2877 3425 naturam
2916 3367 3054 3423 hanc
3094 3368 3280 3423 mundi
3308 3368 3620 3434 dominam.

2020 3482 2087 3523 ac
2125 3467 2373 3523 libertate
2412 3463 2670 3535 spiritalis
2714 3462 2933 3517 virtutis
2977 3463 3330 3528 immensam,
3372 3477 3478 3517 non
3518 3461 3625 3517 sibi

2024 3570 2235 3616 terrore
2261 3559 2453 3614 mortis
2478 3556 2740 3629 gehennae
2767 3555 2935 3611 chaos
2963 3555 3231 3622 vindicat,
3259 3570 3362 3625 qua
3390 3555 3624 3626 paradisi

2023 3652 2230 3708 deliciae
2258 3666 2448 3707 carere
2471 3665 2576 3706 non
2605 3657 2850 3720 possunt.
2883 3646 3121 3703 Futurus
3158 3648 3303 3703 enim
3341 3647 3396 3703 in
3434 3648 3625 3705 inferis

2028 3743 2324 3809 Dominus,
2350 3752 2406 3798 et
2431 3742 2482 3797 in
2512 3741 2763 3812 paradiso
2789 3748 2868 3795 est
2897 3738 3128 3796 futurus.
3173 3740 3373 3795 Deseca
3413 3740 3479 3795 ad
3513 3756 3627 3796 me-

2029 3846 2139 3894 tum
2168 3852 2341 3906 pinna:
2369 3846 2574 3890 natura:
2602 3832 2983 3888 indesccabilis
3009 3832 3342 3901 portionem:
3374 3830 3453 3903 (It)
3478 3842 3533 3888 et
3558 3832 3627 3889 de

2027 3927 2246 3985 Christo
2273 3937 2328 3984 et
2352 3925 2497 3998 apud
2526 3923 2730 3981 inferos
2757 3938 2896 3994 pone
2922 3921 3065 3995 quod
3089 3920 3303 3990 doleat,
3344 3934 3400 3981 et
3440 3923 3493 3979 in
3532 3938 3628 3995 pa.-

2022 4173 2166 4248 dunt.
2211 4172 2321 4248 Hac
2358 4170 2569 4248 ratione
2602 4171 2849 4248 nonnulli
2889 4172 3198 4248 philosophi
3235 4176 3508 4246 explicant
3531 4179 3627 4248 qui

2022 4243 2196 4319 Adam
2242 4246 2503 4319 innocens
2528 4242 2741 4319 doloris
2758 4242 2953 4315 expers
2980 4242 3173 4315 fuerit,
3202 4242 3325 4319 quia
3366 4242 3626 4304 nimirum

2022 4316 2305 4440 dﬁtnntare
2333 4315 2572 4383 valeret,
2599 4315 2742 4386 quod
2769 4332 2833 4372 ex
2876 4333 2938 4374 se
2977 4330 3160 4375 natum
3202 4315 3349 4378 esset
3382 4320 3628 4377 dolorem

2024 4401 2054 4440 c
2100 4402 2262 4440 ICBI‘e.

2024 4401 2262 4442 elucere.

2121 4456 2178 4527 f)
2212 4458 2268 4513 In
2300 4457 2548 4527 vulgatis,
2575 4457 2756 4511 doleri.

2121 4458 2178 4527 f)
2212 4458 2268 4513 In
2300 4458 2548 4527 vulgatis,
2575 4458 2756 4511 doleri.

2093 4458 2169 4602 ig)
2203 4529 2293 4586 Sic
2330 4529 2705 4604 castigatiores
2744 4544 2876 4585 mss.
2901 4532 3095 4604 quibus
3122 4531 3304 4589 favent
3331 4535 3501 4604 prima
3530 4538 3632 4591 hu-

2017 4601 2110 4670 jus
2121 4601 2342 4674 numeri
2378 4601 2534 4674 verba
2554 4641 2570 4667 ,
2598 4609 2653 4674 et
2684 4608 2956 4674 postrema
2985 4619 3038 4657 ιι.
3065 4602 3100 4657 2
3129 4612 3289 4659 tract.
3331 4601 3484 4674 'psal.
3508 4621 3624 4660 ωιι.

2020 4674 2078 4729 In
2108 4673 2316 4799 aliquolt
2343 4673 2497 4739 aliis,
2531 4682 2587 4727 ut
2620 4673 2671 4725 in
2697 4673 2950 4745 vulgatis,
2979 4690 3294 4732 consensus:
3324 4673 3485 4732 lectio
3517 4692 3627 4731 non

2025 4760 2258 4799 snerncn
2302 4761 2353 4799 a.

2092 4760 2353 4800 erm-nua.

2195 4764 2220 4795 l'
2338 4784 2353 4799 ο

2058 4761 2187 4884 pia/li)l
2209 4761 2359 4871 53:6
2383 4832 2497 4871 vero
2518 4815 2775 4888 spiritum.
2802 4816 2971 4885 inquit
2994 4815 3370 4875 Theodoretus
3392 4820 3442 4873 in
3469 4818 3620 4874 Dem.

2020 4888 2164 4958 quod
2198 4888 2437 4947 itnnatib.
2472 4887 2840 4953 sitdivinitas,
2870 4888 3053 4944 Ariani
3076 4899 3124 4944 et
3149 4889 3464 4946 Eunomiani
3491 4891 3626 4945 divi-

2023 4962 2235 5015 nitatem
2266 4958 2531 5030 Unigeuili
2561 4976 2667 5014 esse
2696 4960 2893 5015 dicunt.
2926 4960 3228 5017 Inanimum
3265 4964 3401 5018 enim
3438 4978 3624 5034 corpus

2020 5040 2345 5093 assumptum
2383 5040 2585 5101 putant.

2101 5101 2162 5171 (i)
2200 5104 2255 5176 I_t_t
2278 5102 2544 5176 (Vulgatis:
2580 5111 2742 5176 metus
2765 5119 2783 5168 ;
2813 5110 2871 5158 et
2899 5114 3083 5174 postea
3105 5144 3121 5171 ,
3152 5106 3290 5176 regio
3318 5113 3393 5159 est
3418 5103 3629 5158 conclu-

2025 5174 2169 5228 dens.
2203 5174 2380 5227 Etiam
2411 5172 2499 5246 bic
2531 5173 2884 5246 perspicuum
2904 5172 2983 5230 est
3002 5215 3019 5242 ,
3050 5172 3251 5232 naturis
3288 5184 3625 5246 potestatem,

2026 5260 2147 5315 quae
2178 5260 2203 5295 a
2230 5251 2384 5315 (metu
2414 5242 2687 5315 eximitur,
2724 5243 3059 5302 divinitatem
3091 5242 3338 5311 intelligi.

2103 5316 2180 5388 (j),
2197 5314 2314 5388 Non
2355 5330 2455 5383 qua
2490 5313 2630 5388 ﬁ|i_us
2653 5314 2918 5388 hominis,
2946 5317 3043 5388 sed
3070 5332 3174 5386 qua
3207 5318 3316 5373 ﬁlio
3354 5316 3449 5372 Dei
3501 5331 3628 5387 per-

2033 5384 2292 5442 sonaliter
2321 5396 2523 5440 anuus.
2551 5384 2935 5453 Respiciuntur
2953 5384 3153 5445 Christi
3177 5389 3339 5444 verba
3361 5384 3516 5444 Joan.
3545 5403 3626 5453 ιιι,

2037 5459 2125 5514 1⁸5.
2162 5460 2273 5514 lloc
2302 5456 2550 5528 loquendi
2581 5457 2743 5511 modo
2785 5458 3018 5514 Hilarius
3051 5459 3175 5515 dum
3215 5460 3385 5516 solam
3425 5459 3624 5514 divini-

2039 5540 2203 5584 tatem
2231 5531 2299 5587 ab
2329 5530 2579 5584 humanis
2616 5528 2991 5585 atl'ectionibus
3019 5531 3255 5587 vindicat
3279 5574 3295 5599 ,
3346 5530 3617 5586 interdum

2038 5602 2208 5655 νὶἀιϊί
2242 5609 2419 5667 potest
2447 5600 2616 5668 ipsam
2640 5602 2802 5654 etiam
2828 5614 3046 5656 carnem
3075 5605 3335 5659 eximere.

2116 5672 2191 5745 (Ir)
2229 5672 2397 5727 Vatic.
2432 5672 2547 5745 bas.
2578 5671 2787 5745 codex__,
2816 5681 2865 5745 et
2891 5672 2958 5724 da
2974 5671 3197 5729 Christo.
3226 5674 3419 5729 Verius
3444 5672 3557 5738 alii,
3580 5680 3632 5727 et

2038 5746 2102 5798 de
2126 5741 2330 5800 Christo
2350 5785 2366 5809 ,
2398 5742 2517 5799 scil.
2553 5759 2701 5810 pone.
2735 5741 2916 5798 Multis
2961 5745 3135 5801 modis
3192 5745 3279 5802 hic
3308 5746 3541 5800 declarat
3567 5744 3630 5798 li«

2039 5816 2124 5871 dei
2152 5817 2431 5889 catholicae
2459 5814 2930 5889 drelensor,gquum
2958 5824 3203 5874 naturam
3224 5818 3363 5875 velit
3392 5817 3473 5889 “ab
3523 5816 3626 5883 Ιιιιτ

2039 5882 2608 5944 tuatiisaﬁectionibus
2649 5882 2979 5957 immunem,
3013 5890 3268 5946 nimirum
3328 5905 3341 5944 :
3388 5882 3626 5943 naturam
