4286 6264
657 371 755 427 571

1870 370 2109 427 SANCTI
2149 368 2405 427 illLAlill
2454 369 2753 427 liPlFCOi‘l

3852 375 3962 428 τε

658 486 840 544 radiso
876 487 1122 559 relinque
1158 486 1300 558 quod
1340 494 1548 557 regnet.
1592 486 1755 542 Latro
1794 486 1938 543 enim
1982 493 2153 558 rogat,
2198 493 2255 541 ut
2280 488 2335 550 Α
2363 487 2568 542 tristem
2592 501 2715 541 esse
2742 499 2909 556 usque
2931 485 2995 540 ad
3018 492 3266 541 mortem.
3303 485 3370 558 (Γ)
3400 483 3516 541 Non
3543 486 3686 542 enim
3713 486 3959 557 ejusdem

660 578 740 634 sui
770 579 823 634 in
852 594 1017 649 regno
1043 592 1140 633 suo
1167 578 1495 634 meminerit.
1526 577 1625 646 Et,
1655 578 1843 646 credo,
1872 592 1994 634 eum
2022 578 2087 632 ad
2119 578 2254 634 hanc

661 671 835 728 beatas
859 670 1213 728 confessionis
1241 671 1400 728 ﬁdem
1421 714 1435 739 ,
1462 673 1676 728 auditus
1701 680 2017 728 transeunte
2048 672 2255 743 palmas

657 764 813 819 clavo
839 764 1069 835 gemitus
1091 764 1366 821 accendit:
1396 772 1454 820 et
1477 780 1700 836 regnum
1735 763 1935 821 Christi
1969 780 2067 835 per
2102 764 2256 821 dolo-

657 870 774 910 rem
801 854 885 925 (i)
914 854 1172 911 inﬁrmati
1198 855 1272 928 (a)
1306 856 1358 911 in
1384 853 1600 912 Christo
1636 858 1881 928 corporis
1915 856 2125 912 didicit.
2160 855 2256 912 ille

656 946 1023 1018 dignationem
1057 948 1458 1005 reminiscentis
1483 951 1533 1004 in
1560 964 1728 1019 regno
1754 948 2023 1019 postulat:
2052 953 2109 1003 tu
2135 962 2258 1004 cru-

656 1040 736 1095 cis
760 1048 991 1096 mortem
1017 1040 1082 1095 ad
1112 1050 1315 1096 metum
1342 1041 1589 1112 deputas.
1636 1040 1897 1097 Dominus
1921 1041 2260 1095 communio-

657 1146 782 1189 nem
806 1133 854 1189 ei
873 1134 1105 1203 paradisi
1134 1150 1258 1190 mox
1284 1135 1596 1206 pollicetur:
1627 1142 1681 1189 tu
1700 1135 1967 1192 Christum
1996 1137 2048 1189 in
2074 1132 2260 1190 inferis

657 1228 760 1282 sub
788 1229 987 1299 poenali
1016 1236 1225 1284 terrore
1248 1228 1546 1286 concludis.
1593 1230 1831 1286 Diversae
1856 1230 1968 1299 spei
1997 1229 2131 1284 fides
2156 1228 2260 1284 ista

660 1331 762 1378 est.
804 1321 1120 1378 Paradisum
1160 1324 1354 1379 meruit
1391 1322 1492 1379 sub
1526 1338 1690 1379 cruce
1727 1324 1892 1390 latro,
1935 1323 2259 1394 pendentem

660 1415 938 1473 Christum
966 1416 1250 1473 confessus
1276 1417 1331 1472 in
1358 1432 1559 1488 regno:
1590 1417 1644 1472 iu
1679 1431 1852 1488 preme
1886 1416 1964 1492 (b)
1997 1431 2126 1472 vero
2159 1417 2259 1471 do-

659 1508 778 1564 lore
802 1517 859 1564 et
881 1516 1027 1564 metu
1057 1511 1249 1564 mortis
1273 1507 1550 1566 Christum
1587 1493 1888 1581 deputans;
1923 1519 1976 1565 et
2009 1508 2262 1582 paradiso

662 1614 887 1657 necesse
913 1611 994 1659 est
1022 1601 1101 1674 (Ξ)
1127 1601 1204 1656 sis
1228 1602 1502 1657 cariturus
1525 1608 1583 1657 et
1608 1616 1797 1671 regno.

734 1692 824 1750 35.
855 1693 1130 1768 Epilogus,
1160 1695 1311 1765 quale
1337 1692 1530 1751 Christi
1555 1711 1763 1766 corpus.
1799 1724 1868 1737 ——
1910 1695 2138 1752 Collatia
2161 1695 2262 1767 igi-

666 1795 751 1843 tur
776 1788 1040 1844 dictorum
1065 1798 1227 1859 atque
1254 1801 1529 1861 gestorum
1548 1791 1838 1848 virtutibus
1857 1831 1874 1859 ,
1896 1789 2262 1846 demonstrari

2357 578 2768 649 signiﬁcationis
2805 586 2925 642 cst,
2981 576 3187 633 tristem
3243 592 3365 633 esse
3415 586 3637 649 propter
3694 590 3956 647 mortem,

2358 681 2411 728 et
2437 673 2645 727 tristem
2678 687 2803 728 esse
2854 685 3023 742 usque
3045 671 3109 726 ad
3140 681 3365 727 mortem
3392 686 3408 727 :
3439 673 3562 744 quia
3605 672 3693 729 ubi
3739 681 3960 744 propter

2359 772 2585 819 mortem
2614 762 2830 817 tristitia
2855 774 2971 830 est,
3004 762 3115 818 illic
3139 763 3251 833 ipsa
3313 779 3462 820 mors
3518 777 3682 820 causa
3728 763 3960 821 tristitite

2360 864 2475 922 est;
2502 856 2589 912 ubi
2622 871 2752 911 vero
2798 856 3013 911 tristitia
3044 872 3215 927 usque
3259 857 3327 911 ad
3369 866 3598 912 mortem
3649 864 3766 924 est,
3813 870 3960 912 mors

2362 966 2469 1006 non
2497 951 2606 1020 jam
2636 950 2867 1006 tristitia:
2887 958 3187 1018 estcausa,
3219 951 3313 1006 sed
3352 951 3492 1005 ﬁnis.
3536 951 3636 1018 Qui
3667 966 3797 1020 ergo
3852 966 3959 1005 non

2364 1054 2584 1116 propter
2614 1054 2877 1110 mortem,
2907 1043 3001 1099 sed
3030 1059 3199 1114 usque
3246 1043 3312 1098 ad
3363 1053 3590 1100 mortem
3625 1044 3793 1100 tristis
3842 1053 3959 1111 est,

2362 1136 2712 1208 qurereudum
2734 1145 2815 1192 est
2844 1138 2984 1192 unde
3010 1138 3076 1191 sit
3103 1138 3289 1192 tristis.
3317 1136 3512 1194 Tristis
3542 1147 3725 1194 autem
3750 1153 3855 1193 non
3885 1139 3965 1201 itt-

2363 1226 2623 1301 certo(5)
2667 1243 2843 1300 neque
2903 1227 2979 1301 (g)
3025 1228 3308 1284 indeﬁnito
3357 1229 3605 1285 humana:
3652 1231 3966 1301 ignorantiae

2367 1329 2642 1391 tempore,
2675 1320 2768 1375 sed
2810 1335 2978 1390 usque
3027 1320 3094 1375 ad
3141 1330 3390 1377 mortem.
3433 1319 3585 1377 Adeo
3631 1330 3811 1377 autem
3854 1338 3965 1378 non

2368 1420 2590 1484 propter
2614 1422 2842 1469 mortem
2872 1422 3123 1484 suscepta
3156 1413 3372 1469 tristitia
3403 1426 3484 1470 est
3508 1456 3525 1483 ,
3551 1422 3611 1470 ut
3635 1415 3707 1471 sit
3734 1412 3967 1472 destitu-

2365 1513 2419 1562 ta
2450 1521 2549 1577 per
2573 1514 2824 1563 mortem.

2438 1600 2529 1656 37.
2547 1598 2790 1654 Tristitia:
2810 1596 3001 1654 Christi
3020 1597 3299 1655 causa.Cui
3313 1608 3549 1670 precetur
3564 1598 3774 1655 calicem
3795 1607 3967 1657 trans-

2366 1696 2464 1753 ire.
2496 1693 2631 1750 Duo:
2665 1693 2856 1749 Christi
2891 1693 3192 1750 voluntates.
3218 1724 3287 1734 —
3315 1693 3382 1750 Et
3402 1704 3461 1749 ut
3486 1707 3703 1750 causam
3734 1694 3966 1750 tristitiae

2371 1787 2669 1859 intelligere
2690 1788 2993 1858 possimus,
3019 1785 3298 1842 videamus
3330 1786 3457 1858 quid
3487 1786 3627 1843 hanc
3675 1786 3968 1859 professio-

665 1896 770 1937 non
795 1881 1102 1952 ambiguum
1132 1890 1250 1949 est,
1277 1882 1329 1937 in
1353 1892 1545 1938 natura
1601 1882 1719 1953 ejus
1760 1884 2006 1953 corporis
2033 1881 2257 1939 inﬁrmi-
2286 1887 2335 1948 B
2364 1895 2486 1936 nem
2510 1877 2740 1934 tristitia:
2761 1879 2846 1935 vel
2876 1880 3237 1950 praecesserit,
3266 1879 3351 1934 vel
3374 1889 3754 1951 consequatur.
3774 1878 3965 1959 Totius

671 1983 835 2031 tatem
868 1985 1072 2030 natura:
1098 1990 1375 2046 corporeae
1402 1991 1508 2031 non
1536 1975 1718 2041 fuisse.
1745 1976 1830 2032 cui
1859 1977 1913 2032 in
1946 1978 2143 2033 virtute
2167 1992 2264 2033 na-

664 2077 800 2122 tura:
827 2068 991 2124 fuerit
1018 2083 1231 2124 omnem
1263 2083 1549 2138 corporum
1572 2068 1844 2139 depellere
1870 2068 2261 2137 inﬁrmitatem;

668 2168 725 2215 et
750 2159 1057 2230 passionem
1089 2159 1235 2214 illam
1257 2201 1272 2227 ,
1303 2159 1427 2214 licet
1457 2160 1601 2215 illata
1629 2159 1845 2230 corpori
1888 2162 1987 2227 sit,
2042 2176 2149 2216 non
2183 2172 2265 2216 ta-

668 2269 793 2308 men
813 2260 1056 2308 naturam
1085 2251 1301 2308 dolendi
1327 2257 1541 2323 corpori
1574 2251 1821 2309 intulisse
1869 2269 1884 2307 :
1926 2254 2051 2324 quia
2079 2268 2269 2325 quam-

671 2345 756 2399 vis
779 2343 950 2400 forma
976 2345 1221 2414 corporis
1249 2345 1422 2400 nostri
1448 2351 1596 2400 esset
1622 2344 1675 2398 in
1694 2344 1942 2411 Domino,
1959 2358 2064 2399 non
2091 2356 2269 2401 tamen

669 2435 743 2510 (c)
771 2436 823 2491 in
850 2436 1060 2491 vitiosae
1091 2435 1419 2492 inﬁrmitatis
1469 2442 1666 2491 nostra:
1691 2446 1834 2492 esset
1862 2451 2124 2508 corpore,
2177 2437 2269 2508 qui

670 2543 779 2582 non
823 2536 970 2585 esset
1019 2528 1072 2582 in
1117 2528 1355 2598 origine,
1411 2527 1555 2597 quod
1600 2542 1667 2585 ex
1706 2536 1988 2607 conceptu
2037 2528 2272 2599 Spiritus

669 2620 842 2675 sancti
873 2619 1033 2691 Virgo
1057 2620 1339 2691 progenuit
1368 2634 1382 2673 ι
1416 2620 1558 2690 quod
1589 2619 1716 2676 licet
1756 2634 1919 2676 sexus
1959 2623 2041 2677 sui
2091 2621 2272 2679 officio

670 2713 937 2783 genuerit,
973 2725 1152 2768 tamen
1181 2726 1289 2766 non
1309 2718 1542 2767 terrenae
1571 2711 1737 2785 ³46
1760 2712 2129 2784 conceptionis
2158 2729 2274 2771 sus-

670 2804 816 2876 cepit
834 2804 1119 2860 elemcntis
1146 2800 1248 2877 (ἀ).
1282 2802 1480 2860 Geuuit
1506 2804 1703 2859 etenim
1734 2819 1800 2859 ex
1831 2820 1891 2861 se
1916 2819 2142 2876 corpus,
2176 2806 2273 2862 sed

672 2896 818 2968 quod
843 2906 1164 2966 conceptum
1193 2903 1338 2953 esset
1364 2910 1433 2952 ex
1461 2895 1701 2965 Spiritu;
1732 2894 1942 2951 habens
1970 2898 2187 2968 quidem
2216 2899 2270 2954 in

673 3002 736 3044 se
756 2989 837 3043 sui
861 2986 1109 3059 carperis
1131 2989 1416 3043 veritatem
1434 3027 1448 3052 ,
1473 2987 1570 3043 sed
1596 3002 1702 3043 non
1728 2985 1935 3042 habens
1959 2998 2165 3044 natura:
2189 2990 2273 3045 in-

677 3078 987 3135 ﬁrmitatem
1020 3093 1035 3133 z
1062 3078 1190 3134 dum
1219 3088 1274 3135 et
1300 3093 1498 3147 corpus
1529 3076 1657 3132 illud
1688 3079 1935 3148 corporis
1964 3080 2162 3135 veritas
2192 3088 2276 3137 est

672 3172 814 3242 quod
844 3181 1134 3243 generatur
1154 3186 1218 3228 ex
1249 3171 1491 3240 virgine;
1540 3178 1595 3225 et
1620 3179 1771 3226 extra
1807 3172 2055 3242 corporis
2100 3175 2275 3230 nostri

2368 1974 2512 2029 enim
2567 1970 2839 2042 passionis
2897 1979 2953 2028 et
3003 1969 3125 2028 fidei
3170 1973 3487 2045 mysterium
3538 1984 3967 2028 consummatum

2369 2063 2584 2136 pascha:
2613 2078 2770 2120 ccena
2797 2062 2970 2120 fuerat
3003 2079 3098 2136 per
3129 2065 3438 2122 Dominum.
3470 2065 3551 2139 (h)
3590 2065 3827 2137 Postque
3846 2066 3969 2121 uni-

2369 2171 2648 2213 versormn
2676 2155 2730 2210 in
2771 2169 2831 2211 se
2860 2155 3176 2211 scandalum
3200 2155 3356 2212 docet
3384 2154 3603 2226 (Matth.
3631 2170 3756 2212 xxv:
3778 2197 3795 2222 ,
3815 2156 3878 2212 3i
3918 2163 3969 2211 et

2372 2247 2490 2322 δε),
2518 2248 2612 2304 sed
2639 2262 3036 2319 prtecessurum
3059 2262 3119 2304 se
3166 2263 3260 2304 eos
3290 2248 3344 2304 in
3391 2248 3670 2305 Galilmam
3703 2246 3973 2315 promittit

2373 2341 2536 2416 (Ibid.
2558 2342 2674 2413 55).
2697 2342 2915 2409 Petrus,
2939 2341 3150 2398 caeteris
3173 2342 3295 2399 licet
3321 2342 3786 2409 scandalizaturis,
3811 2355 3872 2397 se
3894 2351 3975 2396 ta-

2373 2443 2554 2491 tamen
2582 2451 2687 2490 nou
2719 2435 3206 2491 scandalizaturum
3233 2435 3499 2492 constanti
3529 2435 3634 2490 ﬁde
3658 2433 3971 2506 spopondit.

2372 2528 2481 2585 Sed
2508 2528 2768 2583 Dominus
2790 2544 2886 2599 per
2915 2538 3161 2584 naturam
3183 2527 3279 2584 Dei
3330 2544 3435 2583 non
3461 2526 3682 2598 ignarus
3707 2524 3975 2599 gerendo-

2374 2639 2494 2679 rum
2515 2666 2530 2690 ,
2561 2632 2643 2678 ter
2669 2637 2793 2678 eum
2825 2630 3142 2694 negaturum
3171 2637 3234 2678 se
3276 2637 3400 2679 esse
3424 2622 3704 2693 respondit
3736 2638 3750 2675 :
3781 2631 3840 2676 ut
3865 2634 3975 2676 ca:-

2375 2726 2615 2772 terorum
2641 2714 2955 2772 scandalum
2980 2715 3372 2788 intelligeretur
3401 2730 3469 2769 ex
3499 2715 3695 2780 Petro,
3726 2727 3851 2768 cum
3882 2712 3977 2769 ille

2375 2809 2430 2863 in
2460 2816 2569 2863 tam
2589 2823 2754 2878 grave
2782 2808 2901 2863 ﬁdei
2929 2808 3226 2879 periculum
3255 2822 3380 2863 eum
3407 2814 3487 2864 ter
3510 2806 3761 2877 negando
3791 2806 3857 2881 (i)
3879 2822 3974 2862 rc-

2376 2900 2601 2957 cideret.
2631 2899 2768 2955 Tum
2802 2900 2889 2954 ille
2918 2900 3212 2969 assumptis
3240 2898 3436 2965 Petro,
3460 2897 3663 2953 Iacobo
3686 2906 3739 2954 et
3764 2897 3977 2956 Joanne

2376 2992 2540 3067 (Ibid.
2560 2993 2675 3067 37),
2691 2994 2901 3049 duobus
2923 2992 2991 3048 ad
3017 2993 3329 3064 martyrium
3346 2990 3718 3064 357electis,
3739 3000 3794 3046 et
3810 2991 3962 3046 Joan-

2377 3102 2444 3141 ne
2476 3088 2527 3141 in
2566 3084 3000 3155 praedicationem
3039 3083 3313 3156 Evangelii
3346 3083 3611 3139 lirmaudo
3635 3126 3650 3151 ,
3677 3082 3886 3139 tristem
3914 3098 3976 3140 se

2379 3190 2548 3248 usque
2578 3176 2644 3231 ad
2679 3186 2905 3231 mortem
2940 3176 3213 3246 professus
3256 3183 3359 3231 est.
3390 3174 3597 3231 Deinde
3621 3188 3972 3246 progressus,

674 3267 1045 3323 inﬁrmitatem
1069 3273 1155 3322 est
1177 3308 1193 3332 ,
1224 3249 1367 3336 quoii
1400 3264 1663 3337 spiritalis
1688 3255 2062 3338 conceptionis
2090 3284 2275 3342 sump-
2301 3273 2348 3339 C
2378 3271 2554 3326 oravit
2573 3270 2761 3325 dicens
2787 3288 2800 3325 :
2832 3266 2994 3324 Pater
3020 3286 3185 3335 meus,
3212 3269 3258 3323 si
3282 3267 3526 3342 possibile
3550 3277 3655 3335 est,
3685 3277 3904 3323 transeat
3943 3284 3977 3322 is

669 3360 743 3416 sit
762 3359 1065 3414 exordium.

747 3454 836 3510 56.
868 3452 1089 3508 Tristem
1108 3467 1219 3507 esse
1241 3467 1402 3522 usque
1425 3451 1497 3505 ad
1523 3460 1740 3506 mortem
1780 3453 1923 3524 quid.
1948 3484 2019 3495 —
2037 3453 2147 3510 Sed
2177 3458 2272 3512 niti

675 3546 962 3603 adversum
990 3543 1059 3618 (e)
1100 3543 1409 3614 apostolica:
1435 3543 1559 3598 ﬁdei
1605 3545 2121 3604 demonstrationem
2166 3550 2275 3604 lue-

675 3640 830 3696 retici
860 3638 1111 3694 videntur
1133 3636 1236 3691 hoc
1257 3635 1402 3691 dicto
1434 3653 1448 3688 :
1481 3634 1667 3691 Tristis
1689 3646 1765 3691 est
1785 3639 1963 3694 citima
1983 3657 2095 3694 mea
2116 3658 2276 3712 usque

676 3733 749 3790 ad
769 3742 981 3788 mortem
1011 3728 1229 3804 (Matth.
1257 3745 1411 3794 nvr,
1441 3728 1558 3801 58),
1586 3739 1643 3785 ut
1665 3730 1934 3801 profeésio
1979 3734 2095 3804 ejus
2115 3775 2130 3800 ,
2185 3737 2277 3806 qui

677 3840 740 3882 se
771 3825 981 3881 tristem
1003 3823 1114 3890 ait,
1142 3834 1354 3881 naturae
1378 3821 1749 3877 inﬁrmitatem
1768 3861 1784 3887 ,
1823 3837 1919 3894 per
1940 3824 2095 3895 cujus
2117 3840 2278 3883 cons-

678 3917 932 3975 cientiam
954 3915 1125 3972 tristis
1144 3913 1372 3989 emperjt
1411 3927 1566 3980 esse,
1619 3922 1863 3970 testatur.
1912 3916 1990 3972 Ac
2041 3917 2274 3988 primum

678 4011 932 4067 humanae
984 4006 1351 4079 intelligentiae
1392 4020 1612 4063 sensum
1668 4006 1980 4080 interrogo,
2033 4010 2159 4082 quid
2206 4013 2277 4071 sit

678 4196 688 4249 ξ
754 4171 843 4318 (l;
866 4170 1189 4253 Inﬁrmitati,
1220 4169 1387 4227 male.

752 4246 812 4318 (2
861 4245 944 4303 Sit
969 4252 1248 4299 cariturus.

752 4245 843 4319 (2)
861 4245 944 4303 Sit
969 4245 1248 4299 cariturus.

682 4383 862 4441 mundi
889 4380 1171 4446 dominam,
1199 4379 1531 4443 immensam,
1560 4395 1663 4448 qua
1688 4381 1921 4449 paradisi
1942 4383 2143 4441 tlelieite
2185 4401 2274 4440 ca-

680 4473 793 4513 rere
820 4470 921 4530 non
946 4460 1199 4530 possunt,
1246 4464 1366 4530 quas
1396 4462 1596 4507 notarat
1620 4451 1976 4511 iadesecabilis
2001 4457 2054 4510 in
2092 4458 2274 4530 inferis

681 4526 845 4585 simul
865 4536 913 4581 et
938 4522 993 4579 in
1010 4522 1253 4596 paradiso
1276 4523 1363 4576 sit.

755 4598 835 4672 (a)
866 4598 956 4675 Sic
977 4592 1235 4675 praecipui
1267 4592 1569 4675 mssz‘ﬂat.
1622 4593 1762 4662 bas.,
1793 4594 1949 4675 Colb.
1991 4606 2099 4675 etc.
2132 4598 2273 4675 Editi

755 4610 835 4672 (a)
866 4610 956 4652 διο
1019 4610 1235 4676 raecipiti
1267 4610 1399 4675 mss.
1456 4610 1569 4677 voss.
1623 4610 1762 4662 nas.,
1793 4610 1949 4652 com.
1991 4610 2099 4654 etc.
2133 4610 2273 4654 ισῑιι

682 4687 814 4793 13::
832 4610 1226 4793 higpalg'mitatts
1278 4680 1332 4718 ιη
1377 4661 1569 4719 Christi
1603 4680 1840 4737 corpore.
1889 4666 2022 4735 Qum
2069 4671 2273 4727 ironice

756 4750 810 4797 nt
835 4741 997 4794 dicta.

684 4759 1183 4884 su?;)ullt?2it_lgatis
1203 4847 1219 4871 ,
1252 4805 1305 4884 in
1333 4820 1498 4884 patitur.t
1518 4820 1640 4884 ergo
1669 4805 1886 4874 dolore;
1916 4816 1973 4864 et
2000 4824 2127 4866 mox
2148 4852 2163 4878 ,
2216 4813 2283 4867 sit

684 4875 962 4941 cariturus.
986 4875 1355 4934 Concinunior
1379 4884 1464 4931 est
1482 4875 1644 4932 lectio
1672 4893 1805 4936 mss.

760 4952 829 5029 (c)
854 4949 1048 5029 Excusi
1074 4948 1200 5013 ,ltic
1230 4948 1437 5029 omisso
1488 4948 1579 5014 in,
1633 4951 2124 5029 morsubjiciuut,
2173 4956 2285 5029 for-

685 5021 777 5082 ma"
807 5021 934 5079 esset
959 5021 1011 5074 in
1037 5034 1253 5090 corpore
1277 5021 1366 5089 qui
1393 5034 1495 5072 non
1515 5029 1622 5075 etc.
1651 5023 1985 5092 castigantur
2007 5038 2073 5080 ex
2095 5021 2286 5081 melio-

683 5099 836 5153 ribus
865 5108 997 5149 mss.

760 5167 840 5239 (tl)
879 5164 997 5231 Vat.
1034 5162 1149 5219 itas.
1176 5160 1387 5239 cedes,
1417 5163 1681 5239 susceptis
1727 5164 2006 5239 elementis.
2032 5165 2274 5239 Eodem

688 5231 852 5295 sensu
881 5249 1044 5307 supra
1079 5250 1133 5288 η.
1167 5234 1273 5307 i5,
1329 5231 1545 5302 legitur,
1573 5238 1822 5307 susceptis
1851 5238 2155 5307 originibus.
2198 5239 2276 5294 ita

686 5319 846 5365 caute
877 5304 1111 5381 llilarius
1142 5303 1416 5360 Christum
1431 5319 1548 5381 non
1566 5303 1847 5381 communi
1879 5303 2001 5381 lege
2048 5325 2283 5381 εοηιιρρ-

690 5393 805 5435 tum
835 5377 1128 5450 praedicat,
1154 5386 1211 5433 ut
1232 5388 1403 5430 sacrm
1431 5374 1638 5450 Virgini
1666 5380 1902 5433 materni
1933 5374 2154 5436 honoris
2189 5374 2281 5437 ve-

690 5444 913 5531 ritate—ui.
932 5447 1190 5531 continuo
1215 5454 1442 5531 asserat.
1471 5444 1659 5530 Genuit
1680 5451 1863 5531 etenim
1903 5465 1968 5505 ea;
1993 5467 2049 5505 se
2070 5467 2281 5531 corpus.

760 5519 832 5605 (ε)
859 5520 1003 5600 Lips.
1030 5525 1087 5572 et
1115 5519 1235 5573 Par.
1268 5532 1339 5572 ex
1364 5517 1575 5572 Erasmi
1625 5522 1867 5603 margine
1886 5562 1901 5586 ,
1932 5517 2236 5593 evangelica:
2260 5540 2273 5577 :

688 5592 1226 5663 olinitetrtibits_inss.
1242 5587 1349 5663 Sed
1373 5599 1430 5643 et
1457 5603 1618 5659 supra
1648 5604 1805 5646 itttlto
1828 5608 1976 5663 num.
1995 5593 2066 5649 26
2087 5593 2280 5663 prmdi-

687 5676 843 5721 catur
867 5654 1154 5731 apostolica
1191 5659 1359 5731 ﬁdes,
1391 5654 1856 5731 nonevangelica.
1892 5654 2154 5720 Nimirum
2194 5680 2280 5721 re-

694 5728 920 5808 spicitur
948 5728 1078 5808 illud
1096 5728 1449 5808 ApoSlttll,_in
1476 5728 1812 5786 similitudine
1834 5734 2058 5789 hominis
2086 5739 2274 5808 factus,

692 5798 792 5858 etc.
835 5802 907 5868 de
925 5814 1030 5868 quo
1060 5799 1322 5868 hactenus
1349 5798 1681 5868 disputatum
1703 5813 1807 5857 est.

765 5868 814 5941 (Ι
832 5872 853 5938 )
871 5865 1112 5925 Tandem
1142 5866 1229 5925 hic
1246 5865 1630 5937 aperte'hahes
1648 5873 2282 5948 confitentemtristitiam

2380 3376 2463 3416 me
2485 3361 2623 3416 calix
2647 3362 2742 3417 iste
2768 3377 2787 3417 :
2817 3361 2906 3417 sed
2937 3373 3105 3416 tamen
3126 3377 3228 3415 non
3256 3362 3387 3414 sicut
3414 3375 3507 3431 ego
3528 3359 3646 3413 volo
3665 3401 3679 3425 ,
3714 3360 3806 3413 sed
3847 3362 3977 3414 sicut

2385 3466 2438 3511 tu
2461 3455 2536 3509 vis
2565 3454 2727 3527 (Ibid.
2754 3454 2867 3529 59).
2897 3456 3153 3511 Transire
3193 3469 3223 3509 a
3249 3468 3310 3510 se
3330 3454 3554 3509 calicem
3580 3463 3765 3523 rogat,
3792 3454 3976 3524 utique

2377 3549 2488 3622 jam
2516 3565 2699 3606 secum
2723 3558 3029 3606 manentem
3069 3566 3084 3603 :
3140 3549 3230 3621 qui
3270 3557 3383 3605 tum
3431 3551 3481 3605 in
3531 3552 3795 3621 sanguine
3846 3550 3978 3604 Novi

2385 3643 2717 3700 Tcstameuti
2750 3658 2849 3715 pro
2873 3644 3164 3699 multorum
3191 3644 3427 3714 peccatis
3473 3640 3550 3717 (j)
3599 3643 3797 3699 clfuudi
3847 3660 3979 3697 run-

2384 3740 2776 3795 summabatur.
2801 3738 2917 3794 Non
2942 3738 3085 3793 enim
3118 3746 3273 3809 rogat
3298 3752 3364 3792 ne
3387 3752 3573 3793 secum
3600 3737 3703 3802 sit,
3743 3737 3838 3793 sed
3864 3746 3921 3791 ut
3948 3754 3978 3790 a

2384 3846 2446 3889 se
2474 3840 2733 3887 transeat.
2763 3831 2967 3887 Deinde
2991 3839 3146 3902 rogat
3187 3846 3256 3885 ne
3282 3829 3531 3886 voluntas
3580 3845 3675 3885 sua
3728 3830 3821 3884 ﬁat
3866 3847 3881 3884 :
3925 3839 3980 3885 et

2384 3925 2529 3997 quod
2559 3926 2671 3980 vult
2695 3923 2838 3980 efﬁci
2857 3967 2871 3991 ,
2904 3924 2957 3979 id
2983 3924 3159 3996 ipsum
3188 3922 3412 3978 concedi
3445 3923 3548 3979 sibi
3569 3936 3676 3978 non
3705 3923 3837 3977 vult.
3890 3924 3981 3977 Ait

2384 4019 2530 4075 enim
2553 4061 2568 4088 ,
2595 4018 2702 4074 Sed
2721 4028 2889 4073 tamen
2924 4033 3026 4073 non
3054 4017 3190 4073 sicut
3218 4033 3313 4089 ego
3332 4016 3448 4085 vola
3468 4057 3483 4084 ,
3506 4018 3595 4075 sed
3613 4016 3745 4073 sicut
3784 4026 3837 4071 tu
3860 4018 3934 4072 vis
3962 4033 3977 4071 :

2465 4177 2548 4253 (3)
2579 4178 3005 4253 Neque‘inﬁnito.

2380 4398 2413 4441 a
2435 4383 2656 4440 Christo
2683 4398 2807 4440 esse
2826 4392 3133 4454 susceptam
3156 4426 3170 4449 .
3198 4394 3254 4441 et
3274 4383 3344 4440 de
3370 4398 3529 4439 causa
3559 4382 3841 4439 dumtaxat
3868 4384 3979 4441 dis-

2378 4465 2709 4528 ceptantem.
2742 4455 2975 4528 ldipsum
3022 4455 3304 4528 profitetur
3332 4456 3558 4528 capJS
3583 4456 3636 4510 in
3666 4454 3976 4528 Manlia-mn

2381 4525 2526 4593 n.1,
2559 4528 2689 4582 etin
2713 4527 2849 4596 psal.
2880 4525 3108 4593 csum.
3136 4525 3193 4591 8,
3237 4528 3326 4581 ubi
3349 4525 3550 4582 clarius
3602 4526 3836 4595 explicat
3873 4545 3976 4595 qua

2382 4607 2532 4670 parte
2560 4598 2832 4652 tristitiam
2863 4613 2891 4651 a
2917 4599 3130 4653 Christo
3159 4607 3464 4670 susceptam
3483 4605 3652 4670 (neget
3673 4639 3688 4664 ,
3722 4599 3908 4654 dicens
3961 4618 3975 4654 :

2357 4668 2506 4727 ιΝοη
2549 4676 2683 4722 enim
2728 4670 2833 4735 ait,
2884 4680 3109 4740 propter;
3140 4668 3369 4733 mortem,
3404 4669 3525 4740 quia
3553 4670 3668 4723 licet
3730 4685 3785 4723 se
3859 4688 3980 4735 pas-

2302 4714 2366 4776 Π
2386 4741 2521 4795 siom’
2541 4739 2721 4811 daret,
2735 4714 2837 4793 not;
2862 4714 3031 4795 15min
3072 4738 3249 4794 Virtus
3268 4714 3459 4795 angnia
3486 4740 3715 4794 dolorem
3727 4714 3981 4811 passionis

2385 4812 2658 4880 exciperet.
2690 4809 2793 4878 Qui
2819 4813 2961 4864 enim
3010 4812 3063 4865 in
3112 4811 3399 4866 llilarianis
3420 4812 3636 4881 scriptis
3663 4809 3979 4881 peregrinus

2386 4898 2493 4937 non
2516 4892 2599 4936 est
2615 4923 2629 4947 ,
2659 4881 2876 4936 virtutis
2896 4893 3117 4938 attentas
3140 4882 3418 4938 vocabulis
3443 4883 3781 4937 divinitatem
3811 4883 3866 4937 in
3898 4885 3977 4939 eis

2387 4952 2659 5010 enuntiari
2686 4968 2792 5007 non
2819 4956 3010 5008 nescit.

2457 5025 2537 5149 (ἐς)
2566 5024 2664 5108 his.
2693 5040 2854 5092 neque
2878 5025 3082 5094 inﬁnito
3102 5066 3115 5087 ,
3148 5023 3232 5078 vel
3261 5040 3421 5108 neque
3446 5025 3498 5107 in
3521 5023 3742 5093 infinito.

2537 5095 2679 5149 Ltus.
2705 5106 2759 5149 et
2782 5097 2901 5149 Par.
2916 5106 3203 5149 postquam:
3228 5097 3584 5149 renitentibus
3597 5107 3742 5149 vetus

2434 5095 2514 5169 (h)
2537 5095 2679 5169 Lips.
2705 5106 2759 5151 et
2782 5097 2901 5169 Par.
2916 5106 3203 5169 postquam;
3228 5096 3584 5150 renitentibus
3597 5095 3981 5169 vetustioribus

2368 5167 2558 5223 .libris.
2583 5167 2699 5223 Mox
2724 5167 2926 5222 eaedem
2958 5171 3089 5222 edit.
3120 5176 3242 5236 post
3273 5168 3360 5221 Er.
3386 5168 3979 5230 scandatisandis.scau-

2382 5240 2735 5304 dalisandum,
2757 5251 2811 5293 et
2834 5238 2991 5305 infra,
3011 5237 3437 5293 scendulisandos
3456 5254 3475 5292 :
3495 5240 3630 5293 citra
3661 5239 3819 5293 ﬁdem
3845 5253 3976 5293 mss.

2383 5326 2447 5365 ex
2477 5325 2704 5380 quorum
2738 5324 2952 5363 summo
2976 5323 3245 5365 consensu
3281 5310 3446 5378 liquet
3472 5311 3699 5366 verbum
3714 5310 3979 5365 scandali-

2383 5379 2619 5450 saturum
2647 5379 2852 5435 Hilario
2879 5381 3152 5450 passivum
3180 5380 3370 5436 fuisse.

2486 5448 2534 5536 ἡ).
2558 5451 2777 5536 aliquot
2804 5448 2933 5506 mss.
2967 5451 3245 5536 recederet.

2486 5521 2539 5594 j)
2570 5521 2818 5592 Plerique
2847 5537 2978 5594 mss.
3003 5538 3129 5594 cum
3156 5524 3387 5594 vulgatis
3406 5564 3423 5587 ,
3479 5521 3818 5590 eﬂ'undendus
3850 5539 3980 5578 can.

2383 5592 2758 5649 stimulabatur.
2791 5592 2990 5663 Optimi
3016 5593 3219 5649 codicis
3249 5592 3548 5649 Colbertini
3582 5608 3685 5648 nec
3713 5609 3819 5650 non
3842 5595 3980 5650 Cer—

2385 5664 2663 5719 mauensis
2688 5664 3023 5732 praeferimus
3060 5668 3380 5732 lectionem,
3410 5680 3514 5735 qua
3562 5666 3748 5720 llilarii
3804 5666 3981 5735 aptius

2388 5736 2697 5792 enuntiatur
2728 5736 3029 5807 sententia.
3065 5752 3181 5791 rem
3230 5737 3340 5807 jam
3394 5738 3701 5791 inchoatam
3742 5753 3862 5804 qua:
3909 5737 3978 5791 ad

2389 5808 2597 5878 exitum
2616 5805 3010 5877 perducebatur
3035 5805 3347 5878 signiﬁcare
3368 5809 3598 5863 volentis
3622 5824 3637 5860 :
3666 5809 3812 5878 quod
3850 5807 3978 5871 Calvo

2392 5879 2495 5937 lico
2522 5876 2832 5935 diceremus
2851 5917 2869 5946 ,
2897 5879 2987 5950 qui
3010 5876 3242 5939 achesait
3267 5879 3331 5936 de
3352 5894 3405 5934 se
3428 5876 3704 5951 repanda.
