4286 6264
326 319 442 376 373

1531 320 1623 380 DE
1661 320 2038 385 τιιιΝιΤΑτε
2079 324 2285 384 ΙιΒΕΒ
2343 328 2413 386 ι.

3538 344 3642 402 374

325 446 392 493 ιιι
409 436 690 493 voluntate
712 433 898 492 calicis
925 434 1253 507 deprecandi
1283 436 1533 494 humanae
1568 439 1624 495 in
1651 454 1711 498 se
1732 440 1935 498 sollici-
1963 451 2015 511 Α
2042 442 2196 515 (Luc.
2227 460 2343 503 χιιι
2362 488 2378 514 ,
2401 445 2466 502 51
2492 454 2540 502 et
2560 445 2676 520 δε).
2703 448 2809 509 Per
2835 449 2980 509 hunc
3014 453 3163 511 enim
3201 454 3424 513 calicem
3472 456 3647 513 domi-

327 529 537 588 tudinis
558 528 872 600 signiﬁcans
892 528 1231 586 consortium
1254 572 1269 596 ,
1325 533 1648 587 sententiam
1675 546 1706 588 a
1732 548 1790 589 se
1818 533 1937 589 uni-

327 622 531 680 taasibi
579 622 998 693 communisque
1049 636 1174 678 cum
1224 622 1386 681 Patre
1432 640 1542 680 non
1602 624 1938 685 discerneret

326 716 652 773 voluntatis.
676 713 749 772 Ut
777 721 961 771 autem
991 729 1097 770 non
1130 731 1229 783 pro
1262 731 1321 771 se
1348 719 1561 788 precari
1607 718 1940 789 intelligere-

326 817 443 878 tur,
472 816 529 865 et
553 809 694 863 ratio
723 807 1046 879 significata;
1096 809 1393 865 voluntatis
1419 826 1482 866 ac
1512 811 1595 883 (a)
1627 811 1939 883 deprecatio

326 918 442 959 non
474 900 789 957 obtinendae
813 906 963 957 esset
989 899 1043 957 in
1076 902 1368 970 absoluto;
1403 903 1505 960 hoc
1530 911 1704 960 totum
1745 905 1937 977 hujus-

326 996 482 1053 modi
512 995 789 1067 petitionis
818 1011 931 1052 sua:
957 996 1126 1066 caspit
1154 997 1381 1054 exordio
1401 1040 1415 1064 ,
1451 997 1612 1053 Pater
1663 1015 1833 1067 meus,
1893 1002 1940 1056 si

328 1088 576 1160 possibile
600 1097 692 1143 est.
729 1087 946 1159 Aliquid
970 1104 1100 1160 ergo
1129 1087 1276 1145 Patri
1310 1091 1658 1163 relinquitur,
1682 1092 1826 1163 quod
1881 1094 1931 1149 ei

327 1197 401 1236 an
434 1180 688 1253 possibile
708 1186 856 1235 esset
880 1182 1149 1235 incertum
1181 1181 1291 1236 sit?
1318 1183 1385 1238 Et
1410 1184 1454 1238 si
1482 1182 1612 1239 nihil
1646 1183 1790 1238 Patri
1838 1187 1939 1239 im-

327 1272 598 1347 possibile
621 1276 743 1340 est,
779 1273 1188 1346 intelligendum
1216 1283 1301 1331 est
1346 1276 1413 1332 ad
1468 1277 1623 1347 cujus
1670 1278 1941 1334 conditio-

327 1383 461 1425 nem
486 1367 538 1422 id
571 1350 649 1439 (ὑ)
674 1366 917 1438 quod,si
934 1368 1185 1440 possibile
1234 1378 1328 1432 est,
1375 1371 1447 1424 sit
1499 1371 1772 1427 relictum.
1809 1371 1941 1427 Post

326 1460 491 1531 bujus
510 1461 654 1516 enim
675 1461 943 1515 orationis
964 1477 1184 1533 precem
1216 1464 1460 1532 sequitur
1513 1481 1526 1516 :
1574 1462 1645 1518 Et
1690 1466 1824 1520 venit
1869 1466 1939 1520 ad

327 1554 615 1627 discipulos
643 1570 796 1621 suos,
827 1563 875 1608 et
902 1555 1091 1609 invenit
1112 1571 1197 1609 eos
1224 1556 1566 1625 dormientes,
1619 1568 1667 1612 et
1715 1559 1788 1611 ait
1839 1557 1941 1614 Pe-

327 1657 412 1704 tro
436 1692 450 1714 ,
476 1648 598 1703 Non
627 1649 868 1721 potuistis
894 1666 998 1703 una
1024 1651 1152 1704 hora
1177 1650 1393 1722 vigilare
1430 1666 1625 1705 mecum
1652 1652 1677 1705 ?
1718 1651 1941 1725 Vigilate

326 1752 383 1797 et
407 1750 581 1805 orate,
600 1750 655 1794 ut
682 1757 785 1796 non
825 1741 1030 1796 intretis
1063 1745 1117 1796 in
1145 1744 1494 1798 tentationem.
1534 1742 1771 1814 Spiritus
1818 1746 1935 1818 qui-

2042 537 2183 593 nica:
2200 540 2472 610 passionis
2490 542 2737 599 tentandi
2780 558 2976 603 omnes
3028 554 3207 605 erant.
3233 548 3305 606 Et
3345 565 3447 621 pro
3484 551 3647 609 Petro

2042 628 2204 687 Pater
2224 639 2471 703 rogatur,
2495 650 2565 691 ne
2589 635 2806 693 deﬁciat
2827 637 2962 696 ﬁdes
2992 641 3110 711 ejus
3137 659 3153 697 :
3183 650 3245 698 ut
3266 644 3516 715 negantis
3557 647 3646 702 in-

2042 720 2285 779 ﬁrmitati
2309 727 2392 782 vel
2423 726 2580 783 dolor
2606 729 2797 785 saltem
2853 731 3187 802 pmnitentiae
3240 749 3352 791 non
3404 736 3647 806 abesset;

2047 811 2125 884 (e)
2142 830 2261 885 quae
2282 814 2416 873 ﬁdes
2437 817 2490 874 in
2512 832 2580 874 eo
2607 835 2719 876 non
2746 821 3037 893 deﬁceret,
3065 827 3209 897 quod
3233 831 3542 900 pmniteret.
3610 862 3621 883 ι

2115 986 2207 1044 '59.
2243 988 2346 1056 Qui
2371 981 2531 1046 tristis
2560 1009 2723 1066 usque
2752 996 2822 1050 ad
2850 1009 3087 1057 mortem.
3118 1001 3450 1060 -—Tristitia
3480 1004 3644 1078 igitur

2044 1094 2213 1150 usque
2242 1080 2309 1137 ad
2337 1090 2568 1140 mortem
2598 1085 2829 1144 Domino
2855 1099 2973 1146 est:
3005 1094 3129 1163 quia
3169 1096 3222 1150 in
3253 1105 3460 1165 morte,
3492 1108 3645 1156 motu

2043 1181 2204 1230 terra:
2250 1175 2357 1231 diei
2398 1179 2675 1247 tenebris,
2707 1181 3031 1242 discissione
3084 1188 3220 1255 veli,
3268 1204 3646 1250 monumento-

2043 1286 2163 1326 rum
2199 1273 2569 1342 rcseratione,
2611 1286 2945 1335 mortuorum
2986 1284 3385 1342 resurrectione
3438 1287 3642 1343 conﬁr-

2043 1362 2238 1418 manda
2262 1363 2372 1434 jam
2400 1367 2770 1436 apostolorum
2794 1370 2926 1428 ﬁdes
2941 1383 3119 1443 esset,
3142 1392 3303 1447 quam
3329 1388 3388 1434 et
3414 1379 3491 1453 (i)
3516 1396 3643 1438 noc-

2042 1461 2220 1508 turna:
2245 1457 2508 1523 custodiae
2530 1465 2726 1528 terror,
2751 1470 2806 1516 et
2833 1462 2885 1517 in
2908 1463 3137 1537 ﬂagellis
3162 1507 3175 1532 ,
3200 1469 3371 1541 alapis
3390 1512 3406 1537 ,
3433 1472 3604 1541 sputis
3625 1514 3641 1540 ,

2045 1561 2248 1601 corona
2279 1548 2464 1618 Spinea
2484 1590 2502 1617 ,
2534 1551 2713 1607 crucis
2741 1568 2907 1610 onere
2927 1598 2945 1624 ,
2977 1563 3034 1612 et
3062 1558 3229 1613 totius
3256 1562 3526 1631 passionis
3555 1564 3639 1620 ln-

2044 1637 2312 1707 dibrium,
2364 1648 2422 1696 et
2469 1650 2747 1712 postremo
2795 1649 3102 1705 maledicta:
3147 1654 3327 1708 crucis
3364 1654 3643 1714 damnatio

2044 1736 2434 1789 comuloveret.
2458 1734 2648 1791 Sciens
2668 1738 2832 1808 igitur
2856 1738 3117 1798 Dominus
3146 1743 3264 1801 haec
3310 1748 3490 1804 omnia
3519 1760 3644 1823 post

325 1835 448 1889 dem
475 1843 774 1906 promptus,
827 1851 949 1889 caro
992 1850 1112 1891 vero
1154 1836 1363 1907 inﬁrma
1405 1835 1568 1908 (Ibid.
1599 1836 1671 1894 40
1709 1848 1758 1894 et
1811 1838 1930 1912 41).
1963 1848 2014 1911 Β

1963 1848 2014 1911 Β
2045 1826 2352 1896 passionem
2383 1842 2535 1883 suam
2560 1828 2637 1904 (g)
2670 1831 3032 1905 destitutura,
3079 1837 3203 1894 ideo
3253 1847 3310 1897 et
3354 1857 3530 1914 usque
3573 1845 3640 1903 ad

322 1928 485 1983 Anne
508 1926 687 1982 adhuc
709 1927 949 1984 tristitia:
974 1941 1159 1995 causa,
1183 1928 1264 2002 (i)
1294 1934 1350 1985 et
1370 1928 1730 1986 transferendi
1751 1932 1936 1988 calicis

323 2022 643 2093 deprecatio
662 2022 717 2077 in
739 2022 973 2078 obscuro
1002 2022 1127 2078 est?
1154 2021 1379 2094 Vigilari
1428 2022 1574 2079 enim
1626 2039 1813 2081 secum
1862 2027 1933 2083 ob

322 2116 434 2173 hoc
450 2116 611 2187 jubet
628 2123 685 2171 et
712 2119 853 2172 orari
872 2157 889 2184 ,
922 2130 990 2172 ne
1005 2117 1058 2171 in
1080 2118 1443 2175 tentationem
1470 2119 1711 2189 intrent,
1735 2122 1931 2192 spiritu

322 2209 547 2282 quidem
579 2216 866 2279 prompto,
892 2209 989 2265 sed
1014 2208 1224 2265 inﬁrma
1272 2225 1457 2267 carne.
1501 2211 1637 2268 Nam
1688 2213 1780 2284 qui
1826 2229 1935 2270 non

324 2300 795 2358 scandalizaturos
817 2316 875 2356 se
897 2317 995 2373 per
1019 2303 1381 2359 constantiam
1421 2303 1598 2360 ﬁdelis
1644 2307 1933 2363 conscien-

325 2394 424 2450 tite
443 2393 859 2465 pollicebantur,
893 2394 946 2450 in
971 2396 1232 2452 seandalo
1259 2412 1356 2467 per
1384 2398 1759 2455 inﬁrmitatem
1813 2415 1936 2457 car-

330 2489 423 2543 nis
443 2494 603 2544 erant
657 2487 845 2543 futuri.
868 2488 985 2544 Non
1016 2504 1147 2562 ergo
1168 2490 1268 2545 sibi
1292 2492 1465 2548 tristis
1494 2499 1608 2560 est,
1642 2508 1824 2565 neque
1859 2494 1935 2551 si-

324 2580 385 2636 bi
408 2586 562 2645 orat;
587 2579 681 2635 sed
714 2580 819 2635 illis
845 2595 981 2651 quos
1011 2590 1197 2638 monet
1222 2597 1382 2640 orare
1404 2584 1696 2658 pervigiles
1716 2630 1735 2655 ,
1785 2603 1852 2643 ne
1877 2589 1932 2645 in

322 2688 430 2730 eos
448 2672 587 2728 calix
615 2672 889 2745 passionis
928 2674 1205 2730 incumbat
1258 2692 1274 2731 :
1327 2692 1486 2747 quem
1534 2691 1565 2733 a
1607 2692 1668 2735 se
1701 2680 1936 2736 transire

324 2774 452 2821 orat
473 2807 487 2825 .
519 2781 586 2822 ne
609 2765 663 2820 in
692 2766 778 2821 his
803 2766 1015 2822 scilicet
1042 2774 1279 2824 maneat.
1748 2832 1751 2835 _

402 2856 570 2932 348
594 2858 685 2914 58.
717 2856 824 2913 Cur
843 2859 977 2914 dicat
999 2860 1043 2916 si
1074 2860 1329 2931 possibile
1356 2868 1461 2919 est.
1491 2890 1564 2904 —
1590 2860 1799 2919 Idcirco
1828 2879 1926 2922 au-

329 2958 439 3007 tem
472 2950 755 3006 transferri
781 2964 903 3006 eum
925 2993 940 3017 ,
974 2952 1017 3006 si
1044 2951 1299 3021 possibile
1323 2962 1501 3021 esset,
1530 2969 1561 3009 a
1596 2969 1656 3010 se
1685 2962 1936 3025 precatus

328 3050 418 3099 est
448 3044 604 3112 :quia
627 3057 750 3098 cum
785 3043 1124 3113 impossibile
1145 3044 1261 3099 Deo
1302 3045 1432 3099 nihil
1463 3045 1573 3113 sit,
1627 3047 1770 3102 sicut
1814 3048 1932 3117 ipse

329 3136 409 3190 ait
433 3154 447 3188 :
477 3130 655 3202 Pater,
683 3136 947 3207 possibilia
970 3137 1063 3189 tibi
1090 3137 1263 3191 omnia
1282 3146 1399 3191 sunt
1426 3136 1620 3210 (Marc.
1651 3154 1765 3207 xtv,
1794 3138 1886 3213 '56)
1914 3156 1928 3207 ;

329 3228 668 3300 impossibile
696 3237 876 3284 tamen
907 3230 1109 3284 homini
1135 3238 1220 3287 est
1242 3232 1511 3301 passionis
1556 3240 1769 3291 terrore
1822 3251 1931 3292 non
1959 3246 2009 3311 ο

330 3323 519 3390 vinci,
547 3337 647 3378 nec
672 3324 846 3395 possit
871 3323 976 3379 nisi
1000 3338 1099 3395 per
1143 3325 1518 3396 probationem
1574 3327 1709 3383 ﬁdes
1757 3330 1930 3386 nosci.

332 3418 512 3487 Atque
540 3416 662 3474 ideo
691 3424 747 3472 et
776 3432 874 3488 pro
903 3418 1211 3475 hominibus
1230 3426 1291 3473 ut
1335 3418 1499 3475 homo
1544 3421 1657 3476 vult
1705 3423 1933 3479 calicem

334 3510 571 3566 transire
589 3550 606 3576 ,
631 3517 687 3565 et
713 3516 771 3564 ut
794 3506 887 3565 Dei
919 3524 985 3565 ex
1019 3511 1127 3566 Deo
1157 3510 1410 3566 voluntas
1433 3510 1652 3568 eﬁ'ectui
1689 3520 1936 3584 paternae

332 3602 626 3658 voluntatis
651 3601 726 3673 (c)
760 3602 960 3657 unitur.
990 3601 1043 3657 Id
1065 3609 1243 3658 autem
1271 3603 1414 3673 quod
1467 3604 1564 3672 ait,
1600 3606 1647 3658 si
1695 3607 1935 3676 possibile

332 3708 433 3764 est,
465 3695 750 3752 manifeste
799 3698 857 3752 in
909 3710 976 3751 eo
1030 3696 1216 3752 docuit
1266 3696 1409 3768 quod
1449 3697 1525 3753 ait
1549 3697 1710 3754 Petro
1757 3699 1937 3755 :Ecre

333 3801 545 3847 satanas
565 3791 834 3861 expetivit,
860 3799 917 3844 ut
937 3806 1025 3844 vos
1078 3790 1159 3862 (ά)
1203 3799 1430 3845 cerneret
1476 3792 1607 3846 sicut
1659 3792 1891 3846 triticum
1914 3810 1933 3848 :

336 3901 434 3958 ego
453 3894 622 3939 autent
668 3884 846 3956 rogaui
869 3900 964 3956 pro
991 3892 1075 3951 te,
1121 3893 1181 3939 ut
1228 3901 1335 3939 non
1376 3884 1614 3952 deﬁceret
1666 3885 1797 3956 ﬁdes
1848 3896 1937 3942 tua

406 4025 488 4098 (i)
516 4023 887 4098 Inranteriori,
919 4023 1240 4098 transeundi;
1273 4038 1423 4079 num.
1444 3998 1537 4093 40,
1563 4033 1678 4095 post
1699 4025 1931 4095 transfe-

334 4095 485 4154 rendi
512 4096 687 4151 colicis
709 4095 1131 4167 deprecationem.

415 4210 493 4284 (a)
523 4211 683 4284 Solus
711 4208 884 4284 codex
911 4208 1047 4284 Vat.
1091 4208 1209 4284 bas.
1261 4210 1683 4284 deprecationis.
1707 4211 1931 4268 Rectius

337 4280 436 4340 alii
451 4280 790 4353 {deprecatio
814 4297 915 4335 non
944 4280 1230 4336 obtinendae
1253 4324 1268 4347 ,
1324 4280 1547 4352 siipple,
1600 4283 1879 4338 uoluntatis
1914 4300 1933 4339 :

341 4357 395 4414 id
425 4363 541 4414 est,
569 4353 880 4423 deprecatio
907 4361 1088 4408 utnon
1116 4353 1465 4422 concedatur,
1489 4353 1634 4424 quod
1663 4355 1832 4411 voluit
1871 4370 1935 4411 ac

343 4426 555 4483 ructavit
587 4434 648 4480 ut
675 4424 859 4478 homo.

443 4497 494 4568 b)
526 4496 654 4568 Bad.
677 4504 733 4550 et
764 4495 855 4568 Er.
885 4510 1007 4551 cum
1036 4510 1139 4549 ms.
1171 4495 1423 4568 Carnut.,
1451 4499 1589 4567 quod
1609 4500 1654 4553 si
1688 4500 1934 4567 impossi-

342 4564 445 4625 bile
469 4564 563 4623 est.
601 4564 734 4639 Tum
765 4564 911 4639 Lips.
950 4583 1045 4635 pro
1066 4568 1144 4631 si,
1180 4564 1574 4624 substituit'sibi
1594 4587 1613 4626 :
1639 4564 1936 4639 quas—lectio

342 4640 539 4696 exinde
567 4636 822 4693 obtinuit.
851 4636 1045 4692 Plures
1095 4652 1129 4693 e
1179 4640 1573 4695 recentioribus
1626 4636 1756 4696 mss.

343 4710 585 4785 possibile
615 4719 705 4764 est.
737 4709 1114 4785 Quiditntalii,
1147 4710 1284 4785 quod
1296 4711 1737 4785 jmpossibileest.
1770 4709 1935 4785 Magis

344 4779 524 4854 placet
553 4796 688 4854 cum
709 4797 838 4854 mss.
861 4780 1258 4854 Cpib.,‘(_10rb.,
1286 4779 1496 4854 Gerun,
1551 4784 1697 4839 Prat.
1728 4793 1836 4839 etc.
1857 4779 1938 4837 'id

343 4850 482 4925 quod
512 4851 729 4925 (supple
754 4852 849 4925 ait)
873 4853 917 4906 si
937 4850 1174 4925 possibile
1202 4863 1275 4906 est
1303 4868 1321 4905 :
1368 4852 1419 4906 id
1477 4865 1557 4910 est
1578 4897 1592 4920 ,
1646 4854 1936 4911 videndum

341 4923 504 4996 quem
525 4923 921 4997 VreSpiciathista
953 4923 1268 4997 deprecatio
1298 4924 1663 4997 conditionata
1683 4967 1697 4991 ,
1730 4927 1774 4981 si
1820 4943 1939 4997 pos-

344 4993 494 5069 sibile
520 5005 594 5050 est
620 5004 724 5049 etc.
760 4993 858 5049 Hic
878 4993 1022 5049 enim
1050 4994 1106 5048 id
1124 4993 1262 5063 quod
1286 4996 1506 5064 perinde
1535 5006 1652 5061 est,
1677 4993 1836 5069 atque
1879 5001 1939 5054 τὸ

343 5067 681 5124 Grecorum.

421 5139 494 5212 (ο)
532 5138 651 5212 Ern,
685 5134 833 5212 Lips.
868 5143 925 5191 et
954 5135 1103 5202 Par.,
1131 5137 1362 5212 uitiatur.
1400 5137 1621 5212 Rectius
1656 5136 1789 5192 Bad.
1822 5155 1945 5195 eum

345 5207 482 5266 mss.
505 5211 686 5265 unitur
716 5223 734 5262 :
761 5210 865 5261 hoc
891 5216 1006 5272 est,
1055 5218 1105 5262 ut
1162 5207 1325 5262 homo
1354 5210 1471 5263 vult
1515 5210 1733 5264 calicem
1766 5218 1939 5266 trans-

343 5282 431 5355 ire
452 5324 467 5347 ,
498 5281 598 5355 sed
623 5290 679 5355 ut
729 5280 870 5355 Betis
899 5296 962 5355 ex
992 5278 1100 5355 Deo
1132 5292 1374 5355 paterna:
1427 5282 1689 5355 voluptati
1736 5281 1940 5355 unitnr.

350 5353 556 5426 Duplex
590 5352 754 5426 igitur
794 5352 845 5404 in
899 5349 1115 5426 Christo
1166 5350 1415 5426 voluntas
1462 5370 1474 5405 :
1528 5349 1716 5426 neque
1744 5352 1945 5426 habent

346 5422 533 5481 Ariani
560 5423 706 5480 unde
726 5437 787 5479 se
815 5422 1134 5490 expediant,
1164 5424 1399 5493 quicum
1421 5438 1526 5478 non
1554 5422 1819 5493 recipiant
1840 5424 1943 5480 nisi

346 5496 587 5561 unicam,
611 5493 748 5548 hanc
770 5493 955 5548 volunt
977 5493 1143 5555 ipsius
1161 5492 1460 5547 divinitatis
1483 5496 1943 5563 essenratiouem,

351 5567 423 5622 Ut
440 5569 584 5623 enim
617 5564 970 5636 insedissent
992 5564 1411 5636 Chrysostomns
1442 5567 1591 5622 hom.
1619 5581 1788 5634 χχχιι,
1810 5567 1870 5622 Τ.
1908 5582 1949 5632 ι,

354 5638 405 5695 si
435 5638 696 5693 divinitas
725 5634 929 5691 Christi
963 5635 1064 5688 hoc
1088 5634 1294 5701 oravit;
1318 5634 1493 5691 Patris
1513 5647 1568 5691 et
1587 5637 1788 5693 Citriin
1840 5652 1947 5693 non

354 5725 461 5764 una
491 5751 507 5773 ,
540 5710 635 5780 sed
668 5710 943 5780 cnnt_raria
981 5705 1084 5760 erit
1112 5707 1360 5762 voluntas
1413 5726 1424 5761 :
1459 5708 1702 5780 adeoque
1753 5711 1948 5780 frustra

2041 1926 2273 1974 mortem
2305 1919 2478 1976 tristis
2500 1928 2585 1978 est
2608 1940 2620 1976 :
2650 1930 2706 1979 et
2729 1925 2833 1981 scit
2850 1925 2992 1984 hunc
3011 1929 3234 1987 calicem
3266 1936 3505 1993 transire
3524 1953 3633 1994 non

2039 2024 2222 2081 posse,
2255 2009 2455 2083 (h)nisi
2482 2012 2698 2084 biberit,
2726 2015 2912 2074 dicens
2942 2038 2956 2076 :
2983 2018 3145 2076 Pater
3168 2040 3347 2095 meus,
3402 2043 3503 2082 non
3548 2046 3644 2102 po-

2041 2111 2137 2157 test
2160 2104 2301 2157 culis:
2328 2104 2422 2159 iste
2451 2107 2670 2161 transire
2689 2124 2721 2160 a
2750 2125 2830 2163 me
2858 2111 2959 2166 nisi
2983 2111 3154 2167 bibam
3179 2116 3328 2170 illum
3375 2135 3395 2172 :
3435 2120 3528 2190 ﬁat
3554 2137 3643 2176 uo-

2041 2195 2216 2250 luntas
2244 2205 2333 2251 tua
2358 2194 2577 2267 (Matth.
2612 2216 2774 2270 xxvi,
2803 2200 2899 2278 ιι)
2936 2221 2948 2256 :
2976 2216 3355 2264 consummata
3374 2209 3432 2266 in
3459 2215 3641 2269 sesci-

2040 2285 2169 2342 licet
2197 2288 2451 2358 passione
2476 2298 2681 2346 metum
2737 2293 2923 2351 calicis
2957 2301 3315 2357 transiturum
3336 2343 3352 2370 ,
3400 2307 3493 2376 qui
3538 2308 3645 2364 nisi

2039 2395 2163 2435 eum
2191 2382 2452 2450 bibisset,
2483 2386 2716 2441 transire
2762 2402 2871 2443 non
2892 2399 3081 2460 posset
3129 2410 3143 2448 :
3202 2394 3366 2452 ﬁnem
3416 2401 3642 2457 terroris

2038 2472 2156 2545 ejus
2183 2472 2249 2548 (i)
2273 2491 2382 2533 non
2408 2477 2509 2532 nisi
2540 2490 2929 2538 consummatae
2968 2483 3029 2539 in
3060 2500 3120 2541 se
3141 2488 3407 2559 passionis
3432 2499 3641 2550 terrore

2038 2569 2362 2639 succedere;
2393 2575 2517 2641 qula
2546 2582 2669 2642 post
2696 2583 2927 2630 mortem
2954 2577 3103 2646 ejus,
3130 2575 3210 2651 (2)
3237 2595 3335 2648 per
3379 2582 3641 2641 virtutum

2035 2661 2284 2733 gloriam,
2311 2662 2620 2733 apostolica:
2648 2663 2976 2721 inﬁrmitatis
2990 2668 3297 2725 scandalum
3319 2672 3638 2742 pelleretur.

2107 2753 2198 2810 40.
2220 2751 2324 2809 Cur
2344 2756 2603 2826 apostolos
2632 2758 2857 2813 dormire
2872 2762 2989 2832 jam
3015 2760 3170 2816 sinat.
3223 2794 3294 2805 —
3343 2764 3415 2820 Et
3442 2782 3636 2837 quam-

2037 2860 2199 2917 quam
2231 2847 2282 2901 in
2308 2862 2373 2902 eo
2395 2845 2539 2918 quod
2563 2849 2674 2903 ait:
2700 2847 2827 2904 Fiat
2850 2851 3087 2907 voluntas
3115 2867 3205 2909 tua
3229 2896 3244 2922 ,
3275 2856 3330 2912 in
3351 2858 3559 2928 calicis,
3584 2860 3636 2916 id

2037 2946 2143 3006 est,
2178 2941 2442 3022 passionis
2464 2956 2574 2997 sua:
2603 2943 2879 3008 seandalo.
2911 2948 3184 3015 apostolos
3207 2951 3524 3020 permittens
3544 2968 3642 3025 pa-

2037 3040 2207 3089 ternae
2235 3034 2526 3091 voluntatis
2547 3034 2713 3111 349
2735 3037 2985 3105 arbitrio;
3003 3045 3184 3095 tamen
3207 3042 3370 3097 etiam
3392 3046 3642 3117 repetitae

2037 3127 2202 3181 tertio
2229 3126 2489 3183 orationis
2512 3144 2674 3200 prece
2704 3145 2833 3185 usus
2855 3141 2935 3187 est
2967 3149 2981 3185 :
3007 3141 3293 3206 postquam
3343 3136 3421 3191 ait
3455 3155 3468 3193 :
3493 3138 3635 3195 Dor-

2038 3220 2158 3274 ntite
2177 3223 2323 3294 jam,
2350 3231 2395 3276 et
2421 3223 2722 3294 requiescite
2752 3223 2915 3296 (Ibid.
2947 3225 3064 3300 45).
3121 3228 3243 3285 Non
3295 3231 3440 3288 enim
3480 3241 3637 3290 extra

2040 3314 2267 3370 rationis
2291 3314 2517 3386 alicujus
2538 3316 2766 3373 internae
2791 3322 3179 3378 conscientiam
3198 3363 3213 3390 ,
3238 3323 3329 3395 qui
3355 3333 3514 3382 antea
3542 3341 3639 3385 eos

2041 3409 2375 3467 dormientes
2404 3412 2772 3484 coarguisset,
2805 3431 2947 3471 nunc
2982 3417 3095 3488 jam
3153 3420 3391 3477 dormire
3447 3429 3504 3479 et
3553 3438 3641 3481 re-

2041 3512 2514 3585 quiescerejubet.
2544 3509 2651 3567 Sed
2681 3511 3089 3585 intelligentiam
3121 3516 3276 3575 nobis
3301 3518 3476 3577 Lucas
3535 3521 3637 3578 ad-

2041 3606 2366 3664 hortationis
2388 3609 2542 3665 istius
2570 3609 2826 3668 tribuisse
2875 3612 3215 3669 existimatur
3246 3631 3259 3668 :
3289 3615 3379 3685 qui
3408 3630 3529 3670 cum
3557 3615 3640 3671 di-

2040 3703 2246 3771 xisset,
2273 3714 2516 3759 satanam
2566 3706 2837 3775 expetisse
2866 3713 2925 3761 ut
2943 3707 3220 3777 apostolos
3256 3707 3418 3764 modo
3469 3708 3637 3764 tritici

2042 3800 2325 3859 cerneret,
2355 3804 2412 3850 et
2429 3797 2713 3852 Dominum
2748 3814 2845 3869 pro
2874 3798 2978 3854 ﬁde
3005 3798 3185 3869 Petri,
3230 3814 3298 3854 ne
3341 3798 3631 3869 deﬁceret,

2042 3898 2255 3945 oratum
2278 3888 2480 3958 fuisse;
2512 3890 2740 3963 subjecit
2762 3899 2884 3963 post
2913 3893 3139 3966 multam
3171 3893 3381 3950 Domini
3414 3907 3631 3966 precem

2906 3958 2977 4025 ς

2111 4030 2192 4101 (2)
2228 4028 2335 4085 Per
2359 4030 2566 4086 virtutis
2590 4029 2850 4103 gloriam}

2040 4225 2110 4293 ex
2136 4208 2256 4266 aliis
2276 4207 2479 4293 Christi
2497 4207 2680 4266 verbis
2707 4208 2969 4267 adversus
2995 4210 3219 4268 eosdem
3249 4211 3468 4270 conficit
3492 4212 3635 4270 Fau-

2043 4284 2219 4338 stinus
2244 4296 2365 4350 cap.
2396 4280 2450 4334 2.

2116 4351 2199 4425 (ά)
2231 4352 2516 4425 Antiquior
2542 4351 2715 4408 codex
2737 4352 2897 4410 Colb.
2944 4365 2999 4409 et
3052 4351 3146 4409 alii
3191 4369 3299 4411 non
3350 4354 3639 4413 deterioris

2042 4424 2467 4489 notm,uentilet.
2516 4424 2733 4493 Aliquot
2764 4426 3128 4492 recentiores,
3181 4428 3447 4484 cribraret.
3499 4427 3635 4483 Ver-

2045 4498 2176 4570 bum
2204 4505 2436 4549 cerneret
2456 4511 2669 4550 rursum
2696 4495 3016 4570 habesinlra
3042 4512 3192 4552 num.
3223 4498 3313 4565 40,
3335 4499 3426 4554 ubi
3454 4500 3506 4554 in
3520 4502 3639 4570 qui-

2045 4567 2270 4642 bnsdatn
2301 4582 2429 4621 mss.
2459 4582 2488 4620 a
2516 4567 2751 4623 secunda
2772 4582 2935 4624 manu
2964 4583 3248 4640 perperam
3305 4567 3637 4642 adscript—um

1800 4641 1936 4711 quod
1961 4643 2016 4703 D
2040 4650 2127 4711 est
2150 4638 2412 4711 cribraret.

2111 4710 2183 4780 (e)
2202 4709 2595 4785 ASic‘pluresac
2624 4710 2860 4779 pmiores
2881 4725 3011 4785 mss.
3037 4712 3253 4785 Atediti
3276 4754 3289 4776 ,
3322 4714 3445 4785 quia
3475 4716 3625 4785 ﬁdes.

2038 4778 2173 4855 Cum
2198 4780 2472 4835 Scultctus
2496 4778 2755 4836 Hilarium
2782 4782 3168 4855 reprehendit,
3220 4778 3367 4855 quod
3412 4778 3629 4842 Petrum

2042 4854 2121 4927 sic
2143 4866 2404 4927 excusare
2427 4863 2676 4918 eouetur,
2702 4853 2856 4923 quasi
2878 4853 3147 4911 Christum
3201 4853 3308 4911 non
3376 4858 3585 4927 negarit
3615 4876 3628 4911 :

2044 4925 2159 4978 haec
2182 4924 2475 5000 verba__nec
2501 4938 2608 4980 non
2639 4927 2917 4996 Superiora
2951 4943 3097 4983 num.
3132 4927 3223 4993 37,
3257 4924 3634 5000 procul—dubio

2042 5011 2150 5050 non
2175 4995 2420 5049 attendit.

2143 5065 2185 5139 Ι)
2217 5067 2521 5139 Exemplar.
2555 5066 2802 5131 Carnut.,
2834 5078 3101 5123 nocturnae
3121 5069 3325 5139 uigilias.

2180 5138 2373 5210 )Lips.
2403 5146 2455 5192 et
2482 5136 2605 5210 Par.
2657 5154 2722 5193 ex
2778 5140 2986 5194 Erasmi
3032 5136 3318 5209 margine,
3375 5139 3628 5197 desitum.

2121 5156 2138 5210 ι
2180 5156 2373 5210 )mps.
2403 5156 2605 5192 etrar.
2657 5156 2722 5193 ex
2778 5156 2986 5194 brasmt
3032 5156 3318 5209 inargute,
3375 5156 3628 5197 desatura.

2047 5156 2205 5271 Bal?”
2237 5211 2353 5272 Er.,
2380 5222 2484 5260 ms.
2519 5207 2640 5262 Vat.
2669 5210 2810 5275 bas.,
2844 5220 2898 5264 et
2929 5211 3143 5278 quidam
3190 5211 3312 5276 alii,
3363 5212 3632 5267 destitura.

2049 5279 2263 5351 Verius,
2289 5278 2378 5331 alii
2400 5317 2413 5339 ,
2446 5278 2787 5351 destitutura,
2816 5283 3067 5349 passive;
3114 5281 3386 5350 quomodo
3440 5296 3599 5351 supra
3620 5326 3635 5350 ,

2045 5349 2545 5405 scandalizaturum.
2593 5349 2807 5406 Nostra:
2837 5351 2953 5406 hanc
3003 5349 3160 5407 lectio
3198 5349 3549 5408 confirmatur
3569 5349 3637 5410 ex

2055 5423 2140 5477 his
2171 5438 2321 5497 num.
2349 5419 2417 5474 56
2446 5438 2459 5472 :
2492 5420 2632 5497 Adeo
2661 5433 2952 5497 autemnon
2980 5432 3188 5491 propter
3208 5433 3422 5478 mortem
3436 5440 3644 5497 suscep-

2056 5503 2109 5548 ta
2136 5495 2342 5547 tristitia
2367 5502 2529 5556 est,ut
2557 5492 2624 5544 sit
2663 5493 2900 5546 destituta
2924 5510 3015 5559 per
3038 5504 3272 5551 mortem.

2127 5563 2295 5639 (h)_ln
2313 5563 2583 5639 vulgat-is,
2606 5563 2716 5639 nisi
2730 5562 2915 5639 biberet
2940 5580 2965 5639 Δε
2992 5575 3046 5639 et
3070 5581 3192 5639 mox
3210 5606 3225 5630 ,
3255 5567 3302 5621 si
3329 5581 3431 5621 non
3456 5577 3640 5639 potest.

2059 5634 2393 5709 Cant-iunius
2424 5636 2474 5709 in
2500 5649 2632 5709 _ms_s.
2664 5636 2763 5688 nisi
2789 5634 3000 5709 biberit,
3030 5637 3079 5709 id
3101 5645 3204 5709 est,
3226 5639 3329 5693 nisi
3355 5634 3642 5709 postquam

2061 5706 2257 5787 biberit
2284 5723 2296 5759 :
2329 5720 2394 5807 ac
2418 5704 2645 5807 'deinde,
2665 5709 2865 5761 omisso
2896 5707 2960 5772 si,
2989 5708 3067 5763 rei
3099 5708 3260 5780 hujus
3286 5704 3511 5766 scientia
3538 5711 3661 5807 cla;

352 5781 486 5836 illud
507 5822 522 5845 ,
555 5776 673 5851 Ego
701 5789 748 5833 et
774 5775 932 5833 Pater
952 5794 1113 5831 unum
1136 5793 1312 5832 sumus
1333 5818 1367 5851 ,_
1386 5775 1627 5851 _pr0pter'
1658 5779 1952 5836 voluntatis
2051 5780 2168 5851 rius
2190 5777 2523 5851 enuntiatur.

357 5849 624 5909 unitatem
647 5850 849 5908 dictum
875 5850 1314 5920 interpretantur.
1342 5849 1528 5909 Simile
1574 5861 1948 5924 argumentum

2142 5822 2530 5922 {afficias};
2553 5888 2569 5919 ,
2594 5864 2695 5907 non
2729 5849 2832 5905 nisi
2861 5850 3026 5921 ﬁnito.
3059 5851 3231 5912 Abest
3251 5822 3398 5925 ﬁnito
3444 5869 3473 5910 a
3523 5867 3534 5875 η
