4286 6264
576 321 682 344 ..υ

575 345 684 384 Oli)

1775 322 2017 382 SANC'I'l
2056 292 2327 381 HILARIII
2350 323 2658 385 EPISCOPI

3776 337 3883 394 576

577 445 829 518 angelum
898 443 975 517 (a)
1037 441 1311 499 adstitisse
1378 440 1774 497 confortantem
1850 457 2011 509 eum;
2079 444 2531 515 qqupotestas
2556 448 2631 521 (e)
2685 462 2790 505 non
2844 448 3141 506 secundum
3196 459 3405 507 natura:
3428 452 3883 512 consuetudinem

575 539 874 596 assistente
906 550 1065 593 orare
1088 534 1351 604 prolixius
1379 535 1605 603 cmperit
1624 575 1640 601 ,
1666 534 1737 589 ita
1766 540 1826 590 ut
1850 534 2018 606 guttis
2056 550 2183 591 san-

574 635 802 706 guinum
833 629 1078 697 corporis
1107 627 1274 683 sudor
1295 627 1545 683 efﬂueret
1566 627 1721 701 (Luc.
1741 643 1855 683 χχιι
1873 668 1888 695 ,
1916 626 1987 683 45
2016 637 2065 682 et
2090 628 2182 699 41)

577 726 743 783 Misso
773 723 917 780 enim
949 721 1015 776 ad
1046 720 1327 777 tuitionem
1356 721 1726 791 apostolorum
1766 721 1976 792 angelo,
2009 728 2064 778 et
2091 737 2185 792 per

580 833 708 876 eum
739 814 1043 870 confortato
1074 813 1335 880 Domino,
1366 828 1435 869 ne
1458 828 1558 883 pro
1584 813 1666 867 his
1687 813 1861 870 tristis
1887 821 2062 883 esset,
2104 813 2183 888 (1)

581 909 694 980 jam
723 908 841 963 sine
866 905 941 979 (b)
977 904 1217 961 tristitia:
1235 913 1380 961 metu
1408 905 1517 960 ait:
1548 904 1784 960 Dormite
1804 909 1917 979 jam
1936 948 1950 972 ,
2008 915 2053 959 et
2100 922 2186 961 re-

585 1005 851 1079 quiescite.
876 1003 957 1059 De
984 1002 1177 1073 angelo
1204 1000 1423 1073 quidem
1458 1000 1744 1057 Matthzcns
1773 1010 1829 1056 et
1872 1002 2083 1057 Marcus
2132 1009 2189 1056 et

583 1103 655 1161 de
676 1103 1010 1174 expetitionc
1035 1101 1234 1158 diaboli
1283 1099 1416 1155 nihil
1463 1099 1632 1155 locuti
1685 1104 1811 1155 sunt
1859 1116 1872 1152 :
1920 1097 2016 1154 sed
2068 1104 2190 1169 post

586 1197 867 1254 tristitiam
895 1195 1119 1262 animm,
1150 1201 1277 1265 post
1300 1192 1685 1249 dormientium
1717 1191 2148 1262 obiurgationem
2172 1232 2188 1259 ,

585 1298 712 1362 post
736 1287 1097 1344 transferendi
1119 1287 1305 1343 calicis
1330 1285 1799 1358 deprecationem,
1851 1299 1958 1338 non
1993 1298 2060 1339 ex
2109 1283 2191 1337 ni-

584 1382 704 1439 hilo
719 1381 1105 1438 dormientium
1130 1379 1441 1435 adhortatio
1468 1378 1753 1433 subsecuta
1777 1383 1862 1432 est
1880 1419 1894 1439 ,
1919 1376 2019 1430 nisi
2049 1375 2190 1445 quod

587 1493 712 1534 cum
740 1476 988 1531 afuturus
1013 1475 1080 1529 ab
1108 1473 1191 1530 his
1233 1483 1409 1541 esset,
1441 1481 1497 1527 et
1524 1471 1716 1527 indulti
1747 1469 1941 1541 Angeli
1975 1468 2191 1524 confor-

590 1578 739 1624 tatus
767 1567 1005 1634 auxilio,
1032 1567 1330 1622 securitate
1378 1564 1450 1639 (ο)
1500 1563 1764 1620 custodite
1808 1561 2194 1618 custodiendos

591 1661 945 1736 permittebat
970 1660 1024 1714 in
1057 1673 1330 1714 somnum.

663 1756 755 1815 M.
798 1757 878 1812 De
918 1756 1107 1813 sudore
1143 1756 1414 1827 sanguinis
1456 1763 1502 1809 et
1546 1755 1767 1810 aduentu
1810 1752 1982 1824 angeli
2018 1752 2092 1806 nil
2138 1753 2193 1805 in

592 1850 828 1923 pluribus
877 1849 1042 1905 libris.

595 1942 878 2013 colligitur.
928 1971 1000 1981 ——
1048 1938 1159 1995 Nec
1189 1954 1323 1994 sane
1353 1938 1707 2009 ignorandum
1738 1951 1767 1989 a
1797 1936 1953 1991 nobis
1992 1943 2095 2001 est,
2144 1944 2201 1990 et

594 2035 650 2091 in
677 2035 871 2106 graecis
913 2042 971 2089 et
1010 2033 1066 2087 in
1103 2032 1290 2087 latinis
1325 2031 1603 2087 codicibus
1647 2029 2058 2100 complurimis,
2115 2027 2201 2084 vel

594 2129 668 2186 de
693 2129 1016 2185 adveniente
1041 2128 1237 2198 angelo
1267 2169 1281 2192 ,
1345 2126 1433 2180 vel
1467 2125 1535 2181 de
1580 2124 1781 2181 sudore
1813 2124 2090 2195 sanguinis
2124 2122 2202 2180 nil

597 2221 861 2292 scriptum
893 2219 1142 2289 reperiri.
1192 2218 1604 2290 Ambigentibus
1635 2218 1816 2290 igitur,
1873 2227 2051 2272 utrum
2099 2216 2204 2272 hoc

597 2314 657 2369 in
706 2312 862 2369 libris
907 2313 1074 2367 variis
1107 2322 1194 2366 aul
1246 2311 1406 2376 desit,
1465 2319 1557 2365 aut
1590 2309 1935 2381 superfluum
1982 2310 2053 2366 sit
2099 2310 2206 2381 (in-

600 2414 813 2461 certum
839 2404 984 2461 enim
1017 2405 1121 2459 hoc
1149 2404 1305 2461 nobis
1338 2404 1662 2474 relinquitur
1686 2404 1755 2458 de
1802 2403 2115 2459 diversitate
2143 2403 2207 2458 li-

599 2498 869 2568 brorum),
922 2506 1073 2554 certe
1098 2497 1295 2568 siquid
1345 2498 1448 2554 sibi
1491 2513 1559 2553 ex
1589 2503 1692 2554 hoc
1717 2497 1944 2554 haeresis
1984 2498 2194 2554 blandi-

601 2599 713 2656 tur,
743 2600 802 2645 ut
826 2589 1105 2645 inﬁrmum
1132 2589 1366 2645 afﬁrmet
1386 2630 1401 2656 ,
1450 2590 1542 2645 cui
1568 2604 1704 2661 opus
1726 2590 1886 2655 fuerit
1915 2590 2098 2661 angeli
2128 2590 2206 2663 (2)

603 2679 966 2738 contortantis
996 2680 1232 2749 auxilio;
1291 2682 1598 2737 meminerit
1627 2680 1946 2738 Creatorem
1986 2682 2209 2754 angelo-

603 2790 726 2830 rum
755 2774 1050 2829 creationis
1074 2788 1187 2829 sua:
1216 2789 1324 2830 non
1353 2775 1567 2845 eguisse
1591 2774 1884 2845 praesidio;
1912 2784 2025 2830 tum
2055 2773 2210 2830 dein-

606 2866 677 2922 de
704 2867 1019 2922 necessario
1045 2880 1114 2921 eo
1141 2867 1303 2921 modo
1326 2882 1447 2922 eum
1476 2866 1865 2936 confortatum,
1915 2883 2023 2938 quo
2050 2867 2211 2923 modo

606 2967 662 3014 et
685 2958 895 3012 tristem
917 2972 1060 3012 esse.
1092 2955 1177 3029 (ά)
1255 2956 1387 3013 Nam
1412 2959 1458 3013 si
1487 2959 1644 3014 nobis
1675 2959 1847 3015 tristis
1877 2968 1981 3025 est,
2028 2959 2079 3014 id
2105 2967 2210 3028 est,

609 3060 834 3124 propter
861 3051 1025 3123 350
1053 3066 1154 3107 nos
1180 3053 1348 3108 tristis
1387 3060 1495 3120 est,
1538 3068 1768 3110 necesse
1796 3063 1879 3110 est
1910 3064 1967 3109 ut
1994 3064 2212 3125 propter

610 3158 713 3199 nos
744 3144 816 3197 sit
843 3144 1184 3199 confortatus
1212 3156 1265 3200 et
1294 3146 1486 3198 nobis:
1542 3146 1667 3216 quia
1697 3146 1789 3217 qui
1810 3145 1877 3202 de
1911 3146 2068 3201 nobis
2116 3148 2210 3203 tri-

2282 540 2489 611 gessit:
2547 556 2723 613 neque
2751 543 2817 598 ad
2846 543 3096 599 hzeresim
3129 542 3200 618 (f)
3241 545 3574 602 infirmitatis
3615 548 3889 619 pertinere

2285 630 2396 686 ullo
2448 632 2609 688 modo
2650 636 2890 704 poterit,
2965 636 3106 706 quod
3155 635 3442 692 adversum
3489 636 3742 695 ltzeresim
3802 638 3882 714 (g)

2285 723 2606 796 phantasma
2636 727 2983 783 mentientem
3017 728 3298 798 proﬁciat,
3358 745 3455 800 per
3480 728 3734 786 sudorem
3764 746 3891 787 san-

2286 816 2490 887 guinis,
2534 819 2603 872 ad
2625 820 2874 890 corporis
2910 820 3216 876 veritatem.
3240 820 3407 889 Igitur
3435 832 3636 877 cumet
3669 823 3887 878 tristitia

2288 909 2358 965 de
2385 910 2544 965 nobis
2570 921 2675 975 est,
2741 920 2796 966 ct
2826 913 3000 968 oratio
3030 928 3127 984 pro
3153 912 3313 969 nobis
3334 923 3416 969 est
3436 956 3450 981 ,
3499 930 3609 969 non
3659 924 3889 985 possunt

2289 1016 2395 1056 non
2424 1003 2606 1057 omnia
2641 1012 2862 1073 propter
2887 1019 2986 1060 nos
3014 1014 3163 1075 gesta
3186 1019 3308 1061 esse
3332 1005 3582 1076 intelligi,
3628 1021 3751 1063 cum
3777 1021 3896 1062 om-

2290 1093 2376 1149 nia
2410 1108 2506 1163 pro
2535 1093 2716 1159 nobis,
2747 1095 2944 1166 quibus
2975 1096 3286 1163 timebatur,
3326 1106 3476 1153 orata
3506 1097 3635 1155 sint.

2360 1185 2451 1241 42.
2506 1185 2813 1252 Tristitiam,
2847 1188 3022 1245 calicis
3067 1191 3498 1261 deprecationem,
3529 1201 3639 1248 etc.
3671 1192 3896 1265 Aposto-

2292 1278 2370 1332 los
2395 1288 2646 1349 spectare.
2681 1309 2753 1320 —
2780 1279 3046 1337 Prmstant
3070 1294 3252 1338 autem
3293 1283 3396 1340 sibi
3441 1292 3682 1340 mutuam
3712 1285 3895 1340 Evan-

2289 1372 2426 1444 gelia
2454 1373 2876 1443 plenitudinem:
2932 1374 3058 1429 dum
3086 1375 3193 1430 alia
3234 1392 3299 1431 ex
3333 1375 3476 1441 aliis,
3524 1377 3649 1448 quia
3698 1379 3880 1433 omnia

2294 1465 2453 1521 unius
2482 1465 2719 1535 Spiritus
2770 1465 3085 1536 praedicatio
3130 1467 3232 1533 sit,
3287 1467 3686 1539 intelliguntur.
3743 1469 3897 1525 Hanc

2294 1558 2438 1612 enim
2471 1558 2689 1613 tacitam
2719 1557 2787 1615 ab
2810 1558 3064 1614 omnibus
3095 1574 3195 1630 pro
3218 1558 3500 1629 Apostolis
3523 1558 3741 1615 Domini
3776 1574 3900 1615 ora-

2296 1653 2500 1707 tionem
2541 1650 2783 1708 Joannes
2820 1652 3056 1707 maxime
3090 1652 3416 1721 spiritalium
3439 1666 3725 1708 causarum
3755 1668 3870 1725 prae

2297 1746 2506 1803 dicator
2556 1745 2817 1812 ostendit,
2869 1744 3157 1800 Dominum
3191 1744 3261 1800 ita
3295 1752 3572 1816 precatum
3597 1758 3722 1800 esse
3747 1786 3762 1812 ,
3817 1743 3901 1800 di-

1135 1847 1428 1916 lnﬁrmitas
1487 1844 1681 1901 Christi
1745 1861 2011 1916 perperam
2079 1843 2199 1898 inde
2227 1828 2275 1887 Β
2302 1854 2434 1895 cens
2460 1858 2473 1893 :
2503 1837 2663 1894 Pater
2691 1848 2885 1905 sancte,
2925 1853 3171 1893 conserua
3198 1854 3284 1892 eos
3315 1840 3368 1892 in
3394 1839 3726 1892 nominetuo.
3758 1835 3890 1892 Cum

2303 1947 2464 1986 essem
2509 1948 2623 1985 cum
2649 1931 2757 1997 eis,
2805 1946 2899 2001 ego
2935 1928 3280 1984 custodiebam
3318 1945 3404 1983 eos
3433 1930 3487 1982 in
3521 1930 3727 1983 nomine
3774 1938 3900 1983 tuo:

2303 2042 2429 2095 quos
2457 2024 2646 2078 dedisti
2673 2023 2821 2089 mihi,
2879 2031 2926 2077 et
2954 2023 3209 2077 custodiui
3232 2020 3415 2094 (Joan.
3448 2037 3579 2090 χιιι,
3610 2022 3673 2076 il
3703 2031 3757 2079 et
3786 2019 3899 2094 l2).

2306 2117 2423 2173 Non
2464 2116 2567 2172 sibi
2596 2115 2782 2186 itaque
2810 2114 2915 2170 fuit
2942 2115 3115 2170 oratio
3147 2114 3261 2182 illa,
3310 2113 3406 2169 sed
3436 2112 3745 2182 aposmlis:
3802 2125 3904 2166 nec

2311 2209 2412 2265 sibi
2436 2209 2610 2264 tristis
2638 2219 2720 2265 est
2744 2250 2759 2275 ,
2816 2208 2908 2280 qui
2960 2222 3118 2263 orare
3144 2222 3241 2263 eos
3290 2221 3359 2263 ne
3382 2213 3659 2262 tentantur
3684 2214 3901 2261 monet:

2306 2316 2407 2359 nec
2433 2301 2536 2357 sibi
2567 2300 2797 2371 angelus
2828 2300 3094 2368 mittitur,
3146 2300 3239 2371 qui
3279 2300 3325 2354 si
3353 2299 3534 2366 vellet,
3560 2298 3639 2371 (It)
3691 2296 3899 2354 duode-

2306 2394 2413 2450 clm
2461 2392 2631 2449 millia
2686 2393 2963 2464 legionum
3012 2392 3082 2448 de
3133 2392 3288 2449 ccelis
3327 2391 3656 2448 deduceret:
3694 2391 3757 2464 (i)
3807 2406 3905 2446 nec

2307 2495 2529 2558 propter
2559 2492 2787 2542 mortem
2814 2485 2990 2550 timet,
3042 2484 3133 2555 qui
3158 2499 3327 2556 usque
3349 2484 3415 2539 ad
3446 2492 3678 2539 mortem
3708 2483 3908 2538 anxius

2308 2588 2428 2635 est:
2479 2592 2579 2634 nec
2604 2586 2663 2633 ut
2690 2592 2750 2635 se
2778 2586 3016 2633 transeat
3044 2577 3208 2642 calix,
3240 2585 3431 2647 rogat;
3466 2575 3559 2631 sed
3589 2590 3618 2630 a
3650 2588 3711 2631 se
3734 2583 3907 2631 trans-

2311 2675 2391 2730 ire
2427 2672 2650 2730 calicem
2680 2682 2861 2745 rogat,
2892 2672 2982 2741 qui
3009 2679 3188 2726 tamen
3239 2668 3469 2725 transire
3486 2671 3503 2741 (
3506 2668 3557 2742 j)
3580 2683 3684 2724 non
3709 2668 3905 2738 possit,

2309 2766 2414 2823 nisi
2443 2780 2567 2821 eum
2597 2764 2812 2821 biberit.
2888 2763 3146 2818 Transire
3185 2772 3365 2818 autem
3401 2758 3480 2834 (5)
3500 2774 3507 2781 ‘
3527 2776 3631 2816 non
3659 2762 3778 2816 loco
3804 2759 3904 2816 de-

2311 2860 2508 2917 cedere
2535 2870 2642 2927 est,
2701 2858 2797 2915 sed
2824 2859 3047 2914 omnino
3070 2873 3177 2912 non
3211 2866 3464 2912 exstare:
3508 2854 3649 2927 quod
3682 2853 3907 2923 quidem

2313 2954 2489 3024 ipsum
2520 2961 2573 3007 et
2598 2951 2945 3021 evangelicus
2974 2959 3029 3008 et
3053 2950 3387 3022 apostolicus
3408 2964 3587 3007 sermo
3616 2946 3909 3019 signiﬁcat,

2313 3062 2437 3102 cum
2463 3046 2678 3112 dicitur,
2707 3044 2904 3101 Cretum
2929 3056 2977 3100 et
3004 3055 3144 3102 terra
3174 3045 3500 3111 transibunt,
3548 3045 3697 3099 verba
3737 3052 3912 3098 autent

2311 3159 2427 3197 mea
2446 3159 2551 3196 non
2595 3139 2927 3210 praeteribunt
2953 3138 3149 3213 (Marc.
3184 3153 3303 3206 xm,
3332 3135 3448 3210 51).
3527 3136 3635 3194 Sed
3673 3144 3730 3192 et
3759 3139 3908 3205 Apo-

608 3237 713 3292 stis
739 3246 822 3292 est
850 3244 907 3292 et
930 3236 999 3292 de
1029 3236 1184 3292 nobis
1226 3210 1575 3293 confortatus
1595 3249 1678 3294 est
1703 3210 1732 3306 ,-
1762 3254 1826 3295 ea
1874 3239 2211 3297 confortatus
2239 3210 2286 3274 Ο
2318 3236 2490 3294 stolus
2516 3253 2531 3292 :
2567 3233 2703 3290 Ecce
2732 3244 2899 3290 vetera
2926 3210 3259 3299 transierunt,
3292 3242 3343 3287 et
3365 3238 3505 3303 facta
3525 3239 3644 3286 sunt
3674 3229 3751 3303 (k)
3783 3246 3914 3285 nova

612 3333 698 3383 est
722 3325 1040 3383 conditione
1077 3344 1182 3399 qua
1210 3328 1383 3384 tristis
1404 3338 1507 3385 est.
1564 3330 1827 3386 Sudorem
1873 3346 2006 3387 vero
2052 3349 2213 3389 nemo

615 3417 1480 3490 inﬁrmitatiaudebitdcputarc:
1528 3422 1652 3492 quia
1700 3432 1756 3477 et
1810 3434 2000 3479 contra
2050 3438 2214 3481 natu-

612 3525 731 3567 ram
760 3519 847 3568 est
871 3510 1071 3568 sudare
1098 3514 1439 3585 sanguinem.
1491 3514 1603 3570 Nec
1624 3515 1911 3574 infirmitas
1935 3526 2038 3588 est,
2070 3520 2213 3590 quod

719 3652 776 3723 1)
811 3654 934 3708 Jam
959 3655 1070 3709 sine
1096 3654 1316 3710 tristitia:
1343 3664 1476 3710 metu
1496 3665 1683 3721 essent,
1709 3656 1804 3710 ait.

719 3655 776 3723 1)
811 3655 934 3708 Jam
959 3655 1070 3709 sine
1096 3655 1316 3710 tristitia:
1343 3664 1476 3710 metu
1496 3665 1683 3721 essent,
1709 3656 1804 3710 ait.

691 3655 775 3801 ξε)
812 3725 993 3782 Codex
1051 3726 1249 3781 Veron.
1280 3727 1642 3797 confortiantis
1704 3742 1802 3800 pro
1857 3728 2211 3798 confortantis,

698 3842 777 3916 (a)
808 3843 995 3916 Plures
1022 3857 1153 3897 mss.
1181 3842 1453 3916 exstitisse.

695 3913 773 3980 (b)
811 3913 888 3969 Ila
920 3914 1497 3980 priestantioreunss.
1522 3913 1696 3968 Vatia.
1735 3913 1878 3978 bas.,
1912 3915 2065 3971 Colb.
2109 3924 2217 3971 etc.

624 3983 780 4041 Alter
806 3983 963 4058 Coll):
1012 4000 1132 4058 cum
1163 3983 1420 4058 Sorbd'ﬁ.,
1467 3985 1742 4058 jam_sine
1789 3986 1997 4041 tristitia
2045 3997 2093 4042 et
2115 3988 2223 4041 sine

625 4066 766 4112 metu
791 4057 884 4109 ait.
924 4053 1086 4110 Corb.
1112 4071 1234 4109 cum
1265 4056 1386 4110 aliis
1416 4053 1709 4121 ndnnullis,
1738 4059 1852 4126 jam
1876 4058 1983 4111 sine
2002 4059 2224 4112 tristitia:

629 4139 766 4200 metu
806 4135 990 4200 essent,
1034 4127 1125 4200 ait.
1163 4127 1301 4200 Editi
1335 4143 1483 4200 vero,
1533 4130 1657 4200 jam
1700 4129 1812 4182 sine
1837 4129 2060 4200 tristitia:
2085 4140 2222 4183 metu

627 4199 851 4272 existens
877 4198 970 4252 ait.
1035 4198 1190 4263 Quod
1217 4197 1414 4272 deinde
1470 4197 1777 4272 subjicitur,
1828 4198 2060 4253 Dormite
2080 4203 2219 4272 jam,

631 4270 797 4324 modo
828 4283 935 4340 non
964 4270 1322 4340 exstatapml
1364 4267 1601 4334 Lucam,
1627 4269 1734 4325 imo
1785 4285 2005 4340 prorsus
2053 4267 2220 4339 aliud,

629 4350 782 4410 puta,
810 4338 937 4457 (Quid
961 4338 1194 4392 dormitis
1216 4339 1242 4392 2’
1269 4340 1486 4410 surgite,
1514 4351 1655 4394 orate
1673 4349 1777 4396 etc.

706 4407 778 4457 (cl
867 4418 938 4457 at.
964 4408 1080 4457 has.
1114 4426 1213 4457 ms.
1244 4412 1490 4457 crtstodis-

706 4407 778 4534 (9
822 4407 938 4461 Vat.
964 4408 1080 4463 bas.
1113 4426 1213 4464 ms.
1244 4407 1490 4465 custodis.

707 4483 726 4534 l
770 4479 787 4534 l
816 4479 1033 4534 Excusi.
1066 4497 1185 4534 nam
1209 4482 1295 4534 aui
1322 4483 1490 4534 nobis.

707 4479 787 4552 (ά)
805 4479 1033 4556 Excusi,
1066 4482 1295 4556 namqui
1322 4483 1504 4537 nobis:
1545 4492 1599 4538 et
1628 4498 1758 4538 mox
1779 4526 1792 4547 ,
1841 4485 1964 4556 quia
1990 4500 2108 4556 ergo
2134 4485 2223 4554 qui

633 4552 699 4608 de
726 4552 895 4619 nobis,
926 4563 1034 4608 etc.
1067 4552 1401 4622 castigantur
1436 4556 1755 4609 auctoritate
1792 4552 1922 4611 mss.
1974 4552 2086 4609 Du'o
2138 4552 2223 4609 hic

2322 3328 2389 3402 (ll
2410 3327 2531 3385 Cor.
2564 3344 2622 3395 ν,
2657 3328 2771 3398 17).
2801 3326 2909 3384 Sed
2938 3337 2989 3383 et
3019 3341 3144 3383 cum
3166 3327 3261 3393 ait,
3293 3326 3455 3401 351
3481 3322 3547 3378 Et
3569 3325 3738 3394 ﬁgura
3756 3321 3916 3396 hujus

2322 3424 2503 3479 mundi
2552 3421 2788 3477 transibit
2818 3419 2862 3493 (Ι
2887 3418 3009 3475 Cor.
3041 3436 3136 3486 vn,
3170 3420 3283 3492 51).
3327 3419 3481 3474 Calix
3510 3434 3641 3489 ergo
3661 3460 3678 3485 ,
3709 3416 3778 3472 de
3805 3429 3916 3488 quo

2324 3521 2540 3577 Patrem
2566 3524 2685 3572 orat
2715 3525 2772 3573 ut
2800 3524 3060 3582 transeat,
3106 3529 3214 3569 non
3245 3522 3423 3585 potest
3452 3513 3683 3570 transire
3705 3510 3809 3569 nisi
3837 3509 3919 3566 bi-

2318 3658 2458 3715 sicut
2484 3663 2673 3728 postea
2696 3654 3001 3728 confortiari
3028 3667 3132 3709 non
3157 3655 3526 3726 confortatum.

2393 3730 2474 3805 (5)
2491 3726 2501 3728 ⁷
2519 3726 2643 3783 Non
2672 3726 2735 3782 de
2759 3727 2894 3782 loco.

2327 3844 2589 3909 claratur,
2620 3841 2712 3896 lib.
2746 3856 2786 3904 ι,
2818 3856 2871 3893 ιι.
2904 3838 2996 3904 52,
3039 3852 3245 3894 necnon
3276 3837 3371 3894 lib.
3404 3854 3462 3906 tt,
3489 3854 3544 3894 tt.
3576 3837 3632 3893 6.

2403 3915 2479 3988 (g)
2506 3912 2777 3988 valentini
2806 3910 3033 3974 scilicet,
3058 3909 3333 3988 Manichaei
3356 3925 3419 3988 ac
3448 3910 3729 3988 similium.
3760 3910 3912 3965 Eam-

2329 3980 2643 4053 det'u'hujus
2665 3984 2743 4038 rei
2764 3996 2980 4037 causam
3023 3980 3179 4036 all‘ert
3206 3981 3579 4053 'fheodoretus
3614 3983 3914 4038 Demonstr.

2330 4056 2472 4128 quod
2500 4052 2628 4110 unio
2656 4055 2722 4111 sit
2745 4053 3025 4128 incoul‘usa
3048 4054 3183 4128 n._8,
3210 4052 3298 4128 ubi
3328 4053 3430 4108 hoc
3452 4052 3653 4128 factum
3681 4068 3798 4108 esse
3815 4053 3918 4109 do-

2331 4124 2441 4196 cet,
2487 4136 2543 4183 ut
2573 4135 2890 4197 posterorum
2930 4125 2969 4177 ii
2992 4166 3006 4189 ,
3040 4125 3126 4195 qui
3157 4124 3340 4179 anima:
3353 4125 3690 4197 corporisque
3712 4141 3917 4179 assum.

2331 4195 2553 4273 ptionem
2574 4195 2873 4273 crederent,
2925 4195 3436 4273 demonstratiouibus
3465 4198 3916 4273 con/irritarentur;

2331 4268 2418 4340 qui
2444 4287 2562 4324 vero
2591 4269 3020 4329 contradicereut,
3042 4268 3370 4340 euidentibus
3401 4268 3703 4340 testimoniis
3730 4270 3916 4339 confu-

2332 4337 2580 4404 tarentur,
2628 4339 2818 4410 quibus
2870 4338 3180 4406 pra‘mittit:
3245 4337 3357 4393 Etsi
3402 4341 3537 4393 enim
3579 4337 3841 4393 divinitas
3875 4350 3919 4394 et

2331 4416 2541 4485 spiritus
2561 4411 2773 4485 aderant
2799 4410 2931 4464 velut
2955 4410 3166 4475 unctio;
3214 4419 3383 4485 tamen
3435 4428 3525 4464 nec
3564 4411 3710 4464 unita
3731 4412 3919 4464 diuini-

2329 4482 2406 4539 tas
2429 4501 2519 4538 nec
2543 4484 2755 4554 spiritus
2783 4497 2970 4552 corpus
3001 4490 3120 4534 tunc
3168 4491 3256 4536 aut
3287 4482 3515 4554 animam
3540 4491 3918 4545 sustentarunt,

2330 4557 2419 4610 sed
2440 4558 2536 4610 hoc
2561 4552 2897 4608 ministerium
2920 4554 3100 4618 angelo
3128 4552 3570 4617 commendarunt,
3589 4562 3644 4607 ut
3666 4563 3711 4606 et
3733 4555 3923 4608 animle

635 4624 813 4679 obiter
843 4623 1110 4678 notanda:
1157 4626 1389 4696 primum
1416 4641 1523 4680 non
1553 4625 1825 4696 hominem
1853 4670 1868 4690 ,
1906 4628 1999 4682 sed
2030 4636 2222 4680 creato-
2252 4626 2298 4685 D
2323 4638 2370 4680 et
2399 4626 2629 4696 corporis
2653 4622 3003 4694 inﬁrmitatem
3021 4623 3361 4696 ostenderent,
3391 4624 3921 4696 etperinﬁrmitatem

632 4711 737 4750 rem
770 4697 1071 4764 angelorum
1095 4694 1499 4750 abinﬁrmitate
1526 4694 1782 4762 defendi;
1814 4699 2063 4757 alterum,
2097 4697 2216 4750 unl-

633 4766 742 4821 lam
772 4766 838 4820 de
859 4768 1084 4820 veritate
1115 4765 1348 4820 tristitiae
1371 4765 1570 4820 Christi
1614 4767 1910 4821 secundum
1946 4767 2218 4821 hominem

632 4837 1056 4907 controversiam
1083 4836 1328 4907 moveri,
1377 4838 1500 4907 quia
1549 4835 1617 4890 de
1662 4838 1752 4891 illa
1783 4839 1959 4892 nullus
1983 4838 2223 4905 ambige-

630 4908 754 4974 bat;
788 4906 885 4962 sed
926 4906 1024 4960 hac
1051 4906 1213 4961 veluti
1240 4908 1361 4961 data
1390 4906 1407 4969 ,
1432 4907 1611 4960 statim
1641 4907 1708 4961 de
1737 4924 1898 4963 causa
1931 4917 1986 4963 ct
2031 4908 2214 4963 Condi-

633 4979 783 5033 tione
813 4977 959 5032 illius
986 4976 1288 5047 disputari:
1346 4988 1400 5032 ut
1436 4992 1498 5032 ea
1544 4978 1794 5033 nimirum
1843 4979 2009 5035 fuisse
2037 4988 2224 5035 osten-

634 5049 812 5113 datur,
841 5064 962 5115 quze
992 5065 1095 5103 non
1124 5049 1410 5104 deduceret
1441 5049 1712 5103 hominem
1746 5050 1857 5105 Deo
1883 5052 2110 5105 unitum.

711 5119 783 5192 (θ)
829 5119 1150 5189 Hippolytus
1180 5118 1751 5192 apudr'l‘heudoretum
1784 5120 1849 5175 ad
1879 5124 2083 5178 calcem
2110 5123 2232 5177 Dia-

635 5190 748 5262 logi
765 5190 848 5257 ιιι,
877 5200 1248 5262 argumentum
1294 5191 1469 5246 simile
1514 5191 1732 5248 coniicit
1757 5210 1823 5248 ex
1854 5209 1991 5261 aqua
2024 5204 2079 5250 et
2107 5210 2231 5248 san-

636 5261 798 5332 guine
827 5277 948 5332 quae
975 5273 1094 5332 post
1124 5271 1353 5318 mortem
1380 5262 1576 5317 Christi
1628 5279 1691 5317 ex
1733 5266 1898 5320 latere
1923 5264 2070 5319 illius
2101 5280 2229 5332 pro-

638 5334 944 5388 ﬂuxerunt:
992 5332 1215 5403 Corpus,
1269 5335 1497 5403 quamvis
1526 5334 1746 5390 humano
1776 5352 1917 5390 more
1944 5346 2226 5403 mortuum,

636 5420 879 5475 magnam
902 5404 955 5458 in
982 5422 1036 5459 se
1060 5408 1177 5460 υἱιω
1199 5408 1300 5460 vim
1325 5406 1492 5459 habet.
1558 5407 1684 5472 Qua:
1722 5408 1856 5461 enim
1912 5423 1975 5463 ea:
2003 5409 2218 5462 mortuis

638 5475 935 5547 corporibus
963 5493 1063 5529 non
1095 5478 1377 5546 proﬂuunt,
1406 5492 1469 5529 ex
1494 5477 1587 5531 illo
1614 5486 1909 5541 manarunt,
1941 5478 2150 5549 sanguis
2171 5487 2222 5532 et

640 5562 815 5620 aqua;
867 5556 924 5601 ut
953 5549 1197 5620 sciremus
1226 5557 1469 5617 quantum
1501 5552 1569 5603 ad
1595 5548 1752 5602 vitam
1782 5550 1946 5604 valeat
1975 5548 2222 5620 potestas,

637 5618 1073 5689 qute‘ingcorpore
1097 5619 1358 5673 habitavit.

714 5686 783 5762 (Ι)
814 5686 1062 5762 tleeresis
1097 5689 1424 5762 inﬁrmitatis
1465 5691 1770 5759 appellatur
1814 5691 2043 5746 Ariana:
2098 5692 2225 5762 quia

639 5755 841 5810 Christi
865 5759 1159 5812 secundum
1192 5759 1479 5814 humanam
1505 5755 1756 5816 naturam
1802 5755 2136 5817 infirmitates
2160 5761 2227 5817 ad

645 5824 879 5883 divinam
911 5826 1201 5897 referebat,
1228 5839 1285 5885 ut
1305 5829 1359 5885 in
1390 5826 1711 5901 argumento
1736 5831 1960 5903 hujusce
1986 5833 2109 5891 libri
2135 5833 2229 5891 dc-

2326 4693 2717 4751 osteuderentur
2770 4704 2970 4747 natura:
3031 4693 3380 4764 infirmorum.
3427 4695 3489 4751 Si
3514 4693 3684 4757 enim,
3749 4695 3923 4762 inquit

2327 4770 2748 4839 Chrys-ostentus
2799 4764 2958 4839 Tom.
2994 4779 3034 4830 ι,
3069 4764 3231 4839 Hom.
3263 4782 3440 4821 χχχιιι
3494 4775 3606 4837 post
3634 4783 3788 4836 quam
3812 4767 3926 4835 ipse

2327 4850 2397 4893 tot
2421 4836 2657 4909 tantaque
2678 4836 2883 4898 dixerit,
2909 4851 3110 4889 carnem
3141 4838 3291 4909 illum
3320 4854 3420 4892 non
3449 4836 3788 4909 assumpsisse
3810 4839 3925 4892 ausi

2328 4919 2447 4963 sunt
2475 4908 2681 4978 quidam
2712 4922 2976 4980 asserere;
3022 4909 3067 4961 si
3110 4908 3241 4963 nihil
3290 4908 3476 4963 horum
3506 4908 3697 4963 dictum
3723 4910 3922 4980 fuisset,

2328 4982 2450 5053 quid
2474 4996 2577 5053 non
2605 4979 2889 5053 dixissent?

2411 5052 2490 5123 (Ιι)
2528 5052 2832 5123 Vetustiore
2875 5064 3006 5104 mss.
3046 5046 3201 5123 Golb.
3236 5066 3359 5123 cum
3403 5050 3593 5107 Germ.
3629 5060 3682 5107 et
3711 5051 3926 5123 Remig.

2336 5120 2510 5178 decem
2536 5123 2702 5177 millia
2726 5121 3003 5194 legionum.
3051 5120 3201 5177 Alter
3223 5120 3475 5194 Galbaac
3504 5123 3765 5190 Sorbon.,
3796 5120 3929 5178 duo-

2336 5194 2499 5247 decim
2528 5192 2793 5265 legiones.-
2852 5202 3149 5265 tum__cum
3174 5195 3363 5249 codice
3392 5192 3514 5248 Vat.
3548 5196 3666 5251 bas.
3699 5195 3763 5249 de
3788 5194 3930 5251 caelis

2335 5262 2635 5334 angelorum
2658 5264 2946 5319 deduceret.
2974 5262 3186 5319 Videsis
3209 5274 3388 5320 notata
3416 5265 3471 5320 in
3495 5266 3640 5321 Psal.
3662 5282 3772 5335 Ltv,
3793 5284 3848 5322 ιι.
3869 5267 3924 5324 6.

2409 5335 2473 5408 (i)
2505 5336 2559 5391 In
2583 5336 2811 5404 vulgatis
2839 5377 2853 5401 ,
2890 5351 2982 5390 nec
3010 5347 3216 5405 prapter
3245 5348 3458 5390 mortem
3485 5339 3731 5393 atuiatus
3750 5379 3766 5405 ,
3805 5351 3861 5392 ut
3895 5355 3930 5395 a

2335 5424 2389 5461 se
2442 5411 2784 5480 transferatur
2830 5408 2970 5461 calix
2996 5418 3185 5479 rogat:
3234 5408 3384 5463 locus
3410 5409 3632 5465 mutilus
3658 5424 3760 5480 ope
3791 5424 3924 5467 mss.

2326 5492 2444 5533 rBSa
2453 5478 2637 5532 rcitus.

2402 5547 2469 5620 (ί)
2499 5549 2588 5604 Sic
2612 5564 2742 5620 mss.
2779 5549 3004 5620 Atictliti
3033 5591 3047 5613 ,
3082 5566 3187 5604 non
3220 5563 3408 5618 posset,
3436 5552 3538 5605 nisi
3563 5568 3681 5606 eum
3713 5553 3923 5607 biberet.

2404 5619 2481 5692 (It)
2515 5619 2668 5690 Apud
2701 5620 2814 5692 ΕΓ..
2846 5619 2992 5689 Lips.
3033 5632 3087 5692 et
3126 5620 3279 5685 Pan,
3337 5625 3511 5676 omnia
3550 5640 3699 5677 nova.
3757 5624 3930 5680 Abest

2333 5694 2507 5746 omnia
2547 5709 2576 5745 a
2613 5691 2738 5763 But].
2773 5701 2827 5745 et
2852 5706 2981 5745 mss.
3037 5691 3171 5747 Tum
3212 5692 3361 5748 solus
3389 5694 3561 5750 codex
3590 5693 3780 5763 Carn.,
3837 5694 3928 5750 sed

2336 5773 2381 5821 ct
2406 5763 2638 5838 cuntait,
2670 5760 2953 5823 Prtetcriuit
2979 5764 3112 5838 enim
3134 5763 3302 5838 ﬁgura
3324 5764 3483 5838 hujus
3506 5767 3706 5821 mundi.
3741 5760 3797 5825 in
3830 5768 3928 5824 alii

2336 5845 2467 5906 quot
2496 5833 2616 5893 aliis
2643 5841 2821 5891 exstat
2848 5832 3101 5905 transibit,
3135 5830 3244 5892 non
3272 5830 3527 5894 lraniibit.
