4286 6264
431 286 542 344 577

1654 286 1745 343 DE
1778 284 2151 344 TRINITATE
2198 287 2400 346 LIBER
2444 292 2511 348 X.

3632 294 3739 350 578

427 405 623 464 batur:
671 412 728 460 et
753 403 902 477 quod
934 413 1055 460 orat
1083 405 1384 472 Dominus;
1436 405 1620 477 utique
1650 420 1751 477 pro
1781 405 1866 460 his
1893 414 2032 472 orat,
2063 408 2110 467 A
2143 398 2265 464 nem
2296 417 2401 476 est,
2456 410 2708 465 humanae
2742 407 3123 481 trepidationis
3152 410 3395 468 anxietas
3422 430 3434 468 :
3486 421 3543 468 et
3581 423 3738 469 extra

426 512 568 571 quos
593 513 717 554 cum
752 497 836 554 his
883 513 1116 555 manens
1138 499 1255 569 ipse
1283 498 1554 565 salvavit,
1606 514 1743 569 quos
1789 506 1844 555 et
1888 498 2034 554 Patri

427 591 721 649 salvandas
747 592 989 663 reliquit.
1067 592 1220 648 Nunc
1264 609 1394 649 vero
1416 602 1816 648 sacramentum
1845 592 2036 647 mortis

427 694 772 757 peracturus,
806 684 1022 739 Patrem
1052 683 1134 739 his
1162 684 1441 740 custodem
1478 692 1729 754 precatur
1756 701 1767 737 :
1795 691 1852 738 et
1881 682 2036 737 missi

431 779 487 836 in
523 794 591 835 eo
627 779 831 850 angeli,
863 779 907 833 si
940 787 1117 834 tamen
1148 779 1218 834 ita
1244 790 1350 845 est,
1381 793 1487 834 non
1511 778 1761 849 ambigua
1793 776 1871 850 (ιι)
1903 792 2039 846 pra:-

426 876 604 931 sentia
648 886 767 941 est;
814 884 869 932 et
916 875 1154 932 obtcutce
1201 874 1381 946 precis
1433 862 1716 931 manifesta
1764 874 2032 929 securitas

428 979 546 1037 est,
605 987 729 1027 cum
778 985 875 1028 eos
919 981 1294 1027 consummata
1344 971 1594 1026 oratione
1623 969 1943 1024 adhortatur
1977 967 2033 1023 in

428 1080 708 1122 somnum.
809 1064 1078 1121 Eﬁ'cctum
1109 1076 1289 1121 autem
1323 1065 1624 1134 impetrata;
1653 1062 1943 1126 orationis,
1979 1069 2036 1118 et

433 1160 738 1218 adhortatu:
787 1158 1134 1215 dormitionis
1188 1158 1581 1225 securitatem,
1642 1158 1755 1229 jam
1808 1161 1861 1212 in
1918 1157 2034 1227 ipso

431 1269 602 1326 opere
629 1252 897 1326 passionis
928 1251 1274 1322 Evangelista
1317 1251 1686 1319 demonstrat,
1728 1266 1851 1306 cum
1903 1265 2033 1320 apo-

430 1347 590 1403 stolis
621 1343 892 1409 omnibus,
943 1343 1013 1399 de
1042 1334 1449 1413 persecuturum
1482 1343 1732 1399 manibus
1762 1342 2032 1415 clapsuris

428 1437 540 1494 ait:
597 1436 669 1492 Ut
697 1435 1069 1508 adimpleretur
1091 1435 1296 1489 verbum
1326 1436 1465 1505 quod
1495 1436 1701 1492 dixerat
1721 1478 1736 1503 ,
1790 1436 2034 1507 quoniam

427 1547 555 1601 quos
586 1529 775 1583 dedisti
800 1529 949 1597 mihi,
985 1529 1058 1599 (b)
1114 1545 1219 1583 non
1248 1529 1450 1599 perdidi
1479 1529 1560 1601 (1)
1593 1546 1656 1584 ea:
1672 1530 1748 1584 eis
1779 1531 2033 1585 neminem

435 1621 618 1695 (Joan.
653 1636 809 1688 xvut,
836 1618 914 1693 9).
939 1620 1196 1692 lmpletur
1218 1620 1361 1677 enim
1398 1636 1492 1691 per
1517 1636 1578 1677 se
1605 1620 1868 1676 orationis
1912 1636 2032 1692 pre-

431 1723 597 1781 catio,
647 1724 699 1769 et
754 1713 890 1769 salvi
930 1729 1121 1769 omnes
1164 1725 1311 1769 sunt.
1354 1713 1463 1771 Sed
1516 1721 1703 1770 oratur
1732 1713 1915 1779 Pater,
1975 1724 2033 1768 ut

2137 502 2343 558 terreni
2373 510 2457 558 est
2494 503 2743 573 corporis
2775 503 2913 559 mala
2945 547 2963 572 ,
3018 519 3123 558 non
3153 504 3386 561 terrenis
3420 503 3733 562 inchoatum

2135 611 2335 664 corpus
2362 597 2670 666 elementis,
2696 599 2799 654 etsi
2821 599 3086 670 originem
3116 596 3198 671 (ά)
3228 598 3327 654 lilii
3358 598 3596 655 hominis
3612 612 3739 655 san-

2135 701 2255 746 ctus
2278 692 2517 763 Spiritus
2544 709 2645 765 per
2676 703 3075 750 sacramentum
3102 693 3476 763 conceptionis
3502 693 3730 750 invexit.

2134 782 2339 855 Nempe
2362 795 2417 841 et
2442 785 2709 843 Altissimi
2741 788 2928 850 virtus,
2957 787 3035 859 (5)
3068 788 3317 842 virtutem
3350 784 3425 859 (e)
3466 788 3734 857 corporis,

2134 879 2280 947 quod
2304 895 2373 935 ex
2398 880 2758 952 conceptione
2777 880 3010 949 Spiritus
3032 881 3184 952 virgo
3208 880 3464 951 gignebat
3483 922 3497 946 ,
3557 881 3736 936 admi-

2136 972 2296 1027 scuit.
2348 971 2482 1026 Nam
2534 988 2659 1027 cum
2703 987 2799 1043 per
2842 973 3131 1028 transfusa:
3179 973 3233 1028 in
3282 987 3479 1043 corpus
3537 973 3735 1029 animm

2133 1064 2490 1132 consortium,
2512 1080 2707 1122 sensus
2736 1065 2956 1121 animati
2987 1067 3231 1136 corporis
3260 1065 3428 1133 vivat,
3461 1077 3517 1122 et
3548 1067 3724 1138 ipsum

2133 1156 2202 1212 ad
2245 1156 2516 1211 illatorum
2558 1157 2806 1214 dolorem
2855 1174 3057 1229 corpus
3105 1159 3288 1214 anima
3339 1160 3555 1229 corpori
3611 1176 3736 1231 per-

2136 1250 2301 1304 mixta
2330 1248 2570 1307 viviﬁcet
2598 1267 2612 1317 ;
2664 1266 2793 1321 quae
2827 1251 2918 1307 ubi
2960 1251 3202 1309 etelestis
3234 1253 3350 1323 spei
3378 1268 3443 1309 ac
3472 1251 3594 1308 ﬁdei
3622 1268 3735 1310 suzc

2137 1340 2296 1396 beato
2326 1342 2529 1411 calore,
2582 1351 2815 1399 terrente
2838 1344 2887 1398 in
2914 1360 3143 1414 corpore
3168 1360 3267 1401 suo
3288 1345 3514 1416 originis
3541 1344 3737 1415 despe-

2134 1436 2213 1490 xit
2240 1436 2546 1503 exordium,
2596 1438 2679 1493 sui
2715 1453 2932 1509 quoque
2960 1451 3153 1500 sensus
3180 1453 3245 1494 ac
3285 1438 3511 1509 Spiritus
3536 1453 3734 1509 corpus

2136 1526 2369 1583 efﬁcitur
2400 1529 2451 1582 in
2478 1526 2690 1597 dolore,
2725 1537 2783 1582 ut
2836 1528 2948 1599 pati
2988 1542 3048 1583 se
3098 1528 3309 1585 desinat
3358 1530 3562 1585 sentire
3590 1531 3732 1601 quod

2135 1622 2338 1690 patitur
2363 1637 2379 1677 :
2428 1628 2482 1676 ct
2504 1620 2631 1691 quid
2664 1620 2821 1675 nobis
2848 1620 2916 1677 de
2940 1630 3129 1677 natura
3157 1621 3415 1677 dominici
3464 1624 3733 1694 corporis,

2134 1723 2189 1767 et
2215 1712 2601 1769 descendentis
2648 1712 2716 1769 de
2764 1715 2904 1770 coelo
2952 1712 3050 1768 lilii
3080 1715 3318 1770 hominis
3351 1714 3531 1771 adhuc
3553 1730 3736 1771 sermo

428 1812 669 1867 salvatus
698 1824 797 1881 per
823 1824 907 1877 se,
953 1809 1175 1865 nuncin
1205 1808 1424 1864 nomine
1452 1823 1552 1864 suo
1578 1808 1750 1864 salvet
1776 1808 1912 1879 ipse.
1965 1809 2032 1864 Et
2060 1794 2109 1855 Β
2137 1809 2249 1863 sit?
2304 1808 2420 1879 Ipsa
2452 1817 2667 1866 terrena
2713 1824 2941 1880 corpora
2983 1808 3174 1866 timere
3219 1824 3284 1864 ac
3323 1809 3515 1866 dolere
3564 1811 3730 1866 inter-

428 1905 571 1962 adeo
597 1904 814 1973 salvat,
860 1914 918 1958 ut
943 1903 1088 1960 Petri
1127 1903 1261 1961 ﬁdes
1302 1903 1621 1975 pmnitentia
1653 1903 2029 1974 subsequente

432 2013 542 2056 non
565 1998 801 2065 deﬁciat,
849 1998 978 2054 licet
1003 1996 1208 2053 territa.

502 2091 591 2148 45.
624 2089 898 2164 Epilogus.
927 2121 1002 2132 —
1031 2092 1405 2146 Demonstrata
1447 2089 1630 2160 itaque
1661 2098 1717 2145 et
1748 2103 1779 2144 a
1823 2087 2033 2147 Joanne

428 2183 644 2241 Domini
669 2185 845 2240 oratio
874 2226 890 2251 ,
948 2193 1003 2239 et
1058 2200 1087 2237 a
1119 2183 1264 2239 Luca
1293 2182 1493 2238 diaboli
1520 2181 1837 2253 postulatio,
1883 2190 1937 2237 et
1968 2195 2032 2236 ea

428 2293 553 2351 quae
604 2279 659 2333 in
690 2278 945 2335 Matthazo
983 2286 1144 2347 atque
1171 2276 1370 2344 Marco,
1403 2284 1457 2332 et
1485 2276 1700 2331 tristitia
1744 2290 1914 2346 usque
1964 2275 2033 2331 ad

429 2378 663 2426 mortem
688 2382 792 2433 est.
826 2370 1082 2427 et-somni
1126 2369 1454 2439 objurgatio,
1487 2377 1545 2425 et
1585 2385 1797 2424 rursum
1830 2368 2031 2423 adhor-

431 2463 590 2531 tatio,
619 2461 754 2518 nihil
780 2462 1145 2534 ambiguitatis
1172 2461 1505 2531 relinquunt:
1537 2475 1657 2515 cum
1687 2459 1903 2530 quando
1952 2459 2030 2532 (Ξ)

429 2570 531 2627 per
562 2570 778 2625 precem
807 2553 881 2631 (c)
913 2555 968 2610 in
996 2553 1228 2621 Joanne,
1259 2570 1362 2624 qua
1393 2554 1542 2610 Patri
1572 2554 1849 2625 apostolos
1882 2569 2033 2610 com-

429 2646 673 2713 meudat,
710 2658 767 2703 et
809 2646 1042 2702 tristitia:
1082 2660 1244 2702 causa
1295 2653 1352 2702 et
1378 2646 1694 2701 transeundi
1720 2646 1905 2702 calicis
1931 2645 2030 2702 de-

430 2741 680 2813 precatio
707 2741 954 2797 absoluta
986 2740 1097 2806 sit;
1133 2755 1239 2795 non
1271 2756 1300 2795 a
1330 2754 1390 2795 se
1436 2741 1744 2810 passionem
1787 2740 2031 2797 amoveri

431 2834 666 2893 Domino
694 2834 1044 2905 deprecante,
1070 2833 1167 2890 sed
1191 2833 1404 2888 Patrem
1435 2842 1491 2888 ut
1519 2833 1800 2905 apostolos
1827 2848 1886 2889 se
1917 2850 2033 2904 pas-

429 2943 565 2985 suro
596 2936 809 2984 tueatur
835 2936 1056 2983 orante:
1103 2936 1156 2982 et
1180 2942 1282 2998 per
1304 2926 1505 2982 Lucam
1530 2935 1746 2982 ostensa
1771 2926 2035 2982 adversus

431 3021 713 3078 diabolum
745 3037 930 3095 prece,
976 3022 1089 3093 jam
1130 3020 1199 3077 de
1226 3020 1419 3077 ﬁducia
1470 3021 1620 3078 vetiti
1652 3029 1810 3078 antea
1858 3023 2034 3078 somni

431 3129 628 3172 secura
659 3116 945 3187 permissio
976 3114 1068 3171 sit.

2136 1901 2263 1957 dum
2295 1902 2564 1967 nesciunt,
2610 1902 2751 1972 quod
2778 1912 2833 1956 ct
2858 1902 3028 1958 doleri
3061 1917 3282 1958 necesse
3309 1912 3395 1959 est
3420 1912 3476 1959 et
3506 1902 3705 1959 timeri.

2209 1995 2298 2052 45.
2341 1993 2469 2049 Tres
2520 1996 2667 2064 pueri
2696 1994 2939 2065 flammas
2972 2012 3073 2051 non
3116 1998 3315 2052 timent.
3359 1996 3529 2052 Multo
3570 1997 3736 2070 magis

2137 2085 2393 2142 Christus.
2428 2116 2497 2129 —-
2523 2088 2718 2157 Quaero
2739 2089 2887 2144 enim
2920 2104 2985 2144 an
3017 2097 3199 2160 pastas
3227 2089 3294 2145 ad
3325 2088 3566 2146 fomenta
3593 2105 3740 2145 estc-

2136 2182 2348 2237 stuandi
2381 2181 2689 2255 Bablenitc
2735 2183 2978 2239 fornacis
3009 2182 3258 2239 flammas
3280 2183 3539 2239 lsraelitae
3583 2184 3734 2255 pueri

2140 2275 2438 2342 timuerint,
2471 2285 2526 2331 et
2548 2287 2725 2331 utrmn
2759 2276 2813 2333 in
2846 2276 2975 2333 illud
3008 2276 3077 2351 (ι’)
3123 2285 3323 2334 nostris
3362 2278 3736 2349 conceptionis

2139 2382 2336 2438 corpus
2379 2379 2554 2426 metus
2597 2372 2731 2426 tanti
2782 2372 2920 2443 ignis
2975 2372 3261 2429 incesserit
3316 2371 3480 2445 (Dan.
3508 2387 3588 2436 ιιι,
3617 2371 3732 2442 25).

2136 2460 2332 2528 Quaero
2361 2465 2543 2531 etiam,
2591 2480 2660 2519 an
2702 2463 2783 2538 (4)
2832 2466 3236 2521 circumatnhiri
3283 2465 3363 2540 (g)
3400 2479 3460 2522 se
3496 2465 3733 2523 ﬂammis

2137 2557 2428 2614 doluerint.
2460 2558 2568 2614 Sed
2593 2557 2731 2613 forte
2759 2557 2977 2624 idcirco,
3010 2558 3130 2629 quia
3158 2575 3264 2614 non
3295 2560 3401 2614 usti
3430 2544 3576 2626 sunt,
3603 2561 3737 2616 nihil

2136 2650 2354 2707 doleant
2380 2669 2396 2717 ;
2464 2661 2516 2706 et
2545 2659 2657 2706 tum
2686 2650 2887 2708 afuisse
2918 2652 3129 2721 ignibus
3158 2660 3348 2707 natura
3377 2652 3570 2709 ureudi
3615 2655 3735 2709 exi-

2138 2746 2463 2802 Stimabitnr.
2504 2746 2665 2803 Certe
2688 2746 2804 2802 haec
2830 2755 3019 2802 natura
3048 2748 3295 2817 corporis
3324 2757 3463 2815 erat,
3488 2758 3627 2804 utet
3652 2749 3735 2805 ιιι-ἰ

2137 2853 2199 2895 se
2230 2839 2470 2905 timeret,
2503 2847 2557 2895 et
2584 2848 2769 2908 posset
2793 2840 2900 2895 uri.
2938 2839 3093 2908 Quod
3131 2840 3175 2895 si
3207 2854 3302 2909 per
3330 2839 3579 2908 spiritum
3611 2840 3737 2897 lidei

2140 2943 2356 2991 terrena
2387 2949 2638 3004 corpora,
2666 2933 2718 2989 id
2743 2944 2825 2988 est
2851 2975 2866 3000 ,
2912 2934 3209 2991 secundum
3241 2934 3514 2990 elementa
3545 2948 3735 2989 causa-

2140 3043 2257 3084 rum
2287 3029 2659 3084 communium
2691 3028 2923 3094 initiata,
2972 3043 3147 3099 neque
3174 3029 3253 3083 uri
3287 3034 3596 3097 potuerunt,
3637 3041 3739 3082 nec

2139 3121 2365 3176 timere:
2411 3135 2531 3191 quae
2573 3135 2703 3191 ergo
2752 3135 2847 3188 per
2876 3119 3035 3175 ﬁdem
3073 3120 3164 3174 Dei
3212 3120 3264 3174 in
3289 3117 3509 3173 homine
3549 3128 3737 3174 contra

505 3207 596 3263 44.
629 3207 866 3263 Christus
890 3208 953 3263 ab
978 3208 1215 3263 humanis
1238 3208 1374 3263 vitiis
1398 3207 1543 3262 liber.
1576 3205 1773 3263 Sensus
1797 3208 2032 3264 unde.—
2061 3191 2106 3254 Ο
2142 3221 2387 3268 naturam
2420 3221 2566 3280 sunt,
2592 3226 2653 3268 ea
2678 3210 2756 3285 (h)
2781 3214 2830 3267 in
2857 3212 2966 3267 Deo
2993 3211 3289 3266 secundum
3322 3210 3570 3266 virtutem
3610 3208 3739 3279 Spi-

431 3303 552 3361 Non
573 3312 658 3361 est
695 3304 877 3375 itaque
913 3304 968 3359 in
995 3317 1060 3359 ea
1082 3312 1294 3372 natura,
1323 3318 1440 3375 quae
1471 3319 1630 3376 supra
1661 3302 1824 3377 352
1865 3303 2037 3361 homi-

508 3440 589 3513 (l)
628 3439 714 3495 Ea;
742 3441 819 3495 his
846 3440 1088 3513 aliquem.

537 3443 556 3497 l
628 3441 714 3495 Ea;
742 3441 819 3495 his
846 3441 1088 3511 aliquem.

529 3441 589 3586 2)
631 3512 735 3568 Per
757 3528 959 3585 precem
989 3511 1262 3567 Iohannis.

508 3626 587 3703 (α)
617 3629 676 3685 lu
722 3625 1043 3700 quibusdam
1095 3626 1493 3684 recentioribus
1537 3640 1667 3682 mss.
1701 3628 2032 3700 prwscientia

435 3711 531 3757 est.

509 3773 587 3845 (ὁ)
620 3772 717 3829 Hic
759 3770 972 3842 phrasis
1018 3781 1099 3825 est
1130 3784 1322 3845 grarcag
1356 3769 1423 3824 ad
1455 3769 1702 3845 ‘verbum
1730 3784 1986 3837 expressa
2013 3788 2028 3837 ;

436 3841 529 3901 οὐδὲ
549 3841 791 3902 ἆπώλεσά
815 3845 865 3910 ἐξ
891 3844 1055 3899 αὐτῶν
1084 3841 1361 3909 οὐδέναῌη
1383 3841 1610 3909 vulgatis
1628 3852 1891 3910 expuncta
1916 3851 2035 3898 erat

437 3916 703 3985 particula
734 3932 835 3969 non
863 3926 1048 3969 contra
1083 3915 1243 3985 ﬁdem
1269 3923 1395 3967 mss.
1446 3928 1673 3981 quorum
1708 3914 1761 3966 in
1795 3914 2030 3967 nonnul-

437 3984 529 4053 lis,
561 4002 659 4053 pro
693 3987 968 4048 neminem,
995 3984 1292 4053 repositum
1323 3992 1406 4038 est
1434 3985 1673 4052 aliquem.

508 4054 585 4133 (c)
654 4058 778 4112 Par.
838 4074 928 4133 per
976 4073 1171 4133 precem
1236 4055 1473 4133 .loaunis.
1550 4054 1841 4133 ⁸Ειιμίοιιιξε
1914 4055 2034 4133 alia“:

437 4123 530 4203 per
561 4123 758 4199 precem
785 4147 817 4183 a
839 4123 1082 4203 Joanne_._
1120 4127 1335 4203 Rectius
1383 4142 1512 4203 mss.
1543 4126 1596 4203 in
1625 4123 1872 4203 Joanne”.
1929 4125 2035 4183 hoc

438 4196 713 4271 esu-qua:
752 4201 1010 4271 exstatin
1044 4198 1335 4269 I'Ivangelio
1377 4197 1619 4271 Joannis.
1690 4196 1898 4252 Similis
1950 4208 2033 4254 est

439 4268 697 4342 loquendi
726 4271 918 4326 modus
948 4270 1163 4341 Fragm.
1191 4285 1241 4342 ι.)
1262 4285 1408 4323 num.
1433 4268 1488 4322 2.

512 4337 592 4414 (ά)
627 4343 768 4398 Editi
798 4358 919 4399 cum
944 4337 1183 4414 uno'ms.
1219 4340 1452 4414 [ωηιξη
1484 4339 1692 4414 duobus
1713 4337 1891 4414 Colbg
1926 4355 2032 4414 uno

438 4408 673 4471 Sorba".
709 4415 818 4480 filio
847 4414 1088 4468 hominis.
1128 4412 1319 4466 Verius
1343 4408 1606 4465 vetustior
1631 4408 1812 4473 Coll).,
1837 4408 2029 4475 Curl).,

440 4486 629 4553 Vind.,
655 4486 791 4541 alter
818 4486 1051 4555 Remig.,
1083 4484 1294 4549 Germ,
1329 4482 1481 4555 Prat.
1500 4489 1608 4536 etc.
1636 4480 1732 4549 ﬁlii
1773 4482 2026 4535 hominis:

439 4557 546 4613 hoc
572 4568 655 4613 est
680 4598 694 4620 ,
748 4557 876 4613 licet
895 4553 1145 4610 Christus
1174 4569 1369 4623 corpus
1400 4553 1596 4607 habeat
1646 4568 1753 4606 non
1801 4555 2030 4606 terrenis

439 4629 754 4685 inchoatum
784 4628 1090 4693 elementis,
1121 4635 1305 4695 utpmc
1334 4624 1487 4693 cujus
1512 4624 1760 4694 princeps
1787 4632 1871 4677 est
1900 4638 2030 4695 san-

2141 3308 2278 3362 ritus
2305 3305 2373 3362 ad
2397 3315 2604 3362 natura:
2635 3306 2899 3378 originem
2934 3305 3183 3361 inchoata
3211 3347 3225 3371 ,
3274 3319 3382 3362 non
3409 3311 3538 3360 sunt
3583 3315 3740 3360 natu-

2221 3441 2302 3588 (ὅ)
2351 3442 2604 3498 Virtutem
2627 3443 2850 3516 corpori.

2221 3514 2271 3586 (4
2339 3513 2788 3583 Circumamburi;
2842 3517 2850 3568 i

2213 3513 2297 3586 (4)
2339 3513 2747 3571 Circumamburi
2768 3532 2788 3583 ;
2842 3517 2894 3569 iu
2924 3524 3112 3571 nostro
3143 3515 3352 3572 codice.

2141 3630 2304 3702 virtus
2327 3631 2579 3702 Altissimi
2609 3631 2853 3699 virginem
2880 3628 3217 3693 obumbravit,
3257 3631 3605 3702 infirmitatem
3628 3636 3740 3702 ejus

2145 3701 2293 3773 (puta
2324 3700 2593 3785 corporis)
2638 3694 2799 3785 veluti
2829 3694 3735 3785 per.umbrantncircitmfnsanconiir—

2141 3772 2306 3837 mans,
2354 3784 2409 3825 ut
2463 3775 2531 3826 ad
2560 3775 2882 3826 sementivam
2915 3773 3139 3827 ineuntis
3175 3772 3410 3840 Spiritus
3449 3772 3734 3841 efﬁcaciam

2140 3843 2477 3897 substantiam
2506 3844 2826 3914 corporalem
2859 3849 2958 3911 (ex
2987 3858 3047 3914 se
3089 3842 3382 3914 inﬁrmam)
3417 3843 3604 3914 divina:
3628 3845 3734 3914 vir-

2141 3916 2263 3968 tutis
2292 3912 2948 3983 inumbratiotemperaret.
3000 3913 3248 3968 Pressius
3275 3928 3422 3966 num.
3455 3912 3561 3967 27:
3616 3913 3736 3969 lni-

2144 3986 2215 4039 tia
2245 3986 2486 4038 nascendi
2509 3984 2740 4054 Spiritus
2765 3993 2969 4039 sanctus
2990 3985 3415 4056 supervenienset
3435 3984 3735 4042 inumbrans

2143 4057 2303 4108 virtus
2330 4056 2579 4109 Altissimi
2598 4056 2899 4111 moliuntur.
2937 4056 2993 4110 ltt
3019 4055 3213 4122 qnihus
3230 4055 3461 4124 Spiritus
3491 4066 3729 4125 sanctus,

2142 4126 2193 4180 id
2224 4137 2307 4181 cst
2336 4125 2597 4192 Verbum,
2646 4138 2698 4181 et
2720 4140 2775 4182 ut
2802 4139 3084 4197 susceptor
3103 4132 3348 4195 corporis
3369 4169 3382 4191 ,
3429 4137 3485 4181 et
3529 4138 3586 4180 ut
3616 4145 3733 4182 sus-

2141 4199 2280 4268 cepti
2306 4213 2467 4253 causa
2492 4198 2734 4253 effectrix
2758 4198 3152 4254 consideratur.
3180 4197 3417 4267 Ulrttqttc
3439 4198 3600 4252 modo
3621 4201 3733 4253 vir-

2142 4279 2227 4341 tus
2247 4279 2329 4323 est
2352 4271 2616 4338 corporis,
2646 4271 2762 4326 sive
2789 4271 2919 4325 illud
2947 4270 3251 4338 condendo,
3282 4271 3398 4326 sive
3420 4269 3600 4326 divina
3632 4287 3729 4341 per

2140 4339 2269 4393 illud
2299 4341 2595 4403 operando.

2212 4409 2284 4483 (f)
2337 4410 2391 4465 In
2435 4410 2622 4465 codice
2655 4411 2774 4465 Vat.
2826 4413 2942 4467 bas.
2980 4423 3169 4468 nostra:
3205 4415 3396 4468 carnis.
3426 4414 3651 4471 Rectius
3679 4415 3730 4471 in

2134 4479 2502 4555 aliis,gnostra:
2524 4486 2894 4551 conceptionis.
2952 4483 3100 4538 Alias
3149 4501 3255 4539 non
3293 4487 3727 4555 apparetdiscri-

2135 4568 2257 4609 men
2291 4553 2820 4625 interlsraelitarutn
2854 4564 2909 4610 ct
2940 4555 3135 4608 tiltristi
3167 4553 3395 4625 corpus:
3446 4555 3587 4623 quod
3621 4573 3727 4612 non

2134 4639 2318 4688 carne,
2354 4623 2447 4679 sed
2477 4626 2841 4693 conceptione
2875 4642 2904 4680 a
2936 4626 3094 4680 nobis
3121 4623 3322 4680 distare
3352 4626 3585 4681 llilarius
3629 4627 3727 4682 do-

1075 4671 1259 4752 iattien
1292 4671 1445 4750 nauis
1490 4671 1572 4750 elst
1602 4671 1741 4748 illitis
1771 4692 2025 4761 hominis,
2056 4671 2111 4732 Ῑ)
2136 4710 2263 4750 cere
2289 4671 2449 4751 solet.
2495 4671 2724 4750 Unde'in
2755 4696 2897 4752 Psal.
2934 4712 3047 4761 Llll,
3080 4714 3135 4751 ιι.
3161 4697 3215 4763 8,
3245 4671 3438 4752 habet:
3472 4671 3610 4751 Deus
3629 4671 3731 4753 ἲ)εὲ

440 4788 600 4827 verus
633 4767 865 4841 Virginis
891 4768 1056 4826 ﬁlius.
1090 4770 1221 4825 Cum
1249 4768 1332 4822 his
1368 4767 1557 4823 confer
1584 4776 1857 4837 postrema
1880 4781 2027 4820 nutu.

441 4843 511 4900 15
543 4843 730 4899 verba.

514 4914 583 4987 (ε)
614 4913 1000 4987 Prmdictorum
1020 4926 1149 4987 mss.
1179 4907 1851 4987 auctoritaterestituimus
1869 4908 2032 4987 virtu-

442 4981 542 5059 tem
562 4981 812 5059 corporis,
838 4985 1137 5059 praesertim
1160 4996 1280 5037 cum
1305 4996 1454 5036 num.
1481 4981 1574 5059 g5,
1593 4981 1701 5050 jam
1719 4982 2028 5059 legerimus,

451 5058 631 5112 Virtus
653 5050 902 5124 'corporis
934 5055 1046 5109 sine
1089 5070 1241 5109 sensu
1273 5067 1435 5122 paena:
1455 5054 1555 5124 vim
1582 5066 1743 5124 pretia:
1763 5053 1905 5124 ἱιιᾲιιεΔ
1936 5050 2029 5103 de-

441 5129 696 5185 stevicntis
721 5120 938 5194 ριιὲοερὶι,
981 5140 1043 5180 ac
1072 5120 1283 5179 rursum
1311 5139 1458 5177 nunt.
1487 5120 1837 5189 46,audituri
1863 5120 2031 5176 simus

440 5202 687 5271 corporis
734 5193 905 5271 nostri
945 5195 1223 5271 passiones
1251 5210 1281 5248 a
1314 5194 1528 5249 Christo
1556 5194 1759 5271 _vir_t_ute
1796 5193 2031 5264 corporis

440 5274 526 5328 sui
541 5265 849 5339 susceptas.
887 5265 955 5323 ln'
973 5268 1202 5339 vulgatis
1224 5276 1408 5339 autem
1438 5282 1501 5320 ac
1519 5265 1761 5339 pluribus
1783 5279 1915 5339 mss.
1938 5279 2032 5339 ex-

440 5352 553 5398 stat
579 5336 815 5397 virtutein
836 5336 1234 5409 corpo‘ri,’quod
1262 5347 1482 5409 pmpter
1513 5336 1732 5392 verbum
1758 5336 2032 5409 admiscuit

441 5429 553 5470 non
579 5413 720 5468 male
749 5404 937 5467 sonat.
979 5404 1090 5464 Hoc
1112 5404 1314 5480 quippe
1348 5404 1549 5462 dictum
1580 5422 1699 5462 esse
1729 5404 1938 5480 videtur
1964 5409 2032 5462 de

444 5485 609 5540 Verbi
639 5499 758 5537 cum
785 5493 976 5537 natura
1023 5491 1201 5536 nostra
1218 5478 1615 5543 conjunctione
1635 5518 1650 5541 ,
1700 5493 1823 5547 quae
1853 5478 1942 5530 lib.
1970 5492 2029 5542 ll,

445 5575 504 5612 ιι.
536 5558 627 5621 21),
657 5554 833 5610 fusius
860 5555 938 5608 sic
965 5559 1278 5607 enarratur:
1304 5550 1534 5622 Spiritus
1561 5548 1853 5622 sanctusde
1875 5564 2030 5622 super

443 5619 651 5684 veuiens
677 5627 887 5697 virginis
907 5619 1510 5697 interiorasanctificavit
1536 5663 1549 5685 ,
1586 5629 1634 5675 et
1654 5621 1711 5697 in.
1728 5619 1807 5673 his
1828 5620 2032 5697 spirans

444 5710 649 5755 naturis
678 5715 732 5752 se
754 5691 993 5751 humana:
1021 5695 1191 5749 carnis
1218 5692 1490 5747 iuuniscuit
1519 5733 1533 5758 ,
1583 5701 1630 5746 et
1658 5691 1711 5743 id
1736 5691 1873 5760 quod
1899 5692 2028 5744 alie‘

443 5786 572 5841 num
592 5788 624 5824 ιι
640 5786 693 5824 se
718 5778 850 5841 erat;
877 5768 921 5841 vi
950 5783 1047 5841 sua
1070 5782 1137 5841 ac
1149 5772 1394 5841 potestate
1417 5765 1783 5841 prwsttmpsitr
1800 5771 1950 5841 atque
1972 5768 2028 5841 ut

447 5832 514 5898 ne
542 5841 667 5912 quid
694 5853 784 5913 per
809 5832 1208 5895 imbecillitatem
1239 5832 1453 5891 Ituniani
1478 5832 1708 5907 corporis
1734 5832 2023 5903 dissideret;

2139 4767 2283 4837 ﬁlius
2309 4776 2428 4821 ante
2455 4769 2646 4821 swcula
2675 4785 2907 4835 manens,
2939 4771 3177 4823 humana:
3200 4778 3401 4824 natura:
3431 4768 3605 4823 habitu
3628 4812 3641 4830 .
3675 4771 3730 4824 id

2139 4848 2249 4921 est,
2280 4838 2443 4893 nostri
2481 4840 2711 4909 corporis
2752 4852 2904 4913 atque
2931 4841 3118 4895 animm
3144 4838 3297 4895 homo
3327 4857 3389 4896 ea:
3415 4852 3565 4913 partu
3602 4840 3723 4896 Vir-

2135 4919 2270 4980 ginis
2294 4919 2462 4964 natus.

2210 4980 2288 5052 (g)
2321 4980 2451 5036 Bad.
2501 4990 2555 5035 et
2586 4982 2672 5036 Er.
2728 4982 3091 5039 circumaduri.
3122 4982 3250 5039 Mss.
3295 4982 3482 5051 Corlt.,
3509 4984 3728 5040 Pratcll.

2140 5059 2245 5127 e_l-c.
2285 5093 2323 5127 ,_
2355 5053 2771 5127 circumantburi.
2836 5055 2970 5127 Tres
3017 5053 3191 5127 Vatic.
3245 5069 3365 5108 cum
3412 5056 3622 5127 Retuig.
3673 5069 3729 5115 et

2139 5121 2347 5177 Tbeed.
2370 5162 2384 5184 ,
2442 5124 2768 5179 circumburi.
2800 5126 2960 5182 Vind.
2992 5124 3057 5179 ad
3087 5126 3248 5189 Silv.,
3279 5121 3723 5185 circumcomburi.

2138 5192 2295 5247 Coll).
2329 5208 2391 5248 ac
2439 5194 2619 5251 Germ.
2651 5237 2665 5259 ,
2714 5214 2830 5251 cum
2854 5196 3070 5251 amburi.
3121 5198 3284 5252 Carn.
3315 5199 3535 5251 arnburi.
3570 5199 3727 5256 Parvi

2141 5262 2372 5345 interest
2394 5280 2514 5345 qua:
2545 5280 2610 5319 ex
2642 5265 2726 5321 his
2756 5268 3072 5345 lectionibus
3098 5270 3443 5345 prml'eratur.
3462 5269 3514 5324 Id
3544 5272 3722 5337 ipsum

2141 5333 2213 5388 ita
2242 5334 2293 5388 in
2328 5333 2473 5389 Psal.
2496 5350 2683 5402 chtv,
2717 5355 2770 5391 ιι.
2802 5340 2870 5394 15
2894 5381 2908 5400 .
2964 5333 3307 5394 enuntiatur:
3348 5338 3470 5395 Illis
3514 5333 3725 5398 in‘roris

2139 5406 2353 5481 humore
2381 5405 2516 5476 ignis
2533 5417 2867 5475 temperatur,
2891 5411 2984 5464 hos
3010 5422 3300 5467 exarstuans
3318 5411 3451 5481 ignis
3479 5414 3721 5471 amburit.

2134 5474 2277 5558 Ipsa:
2310 5474 2448 5531 intus
2477 5489 2720 5558 extraque
2983 5496 3098 5537 sunt
3124 5525 3137 5545 ,
3186 5474 3408 5553 quarunt
3438 5503 3530 5558 pro
3558 5487 3724 5558 diver-

2133 5552 2284 5625 sitate
2304 5559 2600 5603 meritorum
2615 5562 2664 5605 et
2686 5552 2855 5622 deﬁcit
2881 5572 2912 5608 a
2935 5571 2985 5607 se
3007 5552 3212 5620 natura,
3243 5571 3333 5609 nec
3361 5557 3553 5625 deﬁcit.
3582 5556 3721 5612 Nam

2135 5619 2273 5687 quod
2298 5630 2392 5702 est,
2422 5632 2594 5674 manet
2623 5619 2857 5702 ergaeos
2881 5626 3015 5696 ignis
3041 5642 3149 5702 esse
3177 5619 3303 5695 quos
3333 5619 3467 5694 urit;
3508 5639 3553 5683 et
3583 5630 3721 5702 quod

2131 5701 2351 5766 nonest,
2388 5708 2588 5766 necesse
2613 5694 2766 5766 estin
2790 5697 2868 5749 his
2899 5694 3006 5752 esse
3032 5694 3211 5766 quibus
3240 5714 3324 5752 ros
3353 5709 3445 5753 est.

2204 5761 2281 5844 (Ιι)
2312 5763 2466 5844 apud
2498 5764 2610 5844 lin,
2642 5764 2790 5835 Lips.
2813 5777 2870 5825 et
2900 5761 3052 5838 Pan,
3077 5770 3129 5825 in
3154 5767 3261 5825 Deo
3282 5770 3504 5827 homine.
3555 5772 3719 5831 Abest

2131 5825 2383 5890 hominen
2406 5833 2537 5891 Bad.
2562 5825 2616 5893 et
2644 5825 2774 5895 misr
