4286 6264
444 384 552 443 581

1668 381 1754 436 DE
1794 378 2164 437 TRINITATE
2202 378 2407 435 LIBER
2451 378 2515 435 Χ.

3646 348 3752 430 sse

450 510 656 557 nostra:
684 499 847 555 etiam
879 512 1065 554 sermo
1095 497 1446 569 propheticus
1474 497 1629 553 testis
1654 507 1756 563 est,
1788 512 1911 554 cum
1936 498 2049 554 ait:
2080 498 2128 557 A
2159 509 2271 566 tus,
2304 511 2358 557 et
2386 499 2575 555 salutis
2598 504 2795 554 nostrre
2826 510 2923 567 per
2954 493 3239 549 Dominum
3261 505 3396 562 opus
3416 502 3744 553 memorans,

456 594 558 649 llic
597 601 809 665 peccata
833 600 1010 646 nostra
1047 600 1236 661 portat,
1261 600 1308 646 et
1348 607 1442 662 pro
1492 590 1639 645 nobis
1667 590 1806 645 dolet
1835 607 1853 645 :
1882 599 1930 645 et
1959 605 2053 645 nos

446 688 855 744 existimarimus
882 700 1001 741 eum
1028 687 1082 740 in
1111 684 1376 740 doloribus
1404 702 1533 752 esse,
1562 694 1608 740 et
1636 686 1690 739 in
1720 686 1897 758 plaga,
1928 696 1975 739 et
1997 686 2051 740 in

448 782 734 839 vexatione.
768 779 891 852 Ipse
914 787 1084 834 autem
1107 779 1407 835 uulneratus
1434 789 1508 834 est
1532 786 1740 849 propter
1758 778 2053 850 iniquitates

446 885 672 939 nostras,
695 884 745 930 et
765 874 1101 943 inﬁrmitates
1124 881 1198 929 est
1215 884 1423 945 propter
1447 884 1654 943 peccata
1677 885 1853 929 nostra
1879 873 2047 946 (Esai.

448 983 573 1047 tut,
601 968 639 1023 Δ
664 977 718 1023 et
744 966 819 1038 5).
854 965 1084 1021 Fallitur
1110 980 1241 1036 ergo
1269 966 1523 1021 humanae
1539 964 1912 1021 aestimationis
1936 966 2053 1035 opi-

449 1062 564 1124 nio,
598 1070 795 1130 putans
815 1059 955 1113 hunc
977 1057 1074 1127 (al.
1107 1056 1257 1127 hinc)
1277 1057 1463 1113 dolere
1494 1057 1635 1129 quod
1671 1057 1888 1125 patitur.
1920 1057 2052 1112 Por-

458 1160 580 1207 tans
604 1150 747 1207 enim
775 1160 996 1220 peccata
1019 1157 1225 1213 nostra,
1252 1149 1461 1221 peccati
1498 1150 1671 1205 nostri
1701 1149 1904 1205 scilicet
1927 1165 2049 1204 cor-

453 1258 556 1316 pus
580 1256 884 1303 assumens,
918 1249 1099 1296 tamen
1129 1241 1244 1311 ipse
1270 1257 1380 1297 non
1412 1252 1618 1310 peccat.
1665 1241 1859 1297 Missus
1900 1257 2051 1298 nam-

451 1350 563 1408 que
586 1337 735 1392 estin
754 1334 958 1406 peccati
979 1334 1160 1389 carnis
1184 1334 1570 1399 similitudine;
1593 1344 1811 1405 portans
1831 1335 2047 1405 quidem

449 1428 505 1484 in
532 1444 698 1485 carne
729 1438 965 1497 peccata.
990 1427 1085 1483 sed
1116 1436 1321 1483 nostra.
1346 1428 1412 1482 Et
1438 1443 1540 1498 pro
1568 1428 1724 1484 nobis
1746 1427 1917 1492 dolet,
1942 1443 2048 1483 non

446 1529 505 1577 et
532 1520 738 1576 doloris
760 1520 931 1576 nostri
954 1519 1099 1577 dolet
1120 1535 1284 1576 sensu
1311 1538 1324 1575 :
1349 1521 1472 1591 quia
1502 1529 1556 1576 et
1586 1520 1771 1575 habitu
1796 1531 1854 1574 ut
1887 1520 2052 1575 homo

449 1623 705 1685 repertus
729 1653 743 1680 ,
785 1612 993 1670 habens
1031 1614 1083 1668 in
1111 1627 1172 1669 se
1199 1611 1403 1668 doloris
1439 1628 1656 1684 corpus,
1700 1612 1793 1667 sed
1822 1629 1926 1667 non
1955 1611 2052 1667 ha—

452 1709 587 1766 bens
605 1716 851 1763 naturam
883 1706 1122 1773 dolendi,
1146 1705 1272 1761 dum
1303 1714 1357 1761 et
1390 1704 1465 1779 (a)
1491 1714 1549 1762 ut
1578 1704 1813 1760 hominis
1839 1704 2051 1761 habitus

452 1810 555 1869 est,
583 1810 638 1857 et
661 1800 815 1873 origo
843 1815 950 1855 non
981 1798 1216 1854 hominis
1244 1810 1349 1864 est,
1372 1807 1498 1854 nato
1529 1813 1595 1864 eo
1609 1796 1678 1853 de
1691 1798 2049 1868 conceptione

2153 602 2384 649 mortem
2413 590 2612 647 Christi
2644 592 2712 644 ita
2759 585 3044 660 significat,
3080 594 3137 640 ut
3164 597 3331 641 carne
3356 599 3416 640 se
3446 582 3662 654 spoliet,
3696 588 3751 638 et

2154 695 2448 758 potestates
2477 701 2596 742 cum
2627 685 2819 740 fiducia
2861 683 3202 749 dehonestet,
3247 680 3396 736 etde
3432 678 3512 734 his
3559 679 3611 732 in
3659 695 3749 734 se-

2153 782 2387 851 metipso
2425 779 2722 849 triumphet
2749 778 2815 850 (ll
2849 775 2970 832 Cor.
3004 792 3099 833 xm
3124 819 3138 842 ,
3170 774 3249 848 3).
3299 774 3357 831 Si
3403 775 3455 829 in
3500 774 3750 843 passione

2153 888 2248 930 sua
2282 874 2577 929 necessitas
2602 886 2703 936 εει,
2737 880 2791 927 et
2822 887 2925 926 non
2957 871 3145 926 salutis
3187 878 3290 923 tuae
3316 866 3515 923 donum
3544 875 3659 931 est;
3702 867 3751 920 si

2153 967 2206 1023 in
2238 982 2399 1023 cruce
2427 965 2584 1023 dolor
2613 962 3009 1036 compungendi
3037 971 3149 1025 est,
3179 969 3232 1015 et
3272 976 3375 1015 non
3405 958 3645 1023 decreti,
3677 956 3749 1030 (ε)

2152 1059 2292 1132 quod
2315 1062 2365 1114 in
2399 1069 2450 1115 te
2481 1074 2628 1113 mors
2652 1065 2733 1113 est
2758 1057 2976 1127 scripta,
3007 1054 3241 1109 ronﬁxio
3282 1061 3361 1107 cst
3383 1067 3396 1117 ;
3422 1053 3464 1104 si
3497 1051 3547 1104 in
3577 1060 3751 1105 morte

2151 1156 2235 1209 vis
2258 1152 2445 1209 mortis
2472 1161 2577 1217 est,
2610 1159 2664 1205 et
2686 1166 2789 1204 non
2823 1164 2916 1220 per
2943 1156 3261 1218 potestatem
3288 1144 3379 1199 Dei
3410 1144 3587 1198 carnis
3614 1158 3749 1198 exu-

2151 1244 2255 1301 viae
2273 1253 2430 1309 sunt;
2462 1244 2504 1298 si
2538 1242 2767 1310 denique
2814 1254 2963 1296 mors
2996 1240 3106 1308 ipsa
3137 1237 3280 1293 aliud
3313 1242 3417 1301 est,
3457 1251 3618 1307 quam
3655 1252 3748 1304 pn-

2152 1350 2358 1397 tentttm
2383 1338 2778 1403 dehonestatio,
2804 1350 2961 1406 quam
2986 1333 3199 1398 ﬁducia,
3226 1347 3382 1402 quam
3409 1329 3711 1400 triumphus
3738 1346 3751 1383 :

2151 1432 2399 1489 adscribe
2428 1431 2817 1495 infirmitatem,
2853 1429 2896 1482 si
2924 1427 2995 1484 ibi
3030 1426 3324 1482 necessitas
3351 1432 3433 1479 est
3461 1431 3514 1478 et
3539 1434 3752 1489 natura,

2152 1527 2197 1583 si
2228 1526 2297 1581 ibi
2323 1525 2402 1581 vis
2429 1522 2512 1580 est
2541 1534 2593 1579 et
2622 1522 2923 1578 difﬁdentia
2946 1530 2997 1576 et
3022 1518 3279 1575 dedecus.
3308 1517 3399 1574 Sin
3422 1525 3598 1571 autem
3627 1514 3746 1569 hanc

2153 1635 2184 1676 e
2237 1617 2511 1675 contrario
2562 1618 2613 1671 in
2664 1622 3003 1671 sacramento
3050 1610 3315 1682 passionis
3364 1608 3754 1678 praedicantur;

2153 1714 2296 1785 quis,
2342 1726 2495 1780 rogo,
2532 1708 2677 1764 furor
2698 1705 3103 1776 est,repudiata
3149 1702 3405 1758 doctrina:
3451 1699 3758 1770 apostolica:

2155 1806 2259 1859 lide
2282 1804 2445 1879 356
2476 1809 2683 1856 tnutare
2707 1813 2925 1855 sensum
2957 1794 3256 1868 religionis,
3284 1802 3339 1849 et
3365 1802 3532 1848 totum
3562 1791 3666 1848 hoc
3687 1789 3757 1865 (f)

450 1896 692 1967 Spiritus
722 1893 917 1951 sancti.
960 1893 1124 1967 355
1160 1891 1297 1948 llinc
1328 1893 1509 1962 itaque
1552 1892 1850 1947 aestimatus
1875 1900 1958 1947 est
2002 1901 2056 1946 et
2086 1886 2134 1946 Β
2160 1895 2227 1952 ad
2258 1893 2638 1951 contumeliam
2690 1890 2972 1946 imbecillis
3004 1903 3195 1959 rapere
3229 1894 3464 1947 natum.
3519 1883 3660 1955 quod
3708 1890 3762 1937 ct

452 1992 507 2047 in
528 1989 809 2046 doloribus
833 1998 888 2045 et
917 1988 970 2044 in
998 1988 1148 2058 plaga
1175 1988 1305 2043 etin
1323 1987 1609 2043 vexatione
1629 2000 1769 2042 csse.
1803 1985 2054 2042 Formam

455 2083 602 2138 enim
635 2082 780 2138 servi
826 2080 1036 2152 accepit
1063 2097 1076 2135 :
1107 2089 1163 2136 et
1201 2063 1358 2135 natus
1385 2095 1450 2135 es
1480 2079 1690 2148 virgine
1723 2080 1886 2134 homo
1936 2081 2055 2149 opi-

458 2177 681 2234 nionem
713 2176 871 2232 nobis
906 2176 1167 2231 naturalis
1205 2176 1307 2232 sibi
1356 2177 1408 2230 in
1452 2176 1705 2246 passione
1735 2175 1941 2232 doloris
1980 2179 2059 2230 in-

461 2270 635 2327 vexit.
668 2269 794 2342 Ipse
839 2279 1012 2324 autem
1058 2268 1356 2345 vulneratus
1388 2278 1498 2334 est;
1551 2268 1649 2325 sed
1706 2278 1913 2339 propter
1954 2270 2059 2324 ini-

463 2366 685 2437 quitates
743 2371 967 2419 nostras.
1030 2362 1165 2419 Nam
1239 2362 1487 2434 quamvis
1556 2362 1630 2418 sit
1698 2362 2011 2419 vulneratus
2045 2405 2060 2429 ,

468 2473 577 2512 non
625 2464 802 2510 tamen
852 2454 1149 2526 iniquitatis
1176 2469 1288 2510 sure
1318 2455 1512 2510 vulnus
1543 2462 1628 2509 est
1658 2471 1670 2507 :
1701 2464 1755 2509 et
1799 2453 2062 2526 quidquid

470 2552 693 2623 patitur,
726 2566 833 2604 non
874 2549 979 2605 sihi
1007 2549 1228 2619 patitur.
1267 2548 1384 2605 Non
1412 2548 1556 2605 enim
1587 2547 1687 2603 sibi
1722 2549 1881 2603 homo
1910 2560 2066 2605 natus

471 2652 577 2708 est,
608 2656 711 2699 nec
747 2656 813 2699 ex
846 2657 906 2698 se
936 2642 1150 2713 iniquus
1176 2652 1282 2697 est.
1324 2640 1580 2697 Testatur
1616 2643 1906 2714 Apostolus
1935 2657 2065 2699 eau-

469 2748 590 2792 sam
636 2735 1057 2806 dispensationis
1102 2736 1255 2791 istius
1303 2734 1534 2791 dicens:
1591 2736 1811 2792 Orantes
1860 2737 1932 2810 (b)
1978 2754 2068 2807 per

471 2826 737 2885 Christum
764 2830 1081 2885 reconciliari
1104 2826 1250 2884 Deo:
1276 2844 1410 2897 eum,
1445 2830 1533 2901 qui
1561 2846 1663 2884 non
1689 2831 1921 2904 cognovit
1946 2847 2069 2903 pec-

470 2930 666 2982 catum,
718 2936 817 2991 pro
854 2921 998 2976 nobis
1027 2930 1289 2990 peccatum
1316 2922 1434 2993 fecit
1457 2921 1526 2992 (ll
1552 2920 1673 2978 Cor.
1706 2938 1760 2991 v,
1792 2922 1910 2994 20).
1941 2923 2072 2979 Pec-

471 3022 655 3070 catum
684 3012 829 3068 enim
853 3012 906 3067 in
943 3027 1106 3068 carne
1136 3028 1232 3083 per
1259 3024 1540 3083 peccatum
1573 3013 2030 3069 condemnaturus
2053 3056 2069 3080 ,

474 3104 680 3176 peccati
709 3104 836 3160 licet
860 3119 1081 3175 expers,
1115 3103 1284 3160 factus
1311 3115 1394 3161 est
1415 3105 1529 3176 ipse
1558 3114 1854 3176 peccatum,
1888 3105 1939 3161 id
1967 3113 2071 3174 est,

476 3210 573 3265 per
600 3209 819 3250 carnem
845 3206 1124 3265 peccatum
1153 3196 1206 3251 in
1236 3210 1401 3251 carne
1421 3196 1817 3264 condemnatis,
1849 3196 1923 3271 (ε)
1952 3212 2071 3252 car-

2160 1992 2412 2048 voluntas
2441 1994 2601 2044 estet
2626 1995 3046 2048 sacramentum,
3074 1980 3215 2053 quod
3245 1990 3299 2036 et
3326 1987 3563 2051 potestas
3594 1986 3678 2033 est
3708 1985 3763 2031 et

2161 2085 2352 2141 ﬁducia
2382 2091 2438 2138 et
2463 2078 2799 2150 triumphus?
2829 2074 3157 2146 Triumphus
3177 2074 3333 2144 plane
3362 2078 3461 2137 est,
3497 2068 3666 2142 qutcri
3696 2067 3760 2123 ad

2160 2191 2400 2239 crucem,
2447 2184 2500 2230 et
2539 2173 2852 2229 olierentem
2902 2184 2961 2224 se
3010 2182 3116 2223 non
3166 2165 3455 2230 sustineri;
3508 2172 3653 2219 stare
3697 2161 3763 2216 ad

2162 2268 2484 2328 sententiam
2517 2267 2727 2329 mortis,
2759 2263 2852 2319 sed
2895 2261 3020 2317 inde
3063 2270 3442 2315 consessorum
3486 2270 3517 2308 a
3559 2250 3765 2307 dextris

2163 2362 2411 2427 virtutis;
2459 2358 2653 2429 conligi
2701 2355 2888 2421 clavis,
2921 2350 3017 2410 sed
3048 2365 3143 2423 pro
3175 2346 3615 2421 persecutoribus
3643 2357 3765 2398 ora-

2165 2471 2264 2522 re;
2294 2461 2504 2509 acetum
2538 2461 2757 2522 potare,
2798 2446 2891 2502 sed
2921 2451 3317 2501 sacramentum
3346 2449 3723 2495 consummare
3748 2450 3763 2501 ζ

2167 2547 2413 2619 deputari
2460 2546 2602 2600 inter
2633 2542 2865 2612 iniquos,
2897 2538 2991 2593 sed
3022 2535 3330 2607 paradisum
3361 2530 3601 2587 donare:
3647 2529 3757 2585 ele-

2166 2642 2286 2698 vari
2317 2643 2367 2696 in
2398 2640 2562 2715 ligno,
2596 2636 2690 2690 sed
2714 2644 2911 2689 terram
2937 2637 3208 2694 tremere;
3236 2625 3469 2696 pendere
3497 2623 3551 2677 in
3581 2635 3763 2687 cruce,

2169 2736 2267 2793 sed
2299 2713 2465 2789 solem
2497 2747 2559 2786 ac
2590 2730 2731 2785 diem
2776 2727 2851 2799 (g)
2885 2724 3105 2795 lugere;
3138 2722 3287 2777 exire
3325 2736 3355 2773 e
3388 2730 3638 2787 corpore,
3669 2713 3763 2769 Sed

2170 2843 2429 2887 revocare
2468 2826 2677 2882 animos
2719 2823 2770 2877 in
2808 2813 3316 2891 corpora;sepcliri
3344 2818 3640 2874 mortuum,
3670 2807 3764 2863 sed

2174 2936 2455 2991 resurgere
2497 2918 2699 2983 Deum;
2725 2914 3020 2971 secundum
3047 2908 3317 2965 hominem
3348 2920 3446 2977 pro
3488 2902 3645 2957 nobis
3688 2903 3768 2957 in-

2176 3018 2327 3072 ﬁrma
2360 3012 2536 3069 omnia
2564 3011 2695 3081 pati,
2728 3006 2824 3065 sed
2850 3004 3145 3063 secundum
3177 3003 3346 3059 Deum
3371 2998 3427 3054 in
3471 2998 3556 3052 his
3588 2996 3769 3052 omnia

2175 3110 2274 3166 bus
2308 3105 2658 3175 triumphare.

2247 3200 2339 3258 49.
2380 3198 2689 3254 Derelictum
2737 3192 3001 3266 objiciunt.
3060 3188 3224 3257 Quam
3266 3185 3398 3239 nihil
3446 3182 3569 3238 inde
3612 3179 3773 3245 conﬁ-

475 3289 563 3346 nis
589 3290 807 3360 quidem
848 3289 1084 3358 nescius,
1115 3289 1210 3345 sed
1242 3305 1341 3360 pro
1369 3289 1526 3345 nobis
1552 3304 1681 3345 caro
1712 3290 1883 3346 lactus
1931 3300 2013 3346 est
2055 3309 2068 3344 :
2096 3274 2142 3339 Ο

2096 3274 2142 3339 C
2177 3296 2335 3350 ciant.
2367 3324 2438 3335 -—
2478 3290 2668 3345 Restat
2712 3287 2870 3343 nobis
2902 3284 3110 3348 adhuc,
3143 3290 3201 3337 ut
3228 3278 3498 3335 hzereticis
3528 3273 3769 3337 videtur,

476 3395 530 3441 et
584 3385 788 3442 idcirco
840 3392 1064 3456 pr0pter
1128 3383 1440 3456 iniquitates
1493 3396 1705 3441 nostras
1734 3395 1838 3443 rest
1887 3384 2078 3443 vulne—

476 3486 650 3535 ratus.

548 3571 639 3626 48.
671 3571 864 3626 Christi
891 3571 1054 3626 virtus
1081 3571 1136 3626 in
1159 3572 1399 3641 passione
1420 3571 1623 3626 emicat.
1676 3569 1865 3627 Passio
1886 3569 2077 3626 Christi

483 3666 792 3738 triumphus.
840 3696 911 3708 —
950 3665 1214 3725 Caeterum
1249 3665 1419 3720 nescit
1450 3663 1502 3720 in
1534 3662 1754 3720 Christo
1783 3663 2076 3734 Apostolus

481 3758 891 3831 trepidationem
922 3758 1147 3819 doloris.
1180 3756 1313 3813 Nam
1352 3757 1805 3826 diapensalionem
1835 3756 1917 3830 (tl)
1952 3771 2076 3826 pas-

481 3857 655 3911 sionis
677 3856 974 3919 locuturus,
1021 3855 1075 3908 in
1101 3862 1439 3909 sacramento
1466 3868 1586 3909 eam
1618 3851 1910 3906 divinitatis
1943 3867 2080 3920 pra:-

479 3946 699 4014 dicavit,
739 3945 928 4002 dicens
961 3962 975 3999 :
1010 3944 1221 3999 Donans
1247 3944 1391 4000 vobis
1426 3944 1599 3998 omnia
1627 3954 1863 4012 peccata,
1906 3942 2080 4000 delent

482 4040 618 4110 quod
661 4038 932 4094 adversum
970 4054 1062 4092 nos
1110 4037 1209 4109 fuit
1258 4037 1658 4110 chirographum
1684 4036 1737 4090 in
1784 4037 2078 4103 sententiis,

481 4133 618 4203 quod
649 4141 758 4186 erat
800 4130 1118 4185 contrarium
1142 4127 1311 4195 nobis,
1345 4127 1527 4182 tollens
1554 4126 1685 4181 illud
1718 4125 1783 4181 de
1818 4124 2002 4193 medio,
2030 4134 2081 4182 et

482 4223 689 4302 afﬁgatis
714 4224 849 4298 illud
880 4224 1041 4289 cruci,
1068 4222 1299 4294 spoliatis
1338 4238 1392 4276 se
1419 4237 1596 4288 carne,
1614 4228 1661 4276 et
1697 4221 2015 4293 principatus
2036 4228 2085 4274 et

482 4330 757 4390 potestates
796 4319 1023 4374 traduxit
1050 4332 1166 4372 cum
1191 4316 1402 4387 fiducia,
1444 4315 1766 4384 triumphans
1795 4329 1880 4369 eos
1919 4313 1972 4367 in
2000 4328 2083 4368 se-

481 4412 919 4495 mstipso(€oloss.
954 4427 993 4466 tt
1010 4453 1026 4477 ,
1050 4410 1120 4466 13
1141 4420 1187 4465 et
1213 4408 1403 4480 seqq.).
1434 4406 1800 4464 Succumbere
1826 4421 1959 4477 ergo
1990 4407 2083 4461 tibi

483 4507 697 4563 videtur
723 4505 905 4563 Virtus
943 4505 1042 4560 ista
1070 4502 1312 4559 vulneris
1338 4502 1525 4569 clavo;
1566 4509 1621 4555 et
1648 4500 1715 4557 ad
1746 4501 1908 4555 ictum
1935 4515 2087 4556 com-

482 4601 771 4673 pungentis
818 4598 1073 4654 exterrita
1100 4638 1118 4664 ,
1149 4597 1460 4653 demntasse
1498 4611 1557 4651 se
1599 4595 1657 4651 in
1698 4604 1944 4650 naturam
1989 4594 2087 4650 do-

2175 3403 2369 3459 magna
2406 3393 2462 3442 et
2504 3384 2685 3457 gravis
2714 3379 2982 3437 confessae
3025 3373 3351 3431 inﬁrmitatis
3395 3369 3692 3441 professio,
3719 3375 3776 3420 et

2176 3458 2410 3536 marime
2432 3478 2600 3545 ipsius
2628 3473 2839 3529 Domini
2863 3470 3086 3525 vocibus
3116 3467 3280 3533 edita,
3310 3478 3430 3519 cum
3462 3464 3537 3516 ait
3567 3478 3581 3515 :
3612 3458 3771 3520 Deus,

2178 3572 2319 3628 Deus
2346 3586 2516 3634 meus,
2544 3584 2700 3639 quare
2739 3581 2818 3620 me
2844 3561 3157 3632 dereliquisti
3190 3556 3404 3631 (Matth.
3440 3566 3615 3617 xxv",
3643 3546 3776 3623 liti)?

2177 3668 2310 3735 Quae
2337 3663 2584 3720 maxima:
2622 3659 2858 3730 querelae
2903 3670 3026 3712 esse
3067 3649 3380 3720 intelligitur
3426 3644 3775 3716 protestatio,

2178 3757 2501 3815 derelictum
2529 3769 2588 3808 se
2616 3767 2741 3807 esse
2779 3748 3035 3818 conqueri
3056 3787 3071 3813 ,
3113 3739 3520 3808 intirmitatique
3546 3734 3776 3805 permis-
3814 3732 3831 3755 ‘

2181 3849 2337 3906 sum?
2371 3848 2567 3902 \lcrum
2617 3843 2733 3897 lucc
2765 3842 2943 3910 impia:
2975 3831 3347 3905 intelligentia:
3375 3828 3610 3883 violenta
3643 3838 3781 3895 pra:-

2179 3940 2452 4010 sutnptio,
2490 3951 2649 4007 quam
2689 3933 2791 3989 sibi
2824 3928 3048 3986 inomni
3089 3926 3358 3982 dicturum
3385 3918 3777 3975 dominicortnn

2184 4047 2386 4106 genere
2418 4036 2785 4100 compugnat:
2828 4033 2887 4101 ut
2924 4022 3016 4094 qui
3044 4020 3111 4077 ad
3151 4026 3381 4075 mortem
3435 4011 3676 4077 festinat,
3723 4016 3782 4063 ut

2182 4126 2273 4198 qui
2307 4139 2403 4194 per
2429 4136 2547 4178 eam
2592 4114 3032 4174 honoriﬁcandus
3077 4118 3180 4176 est,
3210 4117 3270 4165 ut
3315 4107 3405 4179 qui
3449 4112 3572 4177 post
3600 4118 3721 4158 eam
3750 4114 3782 4154 a

2184 4194 2388 4276 dextris
2417 4212 2632 4269 virtutis
2668 4224 2916 4267 sessurus
2945 4214 3050 4272 est,
3082 4205 3134 4260 in
3168 4202 3251 4258 his
3280 4209 3359 4256 tot
3389 4194 3780 4255 beatitudinum

2184 4312 2364 4370 causis
2389 4308 2526 4365 mori
2559 4304 2815 4371 timuerit,
2866 4310 2921 4358 et
2960 4301 3030 4356 ob
3062 4298 3112 4356 id
3142 4296 3208 4352 ad
3252 4294 3628 4351 necessitatem
3663 4303 3781 4343 nio-

2185 4406 2361 4464 riendi
2384 4405 2658 4459 desertum
2681 4413 2739 4454 se
2761 4413 2793 4453 a
2836 4398 2955 4452 Deo
2991 4409 3090 4449 suo
3114 4400 3394 4465 queratur,
3423 4403 3544 4444 cum
3572 4388 3625 4440 in
3657 4384 3783 4438 hea-

2187 4502 2256 4556 tis
2290 4498 2396 4553 illis
2418 4503 2564 4552 esset
2590 4502 2818 4547 mortem
2848 4486 3097 4544 obeundo
3125 4483 3442 4540 mansurus!

2261 4596 2350 4653 50.
2392 4590 2691 4649 Commenta
2709 4602 2885 4641 eorum
2908 4584 3051 4638 uaria
3081 4581 3143 4636 de
3179 4574 3329 4634 Verbi
3352 4586 3397 4631 et
3417 4570 3636 4630 hominis
3662 4587 3787 4625 con-

481 4665 667 4771 lendi?
698 4694 894 4767 Atquin
919 4692 1214 4764 Apostolus
1242 4690 1499 4763 loquente
1527 4691 1581 4747 in
1612 4705 1671 4747 se
1691 4688 1910 4746 Christo
1935 4689 2081 4744 locu-
2110 4668 2157 4729 Ι)
2175 4688 2470 4762 junctione.
2494 4713 2567 4724 —-
2589 4680 2730 4751 Quin
2757 4678 2919 4735 etiam
2942 4674 3009 4731 ad
3032 4667 3446 4743 irreligiositatis
3466 4665 3626 4736 hujus
3647 4670 3787 4718 tam-

557 4901 731 4977 (a)_ln
783 4900 933 4977 prius
978 4898 1207 4977 yulgatis
1256 4895 1670 4977 desiderabatur
1698 4893 1955 4966 particula
1984 4904 2079 4951 ut:

480 4967 740 5043 de'c'ujus
763 4967 1035 5043 vividi-sis
1060 4967 1220 5042 Supra
1242 4968 1352 5024 col.
1386 4967 1513 5043 365,
1547 4979 1658 5022 not.
1693 4982 1744 5037 g.

585 5047 637 5115 b)
654 5039 819 5099 'Editi
839 5086 853 5108 ,
879 5059 972 5114 pro
994 5039 1199 5115 Christo
1224 5058 1237 5095 :
1271 5039 1629 5115 emendantur
1649 5055 1720 5115 ett
1745 5052 1877 5115 mss.

583 5108 633 5186 ci
700 5115 856 5185 Apud
880 5108 1018 5179 'Er.,
1043 5113 1210 5167 carnis
1267 5111 1470 5186 quidem
1515 5110 1720 5186 peccati
1750 5109 1969 5186 nescius,
1994 5108 2083 5162 sed

486 5180 582 5263 pro
616 5180 778 5263 nobis
818 5202 939 5240 raro
991 5186 1156 5254 [actus
1182 5180 1366 5263 .car'nis
1409 5180 1693 5263 similitudo
1722 5180 1916 5252 peccati
1961 5189 2035 5234 est
2065 5196 2080 5234 :

486 5253 698 5316 inerunt
730 5253 1019 5329 glossema,
1052 5255 1197 5326 quod
1240 5264 1415 5307 tamen
1467 5253 1743 5329 arripuere
1792 5259 2079 5329 aﬂuentes

487 5322 771 5387 editiones.
804 5322 1016 5384 Pcccati
1055 5322 1256 5395 expers
1286 5336 1340 5379 et
1379 5323 1559 5379 carnis
1591 5324 1803 5377 nescius
1831 5322 2077 5395 Christus

489 5402 813 5474 praedicatur
840 5415 904 5453 ex
931 5414 1025 5474 sua
1048 5394 1237 5452 natura
1264 5405 1318 5451 et
1361 5404 1489 5450 ante
1531 5401 1862 5465 assumptum
1895 5394 2080 5474 homi—

484 5461 635 5540 nem,
658 5488 721 5529 ex
758 5470 1128 5541 assumptione
1151 5478 1335 5524 autem
1360 5474 1415 5523 et
1444 5461 1730 5538 peccatum
1743 5474 1795 5521 et
1819 5479 1947 5520 caro
1971 5461 2082 5519 lac-

483 5554 644 5686 lus(od)
694 5613 848 5686 Apud
891 5610 1012 5686 Em,
1036 5610 1183 5686 Lips.
1218 5608 1441 5686 etPar.,
1471 5606 2079 5686 dispensationem/tunc.

487 5677 676 5743 Metuis
706 5677 858 5740 abest
899 5684 1031 5738 hanc
1059 5677 1259 5737 a'Bad.
1302 5689 1357 5735 et
1386 5677 1681 5749 potioribus
1710 5695 1841 5734 mss.
1872 5677 2089 5733 Clarius

490 5758 579 5815 hic
602 5756 836 5812 Hilarius
861 5769 1083 5823 scepum
1114 5770 1273 5809 suum
1295 5750 1549 5815 ostendit,
1573 5766 1631 5805 se
1655 5752 1861 5805 scilicet
1884 5750 2088 5823 passio-

492 5845 620 5886 nem
668 5825 869 5883 Christi
904 5820 1199 5896 priudicare
1227 5832 1506 5896 peractam
1532 5823 1586 5876 in
1612 5831 1931 5896 sacramento
1956 5820 2086 5896 dicit

492 5900 701 5963 uitatis:
727 5897 796 5955 de
824 5891 926 5967 qua
971 5906 1156 5969 postea
1178 5891 1432 5967 subiicit;
1467 5892 1808 5950 Succumbere
1845 5907 1965 5965 ergo
1993 5891 2088 5949 tibi

2188 4895 2390 4951 videtur
2427 4891 2607 4947 Virtus
2648 4888 2749 4943 ista
2788 4884 3011 4940 uulneris
3036 4883 3199 4938 clavo.
3233 4878 3315 4934 Ab
3341 4876 3571 4951 humana
3602 4880 3785 4951 autem

2421 4945 2625 5019 tantum
2655 4968 2801 5015 arcet
2831 4956 3165 5011 necessitatis
3194 4949 3571 5022 contumeliam
3599 4962 3611 4999 :
3644 4945 3704 4999 Si
3731 4946 3784 4998 in

2190 5021 2428 5107 passione
2451 5052 2546 5090 sua
2560 5032 2828 5107 necessitas
2848 5036 2943 5107 est,
2964 5038 3069 5083 etC.
3103 5024 3274 5107 Quoto
3294 5021 3665 5107 ttecessitatetn
3693 5032 3786 5107 na:

2191 5091 2324 5164 illis:
2352 5109 2572 5162 nomine
2599 5104 2867 5160 interdum
2905 5091 3073 5154 donat
3103 5115 3115 5151 :
3149 5096 3211 5152 Si
3237 5095 3307 5149 ibi
3328 5091 3598 5147 necessitas
3637 5096 3709 5145 est
3734 5095 3783 5141 et

2187 5189 2394 5241 natura,
2424 5179 2465 5231 si
2498 5178 2565 5231 ibi
2588 5177 2661 5229 vis
2687 5183 2780 5235 est.
2808 5182 2914 5227 etc.

2262 5271 2333 5345 (ε)
2376 5270 2433 5323 lu
2463 5269 2649 5325 codice
2675 5266 2793 5319 Vat.
2826 5264 2942 5318 bas.
2962 5304 2977 5332 ,
3007 5278 3109 5328 quo
3127 5262 3183 5315 in
3212 5268 3276 5313 te.

2260 5363 2336 5439 (f)
2383 5362 2550 5422 Editi,
2581 5366 2808 5439 excepto
2832 5355 2953 5412 Par.
2973 5395 2988 5421 ,
3018 5354 3085 5408 ad
3114 5352 3509 5407 imbecillitatem
3532 5358 3577 5404 et
3601 5357 3782 5405 contu-

2187 5440 2391 5492 meliam
2418 5448 2596 5503 rapere
2631 5438 2848 5485 natura.

2264 5530 2340 5603 (g)
2386 5529 2474 5582 Er.
2514 5522 2776 5603 _ct.Lips.
2832 5522 3013 5591 fugare
3040 5535 3059 5574 :
3087 5526 3141 5575 et
3179 5531 3302 5603 m9:
3331 5556 3351 5583 ,
3381 5530 3479 5603 pro
3517 5527 3785 5603 resurgere

2192 5584 2392 5664 De‘u'r'n,
2445 5584 2842 5652 substituérant'
2874 5584 3160 5661 resurgere.
3222 5588 3475 5652 Demum‘,
3522 5584 3698 5664 quod"
3729 5593 3785 5641 et

2192 5654 2467 5747 postrema
2506 5667 2741 5747 editione
2774 5664 2893 5743 Par.
2939 5654 3243 5747 prtulatunL
3252 5673 3331 5713 est
3369 5677 3380 5713 :
3430 5654 3785 5747 renitentibus

2191 5729 2312 5801 aliis
2343 5741 2514 5798 libris.
2548 5742 2629 5793 Ait
2662 5732 2891 5793 Hilarius
2919 5729 3179 5805 resurgere
3198 5729 3363 5791 Deum
3389 5731 3454 5783 ad
3498 5744 3620 5784 eum
3671 5741 3784 5781 mo-

2191 5818 2342 5882 dum,
2364 5828 2545 5886 quosu
2556 5808 2732 5879 peritis
2748 5802 3186 5886 docctChris'tum
3213 5815 3401 5867 totum,
3415 5805 3576 5886 etiam
3592 5812 3786 5854 secutis

2191 5873 2641 5950 dum'hbmine'm,
2672 5887 2791 5953 post
2819 5875 3275 5937 resurrectionem
3301 5890 3423 5933 esse
3448 5873 3638 5931 Deum.
