4286 6264
543 336 655 395 585

1736 338 1982 397 SANCTI
2043 340 2303 398 lllLARll
2343 341 2651 402 EPISCOPI

3747 353 3851 412 584

543 468 706 528 quam
734 453 803 512 ad
833 464 1193 529 praeparatam
1223 458 1325 514 sibi
1365 457 1528 529 viam,
1576 474 1676 531 per
1705 460 1759 516 id
1789 460 2002 533 ingenia
2034 461 2145 518 hae-
2172 465 2227 527 Α
2252 463 2438 533 homo,
2466 463 2571 523 hoc
2591 465 2787 524 habeat
2812 468 2894 523 sui
2915 511 2929 539 ,
2953 467 3017 543 (i)
3045 485 3151 541 quo
3172 486 3294 529 esse
3319 471 3484 530 homo
3512 477 3673 548 coepit
3697 494 3858 538 exor-

541 547 713 604 retica
743 547 1096 616 contendunt,
1130 549 1274 620 quod
1298 559 1392 604 aut
1429 550 1695 608 defecisse
1724 554 1949 610 omnino
1977 554 2144 611 Deum

542 636 784 695 Verbum
801 639 854 694 in
871 639 1102 693 animam
1122 640 1366 711 corporis
1386 641 1595 709 volunt,
1622 650 1683 699 ut
1705 659 1810 699 non
1832 644 1971 700 idem
1990 644 2149 701 fuerit

543 731 701 790 Jesus
731 731 977 788 Christus
998 730 1231 788 hominis
1257 734 1416 803 ﬁlius,
1446 736 1535 806 qui
1562 746 1617 792 et
1656 736 1750 793 Dei
1776 737 1945 806 ﬁlius;
1977 748 2029 794 et
2055 746 2149 795 aut

540 823 612 881 de
633 837 692 879 se
715 820 790 895 (a)
821 821 1078 879 defecerit
1104 823 1246 880 Deus
1275 824 1536 893 Verbum,
1567 826 1697 882 dum
1743 842 1941 899 corpus
1971 826 2148 885 ofﬁcio

543 916 743 973 anima:
771 917 1041 983 viviticat;
1070 928 1163 972 aut
1203 920 1423 974 omnino
1451 917 1525 993 (b)
1555 937 1656 976 nec
1698 920 1862 976 fuerit
1901 922 2149 978 Christus

545 1010 711 1065 homo
757 1016 938 1072 natus.
970 1008 1094 1079 quia
1125 1010 1177 1064 itt
1209 1025 1275 1065 eo
1308 1011 1402 1067 Dei
1434 1011 1671 1071 Verbum
1718 1014 1881 1070 modo
1925 1014 2151 1085 Spiritus

540 1099 873 1173 prophetalis
898 1099 1242 1158 habitaverit.
1272 1103 1376 1159 Sed
1410 1103 1658 1161 ridiculae
1689 1104 1849 1177 hujus
1880 1107 2151 1175 perversi-

544 1194 669 1249 tatis
698 1207 856 1249 error
892 1194 945 1249 itt
990 1195 1253 1262 majorem
1297 1211 1358 1252 se
1388 1198 1683 1270 impietatis
1710 1199 1954 1255 extendit
1982 1199 2150 1256 auda-

539 1287 701 1354 ciam,
732 1302 801 1340 ne
829 1285 985 1341 Jestts
1013 1284 1264 1349 Christus
1284 1328 1299 1354 ,
1345 1297 1472 1345 ante
1500 1305 1663 1360 quam
1691 1305 1757 1346 ex
1797 1290 1963 1346 Maria
1992 1301 2148 1348 natus

537 1388 646 1445 est,
689 1376 936 1434 Christus
966 1378 1036 1433 sit
1067 1396 1080 1433 :
1113 1378 1240 1435 dum
1272 1396 1379 1435 non
1411 1383 1500 1450 qui
1541 1392 1656 1437 erat
1700 1390 1861 1440 natus
1913 1392 2020 1451 est,
2051 1384 2147 1441 sed

541 1471 611 1527 ad
639 1471 691 1527 id
722 1480 832 1526 tum
854 1471 1088 1544 primunt
1122 1474 1265 1544 quod
1294 1474 1455 1550 357
1495 1486 1651 1531 natus
1677 1488 1759 1531 e5t
1793 1474 1867 1549 (c)
1894 1478 2144 1549 coeperit.

540 1564 648 1621 Per
693 1565 836 1637 quod
886 1566 1049 1622 etiam
1093 1567 1225 1623 illud
1277 1570 1393 1624 vitii
1434 1569 1762 1642 adjungitur,
1805 1579 1865 1626 ut
1892 1571 1974 1644 (ά)
2006 1573 2148 1629 Deus

543 1656 783 1713 Verbum
814 1668 1085 1730 tamquam
1123 1675 1251 1731 pars
1290 1662 1471 1733 aliqua
1500 1663 1761 1718 virtutuut
1791 1664 1885 1719 Dei
1911 1666 2146 1736 quodam

545 1764 606 1807 se
645 1759 818 1807 tractu
861 1753 1287 1809 continuationis
1329 1754 1648 1821 extendens,
1681 1754 1954 1813 hominem
1996 1757 2143 1815 illum

2250 557 2437 626 dium,
2466 575 2626 630 quem
2654 561 2996 619 extrinsecus
3044 566 3285 635 protensi
3312 572 3586 627 sermonis
3613 583 3855 644 potestas

2253 650 2321 705 ad
2346 651 2599 707 virtutem
2630 655 3008 724 operationum
3033 658 3477 729 conﬁrmaverit;
3528 665 3618 736 qui
3652 683 3797 725 nunc
3822 683 3855 726 a

2254 743 2348 798 Dei
2388 743 2565 800 Verbo
2593 753 2871 802 contracta
2920 764 3136 805 rursum
3189 754 3535 822 protentione
3560 756 3810 816 desertus
3832 801 3850 829 ,

2251 835 2454 892 clamet
2483 854 2497 892 :
2534 836 2696 905 Deus,
2726 838 2865 895 Deus
2895 857 3036 896 meus
3056 883 3071 908 ,
3101 859 3259 912 quare
3284 862 3365 902 me
3392 848 3750 921 dereliquisti?
3768 855 3853 911 vel

2250 939 2399 986 certe
2424 940 2560 998 tum,
2587 949 2709 989 cum
2740 933 2793 990 in
2839 936 3075 993 animam
3101 939 3345 1009 corporis
3368 956 3396 995 a
3427 941 3522 998 Dei
3569 942 3734 999 Verbi
3756 962 3855 1002 na-

2253 1032 2369 1079 tura
2393 1024 2702 1082 demutattts
2723 1039 2826 1095 est,
2858 1038 3085 1100 paterno
3109 1032 3160 1087 in
3196 1033 3446 1090 omnibus
3472 1051 3602 1092 usus
3627 1038 3847 1111 auxilio,

2232 1133 2393 1195 nunc
2422 1119 2577 1188 ittttps
2625 1119 2743 1191 ejus
2794 1122 3067 1194 mortique
3121 1125 3452 1195 permissus,
3500 1129 3849 1189 solitudinem

2251 1224 2401 1266 suam
2431 1223 2817 1283 conqueratur,
2843 1216 3352 1289 relinquentemque
3387 1236 3447 1275 se
3471 1232 3693 1293 arguat:
3725 1240 3849 1281 om-

2252 1303 2411 1374 nique
2440 1304 2601 1360 modo
2625 1306 2900 1363 exitiabile
2920 1308 3165 1378 deceptas
3209 1309 3336 1365 ﬁdei
3367 1313 3666 1383 periculum
3698 1331 3854 1373 como

2252 1406 2471 1466 paretur
2493 1438 2509 1465 ,
2540 1398 2584 1451 si
2614 1407 2709 1453 aut
2739 1399 2791 1454 in
2821 1400 2935 1455 Deo
2970 1400 3147 1457 Verbo
3178 1402 3468 1473 signiﬁcari
3510 1408 3850 1465 existimetur

2251 1495 2457 1543 naturae
2504 1488 2792 1546 inﬁrmitas
2842 1508 2937 1563 per
2989 1494 3300 1564 querelam;
3351 1506 3443 1552 aut
3485 1500 3706 1555 omnino
3750 1515 3851 1558 nec

2249 1582 2414 1640 fuerit
2435 1582 2581 1642 Deus
2608 1586 2869 1657 Verbum,
2915 1588 3042 1645 dum
3067 1587 3283 1646 Christo
3316 1590 3445 1648 Jesu
3469 1591 3649 1651 Mariae
3670 1594 3849 1652 solum

2251 1690 2439 1751 partus
2461 1682 2745 1739 exordium
2773 1693 2875 1740 est.

2323 1775 2488 1850 358
2517 1778 2607 1834 59..
2639 1776 2798 1833 Fides
2818 1796 2935 1836 vera
2956 1780 3210 1838 lueretij
3240 1782 3681 1842 adversm—Sed
3709 1786 3853 1845 inter

540 1846 634 1916 qui
669 1860 700 1901 ει
728 1844 890 1902 Μυῖα
921 1862 1043 1903 esse
1072 1850 1239 1918 “BPit
1266 1848 1622 1953 habitaverit.
1660 1860 1715 1906 θι
1745 1853 2035 1909 “Nutibus
2060 1854 2144 1909 (Ῐίο
2179 1861 2227 1923 Β
2256 1844 2919 1944 Itasimpiasinﬁrmasque
2936 1878 3256 1944 sententias,
3277 1878 3534 1934 Ecclesiae
3564 1879 3695 1936 fides
3718 1897 3849 1953 apo-

544 1938 682 1995 vinte
705 1941 1038 2011 operationis
1066 1942 1415 2009 instruxerit;
1444 1942 1640 2000 animae
1672 1952 1852 2001 tamen
1882 1960 1995 2001 suae
2025 1962 2145 2003 mo-

541 2040 598 2090 tu
626 2042 927 2105 naturaque
957 2035 1251 2090 viventem.

612 2128 706 2184 51.
735 2126 954 2183 Errores
980 2128 1100 2183 inde
1126 2129 1449 2184 eonsectarii.
1481 2158 1553 2170 —-
1596 2129 1700 2186 Per
1744 2129 1883 2186 hanc
1912 2129 1985 2204 (ε)
2013 2147 2143 2204 ergo

544 2222 797 2279 subtilem
830 2224 1253 2296 pesﬁferamque
1279 2223 1584 2282 doctrinam
1612 2225 1954 2283 deducuntur
1979 2227 2035 2282 in
2065 2229 2144 2282 νί-

539 2316 697 2384 tium,
729 2324 790 2373 ut
828 2326 922 2374 aut
952 2319 1095 2375 Deus
1124 2318 1364 2376 Verbum
1409 2320 1590 2375 anima
1620 2321 1864 2392 corporis
1912 2337 2007 2390 per
2049 2320 2145 2378 de-

542 2410 896 2467 mutatiouent
950 2412 1019 2486 (ι)
1065 2423 1274 2469 natura:
1310 2429 1370 2470 se
1410 2414 1739 2470 inlirmantis
1768 2414 2065 2481 exstiterit,
2089 2424 2144 2471 et

540 2502 777 2561 Verbum
802 2503 880 2578 (θ)
913 2506 1053 2561 Deus
1080 2520 1207 2561 esse
1234 2502 1503 2563 defecerit
1529 2525 1542 2562 :
1567 2514 1660 2562 aut
1687 2522 1900 2563 rursum
1931 2522 2028 2576 per
2049 2524 2144 2564 ex-

539 2598 795 2654 teriorem
845 2599 1153 2670 nudamque
1191 2611 1440 2656 naturam
1490 2600 1765 2658 hominem
1814 2601 1968 2657 illum
2026 2604 2143 2660 sola

538 2688 645 2744 vita
672 2691 869 2746 animae
908 2693 1185 2748 moventis
1213 2694 1534 2760 animatum,
1577 2692 1656 2766 (h)
1688 2695 1739 2749 in
1771 2708 1879 2765 quo
1907 2693 2140 2752 Verbum

542 2781 663 2849 Dei,
713 2782 765 2838 id
795 2793 903 2853 est,
935 2785 1185 2857 quaedam
1233 2787 1384 2857 quasi
1433 2796 1674 2857 potestas
1700 2797 1946 2844 extensae
1996 2791 2144 2846 vocis

547 2874 892 2947 habitaverit,
926 2886 1089 2951 atque
1114 2880 1189 2936 ita
1211 2881 1359 2937 omni
1382 2880 1545 2936 modo
1576 2882 1914 2951 impiissimte
1947 2882 2142 2939 intelli-

542 2973 741 3042 gentite
766 2971 948 3029 aditus
974 2975 1261 3045 pandatur,
1292 2984 1348 3030 ut
1385 2985 1477 3031 aut
1506 2975 1650 3030 Deus
1677 2976 1914 3031 Verbum
1943 2979 1995 3033 in
2027 2980 2144 3034 ani-

546 3077 687 3118 mam
713 3062 976 3121 defecerit
998 3108 1013 3132 ,
1044 3082 1145 3123 nec
1175 3066 1534 3138 permanserit
1564 3068 1707 3123 Deus
1751 3068 2019 3137 Verbum;
2050 3082 2143 3127 aut

540 3155 765 3210 omnino
793 3155 1040 3215 Christus
1067 3168 1195 3214 ante
1227 3168 1436 3230 partum
1461 3159 1643 3215 Maria:
1666 3176 1773 3216 non
1804 3162 1996 3230 fuerit;
2017 3166 2141 3236 quia

2247 1962 2472 2017 stolocis
2499 1963 2702 2020 imbuta
2720 1965 2982 2024 doctrinis
3004 1970 3152 2024 novit
3173 1970 3226 2024 in
3248 1969 3465 2026 Christo
3489 1973 3845 2046 nativitatem,

2251 2054 2344 2109 sed
2374 2054 2589 2126 ignorat
2612 2057 2914 2115 exordium.
2950 2059 3064 2116 Scit
3089 2060 3574 2132 dispensationem,
3618 2066 3712 2121 sed
3755 2083 3850 2124 ne-

2247 2147 2351 2204 scit
2375 2147 2721 2205 divisionem.
2754 2150 2870 2206 Non
2898 2151 2977 2226 (j)
3014 2155 3214 2223 patitur
3251 2152 3527 2211 Christum
3556 2157 3765 2227 Jesum,
3791 2168 3851 2217 ut

2245 2239 2405 2296 Jesus
2432 2258 2539 2296 non
2572 2241 2687 2313 ipse
2728 2243 2797 2299 sit
2824 2241 3073 2300 Christus
3102 2263 3115 2300 :
3149 2261 3248 2303 nec
3285 2247 3455 2304 ﬁlium
3496 2249 3732 2308 hominis
3763 2252 3845 2327 (κ)

2245 2334 2506 2391 discernit
2527 2351 2559 2390 a
2584 2336 2681 2392 Dei
2707 2335 2837 2402 ﬁlio,
2868 2354 2936 2393 ne
2985 2339 3136 2394 ﬁlius
3170 2340 3231 2412 (ι)
3265 2340 3361 2397 Dei
3396 2343 3531 2399 forte
3558 2359 3665 2401 nou
3692 2356 3747 2402 et
3779 2349 3846 2402 li-

2246 2428 2349 2483 lius
2378 2428 2615 2485 hominis
2652 2429 3005 2503 intelligatur.
3039 2432 3156 2488 Non
3185 2434 3420 2491 absumit
3462 2437 3630 2492 ﬁlium
3662 2438 3753 2496 Dei
3792 2440 3845 2497 in

2247 2522 2415 2579 ﬁlium
2484 2523 2735 2580 hominis.
2810 2524 2998 2596 Neque
3064 2527 3328 2597 tripartita
3390 2526 3667 2587 Christum
3743 2533 3849 2592 fide

2246 2619 2467 2685 scindit,
2490 2619 2643 2691 cujus
2667 2619 2734 2676 de
2756 2637 2919 2692 super
2938 2630 3080 2677 texta
3102 2623 3270 2677 vestis
3286 2623 3515 2679 inseissa
3537 2636 3622 2681 est
3638 2625 3843 2700 (Joan.,

2247 2713 2482 2781 xtx,25)
2532 2730 2544 2768 :
2597 2723 2652 2768 ut
2692 2712 2881 2770 Jcsunt
2908 2713 3182 2771 Christum
3233 2726 3289 2772 et
3327 2717 3381 2773 in
3431 2717 3665 2775 Verbum
3703 2723 3843 2780 etin

2244 2804 2479 2860 animam
2509 2814 2563 2860 et
2594 2806 2646 2860 in
2686 2820 2886 2876 corpus
2920 2806 3144 2874 incidat,
3199 2823 3371 2881 neque
3413 2826 3627 2866 rursum
3670 2811 3840 2872 Deum

2247 2894 2484 2951 Verbum
2498 2907 2553 2952 et
2571 2897 2620 2951 itt
2638 2897 2873 2952 animam
2896 2908 2948 2955 et
2972 2899 3023 2953 in
3037 2914 3237 2971 corpus
3260 2900 3727 2960 absumatJ‘otum
3744 2904 3836 2979 (tn)

2246 2988 2294 3043 ei
2325 2989 2468 3046 Deus
2498 2990 2736 3047 Verbum
2768 3002 2887 3060 est,
2920 3002 3090 3049 totum
3135 2995 3185 3050 ei
3233 2994 3396 3051 homo
3424 2997 3674 3055 Christus
3717 3010 3842 3070 est;

2245 3081 2489 3137 retinens
2518 3082 2621 3138 hoc
2651 3083 2703 3137 in
2736 3095 3081 3141 sacramento
3109 3087 3469 3145 confessionis
3496 3106 3607 3146 sua:
3636 3108 3799 3148 unum
3824 3136 3842 3164 ,

2245 3187 2347 3227 nec
2372 3170 2647 3230 Christum
2678 3174 2823 3230 aliud
2853 3177 3080 3233 credere
3108 3193 3268 3259 quam
3296 3178 3505 3250 Jesum,
3534 3197 3637 3239 nec
3660 3182 3844 3241 Jesum

537 3242 696 3303 Iesus
724 3247 993 3317 Christus,
1028 3250 1225 3306 anima:
1261 3251 1436 3305 solum
1458 3253 1763 3307 communis
1793 3264 1849 3308 et
1887 3257 2136 3326 corporis
2164 3254 2208 3317 C
2240 3264 2386 3320 aliud
2429 3266 2723 3336 praedicare
2748 3285 2909 3340 quam
2933 3242 3204 3327 Christum
3243 3275 3343 3346 (η).

613 3369 692 3443 (α)
760 3371 943 3453 Prava:
995 3375 1150 3453 l_t_ujns
1189 3374 1459 3453 opinionis
1481 3383 1798 3453 ‘auctorem,
1834 3391 1939 3453 non
1968 3376 2140 3453 Euty-

537 3438 700 3507 chen,
733 3457 840 3497 non
883 3438 1298 3514 Apollinarium,
1344 3446 1439 3501 sed
1464 3442 1652 3499 Arium
1700 3438 1821 3501 esse
1858 3447 1971 3515 jant
2002 3438 2138 3505 dix'i-

537 3527 680 3578 ntus,
709 3527 772 3568 ac
800 3521 956 3572 testis
983 3529 1064 3572 eSt
1091 3516 1420 3575 Theodoret.
1466 3517 1557 3570 lib.
1585 3531 1615 3570 v
1646 3517 1789 3571 llter.
1824 3519 1928 3573 fab.
1959 3536 2009 3575 c.
2046 3523 2132 3578 ll.

542 3581 775 3664 Esplosa
797 3595 881 3664 est
906 3603 934 3640 a
953 3588 1189 3664 concilio
1211 3589 1367 3644 Rom.
1393 3597 1716 3664 procurante
1749 3588 2136 3664 DamasoPapa

537 3652 800 3729 adversus
829 3659 1222 3728 Apollinarium
1244 3652 1433 3717 coacto
1450 3658 1592 3729 apud
1619 3654 1953 3716 Theodoret.
1980 3652 2086 3718 lib.“
2102 3682 2134 3720 v

537 3724 675 3783 Hist.
711 3724 953 3783 Ecclfc.
990 3731 1057 3786 10
1087 3743 1142 3787 et
1173 3734 1260 3794 ll,
1301 3744 1355 3787 et
1383 3724 1543 3788 antea
1571 3745 1601 3783 a
1636 3731 1869 3786 concilio
1894 3731 2131 3791 Alexan-

539 3798 727 3864 drino,
765 3816 854 3855 an.
888 3801 1026 3869 56:2,
1060 3804 1202 3870 apud
1235 3802 1494 3859 Athanas.
1524 3801 1684 3869 epist.
1708 3801 1776 3856 ad
1805 3802 2057 3861 Antioch.

613 3870 690 3941 (b)
733 3870 859 3927 llaec
888 3876 1153 3930 sententia
1184 3876 1308 3931 licet
1340 3889 1462 3929 cum
1494 3872 1774 3946 superiore
1801 3888 2020 3946 pugnet,
2066 3878 2134 3933 ab

538 3938 939 4020 iisdem_tauten
973 3938 1976 4020 propugnatur._Et_de’Apolliuaristis
2008 3938 2133 4020 'qui-

538 4011 660 4067 dem
707 4011 1294 4092 obscrvnt'Gregorius
1346 4011 1743 4092 Naziztttz._t)r._
1784 4030 1888 4092 ιιι,
1946 4011 2129 4092 εεὸυη]

538 4097 924 4161 eospugnare,
958 4105 1056 4144 nec
1097 4086 1297 4146 audere
1337 4091 1440 4145 nisi
1484 4086 1625 4158 apud
1652 4086 1812 4143 'ﬁdos
1840 4090 2132 4161 discipulos

538 4155 907 4232 dediviuitate
933 4161 1226 4232 disputare.

612 4226 688 4354 Si)
720 4229 775 4282 ln
806 4226 1059 4303 vulgatis,
1094 4249 1202 4288 esse
1230 4232 1454 4301 coeperit.
1480 4230 1651 4287 Abest
1668 4245 1775 4285 esse
1802 4247 1834 4284 a
1861 4247 1993 4287 mss.
2021 4233 2134 4291 lloc

612 4316 619 4349 ε
665 4300 823 4354 iouis.
853 4318 915 4354 ac
948 4305 1291 4354 postmodum
1322 4303 1537 4354 Photini
1568 4311 1934 4354 commentum
1965 4303 2133 4354 fuisse

540 4295 823 4374 ﬂebionis,
853 4295 926 4356 ειό
948 4295 1537 4374 ροςὶιιιοόιιιηῬΙιοῑὶιιί
1568 4311 1935 4359 commentum
1964 4303 2133 4364 fuisse

538 4366 700 4441 docet
728 4370 868 4426 liber
896 4366 988 4440 vti,
1022 4393 1077 4430 n.
1112 4377 1167 4441 7,
1195 4390 1251 4431 et
1279 4389 1439 4431 nemo
1468 4374 1695 4431 dubitat.

612 4440 692 4522 (ά)
722 4441 1110 4522 Photinumita
1136 4440 1373 4522 sensisse
1396 4447 1661 4522 liquet‘ex
1683 4446 1781 4522 lib.
1812 4447 1881 4503 de
1926 4448 2131 4522 Synod.

540 4515 713 4590 πηδᾷ,
729 4514 873 4590 sicut
892 4531 958 4572 ex
981 4519 1075 4574 lib.
1107 4520 1211 4575 tde
1238 4519 1418 4585 Trin.,
1450 4514 1504 4574 it.
1533 4519 1617 4583 16,
1644 4519 1862 4590 planum
1878 4514 1984 4590 est:
2009 4536 2131 4577 eum

540 4596 571 4661 at
603 4584 837 4661 Sab_ellio
863 4587 1000 4646 hanc
1027 4593 1325 4647 doctrinam
1359 4584 1480 4646 eSse
1504 4584 1826 4645 mutuatum.
1864 4588 1963 4645 Cui
2010 4595 2126 4661 qui-

539 4654 956 4733 dent_Damasus
983 4661 1123 4732 Papa
1141 4665 1281 4733 apud
1308 4662 1735 4733 Theodoretum,
1769 4661 1863 4716 lib.
1886 4677 1939 4728 v,
1973 4654 2130 4727 cf“,

537 4727 826 4801 anathema
856 4731 988 4787 dicit
1010 4727 1093 4788 his
1114 4727 1295 4790 verbis
1327 4752 1339 4786 :
1372 4732 1876 4786 Anathematizamus
1897 4748 1985 4787 eos
2009 4775 2023 4798 ,
2045 4738 2133 4801 qui

551 4797 768 4854 Verbum
798 4801 895 4856 Dei
916 4807 1206 4859 extensione
1232 4815 1277 4858 et
1308 4805 1651 4858 contractione
1670 4819 1702 4856 α
1731 4804 1890 4856 Patre
1915 4797 2130 4873 separa-

536 4881 646 4995 tium
672 4881 719 4926 et
744 4873 1175 4930 iusubstantivum
1200 4887 1250 4932 et
1276 4878 1430 4947 ﬁnem
1461 4873 1756 4929 habiturum
1785 4890 1895 4928 esse
1923 4887 2133 4931 conten-

577 4955 685 4995 unt.

577 4955 685 4998 unt.

606 5016 676 5091 (_e)
717 5016 887 5073 Abest
912 5035 1030 5091 ergo
1056 5036 1081 5072 a
1112 5020 1267 5084 Bad..
1294 5019 1389 5075 Er.
1422 5035 1485 5076 ac
1512 5034 1642 5074 mss.
1684 5016 1838 5073 Colb.
1864 5025 1921 5073 ct
1941 5018 2126 5076 Germ.

537 5083 749 5175 imirent
778 5083 1020 5175 nonnulli
1052 5091 1168 5153 alii,
1202 5093 1311 5147 haec
1338 5109 1456 5175 ergo
1486 5107 1573 5174 per
1598 5093 1777 5175 hanc."
1900 5170 1910 5175 Δ
1957 5162 1975 5175 _
2001 5163 2014 5175 '

607 5157 683 5235 (DA
708 5159 863 5226 Bad.,
892 5162 945 5216 in
970 5172 1204 5217 naturam
1228 5180 1335 5219 sua:
1362 5157 1696 5235 inﬁrmitatis.
1737 5160 1830 5235 Er.
1862 5170 1916 5235 et
1955 5162 2131 5234 Lips.,

534 5248 627 5303 per
652 5233 1047 5304 demutationem
1076 5245 1277 5291 natura:
1296 5253 1403 5291 suw
1419 5233 1484 5291 in
1510 5244 1751 5290 naturam
1789 5233 2129 5304 inﬁrmitatis.

607 5304 687 5376 (g)
731 5303 787 5358 In
817 5306 951 5359 solis
982 5307 1230 5377 vulgatis,
1272 5307 1531 5362 Deiri-am
1575 5322 1722 5361 num.
1756 5304 1825 5362 49
1848 5303 2129 5376 legimus,

532 5388 621 5454 aut
650 5380 713 5454 de
737 5393 791 5454 se
817 5377 1055 5448 defecerit
1099 5377 1236 5435 Deus
1268 5380 1398 5452 (non
1426 5379 1540 5454 Dei)
1580 5378 1805 5434 Verbum
1831 5393 1845 5441 ;
1878 5377 2132 5450 idemque

533 5447 673 5503 infra
695 5447 942 5503 habetur.

605 5521 686 5589 th)
713 5518 936 5590 Supple,
962 5520 1283 5578 habitaverit.
1314 5523 1543 5579 Verbum
1564 5521 1821 5579 habitavit
1846 5520 2119 5578 hominem

532 5605 635 5663 per
658 5593 856 5646 nudam
884 5603 1153 5659 naturam,
1198 5595 1299 5651 hoc
1319 5606 1402 5651 est
1422 5638 1436 5658 ,
1492 5595 1595 5650 sibi
1626 5611 1730 5650 non
1754 5600 2120 5650 cohaerentem

532 5678 633 5735 nec
651 5663 1076 5735 substantialiter
1093 5665 1317 5730 unitum,
1341 5668 1584 5735 adeoque
1603 5682 1754 5723 mere
1774 5665 2120 5735 exteriorem,

531 5732 579 5788 si
608 5741 814 5807 tantum
846 5734 899 5788 itt
927 5734 1164 5807 Christo,
1193 5745 1253 5790 ut
1278 5738 1331 5790 in
1365 5732 1641 5807 prophetis
1674 5737 1850 5794 fuerit.

537 5823 580 5841 ·-
604 5802 669 5871 (ἱ)
696 5803 852 5877 βω..
880 5805 1035 5877 quod
1062 5820 1169 5857 esse
1207 5802 1392 5876 homo}
1415 5802 1698 5865 Editiones
1723 5807 1877 5876 alite,
1908 5810 2044 5877 quod
2064 5818 2120 5863 ut

533 5867 662 5931 esset
688 5867 860 5928 homo.
892 5867 1235 5943 Castigantur
1263 5886 1328 5932 ex
1362 5885 1491 5932 mss.

2324 3386 2400 3461 (j)
2440 3387 2722 3462 Mallemus
2766 3393 3010 3462 partitur.
3044 3394 3197 3451 Hunc
3230 3396 3406 3453 locum
3436 3400 3722 3457 attendant
3749 3418 3843 3459 ve-

2248 3458 2485 3535 liutiqui
2510 3458 2796 3535 Hilarium:
2822 3466 3114 3532 Opittautur
3145 3468 3409 3535 sensisse,
3443 3485 3473 3524 a
3501 3472 3715 3529 Christo
3758 3458 3845 3531 se-

2244 3530 2475 3587 cessisse
2510 3532 2665 3611 Verbi
2693 3530 3191 3611 divinitatem,cum
3218 3530 3494 3609 clamavit,
3526 3540 3683 3611 Deus,
3702 3530 3842 3601 Deus

2246 3618 2410 3667 meus,
2437 3612 2542 3658 etc.
2566 3602 2698 3659 Cum
2715 3609 2857 3661 enim
2882 3607 2998 3664 lttrc
3016 3627 3082 3665 ex
3101 3612 3414 3667 earumdem
3439 3602 3728 3670 verborum
3751 3633 3843 3673 oc-

2244 3673 2466 3729 casione
2485 3674 2634 3752 dicat
2664 3677 2923 3735 adversus
2952 3695 3066 3748 eos,
3096 3682 3188 3752 qui
3223 3682 3358 3739 duas
3379 3682 3580 3741 Christi
3623 3698 3840 3744 naturas

2243 3753 2337 3827 aut
2373 3745 2729 3828 confundunt,
2764 3745 3157 3828 autSeparant;
3183 3753 3397 3821 iniquus
3422 3760 3645 3828 omnino
3670 3772 3834 3828 esset,

2241 3815 2286 3870 si
2318 3831 2410 3871 eas
2434 3817 2548 3887 ipse
2583 3829 2863 3890 separatas
2890 3815 2956 3878 ex
2983 3815 3176 3881 iisdem
3217 3815 3397 3882 verbis
3420 3827 3799 3886 intellexisset.

2312 3906 2389 3981 (It)
2426 3908 2662 3967 Verbum
2693 3913 2927 3969 discerno
2965 3915 3055 3971 hic
3093 3920 3489 3986 separationetn
3542 3932 3699 3977 sonat
3735 3940 3750 3978 :
3782 3931 3839 3979 at

2237 3978 2330 4035 lib.
2370 3978 2443 4041 ix.
2477 3999 2532 4037 n.
2563 3988 2614 4037 ti.
2650 3995 2965 4041 naturarum
2997 3978 3718 4050 dumtaxatdistinctionem.

2312 4051 2374 4125 (ι)
2406 4052 2463 4108 In
2490 4064 2674 4111 vetere
2701 4072 2803 4112 ms.
2836 4059 2985 4113 Colb.
3016 4057 3179 4114 Deus.

2309 4142 2409 4214 (m)
2437 4145 2493 4199 Id
2526 4156 2638 4213 est,
2672 4148 2912 4205 Ecclesia
2944 4151 2996 4205 in
3025 4150 3238 4207 Christo
3260 4154 3356 4209 Dei
3380 4153 3542 4210 Verbi
3574 4155 3839 4214 hominis-

2237 4231 2342 4284 que
2374 4225 2593 4292 uaturas
2622 4222 2692 4292 ita
2714 4222 2889 4275 unitas
2912 4222 3118 4289 credit,
3150 4233 3209 4281 ut
3228 4227 3277 4280 ei
3312 4235 3455 4280 toms
3477 4225 3714 4283 Verbum
3741 4232 3833 4292 sit.

2239 4294 2386 4342 totus
2415 4288 2597 4367 homo.
2624 4291 2784 4367 Quod
2815 4294 2895 4367 sic
2921 4294 3168 4367 declarat
3191 4297 3305 4367 Leo
3323 4296 3488 4367 Papa,
3516 4301 3674 4367 epist.
3696 4288 3837 4357 nunc

2237 4373 2400 4442 ξρνῃ,
2429 4360 2495 4415 ad
2541 4363 2834 4442 monachos
2868 4364 3169 4442 Palaestinae
3197 4386 3211 4421 :
3254 4366 3367 4423 Nec
3403 4360 3614 4425 interest
3641 4388 3706 4427 ea:
3734 4389 3836 4442 qua

2239 4427 2477 4485 Christus
2514 4432 2797 4511 substantia
2848 4437 3180 4511 nominetur;
3233 4427 3829 4511 cuminseparabiliter,

2237 4511 2475 4585 manente
2495 4506 2690 4559 unitate
2732 4522 2984 4575 peracute,
3011 4507 3240 4585 idem_sit
3278 4522 3334 4585 et
3364 4506 3499 4565 totus
3523 4512 3744 4570 hominis
3771 4506 3834 4585 ﬁ;

2240 4571 2341 4626 lius
2365 4585 2573 4656 propter
2608 4571 2832 4656 carnem,
2881 4571 3111 4656 etAtotus
3143 4581 3235 4636 Dei
3259 4582 3399 4650 [ilius
3419 4597 3649 4656 propter
3674 4571 3832 4640 unam

2240 4659 2357 4725 eum
2398 4643 2560 4700 Patre
2614 4648 2876 4703 deitatem.
2930 4650 3186 4725 Quamvis
3224 4643 3368 4725 enim
3417 4643 3742 4725 Thehlogis,
3774 4668 3835 4713 ιιι

2240 4714 2584 4797 observatum
2616 4726 2720 4781 est,
2754 4735 2874 4791 pag.
2925 4714 3016 4797 ξς,
3068 4724 3410 4791 postmodum
3462 4714 3744 4797 placuerit,
3772 4739 3833 4784 ut

2239 4800 2340 4868 v0}
2368 4797 2525 4842 totunt
2557 4790 2608 4843 in
2641 4797 2859 4868 naturas
2886 4790 3108 4868 caderet
3127 4837 3139 4856 ,
3162 4805 3243 4868 __et
3283 4806 3419 4850 totus
3447 4790 3513 4852 ad
3546 4790 3829 4868 personam

2239 4856 2535 4933 referretur
2560 4899 2575 4926 ,
2605 4865 2880 4933 quomodo
2905 4863 2975 4918 ab
3011 4863 3131 4933 ipso
3161 4866 3362 4923 Hilario
3401 4856 3635 4924 refertur
3664 4872 3716 4924 in
3747 4870 3831 4926 his

2238 4944 2387 5011 num.
2430 4929 2524 4998 22,
2556 4932 2676 5001 quia
2700 4943 2834 5011 totus
2861 4929 3081 5011 hominis
3106 4937 3248 5008 ﬁlius
3279 4948 3413 4995 totus
3439 4937 3537 4995 Dei
3562 4940 3701 5011 ﬁlius
3720 4945 3785 4996 sit
3812 4960 3828 4997 :

2239 4998 2378 5084 hanc
2427 4998 2603 5084 tamen
2644 5006 2881 5084 regulam
2928 4998 3116 5084 ipsius”
3143 4998 3574 5084 atvonondum'
3601 5013 3828 5084 positam

2236 5071 2407 5127 fuisse
2421 5071 2730 5153 _liquet___ve_l
2770 5093 2835 5132 ex
2865 5071 2977 5153 11οόΔ
2995 5079 3133 5153 loco.
3180 5080 3299 5153 Qui
3332 5098 3463 5137 sane
3494 5071 3829 5153 non'pngnat

2236 5160 2358 5199 cum
2383 5146 2558 5222 altero
2598 5147 2717 5203 libri
2745 5164 2828 5215 tx,
2859 5164 2913 5203 n.
2950 5149 3004 5222 ﬁ,
3040 5150 3127 5205 ubi
3156 5166 3259 5206 non
3285 5152 3396 5222 jam
3438 5146 3683 5222 persona:
3701 5146 3831 5211 ἶιιιί-

2238 5224 2433 5296 tatem,
2454 5217 2563 5296 sed
2591 5230 2902 5296 naturarum
2932 5217 3334 5296 distinetiouein
3366 5217 3640 5296 spectans,
3682 5236 3828 5282 recte

2235 5286 2393 5342 docet
2422 5288 2694 5344 hominem
2723 5308 2754 5346 a
2785 5292 2896 5347 Deo
2917 5292 3336 5350 discernendum
3370 5286 3551 5352 z'sicut
3575 5286 3696 5353 cum
3726 5298 3828 5353 hu-

2236 5359 2419 5436 milem
2454 5360 2595 5436 illius
2638 5374 2834 5436 Statum
2862 5404 2878 5430 ,
2931 5363 3330 5436 gloriosumque
3375 5367 3668 5435 discernit;
3720 5385 3826 5427 nou

2236 5430 2375 5484 tnale
2406 5430 2658 5509 praedicat
2707 5434 2910 5509 id‘eum
2938 5430 3148 5509 tantum
3180 5430 3273 5507 per
3302 5449 3634 5509 postremum
3654 5430 3665 5435 ⁷
3688 5442 3826 5498 obti-

2234 5516 2386 5567 nere,
2423 5512 2478 5555 Ill
2500 5503 2565 5556 sit
2597 5512 2731 5559 totus
2750 5503 2903 5560 homo
2924 5516 3056 5561 totus
3079 5503 3237 5563 Deus.

2302 5596 2379 5666 (η)
2405 5594 2550 5673 E_diti
2594 5606 2713 5663 post
2741 5598 3022 5673 Erasmum
3047 5600 3131 5673 hic
3160 5602 3468 5673 subjiciunt,
3498 5616 3545 5658 et
3572 5602 3672 5660 Dei
3704 5603 3828 5660 Ver-

2230 5666 2670 5740 bum;_g|ossema
2687 5669 2827 5740 quod
2844 5671 2996 5727 abest
3017 5690 3048 5727 a
3077 5672 3205 5727 Bad.
3231 5666 3286 5729 et
3312 5689 3442 5729 mss.
3461 5675 3634 5731 Porro
3646 5674 3825 5732 Chris-

2230 5747 2336 5792 tum
2357 5737 2616 5820 Verbum,
2631 5737 2813 5820 desunt
2833 5751 3028 5820 autem
3041 5745 3313 5800 hominem
3332 5761 3361 5802 a
3380 5745 3558 5804 Verbo
3576 5762 3823 5820 assumpa

2231 5818 2343 5888 tum
2361 5809 2602 5888 llilarius
2631 5811 2913 5888 intelligit_:
2941 5813 3032 5888 qui
3062 5827 3122 5872 ut
3150 5830 3311 5888 supra
3343 5825 3539 5886 totum,
3577 5814 3648 5875 ita
3676 5809 3819 5877 nunc

2228 5878 2372 5935 aliud
2399 5876 2463 5937 ad
2494 5890 2780 5951 pet'souam
2805 5876 2995 5940 icit-rit

3426 5943 3459 5961 ιβ
