4286 6264
411 303 522 362 585

1645 302 1733 364 DE
1772 298 2143 364 TRINITATE
2181 302 2388 365 LIBER
2427 304 2495 365 Χ.

3608 309 3720 371 386

481 420 572 475 53.
610 418 675 473 In
723 418 822 474 Dei
845 417 994 475 rebus
1035 435 1178 477 mens
1223 421 1450 477 humana
1471 420 1665 494 deﬁcit.
1696 424 2013 479 Obtunditur
2037 421 2087 483 Δ
2119 423 2385 490 mittitur;
2419 439 2487 480 ne
2514 423 2559 480 si
2594 420 2715 494 plus
2744 408 2972 479 velimus
3001 428 3339 494 aspectare,
3376 420 3553 479 minus
3577 438 3714 495 quo-

408 512 528 581 plus
557 511 731 566 volens
754 511 926 566 videre
949 528 1105 584 quam
1132 513 1303 568 datur.
1354 542 1427 555 --
1449 513 1566 569 Non
1616 516 1808 586 ignoro
1833 525 2010 570 autem

406 605 464 662 in
491 617 751 677 quantum
783 605 1035 663 humana:
1076 607 1454 679 intelligentiae
1493 608 1863 664 infirmitatem
1896 623 2012 663 ma-

415 698 732 772 gnificentia
759 700 1002 773 mysterii
1034 700 1275 756 caelestis
1321 701 1615 772 impediat,
1663 709 1721 757 ut
1764 701 1879 757 haec
1906 715 2011 756 non

407 793 566 850 facile
594 802 687 849 aut
740 793 920 849 verbis
968 796 1279 864 enuntiare,
1335 804 1431 850 aut
1471 795 1763 867 dijudicare
1808 812 2010 865 sensu,

408 887 700 943 autetiam
747 887 1035 957 complecti
1080 897 1260 944 mente
1317 888 1608 959 possimus.
1666 888 1857 945 Sciens
1912 904 2007 944 au-

409 987 520 1033 tem
560 977 852 1049 Apostolus
898 979 1126 1035 arduum
1189 979 1293 1035 hoc
1347 989 1577 1037 terrente
1620 991 1828 1037 natura:
1872 980 2013 1036 diffi-

409 1076 777 1147 cillimnmque
839 1093 1000 1145 esse,
1066 1094 1246 1135 rerum
1305 1078 1603 1137 divinarum
1672 1078 2010 1135 efficientiam

405 1170 612 1242 judicio
640 1170 715 1243 (ιι)
755 1186 854 1228 nos
894 1181 1121 1239 nostro,
1174 1182 1443 1243 tamquam
1490 1173 1558 1228 ad
1605 1172 2013 1245 intelligendum

411 1265 659 1332 acriore,
701 1280 859 1335 quam
909 1265 978 1319 ad
1023 1264 1363 1321 efficiendum
1416 1266 1529 1321 Deo
1584 1265 1828 1337 potiore,
1884 1282 2016 1323 con-

411 1356 638 1427 cipere,
684 1355 760 1411 illi
826 1357 1067 1428 legitimo
1138 1357 1238 1412 sibi
1290 1357 1584 1414 secundum
1644 1358 1803 1413 fidem
1860 1358 2011 1426 filio,

409 1464 701 1519 sacrasque
725 1450 932 1506 litteras
980 1453 1048 1506 ab
1078 1449 1299 1506 infantia
1341 1451 1612 1519 sumenti,
1665 1451 1737 1507 ita
1780 1451 2013 1508 scribit:

414 1541 564 1597 Sicut
610 1541 843 1597 hortatus
887 1558 999 1596 sum
1060 1552 1107 1596 te
1149 1543 1397 1598 sustinere
1448 1540 1664 1613 Ephesi,
1718 1560 1833 1597 cum
1885 1544 2014 1599 irent

414 1634 493 1708 (b)
541 1635 595 1689 in
645 1633 1028 1701 Macedoniam,
1056 1644 1113 1689 ut
1160 1640 1468 1707 pra'ciperes
1497 1634 1799 1706 quibusdam
1827 1653 1892 1691 ne
1918 1636 2016 1690 ali-

415 1737 493 1783 ter
516 1728 791 1796 docerent,
846 1742 1006 1798 neque
1052 1727 1368 1782 attenderem
1397 1727 1590 1797 fabulis
1629 1737 1678 1783 et
1704 1727 2016 1800 genealogiis

2116 533 2223 588 que
2265 533 2424 588 quam
2471 533 2762 589 possumus
2790 530 3220 589 consequamur;
3256 517 3326 573 ita
3359 525 3415 574 et
3444 520 3583 574 ratio
3610 533 3723 576 ca:-

2115 610 2267 665 lestis
2295 610 2347 665 in
2381 619 2586 665 tantum
2615 610 2957 681 intelligenda
2982 619 3085 678 est,
3117 610 3168 665 in
3194 617 3454 682 quantum
3480 625 3540 666 se
3588 626 3717 681 per-

2116 703 2281 758 mittit
2328 703 2591 775 intelligi;
2628 705 2680 758 in
2732 711 2935 758 tantum
2971 701 3049 775 (2)
3099 703 3460 774 exspectanda
3507 711 3626 771 est,
3667 702 3719 758 in

2116 803 2376 865 quantum
2413 795 2927 866 apprehendendam
2973 809 3033 850 se
3074 794 3258 860 dedit;
3294 810 3361 851 ne
3402 795 3447 850 si
3476 796 3720 851 contenti

2116 887 2466 959 indulgentia:
2496 886 2867 943 moderatione
2896 903 3003 943 non
3049 888 3221 944 simus
3246 930 3261 955 ,
3295 889 3605 945 amittamus
3635 890 3720 944 in-

2116 979 2285 1035 dulta.
2334 980 2429 1035 Est
2475 995 2604 1051 ergo
2634 980 2688 1035 in
2729 980 2841 1036 Deo
2871 980 3012 1051 quod
3045 981 3124 1053 (g)
3154 981 3356 1052 percipi
3388 988 3603 1051 potest:
3635 991 3720 1039 est

2117 1072 2297 1144 plane,
2328 1073 2375 1127 si
2419 1074 2582 1128 modo
2612 1072 2753 1143 quod
2800 1082 2976 1141 potest
3000 1074 3153 1130 velis.
3206 1073 3355 1131 Sicut
3382 1074 3526 1129 enim
3559 1076 3719 1132 estin

2116 1167 2234 1223 sole
2261 1167 2406 1239 quod
2438 1167 2623 1222 videas
2646 1209 2661 1235 ,
2702 1166 2748 1223 si
2781 1166 2886 1223 hoc
2917 1168 3050 1223 velis
3080 1167 3262 1223 videre
3306 1167 3449 1240 quod
3497 1169 3714 1240 possis;

2117 1261 2335 1317 amittas
2364 1269 2544 1317 autem
2575 1260 2717 1330 quod
2772 1270 2926 1332 potes
2969 1261 3157 1317 videre
3184 1302 3199 1329 ,
3251 1262 3379 1317 dum
3426 1261 3571 1334 quod
3610 1278 3720 1319 non

2117 1363 2273 1425 potes
2301 1354 2490 1410 niteris
2518 1372 2532 1409 :
2556 1352 2627 1408 ita
2662 1364 2716 1410 et
2757 1354 2809 1408 in
2839 1354 3003 1409 rebus
3030 1354 3124 1409 Dei
3157 1353 3325 1410 habes
3349 1355 3491 1426 quod
3523 1354 3724 1411 intelli-

2117 1462 2232 1519 gas,
2264 1446 2310 1502 si
2340 1446 2646 1519 intelligere
2674 1448 2815 1519 quod
2850 1458 3002 1518 potes
3029 1448 3181 1504 velis.
3211 1447 3481 1504 Caeterum
3509 1450 3554 1504 si
3580 1449 3720 1505 ultra

2118 1557 2278 1613 quam
2318 1548 2472 1613 potes
2502 1556 2729 1612 Speres;
2758 1540 2811 1597 id
2835 1557 3067 1614 quoque,
3095 1542 3240 1613 quod
3269 1542 3514 1613 potuisti,
3557 1557 3718 1614 posse

2118 1651 2225 1690 non
2256 1635 2482 1705 poteris.

2191 1725 2280 1784 54.
2327 1725 2395 1781 In
2424 1729 2539 1799 ipso
2560 1728 2755 1784 Christi
2783 1740 2900 1784 ortu
2925 1730 3198 1801 teniporali
3221 1730 3420 1786 ctecutit
3442 1728 3617 1787 homo.
3648 1759 3722 1773 —-

413 1820 788 1886 interminatis,
817 1834 931 1890 qua:
980 1819 1287 1891 quwstiones
1316 1821 1481 1890 magis
1527 1830 1771 1892 pra'stant
1795 1862 1809 1884 ,
1855 1836 2011 1890 quant
2042 1813 2091 1873 B
2119 1821 2365 1877 Nondum
2398 1823 2772 1894 intemporalis
2812 1824 3107 1879 nativitatis
3139 1825 3283 1880 illius
3318 1833 3718 1881 sacramentum

412 1913 811 1977 aedificationem
843 1913 937 1967 Dei
972 1929 1089 1984 qua:
1114 1923 1189 1968 est
1239 1914 1293 1968 in
1322 1914 1425 1984 ﬁde
1466 1913 1509 1985 (l
1540 1913 1674 1968 Tim.
1707 1931 1746 1981 ι,
1779 1915 1813 1969 ’5
1839 1925 1888 1969 et
1930 1914 2008 1987 4).

413 2003 573 2061 Vetat
602 2005 937 2076 genealogitc
985 2005 1198 2075 eloquia
1244 2006 1487 2073 tractari,
1518 2016 1571 2061 et
1611 2006 1820 2061 fabulas
1850 2006 2016 2061 inter-

413 2097 633 2154 minata:
661 2098 979 2169 quaestionis
1007 2097 1217 2168 attingi.
1268 2097 1710 2154 IEdificationem
1759 2114 1889 2154 vero
1918 2097 2015 2153 Dei

414 2191 472 2248 in
503 2189 609 2246 fide
635 2206 756 2245 esse
783 2189 1011 2263 (supple,
1041 2188 1222 2262 docet)
1256 2205 1270 2244 :
1304 2202 1361 2245 ut
1380 2189 1547 2264 359
1575 2191 1827 2245 humanae
1855 2206 2012 2246 vere-

416 2282 633 2339 cundia:
683 2282 905 2337 modum
956 2281 1099 2337 fideli
1146 2281 1556 2353 omnipotentia:
1614 2282 1711 2337 Dei
1758 2282 2018 2354 religione

420 2375 735 2444 concludat,
759 2391 935 2447 neque
950 2390 1011 2432 se
1033 2374 1320 2430 infirmitas
1342 2386 1528 2430 nostra
1555 2374 1622 2430 ad
1648 2375 2019 2446 perSpicienda

421 2486 508 2539 ea,
555 2486 676 2542 qutc
727 2469 1088 2541 perspiciendi
1139 2468 1208 2541 (ε)
1237 2480 1482 2525 naturam
1515 2468 1794 2537 hebetent,
1833 2480 2022 2527 exten-

421 2566 536 2622 dat.
566 2564 719 2632 Quod
746 2564 793 2620 si
818 2563 1201 2619 contuentibus
1229 2563 1364 2618 solis
1400 2562 1703 2618 claritatem
1744 2563 1913 2618 virtus
1942 2562 2026 2618 in-

423 2656 559 2714 tenti
585 2656 804 2711 luminis
843 2654 1196 2724 obstupescit,
1228 2664 1282 2710 ut
1331 2653 1379 2710 si
1432 2655 1647 2727 quando
1691 2670 1907 2712 causam
1939 2671 2025 2711 ra-

422 2749 624 2807 diantis
655 2748 794 2804 lucis
820 2748 1078 2804 solertius
1102 2748 1248 2804 acies
1281 2749 1513 2802 curiosa
1552 2748 2026 2817 contemplationis

422 2840 684 2914 iuquirat,
712 2839 974 2912 usquead
1015 2849 1322 2895 emortuum
1370 2840 1591 2896 videndi
1624 2854 1844 2896 sensum
1897 2855 2026 2895 ocu-

420 2937 601 2993 lorum
646 2946 834 2992 natura
884 2944 1187 3003 revocetur,
1240 2936 1556 3007 accidatque
1606 2936 1825 2992 nitendo
1856 2938 2028 3008 magis

422 3032 615 3090 videre
645 3048 716 3089 ne
740 3031 927 3088 videas
952 3048 968 3098 ;
999 3031 1125 3101 quid
1152 3032 1309 3087 nobis
1333 3033 1383 3086 in
1430 3030 1526 3087 Dei
1555 3031 1716 3088 rebus
1745 3041 1795 3087 el
1830 3033 1884 3087 in
1910 3031 2028 3087 sole

422 3128 649 3199 justitiae
668 3126 1094 3197 exspectandum
1124 3127 1244 3182 est?
1270 3126 1458 3182 Nonne
1487 3127 1761 3182 incumbet
1795 3127 2026 3183 volenti-

2118 1914 2348 1970 movebo
2378 1917 2771 1985 :competentis
2801 1916 2905 1973 loci
2934 1927 3015 1972 est
3052 1917 3143 1974 ille
3189 1927 3469 1974 tractatus.
3503 1918 3723 1975 Interim

2117 2007 2251 2063 mihi
2295 2019 2588 2080 assumptzc
2615 2010 2793 2064 carnis
2816 2009 3136 2083 mySIerium
3174 2013 3226 2067 in
3254 2012 3441 2069 verbis
3466 2023 3568 2069 est.
3594 2011 3725 2071 Illos

2120 2117 2260 2157 nunc
2280 2117 2602 2159 arcanorum
2617 2102 2782 2176 360
2797 2105 3097 2161 caelestium
3120 2115 3450 2163 scrutatores
3472 2108 3721 2175 consulo,

2120 2203 2179 2249 ut
2206 2194 2504 2251 secundum
2550 2207 2796 2251 naturam
2842 2212 2993 2252 suam
3037 2199 3147 2253 nati
3178 2214 3244 2254 ex
3290 2200 3499 2268 virgine
3523 2198 3727 2256 Christi

2120 2297 2520 2343 sacramentum
2547 2288 2852 2358 loquantur.
2875 2288 3030 2346 Unde
3052 2290 3236 2347 dicent
3260 2291 3454 2363 virgini
3478 2307 3717 2364 concep-

2122 2387 2237 2435 tum
2262 2381 2285 2435 ?
2324 2382 2469 2438 unde
2498 2383 2688 2454 virgini
2714 2384 2971 2453 partum?
3000 2383 3170 2452 Quam
3200 2385 3340 2441 hanc
3366 2399 3489 2441 esse
3514 2385 3727 2456 genita-

2123 2472 2252 2529 lium
2285 2475 2549 2545 originum
2579 2489 2794 2531 causam
2822 2475 3213 2547 disputabunt?
3241 2488 3295 2533 et
3321 2477 3449 2548 quid
3474 2480 3611 2533 intra
3634 2493 3730 2536 se-

2125 2578 2315 2620 cessus
2342 2575 2707 2622 maternorum
2742 2568 2953 2623 sinuum
2972 2569 3280 2624 coaluisse?
3306 2568 3519 2640 Corpus
3539 2570 3729 2627 unde?

2127 2667 2178 2712 et
2204 2658 2365 2714 homo
2400 2659 2580 2714 unde?
2609 2658 2723 2713 Jam
2772 2674 2902 2714 vero
2934 2668 3056 2731 post
3082 2658 3220 2727 haec,
3251 2660 3378 2731 quid
3410 2662 3480 2715 sit
3509 2661 3735 2718 descen-

2128 2750 2274 2807 disse
2303 2751 2371 2807 de
2399 2752 2552 2809 caelis
2594 2752 2761 2808 filium
2806 2753 3040 2810 hominis
3082 2755 3135 2809 in
3180 2754 3336 2811 caelis
3372 2765 3681 2813 manentem
3705 2757 3731 2811 ?

2128 2843 2244 2900 Non
2278 2844 2421 2899 enim
2449 2844 2695 2915 ejusdem
2719 2855 2822 2912 est,
2851 2845 3149 2902 secundum
3174 2847 3488 2917 corporales
3515 2863 3730 2919 causas,

2130 2936 2463 2992 descendere
2501 2947 2555 2993 et
2593 2952 2857 2994 manere:
2894 2954 3123 3009 quorum
3177 2940 3406 2996 alterum
3438 2941 3515 3013 (It)
3547 2941 3737 2998 deces-

2131 3029 2301 3085 sionis
2330 3030 2708 3085 transmutatio
2739 3040 2842 3100 est,
2867 3031 3097 3087 alterum
3141 3033 3394 3089 manendi
3440 3034 3735 3105 impertur-

2133 3120 2279 3175 batio
2307 3133 2407 3176 cst.
2442 3120 2600 3193 Vagit
2630 3121 2829 3190 infans,
2856 3121 2950 3178 sed
2985 3124 3037 3177 in
3085 3123 3224 3180 caelo
3250 3134 3335 3180 est
3375 3140 3390 3178 :
3435 3139 3572 3196 puer
3589 3140 3739 3183 cres-

426 3220 530 3276 bus
551 3219 631 3293 (ά)
658 3232 1019 3289 supersapere
1045 3216 1307 3273 stultitia?
1329 3217 1517 3274 Nonne
1547 3219 1721 3288 ipsum
1750 3217 1880 3273 illud
1903 3233 2028 3275 acre
2059 3204 2105 3268 C
2136 3217 2210 3272 cit
2236 3258 2251 3284 ,
2303 3215 2398 3272 sed
2453 3216 2799 3286 plenitudinis
2859 3216 3001 3272 Deus
3067 3226 3361 3286 permanet.
3436 3218 3554 3275 .lam
3602 3233 3738 3276 vero

428 3312 801 3383 intelligentia:
849 3312 1030 3369 lumen
1082 3311 1161 3385 (l)
1207 3321 1397 3382 stupor
1440 3311 1651 3369 hebetis
1695 3311 2031 3382 desipientia:

429 3405 753 3476 occupabit?
781 3403 897 3461 Non
936 3404 1082 3460 enim
1131 3412 1319 3459 natura
1352 3402 1579 3459 inferior
1628 3418 1842 3460 causam
1875 3416 2029 3460 natu-

432 3513 511 3553 ra:
539 3496 612 3570 (e)
644 3496 869 3565 potioris
898 3495 1161 3567 intelliget
1189 3513 1201 3550 :
1239 3510 1338 3552 nec
1366 3496 1607 3566 subjacet
1633 3496 1883 3552 humanae
1901 3512 2032 3553 con-

433 3591 669 3662 ceptioni
716 3590 855 3646 ratio
891 3591 1128 3648 caelestis
1194 3590 1269 3662 (id
1309 3600 1405 3657 est,
1438 3589 1666 3664 divina).
1721 3592 1852 3646 Nam
1894 3593 2035 3648 intra

435 3683 803 3740 conditionem
836 3683 1164 3738 infirmitatis
1212 3684 1335 3750 erit,
1386 3683 1646 3754 quidquid
1674 3684 1871 3740 infirmi
1899 3700 2034 3740 con-

435 3778 679 3835 scientiae
702 3777 776 3851 (in
806 3780 868 3830 5°
897 3778 1045 3850 casu)
1071 3777 1338 3833 subditur.
1372 3778 1601 3835 Excedit
1630 3779 1814 3851 itaque
1848 3778 2039 3835 huma.

436 3889 566 3929 nam
592 3881 824 3928 mentem
856 3872 950 3928 Dei
979 3880 1220 3943 potestas
1246 3890 1259 3927 :
1288 3872 1354 3927 ad
1382 3888 1541 3943 quam
1570 3874 1615 3929 si
1643 3889 1703 3929 se
1754 3875 2040 3930 infirmitas

436 3966 741 4037 prolendct,
777 3966 948 4038 magis
987 3965 1198 4021 infirma
1230 3966 1489 4023 reddetur
1511 4009 1525 4032 ,
1557 3967 1684 4022 dum
1727 3967 1832 4025 hoc
1862 3969 2035 4041 ipsum

438 4059 583 4130 quod
610 4059 817 4115 obtinet
852 4059 1078 4125 amittit,
1129 4058 1337 4129 potiore
1363 4059 1429 4114 ad
1472 4058 1874 4116 obtundendam
1917 4077 2037 4117 eam

439 4166 624 4207 rerum
652 4152 952 4208 caalestium
987 4160 1213 4218 natura;
1249 4151 1373 4222 quia
1404 4167 1620 4208 omnem
1662 4152 1780 4223 ejus
1811 4168 2039 4211 consec-

444 4245 609 4299 tantis
654 4258 714 4298 se
759 4244 1112 4316 pervicaciam
1145 4245 1259 4314 ipsa
1291 4244 1577 4314 complexu
1603 4244 1721 4316 ejus
1752 4247 1924 4317 major
1959 4247 2041 4303 in-

445 4337 641 4393 ﬁrmat.
657 4337 729 4395 Ut
757 4339 916 4411 igitur
941 4339 1023 4395 sol
1047 4338 1118 4393 ita
1141 4336 1403 4394 videndus
1425 4348 1529 4406 est,
1554 4348 1615 4393 ut
1644 4340 1817 4408 possit
1844 4339 2037 4410 videri,

447 4438 735 4503 tantusque
776 4430 1126 4503 excipiendus
1173 4430 1378 4488 lumine
1399 4439 1518 4499 est,
1545 4438 1780 4503 quantus
1821 4432 1891 4504 (r)
1941 4433 2039 4490 ad-

520 4571 600 4645 (n
631 4572 821 4645 sopor.

520 4644 603 4714 (2)
636 4644 958 4714 Expetenda.

2139 3325 2260 3366 cum
2306 3308 2589 3365 adscendit
2639 3309 2729 3364 ubi
2788 3318 2947 3367 antea
3001 3309 3148 3377 fuit,
3203 3320 3258 3367 et
3317 3312 3600 3369 descendit
3644 3313 3736 3384 qui

2140 3410 2363 3466 manet,
2415 3417 2523 3473 quo
2601 3401 2973 3474 intelligentia:
3039 3402 3292 3460 humanae
3350 3420 3513 3460 sensu
3566 3404 3744 3460 conti-

2141 3494 2357 3550 nebitur
2409 3494 2512 3568 (i)?
2555 3494 2815 3551 Dominus
2869 3498 3012 3551 enim
3065 3498 3141 3552 ait
3187 3498 3376 3564 :Quid
3420 3499 3465 3554 si
3514 3498 3743 3554 videritis

2141 3587 2312 3657 ﬁlium
2344 3588 2567 3643 hominis
2597 3588 2987 3644 adscendentem
3016 3589 3102 3645 ubi
3128 3601 3280 3647 antea
3308 3592 3407 3663 fuit
3431 3590 3638 3659 (Joan.,
3660 3601 3739 3657 vt,

2144 3680 2267 3752 65)?
2291 3681 2589 3738 Adscendit
2619 3681 2757 3736 filius
2788 3680 3026 3737 hominis
3053 3682 3140 3738 ubi
3168 3693 3325 3737 antea
3361 3682 3495 3748 fuit;
3529 3691 3583 3737 et
3619 3681 3745 3753 quis

2143 3774 2248 3830 hoc
2275 3790 2468 3830 sensus
2493 3774 2814 3845 concipiet?
2864 3776 3157 3831 Descendit
3179 3776 3246 3831 de
3273 3776 3413 3831 ca'lo
3452 3774 3594 3831 ﬁlius
3638 3774 3742 3830 ho-

2144 3867 2305 3922 minis
2333 3868 2422 3937 qui
2458 3867 2511 3921 in
2537 3866 2695 3922 caelis
2725 3873 2842 3932 est;
2876 3876 2932 3922 et
2959 3882 3080 3936 qua:
3112 3865 3215 3922 hoc
3253 3866 3395 3922 ratio
3420 3866 3744 3937 prtestabit?

2155 3956 2373 4013 Verbum
2395 3974 2514 4012 caro
2549 3957 2743 4028 factum
2772 3967 2879 4024 est;
2917 3973 3034 4029 qua:
3066 3955 3171 4013 hoc
3200 3957 3359 4014 verba
3408 3958 3744 4031 loquentur?

2144 4051 2231 4107 Fit
2261 4066 2388 4106 caro
2418 4049 2680 4118 Verbum,
2712 4050 2765 4107 id
2807 4060 2888 4107 est
2915 4091 2929 4115 ,
2964 4051 3127 4108 homo
3158 4051 3299 4107 Deus
3329 4068 3343 4106 :
3377 4058 3433 4108 et
3458 4053 3549 4123 qui
3580 4052 3745 4109 homo

2148 4153 2251 4209 est,
2299 4147 2351 4200 in
2381 4144 2532 4200 caelis
2549 4152 2661 4210 est;
2695 4156 2750 4200 et
2775 4145 2865 4215 qui
2892 4145 3031 4200 Deus
3053 4155 3157 4211 est,
3187 4145 3253 4202 de
3274 4146 3430 4202 caelis
3478 4154 3583 4202 est.
3636 4146 3749 4202 Ad-

2148 4237 2360 4293 scendit
2388 4236 2763 4293 descendens:
2796 4235 2891 4292 sed
2927 4236 3211 4293 descendit
3239 4236 3309 4312 (j)
3350 4222 3460 4293 non)
3510 4237 3743 4294 descen-

2148 4334 2306 4391 dens.
2343 4330 2441 4387 Est
2472 4330 2562 4403 qui
2593 4339 2742 4398 erat,
2771 4339 2826 4386 et
2855 4331 2996 4401 quod
3027 4342 3108 4387 est
3140 4346 3247 4386 non
3297 4340 3435 4387 erat.
3467 4331 3749 4388 Currimus

2149 4441 2249 4499 per
2276 4438 2500 4492 causas,
2544 4430 2602 4479 et
2625 4423 2835 4479 ratione
2864 4423 2945 4494 (5)
2974 4422 3299 4480 deficimur:
3333 4423 3598 4481 rationem
3629 4438 3750 4481 cer-

2225 4570 2305 4645 (3)
2335 4567 2636 4640 Deﬁcimus.

519 4763 615 4835 (η)
648 4761 978 4817 Vocabulum
1021 4776 1116 4816 nos
1160 4772 1480 4835 revocamus
1523 4773 1593 4815 ex
1619 4755 1771 4835 Bad._
1798 4764 1853 4813 et
1879 4771 2042 4835 _mss.
2072 4755 2124 4817 D
2149 4746 2572 4835 ve_l.imus_."'l‘um
2600 4744 2726 4835 Par.
2753 4759 2892 4835 cum
2925 4740 3751 4835 msaxaticlbas.capeterehln

448 4829 656 4892 Deinde
685 4848 783 4903 pro
812 4841 1075 4899 tamquam
1097 4871 1112 4893 ,
1156 4831 1296 4903 male
1342 4830 1544 4886 habent
1574 4845 1703 4886 mss.
1737 4829 2047 4903 Remig._ac

450 4906 663 4963 Theod.
687 4900 837 4972 tam;
869 4903 973 4959 hoc
995 4904 1138 4958 enim
1165 4901 1269 4957 sibi
1290 4903 1401 4958 vult
1424 4920 1436 4955 :
1471 4914 1722 4972 tauquam
1748 4903 1813 4955 ad
1846 4900 2050 4955 intelli-

451 4978 685 5049 gendum
712 4983 861 5030 tanto
887 4984 1033 5049 esset
1061 4974 1240 5049 acrius
1261 4974 1520 5049 judicium
1550 4983 1820 5049 nostrum,
1847 4981 2049 5049 quanto

453 5043 634 5122 potior
667 5051 806 5122 l)_eus
844 5043 1301 5122 adefficieudum.
1335 5044 1434 5122 llic
1463 5045 1800 5122 et_deinceps
1826 5043 2046 5122 reprimi

453 5113 668 5176 videtur
686 5117 1195 5188 Eunomiijactatio,
1218 5132 1321 5186 qua
1343 5115 1689 5188 Theodoreto
1707 5123 1845 5171 teste
1860 5113 1951 5168 lib.
1973 5129 2047 5188 tv,

453 5192 598 5248 llaar.
630 5192 763 5258 fab.,
792 5203 844 5246 c.
876 5190 911 5246 5
938 5186 959 5242 ε’
978 5204 1032 5243 se
1049 5189 1179 5242 nihil
1209 5202 1272 5242 ea:
1294 5188 1443 5241 rebus
1471 5187 1657 5241 divinis
1678 5191 1915 5257 ignorare
1939 5186 2053 5256 glo-

455 5264 718 5320 riabatur.

527 5332 609 5407 (b)
638 5334 908 5404 Antiquus
937 5332 1116 5388 Codex
1141 5330 1295 5387 Colb.
1327 5330 1429 5386 ires
1456 5328 1834 5385 Macedoniam.

534 5429 609 5498 (c)
639 5426 868 5483 Carnut.
898 5427 1098 5497 aliique
1126 5425 1371 5482 nonnulli
1401 5439 1534 5480 mss.
1568 5438 1690 5479 cum
1727 5421 1857 5477 Bad.
1885 5431 1940 5476 et
1962 5419 2057 5476 Er.

461 5510 703 5557 naturam
728 5517 830 5555 non
861 5498 1067 5553 habent.

536 5590 617 5664 (tt)
645 5592 852 5648 Martia.
886 5607 987 5647 ms.
1018 5606 1370 5663 stipat-capere.
1402 5588 1590 5645 Graece
1614 5589 1963 5715 darspﬁpovtiv.

536 5666 608 5715 fe)
639 5664 696 5715 ln
726 5681 834 5715 uno
862 5679 964 5715 ms.
992 5664 1171 5715 Colb..
1196 5664 1369 5715 altero
1390 5661 1621 5715 Sorbon.
1650 5673 1703 5715 et
1783 5671 1943 5714 arttn.

533 5661 608 5737 (e)
639 5664 696 5719 lu
726 5681 834 5720 uno
854 5661 1171 5737 ims._(‘.olb.,
1196 5664 1369 5737 al_tero
1390 5661 1621 5737 Sorbon.
1650 5661 1943 5737 et'lilartin.
1973 5672 2060 5712 su-

460 5733 701 5814 perioris.
730 5737 787 5791 In
820 5736 925 5814 alio
955 5734 1118 5814 Cplb._
1136 5743 1193 5791 et
1220 5734 1404 5814 Germ.
1428 5733 1747 5814 posterioris.

538 5808 620 5885 (f)
650 5807 936 5880 Exemplar
965 5804 1181 5863 Martio.
1206 5799 1456 5877 quantum
1477 5805 1701 5859 admittit
1723 5819 1741 5857 :
1766 5802 1853 5875 qui
1879 5801 1924 5858 si
1946 5799 2063 5874 plus

2151 4825 2282 4881 edit.
2331 4820 2489 4887 aliis,
2534 4829 2783 4892 spectare.
2830 4816 2888 4872 In
2933 4816 3136 4885 aliquot
3164 4829 3292 4869 mss.
3326 4814 3606 4892 aspectare.
3635 4814 3753 4892 Non

2152 4897 2260 4952 alio
2287 4908 2448 4950 sensu
2483 4894 2534 4947 in
2562 4887 2851 4961 plerisque,
2897 4896 3229 4961 exspectare:
3259 4896 3315 4942 et
3342 4902 3471 4961 mox
3498 4887 3552 4942 in
3579 4887 3756 4943 omni-

2152 4969 2254 5024 bus
2282 4958 2627 5035 exspectanda
2647 5006 2660 5027 ,
2693 4958 2783 5016 ubi
2817 4963 2867 5015 in
2901 4958 3127 5030 vulgatis
3162 4958 3467 5029 expetenda.

2228 5054 2305 5132 (g)
2340 5054 2611 5135 Vatahas.
2657 5068 2760 5107 ms.
2789 5065 2944 5133 .cum
2997 5048 3149 5133 Colb.
3198 5059 3251 5105 ct
3305 5048 3464 5106 Sorb.
3507 5049 3754 5122 perspici.

2156 5130 2312 5186 Mart.
2341 5127 2529 5193 respici
2553 5143 2567 5178 :
2600 5139 2663 5179 ac
2685 5122 2913 5178 subtnde
2935 5136 3054 5177 cum
3077 5120 3223 5177 dlClO
3248 5119 3371 5176 Vat.
3405 5121 3521 5176 bas.
3553 5132 3609 5178 et
3646 5122 3759 5179 Rc-

2158 5202 2285 5268 mig.
2322 5200 2367 5252 si
2390 5197 2541 5251 modo
2567 5196 2705 5263 quod
2730 5204 2894 5265 potes.

2232 5262 2313 5344 (It)
2342 5269 2398 5323 In
2421 5262 2673 5344 vulgatis,
2701 5262 3067 5344 descensiouis.
3109 5263 3279 5333 Magis
3300 5262 3619 5333 placetcum
3668 5278 3764 5336 po-

2161 5336 2391 5400 tioribus
2418 5336 2552 5395 mss.
2582 5336 2914 5391 decessionis.

2237 5413 2301 5486 (i)
2346 5411 2492 5486 Idem
2524 5419 2918 5486 argumentum
2945 5405 3115 5462 fusius
3161 5405 3509 5477 prosequitur
3533 5405 3764 5481 Gregor.

2165 5477 2419 5544 Naiianz.
2448 5483 2541 5537 0r.
2572 5477 2737 5545 ixxv,
2770 5496 2827 5534 n.
2851 5477 2921 5534 88
2954 5489 3009 5533 et
3031 5493 3185 5549 seqq.

2241 5580 2312 5651 (j)
2352 5575 2409 5631 lu
2455 5581 2670 5651 vetusto
2700 5570 2889 5651 codice
2934 5570 3085 5651 Colb.
3120 5570 3606 5651 non-adscendens.
3652 5571 3770 5651 Hoc

2167 5642 2485 5721 argumenti
2514 5657 2685 5721 genus
2726 5642 2965 5698 maxime
2994 5642 3140 5721 valet
3185 5642 3448 5721 adversus
3495 5658 3621 5721 eos,
3674 5644 3769 5715 qui

2170 5712 2406 5778 Verbum
2454 5712 2549 5773 Dei
2589 5729 2712 5772 cum
2758 5729 2921 5788 carne
2958 5712 3382 5788 substantialiter
3421 5712 3772 5788 conjunctum

2172 5801 2391 5865 negant,
2414 5796 2508 5846 aut
2533 5801 2657 5845 cum
2686 5800 2753 5845 ea
2773 5784 3130 5843 ccufundunt.
