4286 6264
603 334 705 394 591

1749 336 1754 352 ³
1803 329 2052 391 SANCTI
2088 331 2345 392 lllLARll
2384 331 2693 395 EPISCOPI

3804 333 3914 396 392

603 451 932 508 contrahunt.
964 450 1279 521 Quwstiones
1298 449 1455 506 variae
1482 450 1550 505 de
1572 449 1768 507 Chriin
1797 459 1978 506 morte.
2001 480 2072 493 —-
2091 449 2201 506 Vos
2229 455 2274 515 Α
2306 465 2486 508 sermo
2515 461 2615 516 est,
2649 465 2710 506 se
2727 448 3053 506 derelictum
3080 450 3489 523 conquerentis,
3517 458 3572 508 et
3593 466 3653 510 se
3681 469 3913 526 regnare

603 562 747 602 nunc
788 546 874 602 vel
917 546 1281 615 tripertientes
1306 541 1582 599 Christum
1632 544 1688 598 iu
1727 543 1963 599 Verbum
1993 551 2048 599 et
2087 544 2208 599 ani-

605 654 747 694 mam
787 649 843 695 et
887 652 1105 707 corpus,
1151 637 1235 693 vel
1270 644 1436 693 totum
1466 637 1739 692 Christum
1772 638 1938 693 Deum
1962 637 2201 695 Verbum

602 732 660 788 in
685 731 858 787 solum
892 730 1192 786 communis
1240 729 1456 801 generis
1484 729 1759 786 hominem
1797 732 2202 799 contrahentes,

605 825 710 880 hoc
754 822 912 878 nobis
963 836 1169 894 magna:
1213 821 1427 899 pietatis
1475 831 1871 878 sacramentum
1898 865 1912 890 ,
1959 822 2102 894 quod
2149 822 2205 877 in

603 931 769 974 carne
798 914 876 988 (a)
904 915 1302 971 manifestatum
1333 923 1437 983 est,
1464 916 1699 972 revelate
1726 916 1767 990 (Ι
1792 915 1931 975 Tim.
1965 931 2046 982 ιιι,
2077 913 2203 985 16)τ

605 1025 764 1081 quem
788 1007 1074 1064 tradiderit
1101 1008 1350 1079 spiritum
1382 1008 1653 1075 Christus,
1683 1018 1739 1065 et
1767 1010 1888 1081 quis
1928 1008 1984 1064 in
2016 1022 2208 1065 manus

605 1102 781 1159 Patris
805 1100 1274 1158 commendaverit
1303 1115 1460 1157 suum
1489 1102 1761 1172 spiritum,
1795 1110 1851 1157 et
1878 1102 1999 1172 quis
2021 1087 2075 1156 in
2109 1114 2205 1171 pa-

604 1194 786 1252 radiso
815 1193 903 1250 die
930 1191 1121 1249 eadem
1154 1192 1333 1259 fuerit,
1363 1201 1420 1249 et
1444 1193 1564 1264 quis
1589 1192 1890 1264 derelinqui
1932 1208 1993 1249 se
2038 1207 2069 1247 a
2096 1192 2211 1248 Deo

606 1298 829 1362 questus
844 1287 932 1344 sit.
957 1286 1090 1342 Nam
1120 1286 1341 1358 querela
1367 1285 1614 1342 derelicti
1666 1286 1948 1341 morientis
1979 1282 2179 1339 inﬁrmi
2199 1313 2215 1326 -

610 1395 691 1440 tas
719 1392 839 1439 est:
878 1382 1165 1453 promissio
1190 1389 1368 1436 autem
1401 1379 1657 1450 paradisi,
1688 1378 1924 1435 viventis
1950 1376 2048 1434 Dei
2090 1392 2213 1449 reg-

612 1495 745 1535 num
768 1487 870 1532 est.
895 1475 1310 1533 Commendatio
1338 1474 1590 1546 spiritus,
1615 1473 2047 1531 commendantis
2082 1487 2216 1529 con-

610 1572 832 1630 ﬁdentia
853 1579 940 1627 est
964 1590 978 1627 :
1010 1570 1226 1626 traditio
1251 1570 1499 1640 spiritus,
1525 1567 1810 1625 morientis
1837 1567 2083 1624 excessio
2107 1574 2212 1622 est.

613 1665 810 1735 Quaero
841 1664 1039 1736 itaque,
1069 1664 1190 1734 quis
1213 1662 1477 1719 moritur?
1513 1662 1716 1732 Nempe
1744 1663 1833 1731 qui
1863 1660 2023 1716 tradit
2048 1658 2214 1731 spiri-

612 1766 750 1814 tum.
782 1755 990 1813 Deinde
1030 1755 1151 1827 quis
1181 1754 1347 1811 tradit
1376 1753 1664 1825 spiritum?
1695 1752 1895 1823 Utique
1940 1752 2032 1823 qui
2068 1750 2214 1806 Patri

2308 544 2607 614 proﬁtentis
2638 560 2652 598 :
2686 558 2788 614 qua
2836 541 3001 598 ﬁdem
3030 553 3272 599 nostram
3317 542 3655 599 inlidelitatis
3696 546 3911 603 ratione

2304 634 2613 703 dividimus,
2649 640 2708 690 ut
2746 648 2853 689 non
2884 633 3027 690 idem
3062 634 3115 689 in
3160 644 3406 707 tempore
3435 635 3627 693 eodem
3654 637 3725 692 sit
3754 653 3905 694 mor-

2307 736 2450 794 tuus,
2483 728 2572 798 qui
2596 735 2652 783 et
2672 735 2891 797 regnet;
2949 741 3074 782 cum
3113 726 3256 783 idem
3298 728 3415 798 ipse
3440 727 3509 784 de
3536 742 3596 786 se
3626 738 3916 801 utrumque

2308 830 2537 879 tesmtus
2559 823 2652 888 sit,
2683 829 2739 878 et
2774 820 3167 878 commendans
3193 820 3462 894 spiritum,
3490 832 3542 879 et
3586 824 3916 896 exspirans?

2308 915 2463 983 Quod
2494 916 2538 971 si
2568 914 2709 971 idem
2739 914 3128 971 commendans
3166 915 3415 987 Spiritum
3463 924 3626 989 atque
3674 915 3912 983 tradens,

2307 1018 2363 1065 et
2429 1023 2659 1079 regnans
2729 1008 2957 1064 moritur
3033 1018 3087 1064 et
3163 1018 3406 1065 mortuus
3488 1020 3724 1082 regnat;
3818 1009 3916 1065 ha-

2309 1103 2502 1160 bemus
2550 1103 2604 1158 in
2655 1111 3000 1160 sacramento
3050 1102 3145 1158 ﬁlii
3198 1103 3430 1159 hominis
3468 1112 3523 1160 et
3564 1102 3662 1159 ﬁlii
3693 1103 3830 1172 Dei,
3863 1113 3920 1161 et

2310 1196 2450 1252 mori
2479 1204 2814 1266 regnantem,
2843 1203 2900 1252 et
2923 1210 3151 1267 regnare
3180 1195 3527 1251 morientem.

2384 1287 2476 1344 65.
2518 1287 2791 1360 Epilogus.
2822 1317 2895 1328 —
2920 1287 3163 1344 Absistat
3200 1286 3385 1357 itaque
3416 1286 3594 1342 omnis
3616 1287 3920 1359 irreligiosa

2313 1388 2368 1437 et
2396 1381 2561 1436 divini
2593 1380 2916 1437 sacramenti
2947 1380 3177 1451 incapax
3209 1380 3501 1437 inﬁdelitas
3528 1379 3762 1454 (Confer.
3794 1383 3923 1437 Am~

2313 1473 2477 1541 bros.,
2504 1472 2597 1527 lib.
2631 1483 2689 1537 x;
2735 1471 2788 1526 in
2831 1471 2991 1539 Luc.,
3022 1489 3077 1527 η.
3112 1470 3205 1541 56)
3242 1490 3257 1528 :
3289 1487 3410 1543 quae
3441 1472 3616 1528 nescit
3641 1470 3920 1529 Christum

2316 1581 2425 1621 non
2454 1564 2558 1621 sibi
2586 1565 2740 1633 ﬁere,
2769 1565 2865 1621 sed
2898 1565 3076 1633 nobis,
3121 1572 3182 1620 ιιι
3216 1565 3479 1636 assumpti
3510 1564 3742 1621 hominis
3772 1564 3923 1621 veri-

2315 1667 2481 1715 tatem
2515 1660 2631 1729 ipse
2669 1674 2884 1731 quoque
2932 1658 3162 1715 allectus
3211 1658 3463 1715 humana:
3511 1660 3923 1718 consuetudinis

2316 1760 2601 1823 susceptus
2645 1760 3217 1824 protestaretur:qua:
3252 1752 3467 1824 ignorat
3511 1753 3785 1810 Christum
3814 1768 3923 1811 non

612 1849 1016 1908 commendavit
1035 1848 1283 1919 spiritunt
1307 1848 1565 1904 suum.Et
1593 1847 1638 1901 si
1658 1845 1798 1902 idem
1828 1845 1921 1916 qui
1941 1858 2218 1900 commen—
2242 1842 2293 1904 B
2320 1847 2422 1903 sibi
2455 1848 2617 1913 mori,
2655 1847 2750 1903 sed
2796 1849 2920 1902 vita:
2964 1854 3187 1913 nostrm,
3229 1856 3291 1902 ut
3332 1862 3432 1919 per
3472 1847 3793 1905 immortalis
3829 1849 3924 1907 Dei

614 1946 783 2015 davit,
814 1946 954 2001 idem
994 1943 1212 2000 tradetis
1241 1941 1489 2013 spiritum
1518 1952 1765 1996 mortuus
1787 1948 1907 1995 est:
1941 1940 2215 2009 interrogo

618 2052 798 2099 utrum
827 2055 1024 2109 corpus
1056 2038 1292 2093 animam
1320 2034 1687 2099 commendet,
1720 2031 1796 2105 (ὁ)
1826 2047 1892 2088 an
1921 2032 2063 2088 Deus
2089 2046 2215 2087 cor-

615 2134 767 2209 poris
815 2130 1084 2189 animam?
1128 2129 1262 2186 Nam
1311 2129 1503 2200 spiritu
1556 2127 1869 2199 frequenter
1923 2124 2216 2197 signiﬁcari

617 2226 852 2282 animam
884 2239 991 2280 non
1018 2222 1324 2293 ambiguum
1342 2230 1427 2277 est
1457 2238 1470 2275 :
1502 2219 1656 2276 etvel
1679 2235 1742 2274 ex
1777 2218 1877 2275 hoc
1905 2216 2046 2289 ipso,
2071 2217 2216 2289 quod

617 2320 775 2379 Jesus
797 2320 1090 2376 moriturus
1115 2315 1332 2372 tradidit
1356 2315 1626 2387 spiritum.
1654 2313 1711 2369 Si
1739 2312 1899 2383 igitur
1924 2313 2211 2384 quisquam

616 2413 1032 2474 existimandum
1051 2409 1276 2483 putabit,
1293 2407 1660 2464 commendari
1676 2408 1910 2462 animam
1923 2421 1951 2459 a
1964 2418 2215 2475 corpore,

617 2526 649 2566 a
665 2505 1012 2566 dissolvendo
1027 2505 1293 2559 viventem
1306 2543 1320 2567 ,
1338 2499 1499 2572 365
1518 2499 1587 2572 (c)
1602 2515 1632 2555 a
1649 2498 2047 2570 corrumpendo
2058 2507 2219 2554 (eter-

616 2617 765 2668 nam,
792 2616 822 2654 a
874 2594 1249 2655 resuscitaudo
1299 2602 1641 2659 manentem;
1686 2601 1742 2649 et
1791 2608 1897 2649 non
1926 2589 2218 2661 ambigitur

615 2695 745 2767 quin
774 2691 916 2748 idem
942 2687 1406 2748 commendaverit
1433 2685 1681 2757 spiritum
1720 2685 1900 2751 Patri,
1931 2684 2022 2756 qui
2049 2693 2106 2740 et
2130 2683 2220 2740 die
2316 2698 2323 2705 '

617 2786 807 2843 eadem
853 2785 906 2838 iu
936 2779 1188 2854 paradiso
1217 2778 1381 2835 fuerit
1404 2793 1525 2834 cum
1573 2777 1784 2833 latrone
1814 2794 1828 2831 :
1856 2788 1912 2832 et
1936 2791 2123 2847 quacro
2149 2790 2217 2831 an

620 2877 872 2948 sepulcro
899 2886 1171 2945 receptus,
1204 2873 1257 2927 in
1288 2870 1540 2942 paradiso
1568 2868 1861 2955 man'serit;
1909 2882 1976 2922 an
2007 2883 2137 2925 vero
2165 2867 2218 2922 iu

622 2968 873 3043 paradiso
900 2980 1147 3032 manens,
1171 2963 1485 3019 derelictum
1515 2976 1574 3017 se
1605 2976 1635 3017 a
1661 2962 1773 3017 Deo
1799 2970 2024 3031 questus
2052 2960 2142 3016 sit.

690 3062 780 3119 δὲ.
824 3060 1054 3118 Salutio.
1075 3088 1147 3101 -—
1174 3057 1325 3114 Unus
1347 3054 1427 3128 (ιι)
1457 3056 1600 3111 enim
1632 3063 1792 3125 atque
1818 3054 1964 3110 idem
1996 3061 2081 3109 est
2116 3053 2222 3110 Do-

622 3155 802 3212 minus
829 3153 988 3210 Jesus
1017 3151 1295 3216 Christus,
1322 3148 1565 3205 Verbum
1603 3162 1730 3204 caro
1773 3133 1994 3217 factum,
2040 3161 2101 3203 se
2137 3147 2220 3219 ip-

2318 1947 2572 2004 mortem,
2606 1938 2917 1994 mortalium
2956 1939 3062 1994 vita
3111 1948 3403 1996 renovetur
3433 1959 3447 1995 :
3477 1957 3596 2012 qu'c
3627 1957 3737 1997 non
3767 1940 3927 1998 intel-

2288 2031 2437 2105 -ligit
2463 2033 2740 2104 querelam
2767 2032 3033 2112 derelicti,
3079 2042 3134 2090 ct
3176 2035 3453 2105 regnantis
3499 2035 3923 2112 conﬁdentiam;

2319 2135 2378 2182 ut
2423 2127 2565 2197 quod
2626 2128 2765 2182 Deus
2804 2136 3012 2198 regnat,
3062 2137 3118 2184 et
3169 2127 3318 2200 quod
3370 2144 3432 2185 se
3477 2131 3613 2185 mori
3658 2130 3922 2202 queritur,

2319 2216 2391 2274 sit
2418 2217 2495 2291 (l)
2528 2218 2581 2273 in
2606 2216 2683 2291 (f)
2718 2219 3071 2289 intelligentia
3103 2225 3287 2275 nostra
3312 2262 3327 2287 ,
3360 2228 3415 2276 et
3453 2220 3614 2277 homo
3660 2229 3925 2290 mortuus,

2318 2322 2374 2368 ct
2399 2313 2538 2367 Deus
2565 2327 2819 2383 regnans.
2864 2312 2982 2368 Non
3032 2313 3175 2369 enim
3217 2313 3357 2370 alius
3383 2322 3470 2371 est
3498 2314 3736 2372 moriens
3762 2326 3816 2372 et
3836 2331 3928 2373 re-

2318 2420 2530 2476 gnans,
2579 2420 2756 2475 neque
2810 2406 2949 2461 alius
2997 2417 3080 2462 est
3130 2408 3518 2465 commendatis
3573 2409 3820 2481 spiritum
3868 2418 3927 2467 et

2323 2501 2629 2569 exspirans,
2659 2516 2835 2572 neque
2862 2500 3000 2556 alius
3027 2510 3110 2557 est
3135 2502 3380 2573 sepultus
3405 2513 3461 2559 et
3489 2518 3797 2576 resurgens,
3830 2519 3927 2561 ne-

2320 2608 2426 2664 que
2457 2608 2563 2649 non
2590 2609 2728 2649 unus
2757 2602 2842 2649 est
2867 2592 3207 2651 descendens
3233 2604 3289 2651 et
3313 2595 3671 2653 adscendens.

2392 2686 2885 2759 36664.6hristus
2898 2688 3289 2744 indiuisusﬂoc
3302 2690 3434 2762 fugit
3446 2692 3927 2765 sweuliprudenles.

2320 2780 2532 2836 -—Audi
2554 2781 2607 2837 in
2627 2781 2729 2837 hoc
2749 2782 3057 2853 apostolicae
3074 2783 3334 2841 doctrina:
3353 2785 3609 2842 eruditam
3626 2802 3729 2843 non
3744 2788 3927 2848 carnis

2322 2890 2506 2943 sensu,
2524 2874 2619 2931 sed
2636 2874 2779 2932 dono
2795 2875 3029 2946 Spiritus
3049 2876 3233 2945 ﬁdem,
3250 2894 3372 2934 cum
3385 2879 3586 2937 Graecis
3602 2882 3924 2952 sapientiam

2322 2978 2375 3022 et.
2389 2966 2591 3023 iudicis
2605 2968 2753 3039 signa
2770 2966 3116 3039 poscentibus
3128 2970 3396 3040 loquitur:
3422 2969 3530 3026 Nos
3550 2980 3718 3026 autem
3734 2972 3930 3045 prendi-

2323 3076 2497 3114 canius
2511 3058 2771 3114 Christum
2789 3059 2823 3114 ,Ι
2828 3075 2968 3115 esum
2990 3062 3128 3116 cruci
3132 3062 3293 3132 ﬁxum
3303 3104 3317 3129 ,
3329 3062 3361 3116 ,Ι
3369 3063 3529 3118 udwis
3546 3064 3751 3135 quidem
3772 3081 3926 3119 scau-

2323 3154 2518 3216 dalum,
2537 3153 2769 3225 gentibus
2790 3162 2961 3208 autem
2972 3155 3239 3209 stultitiam
3258 3173 3276 3222 ;
3296 3157 3421 3228 ipsis
3432 3166 3602 3213 autent
3619 3158 3810 3213 vocatis
3828 3156 3931 3212 Ju-

620 3263 741 3304 sum
770 3261 869 3319 per
899 3245 1018 3300 hmc
1040 3246 1293 3299 universa
1319 3240 1666 3312 signiﬁcans:
1698 3240 1789 3312 qui
1811 3240 1940 3296 dum
1969 3240 2037 3296 ad
2065 3255 2216 3296 mor-
2245 3241 2292 3307 C
2325 3247 2449 3302 decis
2474 3255 2626 3317 atque
2652 3244 2847 3302 Griecis
2883 3247 3142 3303 Christum
3167 3246 3349 3303 Jesum
3374 3248 3470 3305 Dei
3493 3251 3729 3304 virtutem
3755 3259 3800 3304 ct
3828 3248 3929 3305 Dei

623 3348 731 3397 tem
775 3338 1073 3409 derelinqui
1123 3351 1183 3392 se
1229 3334 1514 3407 signiﬁcat,
1546 3333 1710 3391 homo
1756 3343 1877 3402 est;
1917 3333 2045 3391 dum
2087 3350 2220 3391 vero

622 3432 786 3488 homo
816 3440 920 3496 est,
953 3430 1005 3485 in
1035 3427 1285 3499 paradiso
1314 3428 1453 3484 Deus
1479 3435 1689 3499 regnet,
1721 3442 1956 3499 regnans
1986 3443 2147 3499 porro
2169 3429 2221 3484 in

626 3525 897 3597 paradiso,
931 3522 1079 3580 Patri
1103 3520 1448 3579 commendet
1477 3522 1723 3592 spiritum
1757 3521 1849 3576 Dei
1878 3520 2051 3588 ﬁlius;
2078 3535 2225 3576 com-

627 3621 938 3679 mendatum
966 3632 1097 3676 vero
1122 3618 1269 3674 Patri
1301 3617 1570 3689 spiritum,
1600 3616 1838 3673 hominis
1880 3616 2023 3674 ﬁlius
2053 3618 2229 3674 tradat

623 3715 689 3772 ad
713 3726 963 3772 mortem.
990 3711 1131 3781 Quid
1161 3724 1304 3767 nunc
1330 3709 1398 3766 de
1423 3720 1764 3765 sacramento
1792 3710 2014 3765 facimus
2035 3719 2226 3766 contu-

627 3808 885 3866 meliam?
915 3806 988 3880 (ε)
1018 3804 1193 3861 Habes
1216 3804 1269 3858 in
1299 3812 1671 3874 conquerente
1706 3800 1775 3858 ad
1806 3800 2037 3859 mortem
2067 3803 2226 3859 relic-

628 3914 738 3961 tum
760 3920 820 3960 se
848 3916 992 3969 esse,
1015 3898 1318 3972 quiahomo
1335 3907 1420 3955 est
1445 3914 1459 3952 :
1485 3895 1652 3953 habes
1678 3911 1824 3963 eum,
1858 3897 1948 3969 qui
1973 3898 2221 3965 moritur,

626 3999 970 4071 proﬁtentem
1000 4009 1060 4050 se
1085 3995 1138 4050 in
1179 3991 1429 4064 paradiso
1467 4005 1719 4061 regnare,
1768 3990 1893 4063 quia
1939 3990 2080 4047 Deus
2115 3997 2221 4046 est.

627 4089 738 4148 Cur
760 4091 861 4144 hoc
890 4087 1034 4160 quod
1064 4086 1219 4143 nobis
1247 4085 1316 4140 ad
1343 4084 1755 4155 intelligentiam
1788 4085 1978 4139 mortis
2005 4099 2117 4140 suae
2143 4082 2227 4138 lo-

626 4191 786 4240 cutus
816 4188 919 4247 est,
951 4179 1125 4235 solum
1174 4177 1241 4233 ad
1287 4176 1618 4246 impietatem
1667 4175 2006 4243 retinemus;
2048 4182 2104 4233 et
2146 4175 2220 4242 id,

629 4275 774 4346 quod
806 4275 947 4329 idem
977 4271 1043 4326 ad
1068 4270 1588 4327 demonstrationem
1636 4267 2060 4324 immortalitatis
2113 4283 2227 4325 sua:

628 4380 712 4427 est
740 4367 1038 4440 professus,
1079 4364 1353 4421 tacemus?
1404 4363 1463 4422 Si
1502 4362 1746 4436 ejusdem
1778 4378 1883 4421 vox
1909 4363 2024 4421 haec
2066 4374 2229 4436 atque

704 4509 784 4583 (l)
814 4509 978 4566 Abest
1003 4507 1058 4562 in
1086 4521 1119 4561 a
1142 4519 1245 4562 nis.
1278 4511 1486 4560 nostro.

2325 3339 2630 3412 sapientiam
2657 3338 2701 3410 (Ι
2730 3339 2875 3408 Cor.,
2904 3357 2944 3408 ι,
2983 3341 3057 3397 25
3096 3351 3141 3397 et
3173 3341 3291 3413 24).
3322 3340 3593 3414 Numquid
3621 3343 3826 3399 divisus
3844 3349 3932 3400 est

2327 3436 2595 3503 Christus,
2628 3445 2686 3491 ut
2706 3435 2844 3492 alius
2871 3437 2938 3492 sit
2966 3436 3123 3493 Jesus
3168 3436 3479 3505 cruciﬁxus,
3510 3437 3650 3494 alius
3680 3437 3930 3494 Christus

2327 3530 2498 3586 virtus
2525 3538 2580 3586 et
2607 3532 2871 3601 sapientia
2916 3531 3048 3587 Dei?
3087 3531 3194 3588 Sed
3240 3532 3342 3588 hoc
3382 3541 3437 3588 et
3482 3533 3796 3589 scandalum
3835 3531 3931 3589 Ju-

2329 3623 2486 3690 duis,
2514 3633 2568 3679 ct
2596 3623 2819 3679 stultitia
2859 3624 3109 3696 gentibus
3152 3632 3237 3680 est
3270 3642 3283 3680 :
3317 3625 3473 3681 nobis
3527 3640 3658 3681 vero
3682 3623 3931 3681 Christus

2322 3717 2482 3774 Jesus
2515 3716 2607 3771 Dei
2636 3717 2831 3784 virtus,
2859 3717 3060 3789 Deique
3087 3717 3380 3788 sapientia;
3407 3717 3501 3774 sed
3524 3718 3790 3789 sapientia
3818 3732 3929 3775 nou

2327 3808 2529 3865 mundo
2561 3809 2796 3881 cognita,
2843 3824 2945 3866 nec
2992 3811 3262 3866 intellecta
3321 3809 3675 3880 prudentibus
3720 3809 3931 3867 saiculi.

2328 3905 2393 3960 Et
2420 3920 2580 3975 quam
2620 3920 2727 3960 non
2776 3905 3045 3961 intellecta
3070 3906 3159 3974 sit,
3203 3905 3354 3962 disce
3381 3904 3573 3962 eodem
3602 3905 3763 3962 beato
3787 3905 3934 3977 Apm

2325 3996 2470 4053 stolo
2498 3996 2716 4054 dicente
2747 4014 2760 4052 :
2794 3998 2900 4054 Sed
2928 3999 3185 4069 loquimur
3216 3996 3312 4052 Dei
3350 3999 3678 4070 sapientiam,
3725 4014 3839 4068 qua:
3873 3998 3933 4053 in

2327 4101 2647 4147 sacramento
2668 4093 2918 4147 nbsconsa
2939 4103 3033 4159 est,
3060 4109 3215 4164 quam
3234 4092 3503 4162 prteﬁnioit
3532 4089 3671 4146 Deus
3695 4100 3813 4145 ante
3835 4105 3935 4145 sa:-

2327 4185 2448 4239 eula
2472 4185 2525 4238 in
2553 4184 2774 4256 gloriam
2800 4196 3030 4240 nostram
3056 4226 3070 4251 ,
3108 4201 3260 4255 quam
3287 4182 3369 4257 (g)
3398 4200 3543 4238 nemo
3580 4198 3646 4238 ea:
3673 4181 3932 4257 principi-

2330 4276 2423 4331 bus
2454 4277 2608 4344 hujus
2637 4261 2810 4332 διεσαιῖ
2839 4277 3071 4348 cognovit
3100 4292 3119 4331 :
3140 4277 3185 4330 si
3217 4277 3354 4331 enim
3380 4276 3752 4350 cognovissent,
3786 4290 3935 4329 num-

2330 4384 2482 4440 quam
2512 4369 2794 4427 Dominum
2812 4371 2994 4443 glorite
3017 4370 3388 4441 cruciﬁxissent
3418 4369 3462 4443 (Ι
3480 4367 3626 4439 Cor.,
3651 4387 3711 4438 ιι,
3734 4371 3767 4426 7
3790 4379 3838 4426 et
3849 4366 3932 4442 8).

702 4629 782 4700 (a)
808 4626 957 4700 Lips.
979 4635 1037 4700 et
1051 4622 1175 4700 Par.
1208 4636 1330 4678 cum
1362 4626 1573 4675 vetusto
1599 4615 1785 4700 codice
1805 4615 1959 4677 Colb.
1990 4615 2231 4700 manifest
2257 4614 2311 4675 D
2338 4622 2520 4700 na_si_us
2550 4621 2644 4700 lib.
2674 4623 2742 4700 de
2768 4623 2981 4700 Incaru.
3011 4622 3231 4700 Christi,
3265 4625 3554 4700 pag.7650,
3587 4625 3934 4700 traditionem

633 4688 740 4756 tum
764 4688 983 4756 estfﬂic
1007 4695 1168 4752 iidem
1192 4700 1518 4761 arguuntur,
1560 4690 1652 4759 qui
1699 4704 1861 4758 supra
1902 4704 2050 4761 num.
2076 4688 2146 4744 49
2174 4696 2231 4745 et

632 4771 1031 4831 convincuntur
1062 4782 1169 4822 nou
1201 4758 1362 4833 posse
1393 4764 1444 4817 in
1476 4758 1877 4816 sua’scntentia
1907 4758 2184 4830 explicare
2209 4800 2226 4829 ,

633 4842 853 4918 qum‘de
879 4838 1097 4918 Christo
1123 4835 1321 4918 scripta
1346 4842 1493 4888 sunt.

707 4915 784 4998 tbi
811 4911 963 4998 Ανειςι
987 4908 1118 4995 Bed-
1138 4907 1320 4998 aEt;
1341 4922 1415 4998 (ξιξ
1436 4902 2229 4998 stratastrata@9992:

635 4974 1102 5059 pelit'io.'l.ipsius
1130 4976 1419 5059 deindeiex
1451 4974 1659 5059 Erasini
1688 4975 1932 5059 margine
1959 4988 2231 5059 reponens

635 5044 705 5115 an
730 5057 871 5112 Deus
896 5044 1148 5126 corporis,
1171 5048 1353 5103 omisit
1376 5046 1625 5126 animum,
1651 5060 1754 5126 nec
1785 5046 1929 5126 apud
1959 5044 2082 5126 Par.
2116 5062 2232 5101 res-

636 5132 849 5187 titutum
876 5116 1101 5183 estinc
1129 5116 1183 5177 et
1210 5135 1362 5176 num.
1396 5119 1467 5175 55
1500 5132 1605 5171 ιιοιι
1643 5116 1959 5185 simpliciter
1981 5117 2227 5181 animum,

635 5202 731 5258 sed
766 5216 887 5257 cum
919 5197 1173 5269 adjuncto
1198 5191 1429 5265 corporis
1449 5190 1601 5261 ponit
1626 5187 2017 5269 Hilariushquo
2043 5188 2235 5269 absur-

635 5273 759 5327 dam
777 5280 964 5328 caveat
984 5259 1317 5341 opinionem,
1331 5259 1671 5341 quatunotat
1692 5276 1841 5341 num.
1863 5259 1955 5324 57,
1974 5275 2043 5341 ne
2065 5260 2225 5341 videi.

637 5343 801 5401 Verbi
829 5331 1294 5410 anima'pntetur.
1308 5334 1468 5410 _'l‘um
1502 5333 1556 5410 in
1586 5332 1815 5402 vulgatis
1843 5346 1914 5410 ac
1945 5331 2232 5410 plerisque

635 5433 769 5472 mss.
821 5413 959 5468 Nam
984 5403 1645 5484 spiritumiMagisplacet
1671 5419 1807 5484 cum
1835 5403 1998 5484 Corb.
2030 5411 2086 5484 et
2126 5403 2233 5458 lte-

635 5488 764 5562 mig.
800 5484 941 5562 Nam
975 5474 1183 5562 spiritu.
1210 5480 1345 5562 Ctttn
1370 5474 1864 5562 :spiritumChri'sti
1893 5474 2230 5562 divinitatem

633 5547 777 5616 illius
801 5557 976 5614 soleat
1001 5547 1236 5612 Hilarius
1259 5547 1581 5618 intelligere,
1615 5547 1659 5601 si
1687 5547 1917 5603 Verbum
1938 5561 1969 5601 a
1999 5560 2229 5618 corpore

633 5639 849 5689 mortuo
873 5637 1178 5699 separatum
1205 5616 1486 5699 sensisset,
1507 5618 1854 5699 traditionem
1892 5616 2229 5699 spiritusﬂl'a:

632 5704 736 5760 cile
763 5688 1149 5772 interpretatus
1173 5703 1320 5772 esset
1354 5689 1654 5772 divinitatis
1680 5691 2087 5772 discessionem.
2119 5688 2227 5772 Sed

632 5761 1094 5843 opinionis'hujus
1119 5764 1411 5843 suspicioni
1460 5763 1660 5843 locunl
1677 5763 1880 5843 nullum
1907 5761 2228 5843 permittunt

629 5832 741 5921 ja'm
770 5843 934 5913 dicta,
963 5832 1028 5898 ac
1053 5832 1297 5912 proxime
1320 5833 1569 5892 dicenda.
1620 5832 1827 5892 Eodem
1864 5832 2026 5891 modo
2055 5832 2228 5890 Atha-

2331 4695 2552 4765 spiritus
2568 4695 2635 4751 de
2649 4697 2845 4750 animm
2866 4695 3197 4752 discessione
3216 4695 3436 4766 eiponit
3465 4717 3478 4753 :
3505 4714 3568 4753 ac
3591 4698 3788 4754 deinde
3807 4713 3937 4753 sen-

2334 4766 2556 4824 tentiam
2582 4803 2602 4834 ,
2640 4781 2799 4836 quam
2833 4766 3037 4838 llilario
3077 4769 3296 4837 quidam
3331 4785 3436 4825 non
3482 4770 3615 4825 satis
3644 4771 3939 4838 prudenter

2332 4839 2618 4907 attingunt,
2647 4836 2891 4907 explodit
2918 4855 2931 4891 :
2960 4836 3176 4893 adeant
3201 4836 3766 4909 exspirationeninemo
3791 4840 3939 4895 dixe-

2333 4911 2398 4965 rit
2417 4908 2618 4964 deitatis
2643 4909 3016 4982 traductionem
3039 4908 3622 4982 transmigrationemve,
3645 4913 3734 4965 sed
3750 4913 3939 4966 anime

2333 4983 2611 5053 discessum
2638 4996 2763 5036 esse.
2801 4978 2941 5034 Nam
2963 4981 3009 5035 si
3033 4991 3145 5052 post
3166 4978 3549 5053 migrationem
3573 4983 3776 5038 deitatis
3800 4999 3939 5036 mors

2336 5052 2717 5125 supervenit,...
2773 5054 3033 5121 propriam
3078 5052 3322 5109 nimirum
3349 5065 3567 5109 mortem
3602 5054 3789 5122 obivit,
3833 5068 3941 5110 non

2338 5135 2512 5180 nostra
2539 5126 2838 5195 perfunctus
2859 5131 2955 5178 est.

2411 5216 2485 5286 (c)
2525 5215 3079 5289 Corrumpeudum‘ut
3105 5225 3159 5271 et
3183 5216 3585 5274 dissolvendum
3614 5217 3781 5285 dicit,
3810 5218 3941 5289 quia

2340 5303 2464 5361 mox
2492 5288 2597 5342 vita
2628 5288 2946 5351 cariturum.
2976 5286 3148 5343 Porro
3189 5299 3434 5361 sanctum
3461 5290 3675 5346 Domini
3708 5286 3941 5361 corrup-

2338 5360 2539 5416 tionem
2567 5374 2675 5413 non
2702 5361 2938 5414 visurum
2981 5374 3103 5415 esse
3134 5360 3366 5416 adstruit
3393 5376 3555 5434 supra
3578 5378 3633 5416 u.
3670 5361 3757 5417 12.

2434 5451 2468 5505 d
2517 5451 2641 5507 Par.
2672 5467 2793 5507 cum
2823 5452 3043 5522 antiquo
3066 5451 3253 5508 codice
3278 5452 3430 5509 Colb.
3456 5471 3617 5509 unum
3638 5455 3793 5510 enim.

2411 5450 2489 5596 ἓβῖ
2516 5522 2589 5578 lta
2624 5523 2803 5594 plures
2834 5538 2968 5581 mss.
3000 5522 3257 5580 Nonnulli
3284 5538 3407 5580 cum
3425 5525 3606 5595 editis,
3631 5526 3787 5582 habes

2433 5522 2483 5596 ο)
2516 5522 2589 5649 [tta
2624 5523 2803 5594 plures
2834 5538 2968 5581 mss.
3000 5522 3257 5580 Nonnulli
3284 5538 3407 5580 cum
3425 5525 3606 5595 editis,
3631 5526 3787 5582 habes
3816 5541 3945 5581 cott-

2433 5611 2519 5649 ren
2545 5611 2646 5649 em.

2337 5611 2646 5667 querentem.

2408 5687 2489 5762 (Γ)
2526 5686 2795 5762 Particula
2820 5688 2877 5762 in
2898 5702 2966 5745 ex
2992 5704 3126 5744 mss.
3158 5688 3602 5762 hucrevocatur.

2405 5758 2488 5830 (g)
2525 5758 2747 5814 Carnut.
2779 5760 2973 5832 codex,
3005 5776 3151 5814 nemo
3194 5761 3489 5832 principum
3521 5781 3535 5817 :
3566 5770 3623 5819 et
3659 5776 3785 5820 mox
3836 5758 3947 5818 Do-

2333 5831 2529 5888 minum
2556 5830 2860 5903 majestatis,
2890 5848 2992 5889 non
3014 5833 3215 5903 gloriae.
