4286 6264
595 322 705 396 595

1792 316 2041 380 SANCTI
2076 310 2331 373 HILARII
2367 296 2676 371 EPISCOPI

3797 286 3905 365 sos

594 435 852 495 rectiouis
893 433 1144 501 modum,
1209 445 1318 488 non
1373 436 1578 486 tantum
1628 443 1811 487 rerum
1861 429 2188 497 nominibus,
2219 428 2271 488 Α
2295 424 2366 479 uit
2408 440 2443 479 α
2472 422 2703 491 mortuis,
2734 421 3012 479 miraberis
3039 420 3219 495 (Rom.
3242 436 3300 487 ι,
3331 419 3367 477 6
3389 427 3436 476 et
3461 418 3649 495 seqq).
3683 418 3896 477 Justum

596 536 862 601 quantum
890 536 946 582 et
968 525 1368 594 Scripturarum
1393 522 1682 578 virtutibus
1709 522 2006 579 admonens
2028 521 2196 578 conﬁ-

600 620 819 679 tendum
854 637 866 673 :
901 625 960 673 ut
985 617 1101 672 hmo
1136 622 1320 673 nostra
1360 624 1509 671 esset
1538 614 1594 671 in
1625 614 1743 685 ejus
1780 623 1954 671 morte
1998 614 2197 670 intelli-

595 713 800 784 gentia,
828 724 946 779 quae
974 716 1121 765 esset
1154 706 1210 762 in
1240 705 1637 778 signiﬁcatione
1658 703 2078 776 Scripturarum.
2109 705 2198 761 ln-

597 804 781 861 ﬁrmas
808 800 951 856 enim
979 800 1357 872 cogitationes,
1387 807 1444 856 et
1466 799 1812 869 scrupulosas
1834 797 1959 855 ﬁdei
1987 797 2198 857 calum—

593 895 714 953 nias
757 909 864 949 non
908 892 1241 963 relinquens,
1281 894 1440 953 linem
1480 892 1625 949 hunc
1668 898 1875 949 tantum
1916 889 2199 947 secundum

596 985 900 1057 Scripturas
930 982 1289 1057 praedicandis
1331 984 1524 1039 mortis
1566 992 1620 1039 et
1659 981 2071 1039 resurrectionis
2100 979 2198 1039 sd-

596 1075 771 1148 jecit:
807 1091 874 1132 ne
906 1073 1143 1132 inanium
1182 1075 1608 1147 disputationum
1658 1084 1818 1129 vento
1857 1070 2195 1138 circumacti,

605 1166 689 1224 vel
731 1165 1002 1222 fallaciam
1034 1166 1393 1238 quaestionum
1441 1165 1639 1237 ineptis
1686 1164 1913 1235 argutiis
1952 1161 2197 1235 impediti

606 1258 1012 1314 inﬁrmaremur
1043 1275 1058 1313 :
1092 1257 1188 1315 sed
1213 1259 1265 1314 in
1297 1257 1516 1327 hunese
1545 1272 1761 1328 semper
1787 1257 2063 1327 religionis
2088 1271 2200 1311 sure

593 1364 810 1427 portum
853 1351 985 1407 ﬁdes
1034 1350 1201 1407 illaesa
1250 1359 1551 1418 revocaret,
1586 1358 1645 1405 ut
1670 1357 1898 1405 mortem
1931 1357 1987 1404 et
2012 1361 2199 1404 resur-

593 1444 891 1500 rectionem
933 1441 1169 1498 ltominis
1195 1441 1292 1499 ﬁlii
1320 1451 1377 1498 et
1409 1442 1499 1498 Dei
1549 1441 1645 1495 ﬁlii
1690 1441 1819 1498 Jcsu
1861 1438 2062 1496 Christi
2110 1456 2197 1495 se-

593 1541 819 1597 cundum
852 1539 1154 1611 Scripturas
1180 1537 1428 1594 crederet
1456 1546 1511 1594 et
1539 1535 1890 1593 conﬁteretur
1919 1551 1932 1600 ;
1976 1534 2064 1605 pia
2099 1533 2197 1590 ad.

597 1648 788 1693 versus
844 1630 1169 1689 calumniam
1219 1629 1506 1687 resistendi
1545 1629 1838 1684 securitate
1886 1626 2196 1697 proposita,

590 1741 713 1789 cum
737 1726 812 1781 ita
839 1725 913 1799 (a)
940 1726 1078 1780 mori
1109 1738 1174 1779 ac
1202 1737 1484 1793 resurgere
1526 1718 1775 1778 Christus
1800 1718 1958 1777 Iesus
1995 1716 2199 1774 intelli-

2301 516 2436 573 ﬁdes
2462 524 2834 583 consummat,
2867 515 3165 570 secundum
3196 514 3339 585 quod
3369 513 3573 570 dictum
3604 524 3688 570 est
3720 533 3734 571 :
3766 512 3893 570 Cre-

2298 609 2429 664 didit
2454 608 2715 664 Abraham
2741 607 2867 676 Deo,
2910 617 2957 662 et
2992 607 3297 678 deputatur»
3337 616 3414 661 est
3451 608 3499 662 ei
3538 608 3607 662 ad
3635 607 3900 681 justitiam

2299 702 2455 776 (Gen.
2492 719 2581 770 xv,
2632 702 2700 769 6;
2745 703 2900 758 Rom.
2930 716 3010 768 Iv,
3054 700 3135 773 ὅ).
3185 700 3453 772 Numquid
3500 699 3771 756 Abraham
3811 714 3904 757 ca-

2301 797 2597 853 lumniatus
2626 804 2713 852 est
2740 779 2886 863 Deo,
2916 810 3039 852 cum
3065 797 3117 851 ei
3150 794 3521 851 hmreditatem
3548 794 3815 868 gentium,
3845 803 3901 854 et

2300 890 2600 947 secundum
2626 888 2906 946 stellarum
2937 896 3099 960 atque
3119 905 3298 945 arenae
3321 889 3723 945 multitudinem
3745 905 3902 946 man-

2301 997 2443 1038 surae
2478 997 2544 1037 ex
2584 995 2645 1040 se
2686 981 2889 1037 sobolis
2918 982 3360 1038 numerositatem
3401 982 3797 1053 pollicebatur?
3820 983 3895 1039 De

2301 1074 2694 1145 omnipotentia
2734 1075 2878 1130 enim
2920 1073 3022 1130 Dei
3064 1073 3225 1131 Fides
3264 1074 3531 1146 Religiosa
3577 1090 3685 1133 n0u
3725 1075 3899 1132 ambi-

2298 1184 2455 1241 gens,
2489 1170 2736 1224 humana:
2777 1167 3105 1224 inﬁrmitatis
3137 1184 3242 1223 non
3281 1178 3363 1223 est
3395 1168 3613 1224 detenta
3650 1169 3894 1235 naturis;

2302 1259 2398 1316 sed
2429 1259 2481 1315 id
2510 1259 2655 1331 quod
2677 1260 2732 1315 in
2761 1275 2819 1315 se
2843 1268 2963 1316 erat
2996 1259 3257 1317 caducum
3296 1267 3683 1333 terrenumque
3714 1260 3896 1333 despi-

2301 1352 2476 1419 ciens,
2507 1353 2708 1408 divinte
2737 1353 3047 1424 sponsionis
3078 1353 3237 1410 ﬁdem
3271 1353 3409 1409 ultra
3439 1354 3659 1410 modum
3698 1369 3896 1426 corpo-

2302 1459 2409 1501 reae
2439 1444 2840 1500 constitutionis
2892 1447 3107 1516 excepit
3155 1463 3170 1501 :
3225 1444 3351 1516 quia
3402 1461 3736 1517 nequaquam
3794 1443 3892 1503 Dei

2301 1536 2531 1593 virtutes
2561 1537 2653 1593 lex
2683 1538 2858 1609 possit
2883 1537 3115 1593 humana
3161 1538 3454 1611 moderari,
3484 1547 3689 1597 tantum
3723 1540 3775 1594 in
3812 1537 3897 1594 ef-

2304 1627 2543 1684 ﬁciendo
2569 1626 2640 1703 (Ῑ)
2671 1628 3008 1685 liberalitatis
3033 1627 3116 1701 (2)
3145 1630 3256 1687 Deo
3286 1641 3569 1703 premente
3591 1674 3604 1698 ,
3635 1639 3899 1703 quantum

2303 1717 2359 1774 in
2409 1720 2728 1790 spondendo
2782 1721 3098 1778 ostenderet
3155 1723 3469 1780 voluntatis.
3526 1722 3669 1779 Nihil
3736 1725 3899 1796 igitur

590 1817 797 1893 gendus
826 1825 994 1882 esset,
1024 1817 1255 1888 qualiter
1283 1815 1517 1887 scriptus
1543 1822 1645 1869 est.
1689 1811 1810 1869 Non
1847 1810 1990 1867 enim
2033 1810 2198 1867 habet
2225 1819 2273 1883 Β
2296 1812 2495 1882 justius
2524 1814 2628 1870 ﬁde
2653 1823 2739 1872 est
2769 1831 2784 1868 :
2812 1816 2936 1886 quia
2972 1831 3096 1872 eum
3124 1819 3350 1888 aequitas
3391 1826 3555 1890 atque
3595 1818 3898 1877 moderatio

592 1910 728 1967 ﬁdes
755 1908 1052 1979 perieulum
1081 1925 1094 1963 :
1123 1917 1181 1964 et
1200 1907 1376 1964 omnis
1400 1907 1484 1979 pia
1511 1905 1776 1977 professio
1801 1905 1854 1960 in
1881 1903 2095 1960 occulto
2116 1903 2192 1974 (b)

594 2009 937 2059 sacramento
971 2002 1061 2056 Dei
1091 2009 1202 2056 tuta
1242 2010 1345 2056 est.
1386 1999 1555 2056 Natus
1605 2014 1671 2056 ex
1702 1996 1924 2069 Virgine
1947 1995 2198 2053 Christus

591 2105 678 2155 est
706 2113 719 2148 :
749 2095 844 2153 sed
870 2094 1153 2150 secundum
1180 2092 1479 2165 Scripturas
1529 2099 1823 2162 conceptus
1869 2088 1939 2145 de
1992 2088 2198 2159 Spiritu

592 2196 783 2245 sancto
800 2193 903 2243 est.
928 2185 1103 2242 Flevit
1120 2185 1368 2241 Christus
1394 2201 1408 2238 :
1433 2182 1531 2240 sed
1557 2183 1836 2238 secundum
1855 2180 2196 2252 Scripturas;

593 2292 651 2338 ut
676 2282 808 2338 ineo
828 2278 971 2352 quod
988 2277 1157 2347 flevit,
1190 2277 1262 2352 (c)
1278 2278 1573 2350 gratulatus
1599 2275 1687 2331 sit.
1716 2275 1783 2330 Et
1804 2271 2199 2331 esurivitChri-

590 2384 729 2430 stus:
744 2372 839 2429 sed
854 2362 1132 2428 secundum
1144 2371 1444 2442 Scripturas
1457 2369 1573 2425 sine
1584 2368 1704 2427 cibo
1717 2368 1769 2423 in
1788 2382 1894 2422 non
1908 2365 2196 2421 habentem

592 2466 796 2525 fructus
834 2466 1081 2523 arborem
1120 2465 1262 2521 Deus
1292 2473 1548 2535 operatus
1586 2473 1689 2520 est.
1723 2462 1921 2521 Passus
1949 2458 2197 2517 Christus

591 2568 675 2619 est
706 2579 719 2615 :
750 2559 845 2619 sed
871 2559 1154 2616 secundum
1179 2556 1479 2629 Scripturas
1507 2564 1633 2612 tunc
1658 2569 1689 2609 a
1727 2553 1935 2610 dextris
1970 2550 2194 2609 Virtutis

587 2668 837 2710 sessurus
876 2662 980 2709 est.
1018 2650 1329 2720 Derelinqui
1365 2666 1427 2706 se
1458 2649 1525 2705 ad
1557 2656 1788 2705 mortem
1817 2655 2042 2717 questus
2070 2652 2193 2709 est:

586 2744 684 2803 sed
711 2745 995 2802 secundum
1024 2744 1326 2815 Scripturas
1356 2751 1486 2798 tunc
1509 2740 1880 2798 confessorem
1920 2753 2078 2795 suum
2109 2750 2197 2795 se-

586 2851 709 2897 cum
734 2837 787 2891 in
809 2851 978 2908 regno
1002 2836 1233 2905 paradisi
1273 2836 1497 2906 recepit.
1538 2836 1782 2893 Mortuus
1825 2843 1908 2891 est
1942 2850 1956 2889 :
1985 2832 2085 2890 sed
2114 2847 2195 2889 se-

586 2928 812 2984 cundum
838 2926 1137 2996 Scripturas
1163 2927 1329 2998 369
1356 2942 1641 2997 resurgens
1677 2942 1707 2981 a
1744 2925 1951 2983 dextris
1980 2925 2191 2983 Domini

590 3020 854 3076 Dominus
873 3018 1099 3076 assedit.
1131 3018 1191 3074 ln
1221 3019 1382 3088 hujus
1415 3019 1575 3090 igitur
1601 3019 1927 3076 sacramenti
1954 3019 2060 3077 lide
2087 3018 2192 3077 vita

587 3122 706 3169 est:
739 3109 819 3183 (ιι)
859 3110 1183 3166 calumniam
1204 3110 1474 3168 confessio
1502 3111 1603 3168 ista
1632 3127 1740 3169 non
1768 3110 1980 3182 recipit.

2303 1913 2645 1961 lerrenorum
2673 1918 2889 1963 actuum
2926 1908 2999 1964 sit
3030 1908 3322 1979 probabilis
3344 1952 3358 1976 ,
3391 1909 3523 1965 nihil
3560 1918 3742 1967 tamen
3775 1912 3896 1982 jus-

2301 1996 2405 2053 tius
2435 1997 2641 2055 homini
2673 1998 2765 2065 sit,
2800 2015 2958 2072 quam
2989 2001 3438 2072 omnipotentiam
3478 2002 3569 2060 Dei
3595 2000 3676 2076 (g)
3706 2003 3897 2061 indeli-

2300 2090 2428 2146 nitas
2453 2092 2737 2162 potestatis
2765 2092 3119 2165 intelligentia
3148 2093 3468 2152 credidisse.

2372 2184 2463 2240 69.
2492 2183 2781 2242 Desceusus
2809 2195 2857 2242 ct
2885 2186 3163 2243 adscensus
3178 2185 3369 2243 Christi
3395 2188 3523 2259 ﬁdes
3552 2189 3798 2260 exigitur.
3829 2220 3901 2235 —

2301 2276 2451 2333 Hane
2490 2276 2679 2351 itaque
2720 2281 2773 2335 in
2823 2280 3000 2347 nobis,
3051 2295 3173 2352 quae
3216 2296 3283 2337 ex
3334 2281 3438 2338 ﬁde
3481 2292 3584 2348 est,
3628 2283 3899 2355 justitiam

2299 2373 2588 2442 Apostolus
2636 2383 2979 2444 exspectans,
3020 2374 3245 2431 incertae
3291 2385 3450 2447 atque
3495 2377 3675 2433 inﬁdae
3723 2379 3898 2437 ambi—

2296 2464 2515 2536 guitatis
2545 2465 3001 2538 irreligiositatem
3029 2467 3279 2537 removit,
3312 2478 3497 2525 vetans
3522 2484 3706 2527 curam
3745 2472 3899 2528 solli-

2297 2556 2417 2612 citae
2446 2555 2501 2612 in
2527 2572 2629 2613 eor
2651 2558 2994 2631 cogitationis
3024 2559 3270 2629 admitti,
3305 2559 3435 2616 dicti
3464 2561 3626 2618 etiam
3655 2566 3897 2638 prophe-

2298 2649 2387 2706 tici
2418 2649 2499 2721 (h)
2529 2653 2849 2709 auctoritate
2890 2662 3208 2709 monstrata.
3238 2654 3328 2709 Ait
3363 2654 3506 2712 enim
3536 2673 3548 2713 τ
3583 2654 3667 2711 Νε
3706 2658 3900 2715 dixeris

2294 2744 2351 2797 in
2379 2744 2535 2799 corde
2579 2754 2686 2813 tuo,
2726 2748 2838 2817 quis
2879 2746 3143 2802 adscendit
3182 2748 3236 2802 in
3280 2748 3461 2803 omium
3494 2749 3670 2823 (Rom.
3704 2766 3760 2820 ι,
3800 2751 3899 2826 6)ἳ

2300 2837 2427 2894 Hmc
2449 2854 2480 2892 a
2500 2839 2769 2911 Propheta
2799 2839 2868 2895 ita
2895 2840 3059 2909 dicta,
3088 2841 3345 2912 subjectae
3371 2846 3655 2901 sententiae
3676 2844 3896 2902 absolu-

2294 2932 2441 2988 tione
2461 2936 2827 3007 prosequitur,
2849 2934 3034 2991 dicens
3064 2952 3077 2989 :
3103 2934 3219 2990 Hoc
3247 2946 3319 2991 est
3348 2937 3606 2993 Christum
3620 2937 3782 3015 37o
3799 2940 3893 2996 de-

2296 3026 2496 3082 ducere.
2522 3025 2638 3083 Non
2669 3027 2813 3084 enim
2842 3043 2900 3083 se
2926 3028 2978 3083 in
3001 3027 3279 3084 caelestem
3309 3028 3592 3105 (divinam)
3615 3032 3897 3091 scientiam

2297 3119 2543 3177 humanae
2566 3123 2760 3177 mentis
2789 3136 2981 3178 sensus
3011 3122 3257 3179 extendit
3286 3141 3300 3178 :
3329 3123 3425 3179 sed
3458 3140 3633 3197 neque
3659 3124 3725 3182 de
3744 3125 3887 3182 divi-

660 3202 749 3259 68.
774 3200 931 3259 Fidei
955 3203 1625 3263 commendatio.-——Certe
1649 3204 1941 3275 Apostolus
1967 3221 2075 3263 non
2101 3222 2189 3263 re-
2216 3204 2265 3270 C
2298 3214 2382 3269 nis
2450 3214 2706 3285 operibus
2766 3215 3018 3288 religiosa
3080 3215 3213 3272 ﬁdes
3267 3218 3511 3291 ambigit.
3574 3219 3691 3276 Non
3752 3221 3899 3292 eguit

598 3293 814 3365 linquit,
862 3302 919 3350 ut
949 3293 1151 3366 ambigi
1189 3294 1404 3366 dicique
1450 3297 1611 3354 liceat
1658 3315 1673 3354 :
1717 3298 1964 3355 Christus
2006 3307 2185 3369 natus,

587 3401 813 3463 passus,
842 3396 1115 3453 mortuus,
1153 3403 1444 3459 resurgens
1474 3405 1582 3461 quo
1621 3391 1805 3458 modo,
1834 3407 1937 3463 qua
1966 3392 2183 3460 virtute,

488 3474 493 3477 ’
588 3493 693 3549 qua
723 3479 990 3534 divisione
1009 3520 1025 3547 ,
1056 3479 1250 3549 quibus
1278 3480 1556 3551 partibus?
1581 3484 1701 3554 quis
1734 3483 2038 3556 laerymans
2067 3492 2170 3552 est,

586 3573 709 3642 quis
755 3571 1020 3642 gaudens,
1061 3574 1182 3644 quis
1224 3588 1599 3645 conquerens,
1645 3575 1768 3647 quis
1806 3576 2179 3645 descendens,

590 3662 713 3735 quis
737 3662 1112 3719 adscendens?
1140 3664 1246 3721 Sed
1275 3665 1398 3721 ﬁdei
1434 3667 1489 3721 in
1523 3667 1625 3722 hoc
1652 3668 1901 3724 meritum
1933 3684 2030 3741 per
2050 3684 2187 3725 con-

582 3755 877 3812 fessionem
909 3756 1270 3812 ineunctantis
1312 3764 1517 3813 tantum
1549 3757 1833 3830 religionis
1860 3759 2181 3828 ostendens,

579 3849 675 3915 ait,
740 3848 825 3904 Ea:
861 3849 964 3919 [ide
1005 3858 1174 3904 autem
1202 3850 1413 3921 justitia
1450 3852 1523 3905 sic
1558 3852 1684 3905 dicit
1718 3868 1736 3907 :
1770 3851 1852 3907 Ne
1889 3853 2086 3907 dixeris
2128 3855 2185 3907 in

583 3942 737 3996 corde
760 3951 865 4006 tuo,
897 3943 1011 4010 quis
1049 3942 1314 3997 adscendit
1354 3944 1409 3998 in
1437 3944 1620 3999 coelum
1639 3944 1666 3999 2’
1696 3945 1793 3999 hoc
1820 3955 1894 4001 est
1918 3944 2185 4001 Christum

584 4032 857 4087 deducere.
918 4032 1010 4088 Vel
1063 4035 1174 4105 quis
1225 4035 1488 4091 descendit
1532 4038 1585 4091 in
1632 4038 1919 4110 abyssum?
1968 4039 2062 4094 hoc
2107 4048 2187 4095 est

587 4124 851 4179 Christum
899 4141 931 4178 a
969 4126 1185 4181 mortuis
1228 4126 1484 4182 reducere.
1519 4128 1625 4185 Sed
1663 4130 1788 4199 quid
1830 4131 1956 4185 dicit
2000 4130 2186 4203 Scrip‘

588 4217 747 4270 tura?
773 4217 850 4287 (l)
880 4215 953 4289 (e)
982 4216 1146 4272 Juxta
1183 4228 1258 4272 est
1286 4220 1492 4274 uerbum
1522 4231 1665 4277 tuum
1699 4223 1754 4278 in
1785 4239 1875 4279 ore
1918 4233 2007 4280 tuo
2043 4235 2089 4279 et
2127 4227 2186 4279 in

581 4308 736 4360 corde
775 4316 882 4371 tuo,
926 4308 1022 4361 hoc
1064 4318 1159 4375 est,
1207 4309 1411 4364 verbum
1450 4313 1572 4382 ﬁdei
1605 4315 1742 4382 quod
1784 4317 2123 4383 praedicamus
2151 4336 2171 4375 :

584 4397 709 4466 quia
737 4399 782 4451 si
811 4401 1075 4469 confessus
1102 4402 1259 4471 fueris
1285 4402 1338 4455 in
1366 4419 1454 4457 ore
1476 4413 1581 4468 tuo,
1614 4406 1733 4476 quia
1755 4405 2007 4464 Dominus
2027 4409 2183 4465 Iesus

2297 3304 2544 3363 Christus
2572 3308 2822 3365 humanae
2846 3310 3059 3365 virtutis
3087 3311 3314 3379 auxilio,
3351 3321 3406 3366 ut
3441 3327 3505 3369 ex
3534 3312 3628 3371 illa
3660 3313 3894 3375 beatitu-

2305 3399 2445 3455 dinis
2477 3414 2588 3457 sua:
2616 3399 2677 3472 (i)
2706 3400 2834 3457 sede
2860 3401 3240 3459 adscendentis
3270 3402 3588 3476 cujusquam
3616 3404 3673 3461 ia
3698 3407 3896 3467 cretum

2295 3504 2399 3563 ope
2444 3490 2803 3549 deduceretur
2850 3493 2902 3549 in
2947 3509 3190 3566 corpus:
3229 3510 3336 3550 non
3377 3495 3616 3555 exterior
3661 3506 3898 3568 potestas

2293 3597 2416 3639 eum
2442 3584 2551 3656 egit
2581 3584 2647 3640 ad
2689 3595 2878 3642 terras.
2912 3585 3229 3643 Credeudus
3267 3599 3353 3645 est
3380 3590 3593 3649 venisse
3629 3590 3805 3661 qualis
3835 3597 3895 3652 et

2301 3675 2444 3731 venit
2481 3693 2494 3729 :
2527 3686 2581 3732 et
2607 3692 2736 3733 vera
2774 3679 2945 3748 pietas
2982 3688 3086 3743 est,
3128 3676 3401 3736 Christum
3434 3696 3543 3741 non
3582 3680 3899 3755 deductum,

2298 3767 2393 3824 sed
2416 3767 2835 3826 descendentem
2863 3766 3131 3827 conﬁteri.
3164 3770 3576 3833 Sacramentutn
3604 3790 3761 3837 suum
3790 3784 3896 3845 est,

2298 3871 2352 3917 et
2381 3863 2436 3916 in
2468 3874 2730 3934 tempore,
2765 3873 2820 3920 et
2856 3864 2907 3919 in
2939 3879 3124 3937 opere.
3153 3862 3338 3938 Neque
3373 3867 3497 3940 quia
3529 3868 3691 3927 modo
3726 3869 3899 3938 venit,

2297 3953 2564 4011 deductus
2602 3972 2698 4028 per
2722 3956 2955 4012 alterum
2983 3972 3106 4014 esse
3137 3959 3440 4018 credendus
3475 3970 3559 4016 est
3592 3980 3605 4018 :
3632 3977 3732 4020 nec
3761 3970 3901 4022 tem-

2299 4047 2500 4119 poralis
2542 4047 2659 4118 ejus
2702 4048 2965 4104 adventus
3001 4050 3253 4119 potestati
3299 4050 3617 4111 deducentis
3652 4053 3899 4111 subditus

2300 4137 2682 4209 intelligendus
2721 4148 2823 4196 est.
2860 4140 2966 4197 Sed
3010 4156 3078 4197 ne
3122 4141 3347 4199 alterius
3378 4144 3594 4216 quidem
3635 4146 3900 4219 ambigui-

2298 4232 2425 4285 tatis
2455 4230 2747 4309 inlldelitas
2778 4234 2995 4290 sinitur.
3038 4233 3170 4289 Nam
3214 4236 3473 4293 continuo
3512 4254 3577 4295 ex
3607 4238 3750 4294 dicto
3778 4254 3903 4311 pro-

2295 4321 2513 4392 phetico
2562 4324 2826 4390 subditur,
2894 4323 2988 4379 Vel
3040 4327 3155 4399 quis
3208 4327 3466 4384 descendit
3516 4329 3567 4383 in
3611 4328 3895 4403 abyssum?

2291 4416 2375 4471 Ac
2418 4431 2545 4471 mox
2584 4416 2725 4472 dicta
2769 4419 2907 4473 ratio
2944 4418 3185 4490 subjecta
3226 4430 3346 4486 est,
3375 4419 3472 4476 hoc
3507 4433 3584 4478 est
3622 4421 3886 4481 Christum

583 4501 678 4560 est,
710 4501 757 4548 et
781 4491 1057 4549 credideris
1087 4495 1140 4549 in
1164 4495 1316 4551 corde
1342 4505 1430 4553 tuo
1450 4498 1573 4569 quia
1612 4497 1753 4555 Deus
1779 4501 1928 4558 illum
1958 4506 2181 4559 suscita-
2208 4493 2261 4555 D
2286 4522 2322 4559 a
2351 4510 2567 4564 mortuis
2594 4509 2835 4564 reducere
2867 4508 3044 4583 (Rom.
3075 4528 3131 4579 x,
3159 4510 3239 4583 7).
3273 4511 3523 4569 Libertas
3549 4513 3811 4573 redeundi
3834 4515 3889 4573 in

655 4654 735 4729 (ι)
764 4653 929 4712 Juxta
957 4666 1005 4714 te
1033 4668 1126 4714 est.

655 4810 1007 4897 (αλδινιὶηῇ
1029 4831 1129 4870 ms.
1175 4817 1397 4897 moriens
1411 4834 1807 4897 _ac_resurgens
1836 4840 1854 4879 :
1883 4831 1939 4880 et
1990 4837 2178 4897 postea

578 4854 700 4974 cuiu
713 4854 850 4974 list.
883 4854 1387 4974 lta£.uno,‘Colb.et
1409 4854 1641 4974 Sprbdri.

580 4965 651 5009 est
671 4970 694 5036 ς
718 4955 807 5078 ἳὴί
836 4957 1093 5080 νειιιεριὶοι·
1138 4956 1293 5014 Colb.
1323 4976 1386 5015 ac
1417 4961 1597 5031 plures
1626 4955 1716 5019 alii
1742 4955 1961 5035 habent,
2005 4955 2177 5042 riualis

579 5040 718 5094 scrip
745 5043 801 5078 us
826 5042 877 5080 es
905 5065 921 5079 .

651 5095 726 5167 (b)
748 5096 925 5179 .Editi,
976 5099 1030 5153 in
1055 5100 1258 5155 occulto
1280 5106 1585 5160 sacramenti
1612 5123 1632 5162 :
1662 5107 2017 5168 renitentibus
2052 5130 2175 5173 ma-

576 5179 887 5233 nuscrtpus.
2028 5202 2040 5216 -

654 5237 749 5323 (ελ
766 5237 911 5323 Lips.
957 5249 1014 5323 et
1053 5241 1323 5323 Pu_r._cum
1354 5262 1467 5323 ms._
1496 5247 1708 5305 Martin.
1749 5261 1805 5308 et
1853 5270 1957 5309 uno
1992 5256 2172 5314 Vatic.

573 5308 893 5433 gari/leuius
922 5313 1029 5367 sit:
1057 5315 1142 5371 cui
1190 5315 1404 5372 lectitmi
1448 5318 1628 5377 lavent
1672 5326 1832 5378 verba
1862 5308 2168 5386 inualidi}:

630 5393 742 5433 atus
774 5391 947 5433 tamen
981 5385 1144 5433 ulnam
1170 5402 1288 5433 cnim
1325 5389 1471 5433 Radb
1515 5393 1584 5433 lt:-
1637 5409 1698 5433 nn
1740 5396 2011 5433 nluricnnn
2036 5416 2143 5433 ..κιο

630 5385 743 5466 agis
774 5391 954 5466 ttunen
979 5385 1291 5466 placetcum
1307 5389 1478 5466 _Bad.,
1506 5393 1602 5466 Er.
1623 5409 1699 5466 iac
1739 5396 2011 5466 plerisque
2036 5385 2166 5456 mss.

573 5415 742 5448 mugm
774 5415 947 5463 III|IIUI.I
979 5415 1146 5453 pldlSUl
1170 5415 1291 5443 υιιιιι
1325 5415 1478 5457 ῡείυο,
1515 5415 1602 5447 Dl‘.
1635 5415 1699 5449 ac
1739 5415 1874 5466 pleri
1944 5416 2011 5453 ue
2036 5416 2166 5456 MSS.

572 5451 861 5528 gratulatus
890 5464 955 5508 stt
989 5470 1008 5508 :
1033 5457 1174 5523 quod
1195 5459 1478 5517 conﬁrmat
1505 5462 1636 5519 illud
1685 5483 1736 5519 n.
1765 5468 1836 5525 ει
1859 5415 2054 5525 εεὲεἱαι
2078 5489 2177 5528 nec

573 5530 784 5611 mortem
803 5520 990 5611 [ιαῳηὶ
1018 5520 1141 5611 [iere
1157 5570 1172 5595 ,
1191 5546 1341 5611 quam
1362 5533 1601 5611 gaudeat.
1630 5536 1694 5591 Et
1719 5520 1891 5611 maior

570 5602 663 5677 est]
682 5593 864 5677 ﬁctum
894 5593 1040 5677 inter
1063 5609 1116 5655 et
1141 5593 1558 5677 gratulationem
1587 5593 1876 5677 oppositio.

640 5663 721 5803 (tt)
753 5666 911 5721 Solus
940 5667 1113 5729 codex
1142 5663 1262 5727 Vat.
1295 5674 1410 5729 bas.
1440 5663 1819 5736 contumeliam;

665 5734 715 5803 ε)
744 5736 801 5788 iu
833 5738 1039 5803 aliquot
1064 5756 1194 5796 mss.
1228 5743 1315 5797 hic
1340 5753 1396 5799 et
1424 5746 1587 5803 infra.
1621 5750 1767 5803 iuxta
1788 5764 1819 5803 lt

665 5734 715 5803 ε)
744 5736 804 5820 in
833 5738 1039 5807 aliquot
1064 5743 1315 5820 mss._hic
1340 5753 1396 5799 et
1424 5746 1587 5820 infra,
1608 5734 1767 5820 juxta
1787 5734 1834 5808 te
1855 5763 1933 5810 est
1952 5756 2165 5812 uerbum

566 5809 727 5859 mum'
764 5806 840 5862 Ex
868 5806 1064 5877 επακ
1096 5814 1247 5886 ίΊΊύς
1275 5835 1367 5871 σου
1408 5818 1465 5874 τὸ
1503 5806 1646 5895 Filii;
1672 5806 2167 5904 ἔστιννᾶιρνήτᾷ

2362 4665 2444 4742 (2)
2470 4666 2581 4724 Deo
2611 4678 2868 4741 prompte,
2897 4669 3175 4728 mendose.

2288 4854 2444 4906 ματι,
2474 4837 2688 4955 γεὶιετε
2716 4829 2843 4888 licet
2858 4834 3015 4904 justo
3040 4840 3106 4900 te,
3139 4833 3184 4889 si
3224 4832 3387 4889 modo
3423 4834 3705 4892 omittatur
3742 4846 3891 4894 tuum

2298 4915 2422 4955 DOSl
2449 4918 2534 4955 rer
2572 4918 2677 4955 um.

2337 4915 2422 4957 OSl
2449 4915 2677 4956 vernum.

2407 4918 2477 4955 ιιι
2512 4918 2602 4955 rou
2640 4918 2677 4956 ι.

2298 4918 2441 5047 ‘30?!)
2475 4918 2565 5028 Sic
2595 4918 2936 5044 :rmstantior
2963 4974 3134 5033 codex
3171 4973 3328 5033 Colb.
3359 4991 3481 5033 cum
3511 4976 3716 5047 aliquot
3745 4980 3889 5036 aliis.

2286 5043 2485 5101 Crt'teri
2536 5043 2687 5111 vero,
2730 5047 2995 5101 libertatis.
3039 5047 3176 5103 Tum
3223 5050 3273 5102 in
3314 5048 3568 5104 omnibus
3606 5043 3727 5107 fere
3752 5067 3888 5108 mss.

2294 5115 2404 5191 Deo
2428 5126 2698 5191 promptos,
2729 5119 2806 5172 vel
2831 5128 3083 5191 prompte,
3117 5133 3221 5173 non
3251 5130 3532 5191 promente.

2368 5185 2444 5260 (g)
2489 5191 2778 5263 Antiquior
2791 5185 2944 5263 _mss.
2982 5185 3153 5263 Coll;1
3193 5185 3339 5263 eum‘
3366 5188 3571 5263 Itemi‘g.
3637 5207 3667 5249 a
3717 5193 3888 5263 prima

2289 5258 2475 5332 matur,
2502 5260 2735 5330 inﬁnitw.
2762 5259 2973 5315 Martio.
3000 5258 3288 5332 indeﬁnito.
3315 5258 3628 5318 Lectiunem
3652 5258 3896 5327 nostram

2290 5330 2618 5384 conﬁrmant
2646 5341 2914 5400 postrema
2943 5348 3092 5387 num.
3119 5330 3192 5387 18
3224 5332 3315 5386 lib.
3347 5348 3441 5388 vm
3463 5334 3647 5389 verba.

2368 5400 2448 5475 (tr)
2481 5400 2731 5456 Nonnulli
2761 5417 2889 5456 mss.
2917 5418 3040 5457 cum
3066 5402 3321 5475 vulgatis,
3349 5407 3851 5475 ratiouemonstrata
3876 5422 3890 5461 :

2284 5471 2638 5546 corriguntur
2698 5489 2763 5529 ex
2818 5475 3124 5530 veterrimis
3162 5471 3296 5530 ’Vat.
3358 5474 3500 5545 bas.,
3533 5474 3714 5546 Colb.,
3750 5478 3895 5535 Mar-

2287 5543 2415 5610 tin.,
2447 5557 2550 5600 etc.

2366 5614 2430 5685 (i)
2463 5616 2517 5669 lu
2560 5615 2809 5686 vulgatis,
2850 5616 2970 5673 sede
3009 5616 3323 5677 destentus
3350 5621 3666 5686 sum
3710 5636 3740 5675 ε
3764 5620 3895 5677 aeto

2285 5702 2389 5755 0pc
2430 5686 2789 5763 deduceretur.
2819 5686 2955 5745 Cum
2999 5687 3180 5763 allatis
3211 5686 3461 5759 Apostoli
3499 5686 3679 5747 verbis
3718 5692 3891 5763 magis

2286 5758 2548 5836 convenit
2570 5758 2752 5836 lectio,
2787 5775 2947 5829 quam
2981 5758 3302 5836 «hibernus
3328 5777 3363 5816 e
3388 5776 3525 5822 ms.
3548 5763 3616 5819 in
3661 5758 3893 5836 quorum

2290 5829 2566 5895 nonnullis
2586 5829 2873 5897 duceretur.
2909 5848 3017 5891 non
3043 5829 3399 5891 deduceretur.
