4322 6248
1781 293 2028 354 SANCTI
2057 289 2312 348 lllLARll
2354 287 2657 346 El’lSCOPl

3769 283 3877 340 400

656 423 818 477 verbis
845 465 858 487 ,
889 437 1003 490 qua:
1023 421 1077 475 in
1103 419 1358 475 Christum
1377 425 1487 488 post
1522 413 1916 470 resurrectionis
1960 409 2180 481 gloriam
2208 409 2253 466 A
2286 403 2604 476 praedicans,
2638 418 2797 458 unam
2823 401 2980 458 ﬁdem
3011 407 3310 466 memorat;
3366 398 3564 454 deinde
3592 396 3750 453 unius
3774 399 3884 454 Do-

658 512 1142 580 conveniuntﬂuod
1160 512 1296 566 enim
1322 519 1431 564 tant
1454 510 1526 562 ait
1549 527 1560 561 :
1581 507 1862 563 Adscendo
1885 505 1948 560 ad
1976 512 2180 575 patrem

661 625 839 665 meum
871 616 925 662 et
950 605 1016 659 ad
1045 611 1249 673 patrem
1270 610 1529 667 vestrum,
1564 601 1627 655 ad
1647 601 1816 656 Deum
1843 614 2044 661 meum,
2076 609 2175 651 etc.

667 702 833 772 ipsum
872 695 1098 752 ostendet
1120 695 1309 749 dixisse
1339 694 1400 748 de
1426 711 1484 748 ea
1512 703 1695 748 natura
1713 734 1727 758 ,
1751 709 1852 763 qua
1877 694 2062 762 fratres
2091 690 2184 742 ha-

659 791 768 856 bet;
793 790 922 845 sicut
950 791 1013 842 de
1041 804 1118 852 ea,
1150 803 1250 852 qua
1272 785 1548 857 participes
1589 785 1667 839 illi
1708 795 1856 848 sant,
1888 782 2020 836 dixit
2048 778 2184 834 Pro-

660 887 847 956 pheta:
878 883 1041 940 Unxit
1071 892 1142 948 te,
1172 881 1333 947 Deus,
1374 880 1514 936 Deus
1547 891 1668 935 tuus
1693 895 1802 950 pra:
1835 874 2186 948 participibus

661 979 788 1033 tuis.
843 975 1097 1045 Deinceps
1135 974 1366 1044 Apostoli
1406 973 1554 1028 verba
1597 973 1860 1042 explicat,
1903 987 1966 1025 ex.
2006 969 2189 1041 quibus

664 1071 882 1141 probare
923 1085 977 1123 se
1002 1077 1213 1139 putant,
1243 1064 1503 1120 Christum
1530 1074 1585 1118 ut
1611 1079 1812 1119 seruum
1841 1061 1989 1117 Patri
2026 1061 2190 1134 subji-

671 1163 929 1229 ciendum,
961 1178 1174 1229 eumque
1200 1160 1346 1231 regni
1376 1160 1454 1214 sui
1482 1175 1742 1213 cessurum
1769 1175 1877 1212 esse
1904 1167 2150 1227 potestate
2173 1195 2190 1223 ,

665 1273 725 1309 ac
755 1266 951 1309 natura:
985 1253 1312 1307 abolitionem
1349 1267 1618 1320 passurum
1660 1266 1677 1303 :
1718 1266 1835 1303 cum
1877 1248 2018 1318 apud
2046 1248 2190 1316 Apo-

667 1348 854 1402 stolum
909 1345 1026 1414 Ιὶηἱς
1070 1345 1432 1414 perfectionem
1472 1352 1516 1396 et
1558 1341 1976 1397 indemutabilem
2005 1351 2194 1394 statum

668 1454 830 1507 sonet,
863 1458 964 1496 non
1005 1440 1364 1504 abolitionem;
1405 1457 1494 1492 nec
1514 1439 1658 1509 regni
1691 1437 1895 1491 traditio
1921 1434 2060 1489 Filio
2081 1451 2194 1487 nta-

667 1541 744 1609 gis
768 1538 961 1590 adiurat
985 1534 1234 1604 regnandi
1264 1543 1594 1603 potestatem,
1623 1548 1776 1603 quam
1807 1529 1955 1584 Patri
1986 1529 2198 1599 eripitur

667 1629 956 1698 praprietas
985 1643 1161 1682 eorum
1190 1641 1306 1696 qua:
1337 1623 1477 1678 Filio
1504 1622 1748 1687 tradidit;
1769 1638 1829 1675 ac
1851 1622 2056 1676 demum
2077 1619 2198 1674 sub—

655 1721 813 1793 jectio
840 1720 1236 1789 dispensationis
1266 1719 1352 1784 sit,
1378 1734 1479 1771 non
1507 1718 1789 1771 servitutis.
1837 1713 1969 1770 Tum
1998 1713 2198 1787 subjec-

2285 495 2412 550 tnini
2442 511 2601 550 unam
2636 493 2792 550 ﬁdem
2826 510 3152 558 memorans,
3185 508 3348 548 unum
3378 492 3538 547 etiam
3574 490 3656 562 (9.)
3687 491 3888 559 baptis-

2286 604 2370 642 ma
2401 587 2767 643 demonstrat:
2817 598 2874 641 ttt
2899 603 3021 642 cum
3057 586 3214 641 unius
3247 583 3459 639 Domini
3494 599 3598 639 una
3645 583 3775 638 ﬁdes
3804 600 3889 639 cs.

2285 688 2402 746 set,
2457 681 2614 734 unius
2662 695 2759 751 per
2809 679 2911 734 hoc
2956 678 3080 734 ﬁdei
3135 676 3205 748 (ε)
3256 677 3307 731 in
3356 676 3644 732 Dominum
3697 692 3883 742 unum,

2288 789 2450 829 unum
2473 782 2685 829 essetet
2712 772 2996 842 baptisma.
3042 772 3106 827 Et
3145 771 3271 842 quia
3291 779 3693 827 sacramentum
3729 785 3890 826 omne

2288 876 2342 921 ct
2370 864 2618 933 baptismi
2657 873 2709 920 et
2741 863 2887 928 ﬁdei,
2915 873 2971 918 ut
3000 863 3054 918 in
3081 878 3186 917 uno
3208 862 3438 918 Domino
3465 904 3481 930 ,
3515 864 3587 917 ita
3619 870 3675 917 et
3700 862 3751 916 itt
3783 861 3892 916 Deo

2291 976 2398 1015 uno
2442 969 2561 1024 est;
2612 958 3138 1014 consummationem
3186 957 3299 1027 spei
3351 966 3552 1012 nostra:
3601 956 3759 1010 unius
3796 955 3894 1011 Dei

2294 1050 2634 1123 professione
2658 1050 2921 1105 conclusit
2945 1067 2958 1102 :
2992 1060 3048 1103 ut
3076 1064 3238 1103 unum
3271 1048 3534 1118 baptisma
3558 1056 3612 1103 et
3634 1047 3768 1102 ﬁdes
3789 1061 3893 1101 una

2293 1144 2433 1199 sicut
2456 1143 2616 1198 unius
2645 1141 2880 1208 Domini,
2911 1143 2983 1198 ita
3015 1151 3066 1196 et
3090 1141 3184 1196 Dei
3207 1150 3352 1197 esset
3375 1141 3552 1196 unius.
3579 1138 3731 1196 Unus
3751 1139 3893 1194 enim

2297 1243 2522 1306 uterque
2549 1244 2632 1290 est
2655 1277 2670 1300 ,
2715 1250 2820 1289 non
2856 1235 3057 1289 unione
3085 1275 3098 1299 ,
3147 1232 3240 1288 sed
3282 1232 3648 1304 proprietate:
3691 1231 3817 1286 dum
3843 1240 3896 1287 et

2297 1327 2586 1398 unicuique
2618 1328 2894 1396 proprium
2926 1336 3010 1380 est
3058 1335 3114 1380 ut
3155 1341 3294 1380 unus
3335 1326 3446 1390 sit,
3497 1322 3580 1378 vel
3611 1321 3753 1378 Patri
3777 1337 3897 1378 esse

2298 1421 2442 1494 quod
2473 1431 2622 1492 pater
2650 1431 2732 1477 est
2759 1463 2774 1489 ,
2804 1420 2888 1475 vel
2915 1419 3052 1475 Filio
3081 1433 3202 1474 esse
3232 1417 3377 1490 quod
3406 1417 3550 1472 ﬁlius
3574 1427 3690 1482 est;
3737 1426 3793 1472 et
3822 1416 3894 1483 id,

2299 1517 2441 1590 quod
2470 1528 2695 1588 uterque
2727 1516 2779 1570 in
2807 1514 3138 1586 proprietate
3166 1529 3259 1568 sua
3289 1527 3427 1567 unus
3457 1520 3564 1580 est,
3591 1525 3898 1566 sacramen-

2302 1621 2414 1666 tum
2443 1609 2665 1666 unitatis
2694 1608 2761 1663 ad
2793 1617 3085 1678 uttutnque
3112 1616 3223 1661 est:
3251 1605 3373 1676 quia
3397 1615 3451 1662 et
3476 1621 3615 1660 unus
3646 1604 3902 1660 Dominus

2301 1705 2553 1762 Christus
2584 1703 2696 1758 Deo
2726 1703 2867 1773 patri
2892 1717 2998 1756 non
3032 1709 3206 1771 potest
3231 1699 3444 1755 auferre
3471 1697 3614 1768 qttod
3648 1699 3904 1754 Dominus

671 1815 822 1869 tionis
863 1815 1006 1868 illi-as
1033 1815 1244 1867 modum
1272 1829 1331 1865 ac
1355 1827 1539 1865 causas
1561 1810 1802 1882 exponit,
1848 1824 2062 1878 eamque
2097 1823 2198 1861 non
2231 1791 2280 1852 B
2309 1807 2411 1863 est.
2440 1807 2496 1853 Cl
2523 1809 2660 1850 lIIIlIS
2690 1795 2831 1850 Deus
2864 1804 3015 1865 pater
3046 1793 3135 1848 ιιηί
3166 1793 3393 1849 Domino
3419 1790 3638 1847 Christo
3671 1807 3775 1845 "0“
3819 1790 3904 1845 ίη⁶

669 1906 799 1973 Deo,
829 1905 914 1960 cui
937 1905 1066 1958 niltil
1093 1905 1248 1969 deest,
1282 1903 1412 1957 nihil
1437 1903 1655 1968 accedit,
1679 1919 1780 1955 non
1808 1900 1945 1955 Filio
1969 1900 2199 1971 unigeni-

673 2012 745 2067 to,
788 2002 876 2070 qui
900 2015 1040 2067 terrae
1065 1996 1440 2052 indemutabilis
1464 2006 1554 2061 est,
1594 1997 1683 2050 sed
1724 1995 1867 2048 nobis
1898 1995 2011 2048 anis
2040 1995 2199 2064 proﬁ—

676 2111 787 2149 cere
827 2092 1072 2147 declarat.
1134 2090 1258 2146 Non
1285 2100 1358 2146 est
1389 2090 1641 2145 silendum
1666 2090 1803 2160 quod
1829 2089 2196 2160 Hieronymus,

670 2186 733 2240 ab
777 2185 1012 2240 Amantio
1067 2184 1355 2254 presbytero
1405 2193 1612 2254 rogatus
1642 2183 1765 2254 quid
1795 2189 1939 2254 apud
1977 2183 2202 2238 Paulum

673 2277 768 2332 sibi
806 2278 924 2331 velit
951 2276 1124 2330 illud:
1165 2275 1393 2344 Oportet
1417 2275 1560 2331 enim
1593 2289 1717 2331 eum
1757 2290 1984 2344 regnare
2029 2274 2204 2331 donec

677 2376 840 2438 ponat
857 2383 1044 2422 omnes
1067 2367 1310 2422 inimicos
1335 2383 1482 2435 suos,
1503 2378 1623 2432 etc.,
1646 2368 1876 2422 rescribit
1900 2370 2048 2439 epist.
2076 2370 2199 2424 M7:

672 2461 836 2515 Miror
868 2469 920 2515 te
943 2459 1045 2515 hoc
1065 2475 1094 2513 a
1126 2475 1211 2515 tne
1239 2476 1482 2530 qmerere
1509 2459 1742 2516 voluisse
1767 2500 1781 2522 .
1817 2477 1938 2514 cum
1984 2471 2203 2516 sanctus

672 2552 907 2607 Hilarius
936 2551 1268 2607 Pictavensis
1299 2551 1593 2621 EpiscOpus
1617 2551 1961 2606 undecimum
2004 2552 2202 2607 librum

671 2655 859 2700 contra
887 2643 1117 2699 Arianos
1147 2643 1246 2700 hac
1273 2645 1569 2714 quiestione
1591 2653 1645 2700 et
1670 2644 1941 2700 solutione
1967 2647 2206 2716 comple-

675 2737 835 2792 verit.

679 2917 731 2970 Ι.
769 2914 887 2970 Una
916 2926 969 2969 ut
1004 2913 1233 2982 Domini,
1265 2915 1336 2968 ita
1359 2925 1405 2968 et
1434 2912 1528 2968 Dei
1557 2914 1710 2969 unius
1739 2925 1814 2969 est
1855 2914 2004 2984 lities.
2047 2911 2208 2967 Pater

617 3018 666 3063 et
697 3006 867 3061 Filius
907 3024 1040 3062 unus
1074 3006 1233 3060 Deus.
1260 3037 1329 3046 ——
1357 3005 1399 3061 Τ
1403 3016 1551 3061 οιιιιιι
1577 3013 1738 3076 atque
1758 3006 2062 3061 absolutum
2087 3004 2208 3060 ﬁdei

614 3099 939 3170 evangelicae
967 3107 1362 3154 sacramentum
1412 3097 1701 3153 multifario
1727 3097 2019 3166 Apostolus
2063 3106 2204 3151 trac-

2305 1891 2564 1963 tclligitur
2596 1908 2794 1964 negare
2818 1892 2960 1964 quod
2994 1891 3138 1947 Deus
3165 1902 3248 1946 est
3275 1907 3287 1943 :
3316 1905 3437 1946 cum
3461 1889 3505 1944 si
3537 1904 3631 1960 per
3657 1888 3731 1955 id,
3762 1886 3904 1959 quod

2304 1986 2444 2040 Deus
2473 2001 2609 2040 unus
2633 1997 2736 2054 εει,
2766 2001 2871 2041 non
2902 1995 2956 2041 et
2983 1985 3198 2041 Christo
3230 1982 3508 2055 proprium
3549 1997 3672 2038 esse
3699 1982 3908 2038 videtur

2305 2092 2361 2135 ut
2393 2083 2532 2137 Deus
2570 2083 2677 2146 sit;
2713 2095 2933 2137 necesse
2954 2091 3038 2135 est
3065 2096 3158 2149 per
3189 2079 3239 2133 id
3269 2122 3282 2145 ,
3309 2078 3455 2149 quod
3485 2093 3621 2133 unus
3647 2075 3906 2131 Dominus

2303 2173 2549 2230 Christus
2569 2184 2672 2240 est,
2705 2189 2811 2228 non
2843 2183 2898 2226 et
2923 2173 3040 2228 Deo
3060 2170 3141 2243 (d)
3169 2171 3407 2226 debitum
3433 2186 3555 2226 esse
3579 2169 3908 2240 intelligatur

2307 2276 2362 2320 ut
2395 2265 2658 2320 Dominus
2683 2266 2786 2332 sit;
2815 2266 2858 2319 si
2890 2265 2940 2319 id
2972 2305 2986 2330 ,
3016 2263 3158 2331 quod
3188 2279 3326 2318 unus
3352 2270 3468 2329 cst,
3496 2261 3567 2336 (e)
3601 2277 3706 2318 non
3735 2275 3912 2317 sacra-

2307 2357 2473 2411 menti
2505 2357 2571 2411 sit
2598 2356 2962 2426 signiﬁcatio,
3018 2355 3111 2410 sed
3164 2355 3381 2409 unionis
3424 2355 3695 2424 exceptio.
3745 2352 3913 2408 Unius

2307 2450 2487 2521 itaque
2512 2450 2674 2522 375
2709 2449 2941 2516 Domini,
2971 2450 3110 2505 sicut
3136 2448 3292 2505 unius
3318 2449 3413 2503 Dei
3443 2447 3632 2519 patris,
3674 2457 3729 2503 et
3748 2461 3911 2503 unum

2307 2543 2572 2612 baptisma
2603 2553 2658 2598 et
2686 2541 2820 2598 ﬁdes
2848 2557 2951 2597 una
2985 2553 3084 2598 cst.

2377 2634 2431 2688 2.
2486 2634 2640 2689 Fides
2679 2651 2782 2689 una
2830 2652 2933 2689 non
2973 2645 3046 2689 est
3093 2634 3156 2689 de
3183 2631 3389 2689 Christo
3416 2632 3799 2690 dissidentibus.
3839 2659 3916 2675 --

2309 2728 2468 2784 Fides
2497 2739 2674 2782 autem
2701 2743 2806 2782 una
2832 2728 2942 2797 jam
2978 2741 3088 2782 non
3115 2736 3194 2782 cst
3224 2767 3240 2794 ,
3285 2727 3331 2781 si
3365 2742 3471 2782 non
3517 2741 3680 2780 unum
3727 2725 3917 2780 Denti-

2312 2839 2438 2878 ttttm
2466 2832 2520 2877 et
2551 2838 2720 2876 unum
2752 2821 2921 2877 Deum
2949 2832 3153 2892 patrem
3179 2820 3231 2875 in
3253 2819 3601 2876 conscientiae
3622 2817 3916 2890 professio-

2310 2933 2377 2972 ne
2410 2917 2677 2972 retinebit.
2729 2915 2907 2971 Unum
2942 2931 3072 2970 vero
3105 2915 3394 2970 Dominum
3445 2922 3501 2969 ct
3549 2929 3711 2968 unum
3741 2911 3918 2968 Deum

2313 3021 2516 3081 patrem
2550 3010 2819 3082 quomodo
2850 3009 2985 3066 ﬁdes
3023 3025 3143 3080 quze
3175 3024 3282 3064 non
3313 3023 3415 3063 una
3463 3016 3546 3064 est
3585 3006 3920 3062 conﬁtetur?

2314 3105 2429 3160 Una
2457 3115 2635 3159 autem
2685 3105 2736 3159 in
2788 3113 2935 3158 tanta
2983 3102 3422 3172 prmdicationum
3467 3101 3782 3157 diversitate
3804 3098 3920 3170 jam

610 3204 730 3248 WIS
756 3234 770 3258 9
821 3193 934 3247 hinc
960 3207 1176 3263 quoque
1224 3192 1364 3247 ί¹¹¹θ¹⁹
1402 3200 1596 3246 “me”
1641 3191 1837 3245 δίνίηω
1880 3189 2207 3261 cognitionis
2239 3176 2285 3238 (ἶ
2323 3214 2429 3252 non
2457 3198 2563 3252 erit
2585 3237 2599 3260 ,
2647 3197 2691 3250 si
2719 3196 2861 3250 alius
2888 3195 3172 3250 Dontinttm
3200 3193 3385 3250 Jesttm
3408 3193 3678 3248 Christum
3708 3233 3723 3256 ,
3756 3205 3920 3262 pene-

607 3293 876 3355 prarcepta
904 3284 970 3338 ad
1003 3284 1267 3353 Ephesios
1291 3295 1373 3339 est
1400 3284 1610 3339 locutus
1637 3300 1648 3335 :
1682 3283 1828 3338 Sicut
1856 3292 1906 3338 et
1930 3299 2015 3337 vos
2041 3282 2205 3336 vocati

609 3381 728 3432 estis
749 3379 802 3432 in
829 3395 931 3432 una
957 3395 1046 3448 spe
1076 3378 1358 3432 uocationis
1385 3389 1580 3431 vestrm.
1631 3375 1776 3430 Unus
1803 3375 2072 3442 Dominus,
2101 3393 2207 3429 una

609 3475 760 3544 ﬁdes,
799 3472 876 3544 (l)
905 3487 1060 3525 unum
1085 3470 1358 3543 baptisma,
1383 3487 1514 3523 unus
1539 3468 1678 3524 Deus
1697 3480 1746 3523 et
1776 3481 1922 3540 pater
1952 3471 2204 3537 omnium,

610 3566 689 3638 (α)
711 3576 756 3620 et
779 3581 868 3638 per
885 3581 1056 3620 onmes
1078 3575 1123 3618 et
1148 3564 1200 3617 in
1223 3563 1454 3616 omnibus
1477 3560 1621 3614 nobis
1645 3559 1864 3633 (Ep/tes.
1885 3577 1957 3628 tv,
1979 3560 2035 3628 4,
2057 3561 2201 3634 etc.).

611 3660 727 3716 Non
757 3660 900 3715 enim
931 3658 1196 3730 ambiguis
1247 3672 1344 3711 nos
1389 3665 1444 3711 et
1469 3655 1715 3710 erraticis
1745 3654 2036 3710 indeﬁnita:
2078 3656 2204 3712 doc-

611 3753 769 3808 trinae
798 3752 990 3808 studiis
1017 3751 1304 3820 dereliquit
1331 3791 1346 3815 ,
1378 3749 1459 3804 vel
1506 3748 1722 3804 incertis
1753 3749 2094 3820 opinionibus
2124 3749 2211 3804 in-

612 3849 769 3920 genia
797 3848 1032 3903 humana
1063 3845 1137 3919 (b)
1172 3844 1417 3915 permisit
1444 3886 1459 3910 ,
1508 3845 1721 3900 statutis
1749 3860 1845 3916 per
1872 3861 1932 3901 se
1960 3855 2012 3900 et
2037 3859 2209 3916 oppo-

617 3941 734 3995 sitis
765 3939 1006 3994 obicibus
1055 3937 1358 3991 libertatem
1411 3935 1778 4006 intelligentia:
1813 3937 2210 4008 voluntatisque

615 4033 982 4091 concludens:
1018 4041 1077 4086 ut
1117 4047 1307 4102 sapere
1338 4045 1438 4085 nos
1459 4072 1473 4096 ,
1507 4029 1610 4084 nisi
1655 4029 1718 4084 ad
1753 4031 1806 4086 id
1835 4039 2036 4086 tantum
2068 4033 2210 4103 quod

616 4127 965 4199 przedicatum
991 4143 1022 4179 a
1047 4141 1107 4180 se
1134 4125 1330 4191 fuerat,
1358 4140 1462 4179 non
1487 4122 1709 4189 sineret,
1741 4138 1863 4178 cunt
1896 4139 1990 4194 per
2016 4124 2210 4180 deﬁni—

613 4231 723 4274 tam
773 4217 893 4273 ﬁdei
947 4215 1348 4271 indemutabilis
1391 4213 1832 4270 constitutionem
1881 4216 2028 4272 credi
2054 4217 2212 4273 aliter

617 4319 779 4381 atque
801 4309 960 4363 aliter
981 4324 1086 4363 non
1112 4308 1314 4362 liceret.
1346 4305 1520 4362 Unum
1545 4306 1723 4378 itaque
1743 4307 1897 4362 nobis
1923 4308 2210 4366 Dominum

691 4449 774 4520 (l)
810 4445 982 4520 nam
1004 4444 1328 4520 baptismum.

2319 3301 2494 3344 trante
2517 3289 2722 3358 palmas
2743 3290 2916 3353 clavo,
2948 3287 3274 3342 inﬁrmitatis
3297 3297 3497 3344 nostra:
3520 3284 3710 3341 credet
3729 3283 3922 3340 dolore

2315 3382 2622 3452 gemuisse,
2693 3392 2748 3437 et
2796 3391 3041 3452 egentem
3090 3388 3294 3435 natura:
3337 3395 3451 3435 sua:
3525 3377 3918 3450 potestatisque

2317 3475 2512 3528 virtute
2535 3515 2549 3538 ,
2584 3473 2910 3528 imminentis
2932 3472 3040 3542 jam
3081 3473 3182 3528 sibi
3211 3472 3404 3527 mortis
3437 3470 3679 3526 tiutuisse
3705 3469 3782 3542 (ὅ)
3808 3479 3917 3540 ter-

2323 3584 2446 3622 rore
2472 3567 2587 3638 (f):
2630 3567 2674 3621 si
2697 3568 2858 3621 etiam
2883 3566 2957 3631 id,
2987 3565 3129 3636 quod
3157 3564 3451 3635 principale
3478 3572 3582 3631 est,
3607 3572 3788 3618 natum
3821 3577 3922 3618 ne-

2321 3658 2470 3728 gabit
2493 3698 2506 3722 ,
2541 3667 2596 3712 et
2627 3669 2866 3713 creatum
2894 3657 3074 3728 potius
3103 3656 3456 3728 praedicabit:
3496 3656 3539 3709 si
3569 3655 3740 3710 Deum
3779 3652 3924 3710 dicet

2317 3751 2507 3823 magis,
2539 3767 2699 3822 quam
2730 3735 3026 3822 intelliget;
3069 3751 3193 3822 quia
3217 3760 3272 3806 et
3299 3749 3376 3822 (g)
3405 3749 3536 3805 deos
3565 3749 3670 3804 dici
3700 3747 3921 3816 religio-

2317 3861 2436 3902 sum
2464 3858 2566 3912 est,
2608 3857 2661 3902 et
2688 3846 2856 3902 Deum
2883 3845 3103 3915 intelligi
3125 3844 3318 3900 divina:
3343 3852 3550 3899 naturae
3577 3841 3911 3900 conscientia

2317 3950 2420 3996 est.
2459 3939 2576 3996 Jam
2603 3956 2732 4012 ergo
2765 3955 2870 3996 non
2911 3957 3047 3996 unus
3077 3950 3158 3995 est
3187 3939 3448 3995 Dominus
3467 3938 3720 3995 Christus
3749 3937 3828 4007 (4)
3874 3937 3921 3992 si

2317 4031 2396 4105 (h)
2421 4033 2511 4088 alii
2544 4044 2600 4089 ut
2625 4034 2768 4090 Dens
2798 4049 2905 4089 non
2935 4033 3102 4098 dolet,
3135 4032 3221 4086 alii
3251 4042 3306 4088 ut
3331 4032 3576 4087 inﬁrmus
3604 4032 3792 4096 timet;
3825 4027 3922 4084 alii

2317 4130 2386 4182 sit
2409 4143 2476 4183 ex
2513 4136 2722 4194 natura,
2757 4127 2845 4182 alii
2874 4144 2938 4183 ex
2965 4127 3286 4198 cognomine
3313 4127 3485 4182 Deus:
3531 4136 3586 4182 et
3615 4125 3706 4180 alii
3730 4140 3794 4180 ex
3819 4138 3918 4194 ge-

2319 4221 2621 4288 neratione,
2649 4220 2736 4275 alii
2765 4236 2832 4276 ex
2859 4221 3218 4291 appellatione
3248 4219 3319 4276 sit
3349 4219 3504 4275 lilius.
3530 4218 3599 4274 Et
3621 4233 3716 4289 per
3743 4216 3793 4272 id
3824 4230 3914 4272 nc-

2318 4331 2423 4387 que
2449 4315 2592 4371 Deus
2618 4325 2770 4386 pater
2797 4330 2934 4371 unus
2979 4315 3032 4370 in
3067 4305 3173 4370 ﬁde
3197 4322 3282 4369 est
3305 4353 3320 4382 ,
3360 4313 3406 4369 si
3451 4312 3574 4368 aliis
3604 4318 3869 4382 potestate
3890 4345 3910 4377 ,

2392 4451 2470 4520 (5)
2505 4451 2795 4508 Terrorem.

691 4514 774 4622 ἐξ)
818 4514 1138 4589 Boptisntum
1200 4515 1286 4570 hic
1345 4524 1399 4570 et
1445 4514 1581 4570 infra
1631 4522 1942 4571 constanter
1970 4516 2020 4572 in
2071 4517 2294 4622 libroD
2391 4514 2468 4595 (4)
2501 4524 2734 4579 siauud
2754 4525 2913 4580 Dem,

614 4602 822 4648 110811³0.

689 4686 764 4769 (α)
795 4685 1143 4769 Βρηιονίιῐιιιε
1168 4682 1291 4736 hinc
1314 4724 1327 4747 ,
1360 4681 1629 4769 quomodo
1659 4690 1714 4736 et
1741 4683 1834 4736 lib.
1861 4697 1950 4769 vtu
1980 4723 1996 4769 ε
2027 4699 2081 4765 n:

618 4753 707 4829 qui
731 4753 804 4812 est
825 4774 977 4825 super
999 4771 1193 4821 omnes,
1224 4770 1344 4829 cum
1376 4768 1438 4806 ea
1465 4753 1622 4807 verba
1657 4769 1762 4807 non
1784 4763 1994 4808 exstent
2025 4755 2127 4810 nisi
2160 4757 2213 4810 in

621 4824 728 4882 uno
754 4824 1056 4882 recentiore
1087 4841 1188 4878 ms.
1219 4824 1375 4878 Colb.

692 4899 766 4970 (ὁ)
799 4897 854 4952 In
887 4913 986 4952 tns.
1025 4896 1143 4948 Vat.
1175 4895 1289 4948 bas.
1322 4893 1617 4970 commisit.“
1643 4893 1764 4970 Mox
1795 4895 1933 4965 apud
1962 4895 2109 4968 Lips.
2160 4906 2217 4953 et

619 4963 827 5026 Patiin
855 4970 1156 5031 libertatem,
1187 4980 1467 5035 perperam
1495 4963 1680 5018 addito
1707 4964 1780 5020 in.

692 5042 766 5115 (c)
796 5042 884 5096 Sic
915 5054 1048 5115 mss.
1071 5037 1370 5115 elegantius
1409 5051 1566 5106 quam
1614 5037 1848 5107 vulgati,
1897 5040 1951 5092 in
1990 5037 2215 5094 Domino

621 5111 777 5167 unum
806 5121 932 5166 esset
959 5121 1004 5164 et
1031 5111 1298 5174 baptisma.

695 5183 776 5253 (ά)
799 5182 954 5254 Apud
985 5181 1136 5248 Bad.,
1179 5180 1266 5254 Er.
1311 5188 1366 5254 et
1395 5177 1448 5232 in
1481 5193 1584 5233 ms.
1617 5178 1735 5233 Vat.
1768 5180 1882 5254 bas.
1915 5182 2212 5252 demptam:

619 5251 763 5321 quod
832 5251 1047 5324 praeﬁxa
1115 5251 1389 5324 particula
1444 5259 1672 5324 negante
1727 5253 1934 5306 admitti
2007 5251 2211 5324 nequit.

621 5321 871 5381 Proxime
917 5334 1042 5380 ante
1091 5324 1144 5377 in
1193 5321 1420 5392 vulgatis
1449 5362 1464 5390 ,
1519 5321 1626 5376 Deo
1678 5325 1830 5392 patri.
1862 5323 2028 5379 Abest
2075 5321 2212 5394 patri

618 5413 646 5450 3
676 5412 805 5451 MSS.

695 5469 765 5535 (e)
810 5468 866 5524 Id
912 5476 1028 5531 est,
1076 5480 1180 5519 non
1235 5466 1304 5537 sit
1354 5463 1679 5537 signiﬁcatio
1717 5465 2063 5536 proprietatis
2093 5481 2215 5537 qua:

619 5540 750 5593 nulli
803 5538 958 5595 alteri
1010 5535 1644 5606 commttnicaripossit,
1703 5535 1799 5592 sed
1831 5538 2044 5591 ttnionis
2094 5535 2216 5608 (inte

615 5611 1043 5679 singularitatem
1073 5607 1488 5679 indttcatrQuod
1520 5616 1700 5679 autem
1723 5609 2028 5664 sacramenti
2048 5607 2216 5665 voca-

608 5677 741 5751 bulo
770 5695 1122 5751 personarum
1150 5677 1445 5751 proprietas
1493 5677 1870 5751 signiﬁcetur,
1916 5679 2083 5750 liquet
2129 5680 2215 5737 vel

602 5760 676 5799 ex
706 5747 806 5808 hoc
833 5748 930 5804 lib.
965 5763 1049 5815 ιχ,
1078 5767 1133 5804 n.
1169 5747 1256 5800 δίε
1284 5747 1564 5814 Auctorem
1593 5750 1874 5810 nativitatis
1897 5747 2006 5806 esse
2035 5769 2221 5809 sacra-

596 5828 830 5876 mentum
848 5823 1120 5886 paternum
1149 5823 1236 5870 est.

2357 4659 2464 4756 .(i)
2494 4683 2582 4741 Sic
2616 4701 2746 4740 mss.
2778 4686 2844 4740 At
2869 4685 3022 4750 editi,
3055 4697 3324 4742 terrorem.

2393 4755 2470 4828 (g)
2505 4757 2634 4810 Dad.
2665 4765 2719 4811 et
2749 4758 2836 4811 Er.
2867 4759 2998 4812 duos
3035 4758 3157 4811 dici.
3212 4757 3346 4813 Tum
3386 4772 3510 4813 cum
3539 4755 3920 4828 reliquisiedit.

2320 4843 2382 4881 ac
2407 4827 2654 4899 pluribus
2672 4844 2814 4899 mss.
2863 4829 3204 4899 irreligiosum
3236 4839 3331 4884 est.
3386 4829 3596 4884 Exinde
3627 4827 3743 4894 Er.,
3769 4827 3922 4899 Lips.

2321 4907 2374 4952 ct
2403 4898 2549 4960 Par.,
2581 4910 2626 4952 et
2659 4897 2824 4953 Deum
2846 4917 2948 4954 non
2968 4895 3220 4971 intelligi:
3262 4915 3384 4954 cum
3425 4901 3567 4954 absit
3597 4917 3700 4954 non
3727 4914 3758 4952 a
3787 4895 3922 4952 esu.

2320 4976 2374 5023 et
2406 4984 2506 5041 ms.
2545 4976 2714 5026 Antea
2745 4987 2960 5041 quoque
2995 4973 3333 5041 prmtulimus
3360 4972 3666 5040 religiosum
3692 4978 3766 5024 est
3792 4981 3924 5041 aut}:

2323 5040 2538 5095 toritate
2565 5041 2695 5096 m’ss.
2725 5038 2906 5106 Colbl,
2936 5038 3098 5097 Carn.
3130 5053 3184 5097 et
3209 5042 3394 5098 Germ.
3426 5038 3538 5098 ll'uc
3585 5043 3782 5111 quippe
3822 5038 3930 5094 sibi

2326 5113 2432 5184 _\'tlll
2457 5130 2468 5164 :
2507 5113 2571 5184 iSi
2601 5113 2872 5168 Christum
2904 5115 3121 5170 nomine
3149 5127 3303 5170 tenus
3330 5114 3478 5169 dicet
3508 5113 3686 5184 potius
3712 5152 3727 5176 ,
3759 5125 3926 5181 quam

2325 5182 2378 5236 in
2407 5183 2631 5256 veritate
2659 5184 2922 5256 intelliget
2952 5187 3154 5253 Deum;
3207 5187 3279 5240 nil
3327 5182 3579 5255 magnum
3621 5184 3929 5256 eipraesta-

2326 5256 2399 5306 hit
2427 5296 2439 5316 ,
2487 5257 2560 5307 uti
2591 5251 2897 5312 declaratur
2944 5257 3037 5311 lib.
3081 5251 3267 5312 contra
3301 5251 3539 5312 Auxent.
3573 5272 3628 5310 n.
3674 5254 3765 5320 10,
3795 5251 3926 5324 quia

2327 5325 2460 5380 ﬁdes
2484 5340 2546 5378 ac
2575 5327 2765 5394 religio
2793 5329 2995 5396 patitur
3022 5328 3204 5396 plures
3233 5328 3336 5383 dici
3368 5328 3538 5392 deos;
3573 5336 3630 5381 ttt
3648 5327 3796 5381 enim
3818 5323 3931 5396 Da-

2325 5395 2458 5450 tnasi
2505 5398 2732 5464 cpistola
2785 5394 2925 5467 apud
2975 5394 3304 5456 Tlteodoret.
3357 5400 3450 5453 lib.
3507 5415 3536 5449 v
3587 5399 3724 5452 Hist.
3759 5394 3927 5467 ecel.,

2325 5481 2373 5520 c.
2407 5469 2506 5540 il,
2556 5468 2752 5540 habet,
2804 5465 2987 5524 nomen
3028 5471 3239 5525 deorum
3285 5479 3332 5524 et
3357 5469 3569 5540 Angelis
3613 5479 3663 5522 et
3688 5465 3928 5540 omnibus

2326 5538 2512 5592 sanctis
2540 5555 2570 5590 a
2601 5537 2710 5593 Deo
2740 5540 2989 5595 donatum
3009 5551 3102 5596 est.
3152 5541 3258 5597 Sed
3290 5537 3618 5596 conscientia
3649 5547 3814 5608 atque
3841 5537 3928 5592 in-

2326 5613 2426 5664 sita
2457 5609 2836 5690 nobis-divitia:
2863 5621 3080 5690 natura
3097 5613 3284 5667 notitia
3309 5628 3430 5690 _n_on
3475 5611 3607 5666 sinit
3633 5652 3649 5678 ,
3698 5617 3757 5664 ut
3784 5608 3933 5664 Deus

2329 5682 2885 5754 essenthtetveritate
2917 5684 3242 5754 intelligatur
3269 5682 3374 5738 nisi
3405 5697 3562 5754 unus.

2402 5749 2482 5826 (lt)
2510 5751 2682 5816 Editi,
2703 5754 2756 5826 _si
2793 5755 2937 5809 aliud
2964 5749 3113 5809 Deus
3129 5772 3232 5810 non
3263 5754 3432 5822 dolet,
3463 5751 3609 5808 aliud
3644 5751 3936 5826 inﬁrmus,

2336 5823 2438 5886 etc.
2471 5840 2484 5878 :
2524 5823 2879 5883 emendantur
2909 5843 2977 5882 ex
3005 5842 3140 5883 mss.
