4322 6248
468 297 580 359 401

1682 302 1770 360 DE
1809 298 2190 360 TRINITATE
2227 299 2436 358 LIBER
2475 301 2570 361 XI.

3711 317 3821 373 402

473 418 601 476 aliis
621 405 972 493 generatione
1005 428 1160 491 pater
1189 420 1429 478 creditur
1453 463 1470 490 ,
1499 420 1626 495 quia
1659 420 1736 492 (a)
1769 430 1826 477 et
1864 420 2094 477 univcr—
2117 424 2170 486 Α
2196 419 2267 476 sit
2295 420 2347 475 in
2378 425 2745 493 generatione
2786 429 2929 500 quod
2979 441 3133 504 pater
3180 445 3283 491 est.
3336 434 3644 493 Laudantes
3691 437 3816 509 qui—

475 529 670 572 sorum
698 521 851 587 pater
892 515 1038 571 Deus
1067 515 1160 571 sil.
1188 514 1306 572 Jam
1335 531 1499 588 porro
1520 516 1644 588 quis
1671 515 1910 586 ambiget
1936 524 2096 569 extra

478 607 648 664 ﬁdem
677 621 799 664 esse
829 647 845 673 ,
874 606 1143 678 quidquid
1168 614 1323 664 extra
1357 607 1517 664 fidem
1544 623 1703 663 unam
1735 606 1852 663 est?
1882 604 2009 676 quia
2041 604 2097 660 in

478 698 589 757 ﬁde
618 714 723 755 una
755 709 811 756 et
858 715 998 754 unus
1042 699 1302 755 Dominus
1348 700 1629 765 Christus,
1679 709 1733 755 et
1767 700 1909 757 Deus
1939 705 2099 768 pater

482 808 629 848 unus
654 794 744 848 sit.
778 791 930 850 Unus
954 803 1138 848 autem
1167 793 1428 850 Dominus
1448 792 1696 850 Christus
1717 809 1822 851 non
1848 792 2093 857 nomine,

476 884 576 941 sed
612 884 741 954 ﬁde,
771 883 850 958 (l)
872 884 952 957 (ὁ)
982 902 1121 941 unus
1151 895 1235 941 est
1261 885 1434 941 filius:
1467 887 1562 942 sed
1588 889 1631 941 si
1659 887 1801 943 Deus
1821 886 1915 950 sit,
1944 883 1991 940 si
2026 888 2101 939 in-

479 975 833 1033 detnutabilis
859 976 930 1032 sit
958 1014 991 1043 ,τ
1024 977 1074 1033 si
1119 990 1226 1034 n0u
1267 977 1554 1050 aliquando
1578 978 1811 1035 defuerit
1836 978 1924 1033 vel
1956 977 2099 1032 Deus

483 1085 613 1126 esse
644 1070 730 1126 vel
760 1069 947 1127 ﬁlius.-
970 1070 1073 1138 Qui
1123 1070 1286 1143 igitur
1328 1072 1485 1128 aliter
1514 1072 1789 1129 Christum
1817 1087 1982 1143 quam
2014 1081 2094 1127 est

481 1160 842 1233 praedicabit,
890 1160 963 1233 (c)
1016 1162 1071 1219 id
1113 1172 1201 1218 est
1222 1204 1238 1228 ,
1285 1178 1385 1220 nec
1416 1165 1584 1220 ﬁlium
1614 1179 1713 1220 nec
1738 1164 1907 1220 Deum
1938 1177 2094 1230 esse;

484 1254 658 1310 alium
703 1254 979 1310 Christum
1030 1255 1371 1327 praedicabit.
1420 1256 1528 1314 Sed
1580 1257 1659 1330 (ά)
1702 1271 1803 1312 nec
1839 1256 1893 1311 in
1939 1257 2098 1313 unius

477 1346 743 1418 baptismi
774 1346 882 1404 ﬁde
909 1362 1016 1403 una
1065 1359 1179 1404 est:
1226 1348 1351 1420 quia
1400 1350 1697 1406 secundum
1726 1347 2096 1419 Apostoiicam

479 1440 797 1496 doctrinam
844 1439 965 1511 ejus
1006 1440 1169 1496 unius
1193 1439 1448 1512 baptismi
1477 1443 1613 1500 ﬁdes
1640 1458 1744 1499 una
1771 1452 1897 1510 est,
1943 1443 2097 1515 cujus

481 1545 630 1586 unus
666 1529 933 1587 Dominus
960 1539 1017 1586 et
1044 1531 1142 1587 Dei
1164 1532 1239 1587 sit
1267 1532 1412 1590 ﬁlius
1439 1535 1724 1604 Christus,
1749 1544 1805 1590 et
1832 1538 1972 1593 Deus
1999 1538 2088 1594 sit.

538 1627 709 1700 376
724 1629 778 1683 3.
799 1626 1033 1682 Christus
1046 1630 1225 1700 negari
1228 1633 1348 1702 jam
1368 1633 1573 1702 nequit:
1586 1648 1700 1686 cur.
1724 1629 2097 1689 Prwdicandus

478 1729 559 1775 est
577 1719 750 1789 qualis
775 1719 880 1788 fide
899 1720 1149 1777 creditur.
1175 1751 1249 1763 —
1275 1721 1400 1779 Non
1422 1724 1572 1780 enim
1601 1724 1786 1795 negari
1804 1723 1914 1793 jam
1940 1725 2098 1783 Chri-

2199 512 2328 569 dem
2356 515 2558 572 merito
2591 518 2664 574 ita
2694 562 2711 589 ,
2741 531 2796 578 ut
2820 523 3044 596 dignum
3075 536 3181 594 est,
3230 529 3401 585 Deum
3429 537 3640 601 patrem
3669 571 3686 597 ,
3717 545 3815 583 na-

2199 614 2336 662 turze
2383 608 2593 665 scilicet
2640 628 2763 669 eum
2804 632 2927 674 esse
2954 619 3247 676 inaccessa:
3275 662 3292 689 ,
3343 622 3811 694 inconSpicabiiis,

2198 698 2556 769 inviolabilis,
2589 705 2994 773 inenarrabilis.
3025 710 3269 779 inﬁnita),
3301 714 3545 783 provida:
3571 755 3586 779 ,
3616 723 3815 786 polen-

2200 791 2294 856 πίε,
2325 790 2594 864 benignae,
2620 801 2857 870 mobilis,
2890 808 3331 873 transcurrentis,
3363 808 3635 864 manentis
3658 809 3802 863 intra

2199 894 2498 956 extraque,
2531 899 2589 945 et
2607 896 2788 951 omnia
2819 896 2871 950 in
2903 899 3154 955 omnibus
3181 902 3462 959 sentientis
3490 919 3503 955 :
3553 901 3647 958 sed
3678 917 3806 957 eum

2198 977 2464 1047 adjiciunt
2494 981 2563 1036 ad
2594 991 3111 1056 supereminentiam
3140 993 3337 1060 laudis,
3378 995 3554 1051 solum
3582 995 3809 1061 bonum,

2197 1070 2375 1128 solum
2414 1081 2720 1146 potentem,
2751 1081 2928 1138 solum
2959 1084 3346 1154 immortalem,
3379 1088 3503 1158 quis
3532 1102 3639 1144 non
3668 1087 3814 1144 hanc

2200 1164 2524 1235 religionem
2554 1167 2881 1230 laudationis
2921 1176 3190 1249 intelligat
3221 1194 3289 1234 eo
3323 1179 3545 1236 tendere
3569 1223 3585 1248 ,
3615 1191 3673 1236 ut
3702 1181 3815 1236 Do-

2200 1258 2384 1314 minus
2409 1257 2573 1317 Jesus
2616 1264 2865 1325 Christus
2912 1278 3063 1326 extra
3096 1271 3235 1328 hanc
3279 1271 3349 1345 (f)
3383 1272 3767 1331 beatitudinem
3796 1315 3813 1341 ,

2201 1365 2324 1423 qua:
2351 1350 2454 1406 soli
2484 1352 2602 1411 Deo
2632 1374 2731 1429 per
2759 1362 3131 1433 exceptionem
3157 1363 3329 1419 solius
3355 1362 3594 1420 defertur
3616 1366 3683 1421 ad
3713 1366 3813 1421 ho-

2201 1457 2415 1508 norem,
2450 1459 2678 1505 maneus
2709 1450 2825 1522 ipse
2853 1462 2908 1508 et
2936 1454 3181 1509 mortalis
3206 1463 3261 1510 et
3288 1456 3530 1513 inﬁrmus
3558 1465 3614 1513 et
3638 1456 3814 1513 malus

2199 1537 2294 1605 sit,
2324 1536 2449 1591 dum
2478 1539 2531 1595 in
2579 1542 2663 1597 bis
2689 1544 2848 1602 Pater
2871 1545 3023 1603 solus
3052 1548 3176 1603 est?
3232 1548 3301 1604 Et
3329 1549 3377 1604 ei
3410 1549 3612 1605 idcirco
3655 1560 3815 1606 natu-

2202 1631 2332 1688 ralis
2355 1631 2518 1707 377
2553 1651 2621 1693 ex
2651 1639 2765 1694 Deo
2795 1649 2946 1711 patre
2971 1642 3226 1698 uativitas
3245 1643 3545 1715 abnegatur
3574 1687 3589 1711 ,
3618 1662 3686 1702 ne
3714 1661 3813 1713 per

2198 1727 2606 1797 generationem
2637 1729 2717 1804 (g)
2747 1747 2810 1787 ea
2855 1734 2907 1788 in
2955 1749 3022 1789 eo
3070 1750 3190 1804 quzc
3241 1736 3502 1793 naturalis
3527 1737 3641 1794 Deo
3671 1738 3808 1809 patri

475 1822 600 1867 stus
625 1811 756 1882 quin
788 1809 1038 1866 Christus
1061 1812 1130 1867 sit
1158 1822 1379 1884 potest,
1428 1832 1611 1887 neque
1640 1816 1845 1874 mundo
1873 1820 2089 1889 ignora-
2120 1814 2170 1875 B
2196 1817 2476 1874 beatitudo
2501 1830 2587 1877 est
2611 1833 2827 1880 maneat
2861 1842 2876 1891 ;
2915 1825 3039 1897 quia
3088 1827 3338 1883 nativitas
3367 1828 3420 1884 in
3450 1836 3658 1886 natura:
3684 1829 3806 1900 ejus

475 1903 607 1961 bilis
655 1901 822 1959 efﬁci.
879 1904 1029 1959 llunc
1075 1909 1376 1976 prophetiae
1419 1909 1702 1967 volumina
1731 1911 2092 1983 consignant,

475 1997 628 2053 hunc
674 2004 974 2067 temporum
1024 1998 1108 2071 (2)
1162 2001 1404 2071 quotidie
1458 2002 1767 2073 proﬁciens
1819 2005 2098 2076 plenitudo
2178 2020 2183 2025 ‘

479 2098 717 2146 testatur
737 2133 753 2157 ,
802 2088 944 2145 hunc
970 2092 1346 2162 Apostolorum
1373 2104 1428 2151 et
1457 2094 1774 2170 Martyrum
1799 2112 1897 2169 per
1927 2101 2101 2156 virtu-

480 2196 603 2246 tum
634 2190 978 2261 Operationes
1002 2190 1290 2260 loquuntur
1314 2193 1562 2264 sepulcra
1586 2237 1604 2264 ,
1671 2194 1823 2252 hunc
1865 2205 2101 2268 potestas

480 2281 724 2340 nominis
753 2282 839 2337 sui
878 2281 1068 2352 probat
1090 2324 1105 2347 ,
1138 2282 1280 2339 hunc
1307 2284 1565 2343 immundi
1594 2288 1843 2361 spiritus
1872 2289 1942 2364 (ε)
1972 2305 2103 2347 con-

490 2379 719 2434 ﬁtentur
740 2416 757 2443 ,
786 2375 930 2433 hunc
958 2378 1262 2448 punitorum
1288 2377 1592 2437 daemonum
1632 2393 1906 2440 resonant
1933 2387 2104 2459 mugi-

487 2479 597 2526 tus.
631 2468 743 2526 Sed
769 2470 825 2526 in
849 2469 934 2527 his
957 2471 1204 2527 omnibus
1234 2471 1447 2527 virtutis
1467 2487 1582 2527 sum
1606 2474 1962 2547 dispensatio
1990 2488 2097 2535 est.

485 2567 763 2624 Cteterum
794 2565 902 2623 ﬁde
929 2578 1111 2622 nostra
1141 2566 1266 2623 talis
1290 2610 1306 2635 ,
1345 2570 1516 2638 qualis
1543 2582 1635 2629 est
1666 2614 1681 2637 ,
1719 2576 2102 2646 praedicandus

490 2670 614 2728 est;
647 2669 707 2716 ut
733 2676 843 2716 non
876 2660 1118 2729 nomine,
1147 2659 1243 2717 sed
1269 2660 1611 2720 confessione
1638 2707 1654 2731 ,
1689 2667 1745 2723 in
1776 2670 1944 2726 unius
1972 2671 2105 2742 bap-

492 2753 644 2809 tismi
676 2751 781 2809 lide
811 2767 937 2817 una,
967 2766 1105 2808 unus
1132 2753 1289 2808 nobis
1320 2753 1582 2812 Dominus
1606 2758 1716 2815 sit:
1751 2762 1876 2831 quia
1908 2778 2105 2819 secun-

490 2846 628 2903 dum
675 2859 844 2902 unum
890 2844 1175 2901 Dominum
1222 2843 1496 2903 Christum
1525 2890 1541 2915 ,
1592 2864 1735 2907 unus
1778 2852 1925 2910 Deus
1951 2865 2107 2927 pater

490 2949 601 2998 est.

516 3026 529 3046 ‘
568 3034 625 3090 4.
660 3034 842 3090 Ariani
866 3035 1032 3090 alium
1051 3032 1346 3103 Christum,
1389 3044 1446 3090 ut
1470 3036 1633 3091 alium
1672 3036 1884 3094 Putrem
1916 3042 2107 3113 prwdi-

493 3139 641 3186 cant.
671 3127 885 3184 Patrem
901 3128 1117 3184 subdole
1142 3128 1396 3184 extollunt
1425 3170 1441 3197 ,
1483 3145 1585 3201 quo
1612 3128 1811 3186 Filium
1836 3134 2101 3208 dejiciant.

2200 1911 2272 1967 sit
2293 1912 2513 1982 virtute,
2547 1915 2628 1987 (h)
2661 1931 2782 1987 qua:
2807 1920 3011 1987 genuit.

2273 2006 2308 2060 5
2352 2005 2492 2063 Filio
2523 2020 2580 2063 ut
2610 2010 2828 2081 imagini
2850 2013 3155 2066 conveniunt
3184 2014 3356 2067 omnia
3383 2030 3497 2086 qua:
3536 2013 3706 2070 Patri.
3734 2044 3809 2058 —-

2202 2099 2313 2158 Nec
2339 2102 2672 2173 apostolicis,
2705 2118 2805 2159 nec
2832 2103 3163 2175 cvangelicis
3183 2105 3653 2175 prmdicationibus
3673 2124 3805 2165 eru-

2204 2194 2323 2261 diti,
2355 2195 2424 2251 ad
2444 2194 2627 2266 impia:
2657 2195 3009 2266 professionis
3033 2212 3144 2253 sua:
3168 2198 3571 2269 usurpationem
3599 2203 3808 2273 magal-

2207 2288 2476 2346 ﬁceutiam
2526 2292 2625 2349 Dei
2666 2293 2854 2361 patris,
2901 2306 3009 2347 non
3056 2293 3329 2363 religionis
3368 2292 3506 2361 ﬁde,
3550 2295 3645 2351 sed
3692 2305 3810 2351 arte

2207 2385 2497 2455 impietatis
2524 2386 2825 2442 extollunt:
2869 2394 2927 2441 ut
2971 2385 3097 2441 dum
3140 2386 3583 2457 iucumparabilia
3627 2391 3808 2445 omnia

2207 2495 2331 2536 esse
2372 2489 2580 2538 natura:
2619 2479 2738 2552 ejus
2776 2481 3105 2548 edisserunt,
3146 2480 3432 2550 degeneris
3475 2481 3811 2553 inﬁrmisque

2210 2584 2417 2632 naturte
2442 2575 2781 2647 unigenitum
2812 2576 2979 2631 Deum
3005 2590 3100 2645 per
3127 2575 3499 2644 exceptionem
3525 2589 3812 2645 compara-

2204 2672 2366 2729 tionis
2388 2670 2690 2726 afﬁrment:
2731 2668 2899 2725 Deum
2924 2667 3149 2741 (supple,
3180 2667 3420 2740 inquam)
3454 2667 3684 2724 viventis
3712 2668 3814 2725 Dei

2207 2766 2382 2822 vivam
2414 2763 2701 2834 imaginem
2721 2804 2736 2827 ,
2769 2769 2825 2817 et
2863 2762 3034 2817 beatae
3064 2770 3270 2816 naturae
3300 2760 3666 2832 plenissimam
3698 2761 3813 2818 fur-

2211 2872 2374 2922 mam,
2404 2865 2457 2911 et
2494 2852 2828 2910 innascibilis
2854 2852 3171 2908 substantia:
3199 2852 3524 2924 unigenitum
3554 2853 3811 2909 nativita-

2212 2958 2319 3005 tem
2352 2963 2511 3020 :qu:e
2531 2945 2634 3001 nisi
2653 2944 2942 3017 perfectam
2975 2951 3213 3014 paternte
3233 2943 3586 3013 beatitudinis
3618 2945 3680 3018 (i)
3708 2944 3810 3001 ha-

2212 3041 2303 3097 bet
2348 3040 2613 3113 gloriam,
2681 3047 2736 3096 et
2785 3037 3085 3095 absolutam
3132 3047 3340 3095 natura:
3410 3039 3574 3095 totius
3642 3042 3813 3098 refert

2209 3135 2469 3206 speciem,
2502 3146 2608 3188 non
2636 3140 2721 3188 est
2753 3133 2807 3187 in
2852 3131 3099 3201 imaginis
3135 3131 3383 3188 veritate.
3425 3130 3483 3188 Si
3514 3142 3694 3190 autem
3725 3133 3809 3190 in-

500 3251 579 3265 ——
608 3219 717 3277 Sed
760 3234 907 3277 nunc
950 3219 1003 3275 hi
1052 3219 1177 3277 novi
1202 3217 1402 3277 Christi
1443 3221 1869 3291 praedicatores,
1916 3236 2111 3284 cuncta
2138 3224 2186 3286 C
2225 3227 2499 3285 nascibilis
2528 3227 2625 3283 Dei
2653 3226 2955 3296 unigenitus
3000 3226 3142 3283 Deus
3172 3226 3348 3297 imago
3383 3234 3504 3293 est,
3551 3225 3811 3296 perfecta:

498 3313 749 3386 negando
796 3330 919 3386 qua:
966 3311 1169 3370 Christi
1204 3321 1370 3381 sunt,
1422 3315 1587 3371 alium
1629 3316 1919 3375 Dominum
1946 3321 2106 3378 Chri—

500 3418 646 3464 stum
695 3408 852 3463 sicuti
900 3407 1066 3462 alium
1115 3406 1281 3462 Deum
1335 3414 1540 3477 patrem
1591 3407 1889 3478 praedicant
1932 3415 2103 3484 :quia

498 3517 677 3571 neque
704 3501 789 3557 hic
812 3501 1085 3573 genuerit,
1116 3501 1210 3557 sed
1241 3501 1547 3568 creaverit;
1601 3518 1778 3575 neque
1820 3505 1914 3563 ille
1943 3517 2104 3567 natus

498 3597 609 3658 sit.
646 3595 743 3651 sed
770 3602 989 3652 creatus
1012 3594 1087 3650 sit
1113 3635 1129 3657 .
1182 3600 1239 3649 et
1265 3609 1365 3666 per
1389 3591 1439 3648 id
1469 3604 1618 3650 extra
1641 3597 1926 3653 veritatem
1956 3598 2105 3657 Deus

497 3691 750 3748 Christus
779 3689 871 3755 sit,
899 3689 987 3745 cui
1016 3703 1124 3744 non
1153 3688 1222 3742 sit
1249 3702 1314 3742 ex
1341 3687 1625 3745 nativitate
1647 3690 1790 3760 quod
1818 3692 1963 3747 Deus
1985 3704 2100 3762 est;

502 3791 561 3842 et
585 3793 738 3841 extra
768 3781 893 3839 ﬁdei
918 3778 1310 3837 conscientiam
1340 3780 1486 3835 Deus
1515 3790 1668 3849 pater
1713 3781 1784 3836 sit
1809 3823 1826 3849 ,
1875 3781 1964 3839 eui
1990 3798 2103 3844 non

573 3921 653 3999 (i)
688 3921 834 3979 Unus
858 3928 953 3989 est,
975 3918 1021 3977 si
1058 3917 1199 3992 ﬁlius
1218 3919 1306 3986 sit,
1338 3918 1381 3972 si
1414 3914 1554 3971 Deus
1578 3916 1663 3973 sit.

576 4041 658 4113 (a)
687 4039 811 4096 llmc
833 4037 981 4113 ratio
998 4051 1107 4092 non
1149 4033 1214 4090 ad
1248 4033 1595 4113 proximum,
1629 4031 1723 4113 scil
1752 4032 1819 4087 ad
1852 4034 2108 4113 superius

500 4103 803 4170 membrum
847 4110 1081 4178 pertinet
1106 4124 1120 4160 :
1153 4113 1211 4161 ut
1237 4103 1361 4160 cum
1386 4103 1648 4178 catholici
1675 4103 1849 4178 Deum
1877 4106 2109 4163 credant

502 4199 626 4241 esse
655 4173 860 4254 patrem
886 4180 957 4235 oh
983 4178 1386 4254 generationem
1436 4173 1550 4240 ﬁlii,
1603 4175 1787 4254 Ariani
1834 4176 1936 4230 hoc
1982 4192 2109 4234 cum

502 4248 723 4312 nomine
768 4248 1090 4309 duuent‘ob
1132 4255 1451 4321 potestatem
1504 4260 1606 4316 qua
1659 4248 1913 4302 universa
1976 4262 2110 4303 con-

503 4328 662 4384 didit.

581 4397 755 4471 (tritta
786 4396 894 4451 duo
920 4392 1109 4471 optimi
1142 4405 1272 4471 mss.
1301 4388 1609 4471 Colli._cttm
1640 4387 1824 4445 Germ.
1845 4468 1851 4471 Α
1875 4399 1945 4471 (ει.
1973 4389 2108 4471 ξρν-

504 4459 648 4527 Βοὶιί
666 4469 721 4524 lu
751 4459 972 4523 ca-tcris'
1002 4475 1180 4520 autem
1210 4469 1265 4517 et
1290 4459 1437 4534 apud
1465 4460 1596 4514 Bad.
1625 4476 1758 4534 unus
1780 4468 1879 4525 est,
1901 4461 1946 4515 si
1966 4462 2108 4531 ﬁlius

504 4544 614 4607 sit,
645 4542 689 4596 si
734 4538 871 4593 Deus
900 4542 963 4592 sit
987 4581 1004 4605 ,
1033 4545 1138 4607 etc:
1174 4537 1241 4590 At
1270 4530 1389 4596 Ern,
1416 4532 1562 4600 Lips.
1584 4541 1651 4607 Aet
1680 4530 1804 4607 Par‘.
1836 4541 2068 4607 unusst
2087 4574 2105 4600 ,

508 4601 729 4683 tuncque
756 4601 1007 4666 Dominus
1027 4620 1073 4663 et
1100 4606 1244 4662 Deus
1271 4619 1471 4673 semper
1490 4612 1539 4656 et
1566 4602 1706 4675 ﬁlius
1746 4601 1848 4670 sit,
1889 4603 1935 4656 si
1965 4601 2108 4658 Deus

506 4686 596 4745 sit.
619 4696 724 4740 etc.

583 4755 654 4829 (c)
684 4754 823 4829 Etliti
855 4759 1081 4829 excepto
1107 4748 1237 4805 Bad.
1269 4748 1406 4829 idern
1427 4788 1442 4809 .
1474 4760 1571 4829 pro
1609 4745 1797 4829 id‘est:
1831 4759 2105 4829 perverse.

582 4816 663 4899 (α’)
694 4827 747 4880 iu
779 4816 1016 4899 vulgatis
1035 4865 1051 4885 .
1083 4838 1175 4899 nec
1199 4821 1352 4899 unius
1383 4818 1622 4899 ραι)ςὶεηί
1641 4816 1772 4887 βάρι
1795 4832 1921 4899 up“.
1972 4816 2108 4899 “9c-

508 4889 618 4954 tius
647 4900 698 4953 in
727 4889 981 4952 mss.nec
1001 4896 1053 4948 in
1081 4895 1231 4947 unius
1260 4889 1499 4960 baptismi
1522 4889 1626 4959 [ide
1649 4903 1752 4942 una
1776 4895 1867 4948 est.
1894 4889 2106 4959 supple,

507 4972 601 5041 qui
628 4967 902 5041 Christum
926 4966 1083 5041 aliter
1110 4964 1445 5041 prmdicahit.

581 5038 654 5112 (ei)
681 5040 928 5112 Siemss.
966 5039 1035 5091 At
1063 5027 1579 5112 editi,_proﬁtentur.
1622 5027 1754 5098 Quae
1781 5044 1967 5112 coram
1996 5031 2106 5112 Re-

510 5101 696 5183 liquiis
721 5110 821 5168 SS.
854 5108 1097 5183 Gervasii
1141 5114 1197 5183 et
1230 5101 1457 5183 Protasii
1484 5104 1791 5183 daemonum
1836 5101 2108 5183 confessio

511 5174 713 5247 fuerit,
762 5180 1082 5237 testiﬁcatur
1128 5176 1449 5247 Ambrosius
1475 5174 1631 5244 epist.
1661 5186 1802 5247 nunc
1831 5186 1963 5247 xxii,
2014 5174 2103 5228 ubi

510 5271 634 5313 cum
676 5244 902 5309 dixisset
950 5267 1100 5305 num.
1149 5249 1250 5305 16:
1303 5245 1371 5300 Et
1412 5263 1548 5301 nunc
1572 5244 1792 5299 audistis
1830 5246 2108 5299 clamantes

509 5330 767 5399 dmnones
784 5369 801 5395 ,
854 5335 901 5380 et
931 5324 1227 5399 confitentes
1258 5318 1571 5399 MAartyribus
1607 5316 1744 5399 quod
1770 5319 2108 5399 poenas-ferre

508 5386 867 5470 nonpossint;
901 5386 1083 5465 adjicit
1116 5408 1265 5470 num.
1294 5390 1361 5445 21
1381 5386 1416 5470 ¹ε’
1436 5386 1734 5470 Audiuimus
1762 5387 1912 5441 hodie
1932 5386 2107 5441 dicen-

509 5481 585 5527 tes
611 5458 718 5533 eos,
748 5458 933 5541 quihus
963 5458 1143 5541 manus
1167 5462 1543 5541 intponeqatur,
1559 5458 1813 5541 neminem
1826 5474 1985 5541 posse
1998 5475 2107 5513 esse

509 5528 734 5604 salvum.
761 5528 866 5594 'nisi
891 5539 976 5609 qui
1003 5539 1056 5591 in
1079 5528 1347 5609 patrentet
1370 5530 1568 5609 Filium
1589 5539 1639 5584 et
1653 5528 1921 5609 §mritunt
1952 5545 2102 5584 sanc-

510 5625 624 5671 tum
645 5599 944 5668 credidisset
970 5652 986 5674 ,
1014 5599 1122 5665 etc.
1184 5605 1321 5659 Dicit
1345 5603 1616 5657 diabolus:
1645 5599 1735 5674 Sic
1763 5609 2057 5674 torqueatur
2081 5642 2098 5666 ,

507 5683 942 5760 quaeduedum
968 5672 1134 5760 ipse."
1153 5675 1479 5760 iterth
1506 5672 1869 5760 ιρτφίεβςιιξεξέ
1895 5672 2098 5760 ιιειίλτες

505 5742 601 5831 ἀρε
928 5742 1102 5831 eme
1130 5742 1467 5831 divim'tetet'e
1504 5742 2099 5831 Es‘hosﬁitiriitoso

506 5811 727 5896 ﬁlioque
755 5836 861 5879 non
885 5820 1063 5879 minus
1089 5819 1361 5877 luculento
1397 5813 1592 5872 libriin
1623 5811 1926 5881 Constant...
1953 5825 2005 5868 η.
2039 5811 2095 5873 8,

2134 4795 2190 4857 D

2215 3330 2377 3394 atque
2402 3320 2661 3376 absolutae
2684 3320 2737 3375 in
2763 3333 2830 3376 eo
2858 3326 3061 3375 natura:
3091 3317 3294 3374 veritas
3320 3319 3494 3387 inest,
3519 3334 3617 3390 per
3643 3336 3810 3391 quam

2207 3415 2441 3471 efficitur
2464 3428 2587 3470 esse
2609 3427 2733 3468 eum
2759 3409 3042 3483 imaginem
3068 3410 3328 3466 veritatis.
3364 3411 3564 3468 Potens
3589 3421 3674 3468 est
3704 3412 3804 3469 Pa-

2213 3515 2330 3563 ter:
2378 3504 2474 3562 sed
2522 3505 2567 3562 si
2616 3503 2860 3560 inﬁrmus
2902 3512 2986 3559 est
3027 3502 3211 3570 Filius,
3241 3505 3418 3574 imago
3435 3503 3545 3575 jam
3571 3521 3679 3560 non
3720 3515 3806 3562 est

2212 3600 2467 3672 potentis.
2498 3598 2677 3654 Bonus
2704 3604 2787 3654 est
2817 3596 2974 3654 Pater
3000 3615 3013 3652 :
3048 3597 3143 3654 sed
3171 3598 3217 3653 si
3263 3598 3313 3652 in
3364 3596 3566 3653 diversi
3590 3598 3810 3668 generis

2211 3693 2493 3750 divinitate
2525 3691 2692 3748 Filius
2721 3701 2825 3755 est,
2857 3691 2983 3747 boui
3007 3691 3294 3763 imaginem
3323 3690 3452 3746 mali
3476 3699 3666 3746 natura
3695 3708 3806 3748 non

2212 3786 2407 3844 reddit.
2447 3786 2800 3858 Incorporeus
2839 3783 3001 3840 Pater
3037 3793 3161 3839 est:
3208 3781 3255 3839 si
3286 3780 3460 3838 Filius
3504 3783 3808 3843 secundum

2291 3923 2372 3998 (2)
2400 3921 2600 3979 Cotidie
2626 3908 2882 3978 scribitur
2909 3933 3123 3991 semper
3149 3919 3202 3975 in
3229 3932 3335 3973 ms.
3363 3926 3569 3975 nostro.

2218 4038 2563 4111 convincitur
2598 4036 2871 4095 Scultetus
2915 4035 3175 4111 adversus
3204 4035 3591 4111 Bgllarminuni
3617 4053 3808 4111 perpe-

2220 4124 2335 4165 ram
2362 4108 2776 4176 excandescere,
2806 4108 2949 4177 quod
2975 4106 3064 4164 ille
3086 4107 3228 4178 pium
3252 4107 3537 4165 Ductorem
3562 4106 3808 4168 nostrum

2215 4180 2394 4236 cultus
2443 4180 2781 4251 Sanctorum,
2809 4187 3003 4234 testem
3056 4194 3119 4234 ac
3164 4185 3453 4251 patronum
3478 4180 3808 4244 adhibuerit.

2219 4251 2296 4307 Ex
2322 4260 2550 4322 utroque
2574 4253 2719 4307 enim
2753 4250 2940 4321 liquet,
2970 4264 3151 4322 sacras
3170 4250 3559 4322 Apostolorum
3583 4269 3646 4309 ac
3667 4254 3810 4311 Mar.

2213 4330 2393 4394 tyrum
2423 4321 2695 4394 Reliquias
2720 4336 2824 4394 non
2854 4323 3016 4378 modo
3044 4321 3278 4378 ﬁdelium
3319 4324 3469 4379 cultu
3495 4367 3510 4388 ,
3557 4325 3652 4380 sed
3686 4342 3811 4382 cre-

2212 4392 2327 4449 bris
2350 4411 2378 4447 a
2410 4395 2524 4451 Deo
2552 4392 2825 4449 miraculis
2856 4395 3020 4449 fuisse
3043 4393 3352 4450 honoratas.
3380 4396 3486 4451 Sed
3511 4397 3654 4464 quod
3679 4402 3807 4454 Am-

2214 4464 2428 4535 brosius
2455 4467 2616 4535 epist.
2646 4464 2739 4529 22,
2769 4464 2956 4521 relatis
2972 4465 3273 4535 daemonum
3300 4469 3583 4524 tormentis
3602 4478 3660 4524 et
3678 4484 3809 4525 con-

2211 4534 2451 4593 fessione
2492 4534 2675 4592 coram
2729 4535 2988 4603 Rcliquiis
3027 4534 3127 4591 SS.
3179 4535 3422 4592 Gervasii
3454 4547 3508 4591 et
3532 4537 3760 4594 Protasii
3788 4582 3804 4603 ,

2209 4617 2394 4663 contra
2417 4608 2737 4663 Arianorum
2761 4606 3107 4676 pertinaciam
3136 4609 3210 4660 ait
3238 4624 3294 4661 η.
3322 4606 3431 4664 9.2:
3465 4606 3582 4662 Non
3610 4611 3811 4676 accipio

2209 4697 2243 4735 a
2279 4679 2485 4735 diabolo
2516 4681 2885 4742 testimonium,
2914 4678 3004 4734 sed
3016 4679 3411 4747 'confessionem.
3441 4676 3645 4733 Invitus
3674 4682 3809 4737 dixit

2212 4751 2447 4824 diabolus
2467 4794 2481 4818 ,
2522 4752 2614 4805 sed
2643 4760 2847 4824 exactus
2872 4760 2919 4804 et
2951 4760 3139 4824 tortus.
3158 4747 3566 4824 Ceditdiabolus
3599 4751 3769 4824 plagis
3788 4792 3808 4820 ,

2215 4832 2261 4878 et
2292 4822 2464 4877 adhuc
2490 4825 2669 4878 cedere
2702 4823 2933 4876 nesciunt
2958 4820 3174 4886 Ariani;
3215 4821 3370 4876 facile
3406 4832 3490 4878 est
3516 4821 3567 4876 in
3597 4820 3814 4878 Sculte-

2219 4901 2329 4949 tum
2362 4893 2587 4966 ejusque
2618 4894 2912 4949 imitatores
2939 4902 3317 4963 contorquere.

2283 4985 2351 5060 (i)
2399 4985 2660 5060 Erasmus
2713 4985 2897 5060 nescio
2943 4985 3808 5060 quo_auetoritate_hieaddidit,

2210 5056 2621 5128 corporationis;
2650 5058 2805 5125 cujus
2834 5056 2955 5111 ioeo
2983 5056 3182 5128 deinde
3206 5058 3387 5127 posuit
3405 5058 3641 5128 Lipsius.
3670 5074 3814 5113 com-

2210 5130 2516 5199 parationis.
2564 5127 2829 5199 Neutrum
2880 5127 3199 5199 vocabulum
3247 5135 3423 5199 exstat
3471 5127 3524 5183 in
3579 5129 3709 5185 Bad.
3756 5138 3813 5185 et

2210 5196 2342 5255 mss.
2368 5213 2544 5270 neque
2569 5197 2735 5270 debet
2758 5207 2996 5254 exstare.
3025 5196 3310 5253 Beatiiudo
3339 5198 3428 5254 hic
3455 5199 3808 5270 signiﬁcatur,

2213 5285 2335 5342 quae
2359 5269 2467 5326 sita
2486 5270 2557 5326 sit
2583 5269 2637 5324 in
2662 5270 2899 5325 bonitate
2920 5307 2936 5329 .
2967 5270 3231 5337 potentia,
3258 5269 3681 5334 immortalitate,
3705 5280 3814 5327 etc.

2288 5362 2371 5437 (gl
2395 5363 2537 5419 Editi
2559 5405 2588 5437 ,_
2605 5381 2667 5421 ea
2691 5379 2807 5436 qua
2829 5367 2885 5437 in
2916 5377 2975 5416 eo
3013 5365 3303 5420 naturalis:
3330 5373 3445 5437 tum
3473 5364 3605 5421 Bad.
3634 5373 3688 5437 et
3715 5362 3812 5437 Er.

2215 5434 2327 5489 Ded
2352 5444 2515 5506 patre.
2567 5434 2713 5507 Lips.
2755 5447 2812 5493 et
2853 5436 2976 5491 Par.
3021 5437 3085 5490 de
3112 5446 3275 5509 patre.
3319 5436 3816 5509 Meliorest‘leetio

2211 5521 2373 5581 quam
2397 5521 2715 5581 revocamus
2746 5523 2779 5564 e
2814 5520 2948 5581 mss.
2986 5506 3215 5581 quorum
3245 5509 3300 5581 in
3331 5507 3608 5581 nonnullis
3633 5506 3815 5578 legere

2211 5589 2298 5633 est
2328 5577 2423 5633 Dei
2446 5579 2628 5648 patris.
2664 5593 2769 5634 non
2803 5578 2913 5636 Deo
2939 5577 3105 5656 patri:
3137 5580 3279 5635 haud
3309 5580 3418 5635 alio
3445 5594 3631 5636 sensu.

2281 5667 2549 5749 _Solus
2575 5668 2745 5749 codex
2767 5668 2890 5749 Eat.
2922 5673 3039 5749 bas.
3068 5673 3155 5745 qui
3173 5672 3367 5749 genuit.

2194 5754 2201 5761 ·
2232 5814 2237 5815 γ
2280 5738 2346 5815 (ἦ
2375 5740 2448 5795 Ita
2480 5753 2581 5794 ms.
2626 5738 2695 5795 At
2721 5741 2873 5811 editi,
2917 5738 3097 5800 habent
3133 5738 3448 5800 mitioitatem
3481 5751 3601 5799 et...
3630 5742 3822 5815 referat

2198 5811 2441 5881 ginem».
