4322 6248
541 281 646 337 405

1774 277 2019 334 SANCTI
2062 279 2172 334 “"1
2186 280 2318 336 \Rll
2359 280 2661 338 EPISCDPI

3739 283 3841 340 ωε

543 397 800 469 Spiritum
832 397 1272 468 circumscriptus
1297 405 1380 450 est
1401 409 1656 466 corpore,
1680 395 1792 466 jam
1825 396 2136 466 incorporei
2163 400 2209 462 Α
2237 401 2444 455 teratur
2471 421 2483 456 :
2509 411 2566 456 nt
2597 403 2705 457 illic
2733 404 2932 460 veritas
2956 403 3274 472 reperiatur,
3307 403 3396 457 tibi
3425 415 3670 471 negatur.
3715 409 3844 472 Quze

541 510 646 547 non
675 501 760 549 est
784 495 957 548 forma
980 505 1276 563 corporeus
1301 491 1319 561 (
1341 489 1463 545 Vid.
1495 491 1532 544 ι.
1561 505 1677 553 vni.
1707 507 1760 544 n.
1791 488 1916 562 48).
1949 489 2144 544 lnetfa-

543 590 669 645 bilis
697 589 857 643 Pater
886 598 970 643 est
996 605 1008 640 :
1055 588 1098 640 si
1133 587 1301 640 tilium
1331 599 1512 640 sermo
1542 584 1956 652 complectitur,
1989 593 2146 639 extra

543 680 833 752 imaginem
864 688 947 733 est
984 677 1364 733 inenarrabilis
1393 687 1583 732 natura
1613 675 1924 732 narrabilis.
1969 675 2145 732 Verus

545 773 685 828 Deus
715 781 798 826 est
822 769 984 824 Pater
1011 787 1027 827 ε
1055 771 1099 824 si
1123 770 1292 824 Filius
1315 770 1366 824 in
1388 769 1480 824 Dei
1507 768 1744 823 falsitate
1766 777 1870 834 est,
1897 767 2006 838 jam
2035 781 2142 823 non

540 875 625 922 cst
655 864 762 919 veri
795 862 973 933 imago
998 863 1088 933 qtti
1121 862 1286 918 falsus
1311 872 1417 919 est.
1448 862 1565 918 Non
1593 878 1656 917 ex
1679 871 1832 934 parte
1855 861 2144 932 imaginem

543 972 717 1027 neque
746 971 810 1010 ex
837 955 1084 1024 portione
1114 955 1342 1010 fortnam
1371 971 1492 1010 eum
1516 955 1612 1010 Dei
1635 954 1928 1024 Apostolus
1952 954 2148 1025 praedi-

543 1057 660 1103 cat:
691 1047 785 1103 sed
814 1049 1099 1119 imaginem
1127 1062 1250 1104 esse
1266 1063 1389 1104 eum
1415 1047 1507 1102 Dei
1532 1047 1818 1103 invisibilis
1839 1055 1894 1102 et
1916 1047 2144 1102 formam

541 1157 662 1197 csse
703 1158 825 1195 cum
855 1141 950 1196 Dei
979 1142 1054 1212 (a)
1076 1141 1308 1212 loquitur
1332 1141 1556 1210 (Coloss.
1590 1156 1629 1206 ι,
1663 1139 1776 1212 15).
1820 1141 1936 1195 Νοη
1969 1149 2146 1210 potest

543 1233 851 1304 expressius
883 1234 931 1288 in
967 1233 1076 1286 tilio
1120 1234 1213 1287 Dei
1244 1232 1540 1287 divinitatis
1571 1243 1760 1286 natura
1788 1232 1860 1286 ab
1885 1230 2146 1301 Apostolo

545 1328 849 1399 praedicari,
883 1325 960 1399 (ὁ)
985 1341 1144 1396 quam
1171 1326 1236 1380 ad
1282 1327 1335 1380 id
1357 1367 1370 1392 ,
1413 1325 1557 1395 quod
1589 1324 1857 1380 invisibile
1896 1325 1988 1379 Dei
2025 1331 2144 1390 est,

545 1420 832 1475 invisibilis
862 1420 956 1474 Dei
991 1421 1165 1490 imago
1195 1419 1266 1474 sit
1291 1418 1578 1474 Christus:
1606 1417 1694 1487 qui
1723 1418 1909 1488 utique
1931 1417 1986 1472 in
2019 1417 2147 1472 sub-

543 1513 737 1567 stantia
769 1509 848 1584 (1)
879 1511 949 1583 (c)
979 1511 1328 1581 conspicabili
1359 1510 1649 1581 imaginem
1678 1517 1885 1564 natura:
1905 1508 2148 1564 invisibi-

542 1606 608 1660 lis
639 1621 742 1658 non
773 1603 1020 1658 referret.

617 1697 668 1752 6.
705 1696 833 1765 Quae
853 1696 1072 1750 hominis
1088 1707 1224 1764 sunt,
1249 1697 1454 1767 rapiunt
1474 1696 1544 1749 ad
1569 1695 1816 1769 injuriam
1835 1694 2008 1749 Verbi.
2029 1693 2148 1750 Na-

2249 495 2394 548 enim
2440 495 2756 566 simpliciter
2800 506 2850 552 et
2904 495 2970 550 ad
3017 495 3376 550 eruditionem
3422 494 3545 553 ﬁdei
3585 496 3846 554 divinitus

2249 586 2390 640 dicta
2421 594 2566 652 sunt,
2592 602 2814 642 necesse
2843 597 2924 644 est
2957 587 3027 641 ita
3055 587 3198 642 dicta
3243 587 3370 652 sint,
3409 597 3469 641 ut
3511 590 3578 642 ad
3617 587 3670 644 id
3702 589 3843 659 quod

2247 677 2390 731 dicta
2409 687 2552 746 sunt,
2586 693 2690 733 non
2713 679 3014 735 alienorum
3032 688 3194 749 atque
3214 681 3555 735 extrinsecus
3575 679 3844 736 dictorum

2245 768 2637 825 conﬁrmentur
2665 771 2948 840 exemplis.

2320 859 2374 915 8.
2405 859 2680 929 Inﬁt-munt
2707 862 2904 928 volunt,
2937 863 3020 917 cui
3044 862 3178 916 idem
3202 879 3263 916 nc
3283 862 3428 918 nobis
3450 862 3589 920 Deus
3609 875 3658 920 et
3679 875 3844 935 pater,

2247 952 2331 1006 cui
2376 953 2440 1006 sit
2484 953 2764 1026 subjectus.
2809 983 2884 996 -—
2931 954 3077 1009 Inter
3106 965 3330 1009 caeteras
3359 957 3502 1011 enim
3546 957 3847 1026 impietates

2249 1058 2376 1098 suas
2405 1045 2566 1099 etiam
2589 1044 2692 1099 hoc
2717 1045 2860 1100 dicto
2882 1045 3094 1100 Domini
3118 1045 3195 1101 uti
3219 1047 3456 1102 lticrctici
3476 1048 3654 1103 solent
3683 1067 3695 1102 ε
3735 1049 3846 1103 Ad-

2249 1139 2440 1192 scendo
2471 1139 2541 1192 ad
2564 1149 2759 1206 patrem
2789 1155 2955 1193 meum
2997 1149 3043 1194 et
3075 1140 3143 1193 ad
3171 1149 3368 1211 patrem
3397 1151 3638 1208 vestrum,
3685 1153 3732 1196 rt
3782 1145 3850 1198 ad

2249 1229 2416 1286 Deum
2442 1247 2611 1284 meum
2654 1239 2702 1284 et
2751 1231 2817 1285 ad
2844 1229 3011 1286 Deum
3042 1240 3263 1287 vestrum
3289 1232 3471 1305 (Ionii.
3503 1247 3597 1298 trs,
3633 1235 3756 1301 i7):
3783 1245 3840 1292 nt

2249 1337 2349 1392 per
2381 1323 2455 1389 id,
2489 1323 2633 1392 quod
2662 1332 2812 1392 pater
2841 1325 2961 1393 ejus
2989 1333 3144 1394 pater
3169 1337 3356 1380 eorum
3382 1333 3538 1381 estet
3561 1327 3702 1383 Deus
3732 1329 3849 1399 ejus

2251 1417 2396 1473 Deus
2425 1431 2610 1471 corum
2638 1426 2747 1484 est,
2782 1417 2834 1472 in
2859 1426 3046 1473 natura
3077 1419 3172 1473 Dei
3197 1431 3303 1475 non
3327 1421 3399 1474 sit
3425 1439 3438 1474 :
3475 1423 3599 1476 dum
3624 1422 3724 1479 hoc
3745 1439 3850 1480 cm-

2253 1509 2386 1566 teris
2431 1509 2716 1579 proﬁtetur
2755 1510 2924 1565 Deum
2971 1520 3178 1582 patrem
3227 1527 3370 1580 esse,
3417 1515 3559 1583 quod
3599 1517 3699 1572 sibi
3744 1519 3850 1584 sit;

2251 1610 2502 1658 cessante
2532 1601 2812 1673 privilegio
2841 1603 2893 1658 in
2915 1605 3300 1662 communione
3327 1614 3383 1662 et
3415 1618 3622 1664 natura:
3645 1619 3702 1665 et
3719 1612 3857 1666 nati-

2254 1693 2458 1760 vitatis,
2509 1709 2606 1765 per
2643 1710 2803 1764 quam
2847 1705 2902 1750 et
2944 1696 3089 1758 Deus
3131 1700 3203 1751 sit
3237 1707 3414 1765 natus,
3465 1709 3518 1756 et
3563 1700 3733 1756 Filius
3767 1703 3856 1759 sil.

548 1799 675 1846 turre
701 1790 920 1859 duplicis
944 1791 1266 1846 distinctione
1288 1790 1450 1844 diluta
1488 1800 1608 1844 sunt
1639 1791 1882 1844 hactenus
1927 1790 2146 1862 objecta.
2180 1789 2228 1849 Β
2257 1785 2499 1840 Teneant
2545 1802 2760 1858 quoque
2803 1789 2964 1843 etiam
3013 1789 3144 1843 illud
3184 1790 3428 1860 Apostoli
3457 1811 3471 1847 :
3519 1792 3859 1860 Carnuntem

549 1885 737 1940 --Sed
754 1896 807 1938 ttt
829 1884 1194 1955 superioribus
1218 1884 1370 1938 libris
1384 1882 2150 1952 docnimus,dispensationem

549 1980 811 2048 :tssumpti
838 1979 1082 2049 corporis
1100 1977 1314 2046 rapiunt
1341 1975 1406 2031 ad
1429 1976 1810 2032 contumeliam
1833 1975 2151 2031 divinitatis:

555 2081 610 2125 et
639 2069 929 2140 impietatis
956 2083 1147 2124 causas
1195 2068 1460 2138 arripiunt
1509 2068 1576 2122 de
1606 2068 1794 2122 salutis
1836 2080 2036 2123 nostrm
2064 2082 2153 2124 sa-

555 2174 854 2226 cramento,
883 2163 984 2231 Qui
1008 2163 1051 2215 si
1074 2161 1384 2232 apostolica:
1423 2161 1548 2216 iidci
1575 2171 1789 2217 tenaces
1819 2173 2022 2225 essent,
2071 2163 2154 2218 in-

555 2256 860 2326 telligerent
889 2271 1011 2310 eum
1034 2297 1048 2322 ,
1088 2255 1178 2325 qui
1210 2256 1262 2309 in
1287 2253 1455 2309 forma
1490 2254 1584 2309 Dei
1607 2263 1774 2317 esset,
1797 2255 2157 2324 assumpsisse

554 2347 718 2418 378
754 2348 978 2402 formam
1003 2347 1178 2411 servi;
1209 2361 1384 2416 neque
1411 2347 1642 2402 formam
1672 2348 1816 2402 servi
1837 2358 2160 2418 usurparent

555 2423 633 2511 (ά)
663 2442 726 2496 ad
749 2441 935 2494 formae
955 2439 1480 2496 Deideltonestatem
1498 2482 1513 2502 .
1547 2441 1852 2495 cumiorma
1873 2440 1965 2496 Dei
1985 2440 2153 2511 pleni-

562 2532 800 2586 tudinem
823 2531 874 2584 itt
899 2546 956 2585 se
974 2533 1065 2585 Dei
1083 2531 1422 2586 contineret:
1451 2541 1638 2600 etquae
1652 2543 1834 2587 essent
1854 2541 2157 2603 temporum

555 2641 618 2680 ac
655 2626 992 2696 mysterium,
1020 2623 1090 2698 (e)
1119 2625 1201 2695 pia
1231 2625 1440 2682 ratione
1467 2633 1784 2692 tractarent,
1819 2638 1873 2682 ut
1905 2642 2005 2682 nec
2029 2642 2160 2684 cou-

559 2718 832 2774 tumeliam
873 2716 1127 2774 divinitas
1151 2718 1474 2787 susciperet,
1508 2733 1606 2776 nec
1633 2719 1969 2790 diSpensatio
1995 2721 2158 2777 affer-

556 2817 639 2864 ret
668 2823 931 2862 errorem.
965 2807 1072 2862 Sed
1101 2809 1384 2876 omnibus,
1421 2818 1475 2863 ttt
1507 2809 1780 2876 existimo,
1806 2809 1914 2880 jam
1946 2826 1974 2864 a
2003 2811 2160 2867 nobis

558 2902 964 2957 absolutissimc
986 2901 1393 2967 demonstratis,
1424 2912 1478 2958 et
1506 2904 1608 2958 sub
1629 2905 1888 2972 assumpti
1914 2905 2160 2974 corporis

559 2992 840 3046 nativitate
867 2991 1069 3045 divina:
1101 2998 1306 3046 naturae
1335 2993 1535 3048 vit-tute
1566 3003 1862 3050 monstrata
1887 3036 1900 3058 ,
1935 3011 2040 3050 non
2076 3011 2160 3050 re-

557 3085 716 3139 lietns
759 3095 840 3138 est
886 3083 1192 3156 ambigendi
1241 3084 1412 3150 locus,
1452 3085 1578 3152 quin
1625 3087 1806 3140 omnia
1850 3088 2157 3156 unigenitus

2261 1877 2488 1944 dixerit,
2525 1879 2696 1933 omnia
2734 1879 2962 1951 subjecta
2998 1891 3156 1948 sunt,
3208 1882 3394 1954 absque
3441 1900 3500 1938 eo
3533 1886 3618 1955 qui
3655 1887 3862 1960 subjecit

2259 1971 2305 2025 ei
2341 1972 2531 2026 omnia.
2577 1973 2661 2044 (2)
2699 1973 2766 2042 (f)
2797 1971 2924 2026 Cum
2951 1982 3118 2027 autem
3144 1971 3310 2046 379
3341 1977 3568 2042 subiecta
3598 1978 3645 2032 ei
3676 1981 3864 2048 fuerint

2259 2063 2465 2129 omnia,
2519 2072 2641 2118 tunc
2695 2066 2806 2132 ipse
2857 2065 3111 2136 subjectus
3163 2068 3256 2120 erit
3297 2069 3344 2121 ei
3382 2069 3470 2138 qui
3515 2070 3614 2124 sibi
3653 2069 3864 2142 subjecit

2260 2156 2456 2220 omnia,
2510 2166 2564 2210 ut
2601 2157 2667 2211 sit
2704 2153 2848 2211 Deus
2901 2158 3076 2213 omnia
3125 2159 3180 2213 in
3230 2161 3467 2216 omnibus
3513 2161 3556 2234 (Ι
3595 2163 3714 2218 Cor.
3765 2179 3861 2232 xv,

2259 2248 2356 2316 26,
2379 2247 2504 2320 etc.)
2537 2265 2550 2304 ς
2583 2260 2640 2304 ut
2667 2250 2790 2320 quia
2828 2250 3093 2320 subjectio
3125 2249 3218 2306 illa
3248 2253 3479 2308 inilrmis
3501 2265 3712 2309 nturte
3729 2269 3863 2310 cou-

2260 2345 2481 2398 testatio
2507 2359 2628 2399 esse
2659 2343 2736 2416 (5)
2771 2345 3194 2412 existimabitur,
3243 2361 3353 2402 non
3401 2347 3473 2401 sit
3525 2347 3580 2402 itt
3623 2357 3864 2419 paternae

2263 2443 2471 2490 naturae
2515 2435 2740 2501 virtute,
2789 2451 2949 2507 quem
2991 2437 3254 2492 naturalis
3301 2437 3610 2504 inﬁrmitas,
3658 2447 3864 2495 natura)

2263 2527 2488 2598 potioris
2529 2528 2822 2597 subiecerit
2874 2529 3146 2599 potestati.
3189 2531 3419 2586 Sntttant
3456 2542 3635 2586 autem
3678 2532 3855 2588 omnis

2262 2617 2553 2688 impietatis
2583 2633 2695 2674 sua:
2719 2619 2858 2674 hanc
2890 2629 3159 2690 tamquam
3184 2621 3598 2677 munitissimam
3619 2633 3672 2678 et
3699 2625 3856 2678 inex-

2265 2712 2605 2783 pugnabilem
2658 2713 3066 2778 defensionem,
3114 2714 3181 2770 ad
3233 2716 3512 2771 veritatem
3565 2717 3862 2772 nativitatis

2263 2804 2583 2860 abolendam
2613 2822 2626 2860 :
2653 2813 2714 2860 ut
2737 2807 2863 2877 quia
2891 2821 2987 2877 per
3008 2806 3398 2876 subiectionem
3439 2807 3578 2863 Deus
3607 2823 3711 2862 non
3737 2817 3856 2875 est;

2264 2910 2315 2952 et
2341 2913 2432 2968 per
2452 2915 2793 2954 communem
2813 2899 2912 2954 sibi
2933 2912 3093 2970 atque
3109 2901 3262 2955 nobis
3286 2901 3453 2956 Deum
3477 2912 3636 2972 atque
3657 2911 3861 2972 patrem

2265 2989 2318 3046 in
2365 2993 2747 3046 communione
2787 2992 2858 3046 sit
2894 3002 3186 3058 creaturis;
3234 2994 3350 3064 ipse
3388 3007 3604 3065 quoque
3642 3011 3707 3050 ex
3751 2995 3867 3051 Deo

2263 3083 2466 3138 creatiu
2499 3083 2568 3138 sit
2603 3085 2813 3154 potius,
2866 3101 3025 3156 quam
3053 3087 3370 3157 generatio;
3415 3091 3536 3159 quia
3566 3091 3766 3146 creatiu
3797 3107 3868 3147 cx

559 3179 698 3232 Dens
721 3186 776 3234 et
798 3178 958 3230 homo
986 3176 1273 3234 virtutibus
1301 3177 1392 3232 Dei
1413 3179 1669 3247 gesserit,
1698 3189 1752 3234 ct
1783 3180 1833 3234 in
1859 3181 2153 3236 virtutibus
2183 3177 2228 3239 C
2263 3175 2433 3230 nihilo
2470 3175 2547 3248 (g)
2576 3177 2853 3242 subsistat.
2883 3179 3159 3249 generatio
3189 3194 3314 3236 vero
3341 3181 3638 3237 naturalem
3672 3182 3870 3238 habent

564 3271 656 3325 Dei
685 3273 935 3325 universa
965 3268 1198 3324 hominis
1231 3272 1456 3330 veritate
1489 3269 1806 3338 perfecerit:
1851 3273 2054 3332 habens
2104 3282 2156 3330 in

560 3380 619 3419 se
660 3374 712 3418 et
762 3375 1004 3418 naturam
1067 3364 1157 3420 Dci
1199 3364 1436 3434 potentis
1492 3366 1544 3422 in
1603 3372 1768 3437 gestis
1794 3408 1808 3436 ,
1842 3367 1968 3424 dum
2002 3379 2158 3423 natus

561 3472 626 3512 ex
653 3456 762 3510 Deo
789 3467 866 3510 ρει
888 3473 901 3522 ;
927 3467 978 3510 et
1005 3455 1225 3523 porreeti
1260 3456 1490 3514 hominis
1512 3457 1927 3522 absolutionem.
1959 3460 2082 3514 dum
2113 3461 2159 3515 ei

560 3557 642 3601 est
685 3558 866 3618 partus
897 3563 960 3604 cx
996 3547 1247 3619 Virgine:
1282 3557 1337 3603 et
1361 3565 1482 3606 cum
1517 3551 1740 3608 veritate
1764 3554 2008 3622 Corporis
2037 3553 2165 3608 sub-

560 3639 757 3696 sistens
781 3641 833 3698 in
862 3653 1047 3698 natura
1087 3642 1207 3710 Dei,
1241 3652 1296 3702 et
1346 3659 1469 3702 cum
1504 3643 1603 3702 Dei
1633 3656 1824 3702 natura
1856 3663 2082 3706 manens
2109 3649 2160 3704 itt

563 3735 808 3802 corporis
838 3733 1084 3789 veritate.

637 3827 689 3880 7.
719 3826 848 3894 Qua:
867 3845 1020 3898 super
1047 3830 1148 3883 sint
1171 3847 1190 3896 ;
1216 3838 1264 3883 et
1286 3830 1422 3884 unde
1442 3829 1707 3885 diluenda.
1737 3863 1808 3872 -—-
1827 3831 2163 3906 Quamquam

564 3919 727 3989 igitur
749 3934 920 3990 usque
949 3921 1015 3975 ad
1045 3922 1216 3992 ipsam
1257 3922 1446 3977 mortis
1473 3922 1702 3993 gloriam
1739 3925 1916 3980 omnis
1943 3941 2170 3997 respon-

563 4011 732 4068 sionis
755 4021 956 4068 nostra:
987 4028 1167 4070 sermo
1197 4015 1560 4084 descenderit,
1605 4026 1660 4072 et
1703 4017 1931 4088 singulis
1959 4018 2168 4088 profes-

565 4103 737 4158 sionis
783 4104 960 4174 impia:
1017 4107 1473 4176 propositionibus
1519 4122 1584 4163 ex
1641 4110 1965 4182 evangelicis
2008 4119 2170 4185 atque

567 4196 879 4268 apostolicis
928 4195 1190 4255 doctrinis
1230 4199 1301 4256 sit
1340 4201 1732 4258 contradictum
1765 4187 1788 4260 ε⁴
1833 4211 2015 4262 tamen
2047 4207 2171 4278 quia

565 4289 731 4345 etiam
763 4298 884 4359 post
913 4293 1325 4348 resurrectionis
1351 4293 1577 4364 gloriam
1614 4296 1860 4366 quaedam
1898 4339 1914 4362 ,
1967 4297 2034 4352 ad
2075 4298 2172 4354 de-

569 4381 788 4450 generis
814 4390 1022 4436 naturae
1043 4382 1410 4441 inﬁrmitatem
1439 4386 1942 4458 demonstrandam,
1968 4405 2174 4462 prmsu-

569 4487 719 4530 mere
763 4472 912 4546 impii
939 4477 1057 4532 ausi
1088 4483 1232 4544 sunt,
1281 4477 1365 4535 his
1395 4479 1529 4552 ipsis
1558 4495 1702 4538 nunc
1733 4483 2170 4554 respondendum

2265 3269 2556 3326 nativitatis
2581 3279 2879 3326 auctorem.

2337 3362 2390 3418 9.
2423 3362 2721 3434 Mysia-ium
2745 3364 2929 3420 salutis
2947 3373 3134 3419 nostra:
3153 3375 3529 3422 sacramentum
3545 3377 3620 3422 est
3643 3368 3870 3436 pietatis,

2265 3469 2366 3508 non
2397 3452 2610 3522 offensio
2643 3455 2951 3511 diuinitatis.
3003 3485 3077 3496 --
3115 3455 3303 3511 Omnis
3345 3459 3560 3528 quidem
3601 3461 3874 3515 calumnia

2267 3549 2510 3618 improba
2535 3561 2640 3616 est,
2673 3552 2798 3620 quia
2827 3548 3039 3605 veritati
3071 3550 3298 3616 falsitas,
3325 3568 3446 3608 cum
3473 3551 3583 3622 jam
3607 3553 3873 3610 eiirenato

2267 3640 2472 3710 pudore
2501 3642 2591 3706 sit,
2619 3640 2979 3696 contradicit:
3011 3640 3104 3696 scd
3131 3650 3310 3698 tamen
3342 3643 3611 3700 interdum
3638 3657 3880 3714 prurien-

2267 3733 2347 3790 dit
2377 3732 2593 3804 aliquod
2630 3733 2994 3788 excusationis
3027 3733 3294 3804 ambigua:
3323 3736 3567 3792 velamen
3587 3779 3604 3806 ,
3637 3748 3695 3792 ut
3721 3754 3879 3794 vcre-

2267 3824 2442 3880 cunde
2471 3824 2524 3878 itt
2556 3825 2872 3880 defensione
2918 3827 3006 3891 sit,
3051 3827 3195 3896 quod
3240 3827 3581 3897 impudenter
3611 3829 3666 3884 in
3709 3847 3876 3886 sensu

2269 3925 2372 3970 est.
2408 3914 2606 3970 Verum
2639 3929 2782 3970 nunc
2808 3917 2861 3970 in
2907 3913 3012 3981 his,
3041 3931 3160 3986 qua:
3191 3915 3355 3987 impie
3391 3915 3457 3972 ad
3497 3917 3874 3977 intlrmandam

2273 4008 2485 4064 Domini
2514 4011 2682 4065 nostri
2710 4010 3050 4066 divinitatem
3081 4023 3408 4082 praesumpta
3431 4022 3580 4077 sunt,
3613 4014 3763 4069 locus
3787 4031 3878 4070 ve-

2271 4103 2544 4160 recundia:
2589 4106 2677 4160 vel
2710 4103 2855 4160 falsa:
2886 4105 3256 4162 excusationis
3297 4108 3552 4163 exclusus
3593 4113 3703 4166 est:
3752 4124 3877 4163 cum

2271 4197 2490 4270 quando
2511 4198 2626 4270 ipsa
2653 4198 2742 4254 illa
2767 4199 3117 4270 ignorationis
3145 4201 3301 4255 venia
3329 4213 3608 4269 cessante,
3641 4203 3755 4258 sola
3781 4221 3877 4258 vo.

2275 4291 2454 4346 lunias
2501 4291 2820 4362 irreligiosus
2866 4292 3241 4363 intelligentia:
3275 4292 3575 4364 delegatur.
3627 4294 3693 4350 Ut
3733 4295 3879 4350 enim

2275 4387 2547 4458 paululum
2573 4387 2742 4458 ipsius
2771 4387 2904 4444 dicti
2934 4387 3234 4458 evangelici
3267 4387 3512 4444 differam
3540 4391 3882 4446 demonstra-

2278 4482 2480 4540 tionem
2505 4499 2516 4534 :
2549 4497 2691 4536 anne
2721 4481 3037 4552 ignorabilis
3061 4481 3176 4536 haec
3205 4493 3319 4537 erat
3345 4481 3591 4554 Apostoli
3622 4486 3885 4555 praedica-

569 4576 674 4624 est.
707 4569 878 4636 Atque
908 4568 1002 4638 ita,
1032 4578 1090 4625 ul
1120 4571 1174 4626 in
1204 4572 1418 4628 caeteris
1447 4572 1791 4630 observatum
1819 4590 1850 4630 ι
1877 4577 2035 4632 nobis
2062 4586 2164 4643 est,
2193 4559 2248 4618 Ῑ)
2276 4575 2351 4630 tio
2366 4575 2624 4631 dicentis:
2649 4572 2715 4628 Et
2731 4573 2932 4644 quidem
2948 4575 3269 4641 confessione
3285 4577 3532 4642 ontniunt,
3552 4588 3885 4648 magnumcst

565 4671 754 4716 eorum
787 4661 1026 4730 ipsorum
1051 4661 1324 4719 dictorum
1353 4666 1491 4722 ratio
1529 4679 1595 4720 ex
1634 4665 1716 4720 his
1742 4666 1874 4737 ipsis
1905 4667 2067 4723 dictis
2097 4668 2177 4723 af-

640 4797 714 4872 (t)
747 4796 1152 4872 inconspicgbili
1171 4801 1412 4872 imagine.

639 4867 723 4939 (ἓ)
765 4867 962 4924 Verba.
1008 4867 1136 4928 Cum
1183 4867 1352 4926 autem
1390 4876 1624 4948 subjecta
1665 4879 1711 4931 ei
1743 4879 1936 4950 fuerint
1970 4881 2163 4947 omnia,

641 4983 718 5066 fa)
754 4983 1095 5066 Solit‘editio
1135 4985 1258 5066 far:
1291 4983 1716 5066 Dei‘invisibilis.
1751 4991 2060 5066 Respicitur
2085 4994 2173 5066 hic

568 5054 660 5110 vel'
683 5054 916 5132 Celebris
930 5055 1272 5132 _locus_l’hil_.
1303 5073 1364 5132 tt,
1397 5056 1431 5112 6
1457 5077 1468 5112 :
1507 5060 1607 5126 Qui
1637 5078 1753 5114 cum
1784 5065 1836 5116 in
1866 5054 2043 5132 'f'ornta
2075 5061 2174 5119 Dei

570 5130 826 5198 esset,Avel
849 5127 1010 5198 llebr.
1040 5141 1077 5192 l,
1102 5127 1154 5191 5,
1183 5130 1268 5182 tibi
1293 5127 1461 5198 ﬁgura
1486 5133 1787 5188 substantia!
1813 5127 1901 5189 Dei
1926 5133 2174 5190 Christus

572 5196 1035 5268 prsrdicaturiiiox
1052 5199 1102 5250 in
1122 5196 1726 5259 tns.M;tt5tin.nutivitatls
1742 5207 1860 5260 loco
1877 5207 2171 5260 divinitatis.

643 5270 737 5344 (tr).
769 5267 904 5322 Tres
958 5269 1140 5344 probat
1182 5277 1322 5325 nota:
1369 5287 1498 5327 tttss.
1539 5287 1692 5344 quam
1729 5275 1802 5340 id,
1848 5281 2048 5332 omisso
2083 5277 2172 5332 ad.

572 5339 694 5395 Vat.
728 5339 840 5392 bas.
872 5341 1068 5404 codex,
1096 5355 1308 5398 necnOu
1335 5360 1471 5398 unus
1494 5339 1651 5402 Cotb.
1683 5355 1739 5401 et
1775 5339 1914 5403 alter
1937 5348 2169 5406 Sorbon.

571 5425 730 5479 quant
749 5409 816 5462 ad
840 5411 894 5464 id
912 5409 1047 5477 quod
1075 5411 1340 5468 invisibilis
1366 5425 1460 5469 est.

647 5481 718 5552 (ε)
750 5479 808 5556 In
837 5479 1242 5556 tuss.Vut.bas.,
1273 5485 1579 5556 (Jorh.,uno
1599 5486 1778 5556 Colb.,
1800 5488 2034 5544 Sorbon.
2061 5496 2168 5546 etc.

562 5550 988 5626 inconspicabilt:
1021 5567 1200 5620 prave,
1227 5555 1328 5610 nisi
1353 5550 1473 5614 cum
1507 5550 1915 5626 Martitt.,l}olb.
1955 5567 2011 5614 et
2045 5562 2176 5614 Sor-

565 5627 696 5698 bott.
718 5621 917 5676 deinde
941 5621 1174 5698 legatur,
1187 5625 1341 5679 aliam
1361 5644 1514 5698 quam
1539 5621 1743 5686 natura."
1759 5631 2028 5687 invisibilis
2042 5633 2175 5686 ima-

557 5694 735 5766 ginem
771 5693 1132 5768 nonfeferret,
1163 5696 1215 5747 in
1243 5693 1602 5760 Solo-Martio.
1625 5707 1802 5768 refert.
1834 5701 2032 5758 Verum
2056 5706 2171 5756 sitt-

557 5759 740 5812 eerior
761 5768 851 5822 est
883 5759 1062 5830 lectio,
1087 5779 1246 5837 quam
1269 5759 1575 5836 retinemus
1594 5759 1713 5834 cum
1735 5773 2042 5844 antiquiore
2067 5789 2168 5834 tus.

2279 4668 2482 4738 pietatis
2513 4674 2914 4731 sacramentum,
2949 4667 3083 4742 quod
3111 4666 3492 4736 manifestatum
3520 4679 3591 4722 est
3621 4669 3675 4724 in
3703 4685 3883 4736 carne,

2273 4810 2471 4866 desunt
2493 4809 2546 4862 in
2576 4813 2764 4862 nostro
2794 4806 3001 4863 codice.

2346 4881 2427 4952 (ὅ)
2450 4879 2814 4934 Existimetur.

2277 4992 2430 5050 Colb.
2459 5007 2668 5048 necnon
2699 4989 3080 5058 Germ.,Carn.
3103 4999 3208 5047 etc.
3245 4992 3341 5048 ilic
3364 4995 3650 5064 repellitur
3680 4997 3881 5052 solum-

2281 5081 2350 5121 ne
2377 5066 2702 5119 Arianorum
2730 5067 3129 5132 argumentum,
3155 5080 3261 5133 quo
3283 5064 3472 5120 Filium
3501 5069 3693 5135 visunt,
3714 5071 3881 5124 niteo-

2278 5152 2382 5206 que
2411 5136 2710 5210 visibilem,
2740 5135 2953 5210 Patrem
2997 5150 3125 5210 vero
3153 5135 3479 5210 invisittilem
3505 5141 3811 5206 praedicarit
3831 5157 3884 5210 Β,

2282 5205 2587 5282 utrumque,
2629 5206 2792 5260 veleo
2815 5207 3030 5260 nomine
3063 5205 3411 5262 dissidentem
3433 5205 3624 5264 natura
3640 5205 3885 5282 divulsa;

2279 5277 2429 5334 bant.

2351 5347 2430 5418 (ά)
2459 5347 2576 5412 Er.,
2605 5333 2954 5418 Lips.etPar.
2983 5347 3051 5400 ad
3066 5350 3288 5416 formam
3315 5345 3415 5404 Dei
3429 5349 3885 5411 dehmtestandam.

2285 5417 2417 5478 Bad.
2448 5425 2504 5472 et
2535 5432 2635 5471 tns.
2668 5417 3043 5472 renitentibus.

2355 5489 2427 5562 (ε)
2457 5488 2633 5562 Υθτιιε
2661 5488 2834 5543 codex
2857 5487 3012 5544 Colb.
3047 5489 3128 5558 pie
3151 5497 3196 5543 et
3225 5490 3447 5545 ratione.

2354 5559 2424 5633 (ι’)
2455 5559 2672 5634 Versus,
2701 5573 2999 5634 cumautem
3018 5562 3248 5634 subjecta
3269 5563 3314 5634 ei
3341 5564 3532 5630 fuerint
3553 5567 3748 5634 omnia,
3779 5583 3889 5623 non

2283 5632 2461 5690 exS’tat
2488 5632 2540 5683 itt
2569 5644 2697 5683 mss.
2735 5632 2835 5684 nisi
2867 5632 2919 5685 in
2948 5647 3057 5685 uno
3073 5633 3222 5686 tioib.
3253 5633 3428 5688 dubia:
3451 5635 3596 5690 iidei.

2357 5704 2434 5780 (g)
2465 5702 2611 5769 Lips.
2641 5711 2693 5754 et
2723 5701 2843 5756 Par.
2876 5705 3111 5757 exsistat.
3145 5703 3262 5759 Mox
3295 5707 3344 5759 itt
3371 5721 3472 5767 ms.
3516 5706 3732 5766 Mitt‘tin.
3764 5725 3894 5776 auc-

2286 5784 2564 5840 tarttatem,
2589 5785 2692 5827 non
2711 5782 2990 5837 auctorem,
