  <div class='ocr_page' id='page_1' title='image "/cluster/home/n/w/nwhite01/storage/ocr_20150623/10/hvd.32044096580386/208.png"; bbox 0 0 4322 6248; ppageno 0'>
   <div class='ocr_carea' id='block_1_1' title="bbox 397 324 514 384">
    <p class='ocr_par' dir='ltr' id='par_1_1' title="bbox 397 324 514 384">
     <span class='ocr_line' id='line_1_1' title="bbox 397 324 514 384; baseline -0.034 0"><span class='ocrx_word' id='word_1_1' title='bbox 397 324 514 384; x_wconf 75' lang='grc'><strong>405</strong></span> 
     </span>
    </p>
   </div>
   <div class='ocr_carea' id='block_1_2' title="bbox 1643 315 2521 380">
    <p class='ocr_par' dir='ltr' id='par_1_2' title="bbox 1643 315 2521 380">
     <span class='ocr_line' id='line_1_2' title="bbox 1643 315 2521 380; baseline 0.006 -7"><span class='ocrx_word' id='word_1_2' title='bbox 1643 315 1730 374; x_wconf 85' lang='lat' dir='ltr'><strong>DE</strong></span> <span class='ocrx_word' id='word_1_3' title='bbox 1771 315 2142 376; x_wconf 78' lang='grc' dir='ltr'><strong>ΤΒΙΝΙΤΑΤΕ</strong></span> <span class='ocrx_word' id='word_1_4' title='bbox 2181 319 2387 378; x_wconf 78' lang='lat' dir='ltr'><strong>LIBER</strong></span> <span class='ocrx_word' id='word_1_5' title='bbox 2424 321 2521 380; x_wconf 74' lang='lat' dir='ltr'><strong>XI.</strong></span> 
     </span>
    </p>
   </div>
   <div class='ocr_carea' id='block_1_3' title="bbox 3628 318 3742 376">
    <p class='ocr_par' dir='ltr' id='par_1_3' title="bbox 3628 318 3742 376">
     <span class='ocr_line' id='line_1_3' title="bbox 3628 318 3742 376; baseline -0.018 0"><span class='ocrx_word' id='word_1_6' title='bbox 3628 318 3742 376; x_wconf 67' lang='lat'><strong>406</strong></span> 
     </span>
    </p>
   </div>
   <div class='ocr_carea' id='block_1_4' title="bbox 398 435 3742 517">
    <p class='ocr_par' dir='ltr' id='par_1_4' title="bbox 398 435 3742 517">
     <span class='ocr_line' id='line_1_4' title="bbox 398 435 3742 517; baseline -0 -27"><span class='ocrx_word' id='word_1_7' title='bbox 398 440 486 517; x_wconf 77' lang='grc' dir='ltr'><strong>(α)</strong></span> <span class='ocrx_word' id='word_1_8' title='bbox 504 438 868 514; x_wconf 73' lang='lat' dir='ltr'><strong>justi/iculum</strong></span> <span class='ocrx_word' id='word_1_9' title='bbox 889 436 1040 491; x_wconf 77' lang='lat' dir='ltr'><strong>estin</strong></span> <span class='ocrx_word' id='word_1_10' title='bbox 1071 435 1284 507; x_wconf 77' lang='lat' dir='ltr'><strong>spiritu,</strong></span> <span class='ocrx_word' id='word_1_11' title='bbox 1315 437 1476 493; x_wconf 78' lang='lat' dir='ltr'><strong>visum</strong></span> <span class='ocrx_word' id='word_1_12' title='bbox 1505 443 1576 492; x_wconf 78' lang='lat' dir='ltr'><strong>est</strong></span> <span class='ocrx_word' id='word_1_13' title='bbox 1597 435 1810 511; x_wconf 76' lang='lat' dir='ltr'><strong>augetis,</strong></span> <span class='ocrx_word' id='word_1_14' title='bbox 1837 435 2028 506; x_wconf 65' lang='lat' dir='ltr'><strong>pradi-</strong></span> <span class='ocrx_word' id='word_1_15' title='bbox 2057 439 2105 499; x_wconf 77' lang='grc' dir='ltr'><strong>Α</strong></span> <span class='ocrx_word' id='word_1_16' title='bbox 2135 451 2260 496; x_wconf 86' lang='lat' dir='ltr'><strong>men</strong></span> <span class='ocrx_word' id='word_1_17' title='bbox 2287 437 2655 496; x_wconf 74' lang='lat' dir='ltr'><strong>manifestatio</strong></span> <span class='ocrx_word' id='word_1_18' title='bbox 2692 437 2745 492; x_wconf 88' lang='lat' dir='ltr'><strong>in</strong></span> <span class='ocrx_word' id='word_1_19' title='bbox 2773 450 2958 506; x_wconf 86' lang='lat' dir='ltr'><strong>carne,</strong></span> <span class='ocrx_word' id='word_1_20' title='bbox 3000 452 3108 494; x_wconf 89' lang='lat' dir='ltr'><strong>non</strong></span> <span class='ocrx_word' id='word_1_21' title='bbox 3156 438 3300 495; x_wconf 84' lang='lat' dir='ltr'><strong>aliud</strong></span> <span class='ocrx_word' id='word_1_22' title='bbox 3331 452 3492 510; x_wconf 80' lang='lat' dir='ltr'><strong>quam</strong></span> <span class='ocrx_word' id='word_1_23' title='bbox 3526 445 3742 507; x_wconf 66' lang='lat' dir='ltr'><strong>magna!</strong></span> 
     </span>
    </p>
   </div>
   <div class='ocr_carea' id='block_1_5' title="bbox 394 528 2024 603">
    <p class='ocr_par' dir='ltr' id='par_1_5' title="bbox 394 528 2024 603">
     <span class='ocr_line' id='line_1_5' title="bbox 394 528 2024 603; baseline -0.005 -12"><span class='ocrx_word' id='word_1_24' title='bbox 394 544 580 592; x_wconf 76' lang='lat' dir='ltr'><strong>catum</strong></span> <span class='ocrx_word' id='word_1_25' title='bbox 609 540 685 587; x_wconf 82' lang='lat' dir='ltr'><strong>est</strong></span> <span class='ocrx_word' id='word_1_26' title='bbox 708 529 970 603; x_wconf 78' lang='lat' dir='ltr'><strong>gentibus,</strong></span> <span class='ocrx_word' id='word_1_27' title='bbox 992 528 1252 584; x_wconf 80' lang='lat' dir='ltr'><strong>creditum</strong></span> <span class='ocrx_word' id='word_1_28' title='bbox 1275 539 1348 585; x_wconf 83' lang='lat' dir='ltr'><strong>est</strong></span> <span class='ocrx_word' id='word_1_29' title='bbox 1374 531 1429 584; x_wconf 83' lang='lat' dir='ltr'><strong>in</strong></span> <span class='ocrx_word' id='word_1_30' title='bbox 1449 530 1543 586; x_wconf 75' lang='lat' dir='ltr'><strong>hoc</strong></span> <span class='ocrx_word' id='word_1_31' title='bbox 1562 529 1772 596; x_wconf 83' lang='lat' dir='ltr'><strong>mundo,</strong></span> <span class='ocrx_word' id='word_1_32' title='bbox 1792 545 2024 600; x_wconf 86' lang='lat' dir='ltr'><strong>assump-</strong></span> 
     </span>
    </p>
   </div>
   <div class='ocr_carea' id='block_1_6' title="bbox 396 622 2026 697">
    <p class='ocr_par' dir='ltr' id='par_1_6' title="bbox 396 622 2026 697">
     <span class='ocr_line' id='line_1_6' title="bbox 396 622 2026 697; baseline -0.004 -11"><span class='ocrx_word' id='word_1_33' title='bbox 396 640 512 687; x_wconf 86' lang='lat' dir='ltr'><strong>tum</strong></span> <span class='ocrx_word' id='word_1_34' title='bbox 539 637 616 684; x_wconf 78' lang='lat' dir='ltr'><strong>est</strong></span> <span class='ocrx_word' id='word_1_35' title='bbox 638 627 693 682; x_wconf 87' lang='lat' dir='ltr'><strong>in</strong></span> <span class='ocrx_word' id='word_1_36' title='bbox 711 623 950 681; x_wconf 83' lang='lat' dir='ltr'><strong>claritate</strong></span> <span class='ocrx_word' id='word_1_37' title='bbox 979 623 1026 696; x_wconf 89' lang='grc'><strong>(1</strong></span> <span class='ocrx_word' id='word_1_38' title='bbox 1061 622 1203 678; x_wconf 87' lang='lat' dir='ltr'><strong>Tim.</strong></span> <span class='ocrx_word' id='word_1_39' title='bbox 1236 641 1316 690; x_wconf 87' lang='grc' dir='ltr'><strong>ιιι,</strong></span> <span class='ocrx_word' id='word_1_40' title='bbox 1345 624 1458 697; x_wconf 74' lang='grc'><strong>16);</strong></span> <span class='ocrx_word' id='word_1_41' title='bbox 1493 625 1655 682; x_wconf 86' lang='lat' dir='ltr'><strong>Estne</strong></span> <span class='ocrx_word' id='word_1_42' title='bbox 1676 624 1850 680; x_wconf 87' lang='lat' dir='ltr'><strong>adhuc</strong></span> <span class='ocrx_word' id='word_1_43' title='bbox 1879 625 2026 696; x_wconf 89' lang='lat' dir='ltr'><strong>quis-</strong></span> 
     </span>
    </p>
   </div>
   <div class='ocr_carea' id='block_1_7' title="bbox 393 715 2021 794">
    <p class='ocr_par' dir='ltr' id='par_1_7' title="bbox 393 715 2021 794">
     <span class='ocr_line' id='line_1_7' title="bbox 393 715 2021 794; baseline -0.003 -17"><span class='ocrx_word' id='word_1_44' title='bbox 393 737 564 794; x_wconf 86' lang='lat' dir='ltr'><strong>quam</strong></span> <span class='ocrx_word' id='word_1_45' title='bbox 596 729 706 775; x_wconf 89' lang='lat' dir='ltr'><strong>tam</strong></span> <span class='ocrx_word' id='word_1_46' title='bbox 730 717 942 774; x_wconf 75' lang='lat' dir='ltr'><strong>hebetis</strong></span> <span class='ocrx_word' id='word_1_47' title='bbox 963 715 1041 790; x_wconf 75' lang='grc' dir='ltr'><strong>(ιι)</strong></span> <span class='ocrx_word' id='word_1_48' title='bbox 1068 717 1462 788; x_wconf 77' lang='lat' dir='ltr'><strong>intelligentite,</strong></span> <span class='ocrx_word' id='word_1_49' title='bbox 1486 728 1543 773; x_wconf 87' lang='grc' dir='ltr'><strong>ιιι</strong></span> <span class='ocrx_word' id='word_1_50' title='bbox 1568 717 2021 790; x_wconf 71' lang='lat' dir='ltr'><strong>dispensationem</strong></span> 
     </span>
    </p>
   </div>
   <div class='ocr_carea' id='block_1_8' title="bbox 391 811 2020 885">
    <p class='ocr_par' dir='ltr' id='par_1_8' title="bbox 391 811 2020 885">
     <span class='ocr_line' id='line_1_8' title="bbox 391 811 2020 885; baseline -0.003 -14"><span class='ocrx_word' id='word_1_51' title='bbox 391 823 704 885; x_wconf 75' lang='lat' dir='ltr'><strong>assumpta:</strong></span> <span class='ocrx_word' id='word_1_52' title='bbox 731 828 762 867; x_wconf 86' lang='lat' dir='ltr'><strong>a</strong></span> <span class='ocrx_word' id='word_1_53' title='bbox 795 813 1031 867; x_wconf 92' lang='lat' dir='ltr'><strong>Domino</strong></span> <span class='ocrx_word' id='word_1_54' title='bbox 1053 811 1240 866; x_wconf 91' lang='lat' dir='ltr'><strong>carnis</strong></span> <span class='ocrx_word' id='word_1_55' title='bbox 1265 812 1412 866; x_wconf 86' lang='lat' dir='ltr'><strong>aliud</strong></span> <span class='ocrx_word' id='word_1_56' title='bbox 1441 827 1596 882; x_wconf 87' lang='lat' dir='ltr'><strong>quam</strong></span> <span class='ocrx_word' id='word_1_57' title='bbox 1628 821 2020 868; x_wconf 80' lang='lat' dir='ltr'><strong>sacramentum</strong></span> 
     </span>
    </p>
   </div>
   <div class='ocr_carea' id='block_1_9' title="bbox 390 902 2022 976">
    <p class='ocr_par' dir='ltr' id='par_1_9' title="bbox 390 902 2022 976">
     <span class='ocr_line' id='line_1_9' title="bbox 390 902 2022 976; baseline -0.005 -10"><span class='ocrx_word' id='word_1_58' title='bbox 390 923 521 966; x_wconf 85' lang='lat' dir='ltr'><strong>esse</strong></span> <span class='ocrx_word' id='word_1_59' title='bbox 561 905 784 976; x_wconf 87' lang='lat' dir='ltr'><strong>pietatis</strong></span> <span class='ocrx_word' id='word_1_60' title='bbox 833 903 1142 976; x_wconf 82' lang='lat' dir='ltr'><strong>intelligat?</strong></span> <span class='ocrx_word' id='word_1_61' title='bbox 1175 902 1241 958; x_wconf 87' lang='lat' dir='ltr'><strong>Et</strong></span> <span class='ocrx_word' id='word_1_62' title='bbox 1292 905 1524 974; x_wconf 90' lang='lat' dir='ltr'><strong>primum</strong></span> <span class='ocrx_word' id='word_1_63' title='bbox 1560 913 1706 958; x_wconf 85' lang='lat' dir='ltr'><strong>extra</strong></span> <span class='ocrx_word' id='word_1_64' title='bbox 1739 903 1896 958; x_wconf 80' lang='lat' dir='ltr'><strong>ﬁdem</strong></span> <span class='ocrx_word' id='word_1_65' title='bbox 1929 902 2022 958; x_wconf 86' lang='lat' dir='ltr'><strong>Dei</strong></span> 
     </span>
    </p>
   </div>
   <div class='ocr_carea' id='block_1_10' title="bbox 386 993 2020 1069">
    <p class='ocr_par' dir='ltr' id='par_1_10' title="bbox 386 993 2020 1069">
     <span class='ocr_line' id='line_1_10' title="bbox 386 993 2020 1069; baseline -0.005 -11"><span class='ocrx_word' id='word_1_66' title='bbox 386 1011 500 1066; x_wconf 88' lang='lat' dir='ltr'><strong>est,</strong></span> <span class='ocrx_word' id='word_1_67' title='bbox 537 999 773 1069; x_wconf 85' lang='lat' dir='ltr'><strong>quisque</strong></span> <span class='ocrx_word' id='word_1_68' title='bbox 800 1004 954 1052; x_wconf 77' lang='lat' dir='ltr'><strong>extra</strong></span> <span class='ocrx_word' id='word_1_69' title='bbox 988 995 1132 1051; x_wconf 91' lang='lat' dir='ltr'><strong>hanc</strong></span> <span class='ocrx_word' id='word_1_70' title='bbox 1160 995 1267 1050; x_wconf 88' lang='lat' dir='ltr'><strong>erit</strong></span> <span class='ocrx_word' id='word_1_71' title='bbox 1295 995 1708 1052; x_wconf 81' lang='lat' dir='ltr'><strong>confessionem.</strong></span> <span class='ocrx_word' id='word_1_72' title='bbox 1740 993 1855 1049; x_wconf 85' lang='lat' dir='ltr'><strong>Non</strong></span> <span class='ocrx_word' id='word_1_73' title='bbox 1877 995 2020 1050; x_wconf 91' lang='lat' dir='ltr'><strong>enim</strong></span> 
     </span>
    </p>
   </div>
   <div class='ocr_carea' id='block_1_11' title="bbox 388 1085 2018 1162">
    <p class='ocr_par' dir='ltr' id='par_1_11' title="bbox 388 1085 2018 1162">
     <span class='ocr_line' id='line_1_11' title="bbox 388 1085 2018 1162; baseline -0.006 -13"><span class='ocrx_word' id='word_1_74' title='bbox 388 1091 706 1162; x_wconf 82' lang='lat' dir='ltr'><strong>Apostolus</strong></span> <span class='ocrx_word' id='word_1_75' title='bbox 741 1089 986 1160; x_wconf 84' lang='lat' dir='ltr'><strong>atnbigit,</strong></span> <span class='ocrx_word' id='word_1_76' title='bbox 1020 1088 1156 1160; x_wconf 90' lang='lat' dir='ltr'><strong>quin</strong></span> <span class='ocrx_word' id='word_1_77' title='bbox 1199 1087 1305 1142; x_wconf 91' lang='lat' dir='ltr'><strong>hoc</strong></span> <span class='ocrx_word' id='word_1_78' title='bbox 1344 1087 1415 1143; x_wconf 85' lang='lat' dir='ltr'><strong>ab</strong></span> <span class='ocrx_word' id='word_1_79' title='bbox 1454 1087 1720 1144; x_wconf 83' lang='lat' dir='ltr'><strong>universis</strong></span> <span class='ocrx_word' id='word_1_80' title='bbox 1743 1085 2018 1141; x_wconf 88' lang='lat' dir='ltr'><strong>fatendum</strong></span> 
     </span>
    </p>
   </div>
   <div class='ocr_carea' id='block_1_12' title="bbox 2129 530 3742 605">
    <p class='ocr_par' dir='ltr' id='par_1_12' title="bbox 2129 530 3742 605">
     <span class='ocr_line' id='line_1_12' title="bbox 2129 530 3742 605; baseline -0.003 -17"><span class='ocrx_word' id='word_1_81' title='bbox 2129 533 2343 605; x_wconf 87' lang='lat' dir='ltr'><strong>pietatis</strong></span> <span class='ocrx_word' id='word_1_82' title='bbox 2391 538 2790 590; x_wconf 83' lang='lat' dir='ltr'><strong>sacramentum</strong></span> <span class='ocrx_word' id='word_1_83' title='bbox 2832 532 3200 589; x_wconf 87' lang='lat' dir='ltr'><strong>conﬁtendum</strong></span> <span class='ocrx_word' id='word_1_84' title='bbox 3244 539 3362 589; x_wconf 87' lang='lat' dir='ltr'><strong>est:</strong></span> <span class='ocrx_word' id='word_1_85' title='bbox 3400 533 3527 602; x_wconf 86' lang='lat' dir='ltr'><strong>quia</strong></span> <span class='ocrx_word' id='word_1_86' title='bbox 3567 530 3742 585; x_wconf 88' lang='lat' dir='ltr'><strong>mani-</strong></span> 
     </span>
    </p>
   </div>
   <div class='ocr_carea' id='block_1_13' title="bbox 2128 624 3736 697">
    <p class='ocr_par' dir='ltr' id='par_1_13' title="bbox 2128 624 3736 697">
     <span class='ocr_line' id='line_1_13' title="bbox 2128 624 3736 697; baseline -0.003 -17"><span class='ocrx_word' id='word_1_87' title='bbox 2128 624 2345 683; x_wconf 85' lang='lat' dir='ltr'><strong>festatio</strong></span> <span class='ocrx_word' id='word_1_88' title='bbox 2373 627 2491 697; x_wconf 89' lang='lat' dir='ltr'><strong>ejus</strong></span> <span class='ocrx_word' id='word_1_89' title='bbox 2522 625 2578 680; x_wconf 93' lang='lat' dir='ltr'><strong>in</strong></span> <span class='ocrx_word' id='word_1_90' title='bbox 2606 638 2772 679; x_wconf 87' lang='lat' dir='ltr'><strong>carne</strong></span> <span class='ocrx_word' id='word_1_91' title='bbox 2798 667 2813 691; x_wconf 95' lang='lat'><strong>,</strong></span> <span class='ocrx_word' id='word_1_92' title='bbox 2842 632 2898 680; x_wconf 91' lang='lat' dir='ltr'><strong>et</strong></span> <span class='ocrx_word' id='word_1_93' title='bbox 2925 625 3236 696; x_wconf 83' lang='lat' dir='ltr'><strong>justificatio</strong></span> <span class='ocrx_word' id='word_1_94' title='bbox 3261 624 3484 694; x_wconf 78' lang='lat' dir='ltr'><strong>Spiritus</strong></span> <span class='ocrx_word' id='word_1_95' title='bbox 3521 630 3606 679; x_wconf 88' lang='lat' dir='ltr'><strong>est</strong></span> <span class='ocrx_word' id='word_1_96' title='bbox 3629 664 3646 690; x_wconf 92' lang='lat'><strong>,</strong></span> <span class='ocrx_word' id='word_1_97' title='bbox 3678 629 3736 678; x_wconf 91' lang='lat' dir='ltr'><strong>et</strong></span> 
     </span>
    </p>
   </div>
   <div class='ocr_carea' id='block_1_14' title="bbox 2128 713 3740 789">
    <p class='ocr_par' dir='ltr' id='par_1_14' title="bbox 2128 713 3740 789">
     <span class='ocr_line' id='line_1_14' title="bbox 2128 713 3740 789; baseline -0.005 -14"><span class='ocrx_word' id='word_1_98' title='bbox 2128 720 2390 776; x_wconf 83' lang='lat' dir='ltr'><strong>claritatis</strong></span> <span class='ocrx_word' id='word_1_99' title='bbox 2419 716 2738 788; x_wconf 81' lang='lat' dir='ltr'><strong>assumptio.</strong></span> <span class='ocrx_word' id='word_1_100' title='bbox 2765 714 2848 788; x_wconf 86' lang='lat' dir='ltr'><strong>(h)</strong></span> <span class='ocrx_word' id='word_1_101' title='bbox 2894 718 2960 772; x_wconf 85' lang='lat' dir='ltr'><strong>Et</strong></span> <span class='ocrx_word' id='word_1_102' title='bbox 2994 731 3099 789; x_wconf 84' lang='lat' dir='ltr'><strong>qua</strong></span> <span class='ocrx_word' id='word_1_103' title='bbox 3137 717 3356 772; x_wconf 88' lang='lat' dir='ltr'><strong>tandem</strong></span> <span class='ocrx_word' id='word_1_104' title='bbox 3398 730 3495 786; x_wconf 87' lang='lat' dir='ltr'><strong>spe</strong></span> <span class='ocrx_word' id='word_1_105' title='bbox 3533 715 3588 770; x_wconf 90' lang='lat' dir='ltr'><strong>in</strong></span> <span class='ocrx_word' id='word_1_106' title='bbox 3627 713 3740 768; x_wconf 78' lang='lat' dir='ltr'><strong>ﬁde</strong></span> 
     </span>
    </p>
   </div>
   <div class='ocr_carea' id='block_1_15' title="bbox 2127 805 3732 882">
    <p class='ocr_par' dir='ltr' id='par_1_15' title="bbox 2127 805 3732 882">
     <span class='ocr_line' id='line_1_15' title="bbox 2127 805 3732 882; baseline -0.005 -14"><span class='ocrx_word' id='word_1_107' title='bbox 2127 822 2311 868; x_wconf 90' lang='lat' dir='ltr'><strong>nostra</strong></span> <span class='ocrx_word' id='word_1_108' title='bbox 2355 820 2440 868; x_wconf 90' lang='lat' dir='ltr'><strong>est</strong></span> <span class='ocrx_word' id='word_1_109' title='bbox 2473 811 2576 882; x_wconf 77' lang='lat' dir='ltr'><strong>piae</strong></span> <span class='ocrx_word' id='word_1_110' title='bbox 2613 808 3035 878; x_wconf 85' lang='lat' dir='ltr'><strong>dispensationis</strong></span> <span class='ocrx_word' id='word_1_111' title='bbox 3075 808 3390 880; x_wconf 81' lang='lat' dir='ltr'><strong>mysterium</strong></span> <span class='ocrx_word' id='word_1_112' title='bbox 3431 805 3732 863; x_wconf 80' lang='lat' dir='ltr'><strong>divinitatis</strong></span> 
     </span>
    </p>
   </div>
   <div class='ocr_carea' id='block_1_16' title="bbox 2127 901 3734 972">
    <p class='ocr_par' dir='ltr' id='par_1_16' title="bbox 2127 901 3734 972">
     <span class='ocr_line' id='line_1_16' title="bbox 2127 901 3734 972; baseline -0.006 -12"><span class='ocrx_word' id='word_1_113' title='bbox 2127 905 2448 968; x_wconf 81' lang='lat' dir='ltr'><strong>infirmitas;</strong></span> <span class='ocrx_word' id='word_1_114' title='bbox 2477 917 2603 957; x_wconf 90' lang='lat' dir='ltr'><strong>cum</strong></span> <span class='ocrx_word' id='word_1_115' title='bbox 2630 916 2726 970; x_wconf 90' lang='lat' dir='ltr'><strong>per</strong></span> <span class='ocrx_word' id='word_1_116' title='bbox 2751 901 3012 958; x_wconf 86' lang='lat' dir='ltr'><strong>claritatis</strong></span> <span class='ocrx_word' id='word_1_117' title='bbox 3039 903 3484 972; x_wconf 86' lang='lat' dir='ltr'><strong>assumptionem,</strong></span> <span class='ocrx_word' id='word_1_118' title='bbox 3517 911 3734 969; x_wconf 72' lang='lat' dir='ltr'><strong>magnae</strong></span> 
     </span>
    </p>
   </div>
   <div class='ocr_carea' id='block_1_17' title="bbox 2123 993 3731 1070">
    <p class='ocr_par' dir='ltr' id='par_1_17' title="bbox 2123 993 3731 1070">
     <span class='ocr_line' id='line_1_17' title="bbox 2123 993 3731 1070; baseline -0.006 -17"><span class='ocrx_word' id='word_1_119' title='bbox 2123 1000 2340 1070; x_wconf 82' lang='lat' dir='ltr'><strong>pietatis</strong></span> <span class='ocrx_word' id='word_1_120' title='bbox 2369 1003 2769 1053; x_wconf 85' lang='lat' dir='ltr'><strong>sacramentum</strong></span> <span class='ocrx_word' id='word_1_121' title='bbox 2814 996 2885 1050; x_wconf 89' lang='lat' dir='ltr'><strong>sit</strong></span> <span class='ocrx_word' id='word_1_122' title='bbox 2927 995 3332 1052; x_wconf 79' lang='lat' dir='ltr'><strong>confitendum?</strong></span> <span class='ocrx_word' id='word_1_123' title='bbox 3376 995 3442 1050; x_wconf 86' lang='lat' dir='ltr'><strong>Et</strong></span> <span class='ocrx_word' id='word_1_124' title='bbox 3470 994 3592 1064; x_wconf 81' lang='lat' dir='ltr'><strong>quia</strong></span> <span class='ocrx_word' id='word_1_125' title='bbox 3617 993 3731 1062; x_wconf 87' lang='lat' dir='ltr'><strong>jam</strong></span> 
     </span>
    </p>
   </div>
   <div class='ocr_carea' id='block_1_18' title="bbox 2123 1085 3726 1154">
    <p class='ocr_par' dir='ltr' id='par_1_18' title="bbox 2123 1085 3726 1154">
     <span class='ocr_line' id='line_1_18' title="bbox 2123 1085 3726 1154; baseline -0.007 -8"><span class='ocrx_word' id='word_1_126' title='bbox 2123 1107 2231 1146; x_wconf 86' lang='lat' dir='ltr'><strong>non</strong></span> <span class='ocrx_word' id='word_1_127' title='bbox 2253 1100 2337 1146; x_wconf 86' lang='lat' dir='ltr'><strong>est</strong></span> <span class='ocrx_word' id='word_1_128' title='bbox 2363 1087 2676 1152; x_wconf 83' lang='lat' dir='ltr'><strong>inﬁrmitas,</strong></span> <span class='ocrx_word' id='word_1_129' title='bbox 2703 1086 2798 1141; x_wconf 89' lang='lat' dir='ltr'><strong>sed</strong></span> <span class='ocrx_word' id='word_1_130' title='bbox 2829 1099 3249 1154; x_wconf 86' lang='lat' dir='ltr'><strong>sacramentum;</strong></span> <span class='ocrx_word' id='word_1_131' title='bbox 3273 1101 3375 1142; x_wconf 90' lang='lat' dir='ltr'><strong>nec</strong></span> <span class='ocrx_word' id='word_1_132' title='bbox 3406 1085 3726 1147; x_wconf 80' lang='lat' dir='ltr'><strong>necessitas,</strong></span> 
     </span>
    </p>
   </div>
   <div class='ocr_carea' id='block_1_19' title="bbox 382 1179 2016 1254">
    <p class='ocr_par' dir='ltr' id='par_1_19' title="bbox 382 1179 2016 1254">
     <span class='ocr_line' id='line_1_19' title="bbox 382 1179 2016 1254; baseline -0.005 -12"><span class='ocrx_word' id='word_1_133' title='bbox 382 1187 486 1248; x_wconf 84' lang='lat' dir='ltr'><strong>sit,</strong></span> <span class='ocrx_word' id='word_1_134' title='bbox 521 1182 844 1254; x_wconf 81' lang='lat' dir='ltr'><strong>mysterium</strong></span> <span class='ocrx_word' id='word_1_135' title='bbox 873 1183 1064 1236; x_wconf 87' lang='lat' dir='ltr'><strong>salutis</strong></span> <span class='ocrx_word' id='word_1_136' title='bbox 1105 1187 1319 1236; x_wconf 64' lang='lat' dir='ltr'><strong>nostra:</strong></span> <span class='ocrx_word' id='word_1_137' title='bbox 1350 1196 1456 1234; x_wconf 92' lang='lat' dir='ltr'><strong>non</strong></span> <span class='ocrx_word' id='word_1_138' title='bbox 1486 1197 1606 1236; x_wconf 87' lang='lat' dir='ltr'><strong>esse</strong></span> <span class='ocrx_word' id='word_1_139' title='bbox 1633 1179 2016 1235; x_wconf 89' lang='lat' dir='ltr'><strong>contumeliam</strong></span> 
     </span>
    </p>
   </div>
   <div class='ocr_carea' id='block_1_20' title="bbox 381 1273 2018 1343">
    <p class='ocr_par' dir='ltr' id='par_1_20' title="bbox 381 1273 2018 1343">
     <span class='ocr_line' id='line_1_20' title="bbox 381 1273 2018 1343; baseline -0.004 -12"><span class='ocrx_word' id='word_1_140' title='bbox 381 1273 718 1337; x_wconf 80' lang='lat' dir='ltr'><strong>divinitatis,</strong></span> <span class='ocrx_word' id='word_1_141' title='bbox 751 1273 846 1326; x_wconf 83' lang='lat' dir='ltr'><strong>sed</strong></span> <span class='ocrx_word' id='word_1_142' title='bbox 875 1288 1086 1343; x_wconf 62' lang='lat' dir='ltr'><strong>magnae</strong></span> <span class='ocrx_word' id='word_1_143' title='bbox 1131 1273 1348 1342; x_wconf 85' lang='lat' dir='ltr'><strong>pictatis</strong></span> <span class='ocrx_word' id='word_1_144' title='bbox 1376 1281 1776 1328; x_wconf 83' lang='lat' dir='ltr'><strong>sacramentum</strong></span> <span class='ocrx_word' id='word_1_145' title='bbox 1803 1288 1814 1323; x_wconf 77' lang='grc' dir='ltr'><strong>ε</strong></span> <span class='ocrx_word' id='word_1_146' title='bbox 1849 1281 1904 1326; x_wconf 90' lang='lat' dir='ltr'><strong>et</strong></span> <span class='ocrx_word' id='word_1_147' title='bbox 1929 1286 2018 1325; x_wconf 78' lang='lat' dir='ltr'><strong>sa-</strong></span> 
     </span>
    </p>
   </div>
   <div class='ocr_carea' id='block_1_21' title="bbox 376 1361 2013 1438">
    <p class='ocr_par' dir='ltr' id='par_1_21' title="bbox 376 1361 2013 1438">
     <span class='ocr_line' id='line_1_21' title="bbox 376 1361 2013 1438; baseline -0.004 -14"><span class='ocrx_word' id='word_1_148' title='bbox 376 1376 736 1424; x_wconf 88' lang='lat' dir='ltr'><strong>cramentum</strong></span> <span class='ocrx_word' id='word_1_149' title='bbox 761 1379 867 1417; x_wconf 90' lang='lat' dir='ltr'><strong>non</strong></span> <span class='ocrx_word' id='word_1_150' title='bbox 893 1365 1005 1433; x_wconf 84' lang='lat' dir='ltr'><strong>jam</strong></span> <span class='ocrx_word' id='word_1_151' title='bbox 1043 1363 1126 1438; x_wconf 83' lang='lat' dir='ltr'><strong>(l)</strong></span> <span class='ocrx_word' id='word_1_152' title='bbox 1153 1364 1226 1437; x_wconf 93' lang='lat' dir='ltr'><strong>(c)</strong></span> <span class='ocrx_word' id='word_1_153' title='bbox 1259 1365 1314 1420; x_wconf 92' lang='lat' dir='ltr'><strong>in</strong></span> <span class='ocrx_word' id='word_1_154' title='bbox 1344 1365 1612 1436; x_wconf 76' lang='lat' dir='ltr'><strong>mySterio</strong></span> <span class='ocrx_word' id='word_1_155' title='bbox 1643 1361 1971 1417; x_wconf 85' lang='lat' dir='ltr'><strong>occultatum</strong></span> <span class='ocrx_word' id='word_1_156' title='bbox 1997 1404 2013 1430; x_wconf 91' lang='lat'><strong>,</strong></span> 
     </span>
    </p>
   </div>
   <div class='ocr_carea' id='block_1_22' title="bbox 370 1455 2014 1527">
    <p class='ocr_par' dir='ltr' id='par_1_22' title="bbox 370 1455 2014 1527">
     <span class='ocr_line' id='line_1_22' title="bbox 370 1455 2014 1527; baseline -0.004 -13"><span class='ocrx_word' id='word_1_157' title='bbox 370 1458 472 1514; x_wconf 85' lang='lat' dir='ltr'><strong>sed</strong></span> <span class='ocrx_word' id='word_1_158' title='bbox 493 1458 551 1511; x_wconf 89' lang='lat' dir='ltr'><strong>in</strong></span> <span class='ocrx_word' id='word_1_159' title='bbox 580 1470 753 1511; x_wconf 87' lang='lat' dir='ltr'><strong>carne</strong></span> <span class='ocrx_word' id='word_1_160' title='bbox 772 1455 1178 1511; x_wconf 79' lang='lat' dir='ltr'><strong>manifestatum</strong></span> <span class='ocrx_word' id='word_1_161' title='bbox 1204 1473 1218 1522; x_wconf 88' lang='lat'><strong>;</strong></span> <span class='ocrx_word' id='word_1_162' title='bbox 1241 1472 1418 1527; x_wconf 87' lang='lat' dir='ltr'><strong>neque</strong></span> <span class='ocrx_word' id='word_1_163' title='bbox 1450 1456 1629 1510; x_wconf 82' lang='lat' dir='ltr'><strong>adhuc</strong></span> <span class='ocrx_word' id='word_1_164' title='bbox 1652 1468 1747 1522; x_wconf 91' lang='lat' dir='ltr'><strong>per</strong></span> <span class='ocrx_word' id='word_1_165' title='bbox 1773 1462 2014 1508; x_wconf 87' lang='lat' dir='ltr'><strong>naturam</strong></span> 
     </span>
    </p>
   </div>
   <div class='ocr_carea' id='block_1_23' title="bbox 373 1544 2016 1618">
    <p class='ocr_par' dir='ltr' id='par_1_23' title="bbox 373 1544 2016 1618">
     <span class='ocr_line' id='line_1_23' title="bbox 373 1544 2016 1618; baseline -0.001 -15"><span class='ocrx_word' id='word_1_166' title='bbox 373 1547 566 1604; x_wconf 84' lang='lat' dir='ltr'><strong>carnis</strong></span> <span class='ocrx_word' id='word_1_167' title='bbox 592 1544 896 1610; x_wconf 83' lang='lat' dir='ltr'><strong>infirmum,</strong></span> <span class='ocrx_word' id='word_1_168' title='bbox 929 1545 1033 1600; x_wconf 88' lang='lat' dir='ltr'><strong>sed</strong></span> <span class='ocrx_word' id='word_1_169' title='bbox 1077 1547 1130 1600; x_wconf 92' lang='lat' dir='ltr'><strong>in</strong></span> <span class='ocrx_word' id='word_1_170' title='bbox 1171 1546 1363 1616; x_wconf 87' lang='lat' dir='ltr'><strong>spiritu</strong></span> <span class='ocrx_word' id='word_1_171' title='bbox 1402 1545 1805 1618; x_wconf 65' lang='lat' dir='ltr'><strong>justiﬁcafum:</strong></span> <span class='ocrx_word' id='word_1_172' title='bbox 1837 1553 1895 1598; x_wconf 90' lang='lat' dir='ltr'><strong>ut</strong></span> <span class='ocrx_word' id='word_1_173' title='bbox 1923 1561 2016 1615; x_wconf 90' lang='lat' dir='ltr'><strong>per</strong></span> 
     </span>
    </p>
   </div>
   <div class='ocr_carea' id='block_1_24' title="bbox 360 1631 3733 1712">
    <p class='ocr_par' dir='ltr' id='par_1_24' title="bbox 360 1631 3733 1712">
     <span class='ocr_line' id='line_1_24' title="bbox 360 1631 3733 1712; baseline -0.001 -17"><span class='ocrx_word' id='word_1_174' title='bbox 360 1637 816 1712; x_wconf 83' lang='lat' dir='ltr'><strong>justiticationem</strong></span> <span class='ocrx_word' id='word_1_175' title='bbox 855 1635 1092 1706; x_wconf 78' lang='lat' dir='ltr'><strong>Spiritus</strong></span> <span class='ocrx_word' id='word_1_176' title='bbox 1132 1636 1298 1710; x_wconf 79' lang='lat'><strong>380</strong></span> <span class='ocrx_word' id='word_1_177' title='bbox 1333 1639 1561 1695; x_wconf 88' lang='lat' dir='ltr'><strong>abesset</strong></span> <span class='ocrx_word' id='word_1_178' title='bbox 1607 1649 1638 1688; x_wconf 91' lang='lat' dir='ltr'><strong>a</strong></span> <span class='ocrx_word' id='word_1_179' title='bbox 1685 1631 1792 1686; x_wconf 79' lang='lat' dir='ltr'><strong>(ide</strong></span> <span class='ocrx_word' id='word_1_180' title='bbox 1835 1643 2015 1691; x_wconf 85' lang='lat' dir='ltr'><strong>nostra</strong></span> <span class='ocrx_word' id='word_1_181' title='bbox 2119 1641 2254 1696; x_wconf 84' lang='lat' dir='ltr'><strong>ritas</strong></span> <span class='ocrx_word' id='word_1_182' title='bbox 2275 1649 2378 1704; x_wconf 88' lang='lat' dir='ltr'><strong>est,</strong></span> <span class='ocrx_word' id='word_1_183' title='bbox 2402 1639 2680 1705; x_wconf 83' lang='lat' dir='ltr'><strong>hacretice,</strong></span> <span class='ocrx_word' id='word_1_184' title='bbox 2708 1650 2762 1695; x_wconf 89' lang='lat' dir='ltr'><strong>et</strong></span> <span class='ocrx_word' id='word_1_185' title='bbox 2778 1639 3167 1695; x_wconf 88' lang='lat' dir='ltr'><strong>indissolubilis</strong></span> <span class='ocrx_word' id='word_1_186' title='bbox 3193 1637 3408 1694; x_wconf 91' lang='lat' dir='ltr'><strong>Domini</strong></span> <span class='ocrx_word' id='word_1_187' title='bbox 3432 1637 3502 1694; x_wconf 90' lang='lat' dir='ltr'><strong>de</strong></span> <span class='ocrx_word' id='word_1_188' title='bbox 3521 1651 3579 1692; x_wconf 91' lang='lat' dir='ltr'><strong>se</strong></span> <span class='ocrx_word' id='word_1_189' title='bbox 3602 1651 3733 1707; x_wconf 87' lang='lat' dir='ltr'><strong>pro-</strong></span> 
     </span>
    </p>
   </div>
   <div class='ocr_carea' id='block_1_25' title="bbox 363 1726 3735 1804">
    <p class='ocr_par' dir='ltr' id='par_1_25' title="bbox 363 1726 3735 1804">
     <span class='ocr_line' id='line_1_25' title="bbox 363 1726 3735 1804; baseline -0.001 -18"><span class='ocrx_word' id='word_1_190' title='bbox 363 1731 554 1789; x_wconf 85' lang='lat' dir='ltr'><strong>carnis</strong></span> <span class='ocrx_word' id='word_1_191' title='bbox 581 1726 888 1793; x_wconf 73' lang='lat' dir='ltr'><strong>infirmitas,</strong></span> <span class='ocrx_word' id='word_1_192' title='bbox 922 1734 986 1782; x_wconf 84' lang='lat' dir='ltr'><strong>et</strong></span> <span class='ocrx_word' id='word_1_193' title='bbox 1008 1743 1108 1798; x_wconf 88' lang='lat' dir='ltr'><strong>per</strong></span> <span class='ocrx_word' id='word_1_194' title='bbox 1127 1732 1306 1783; x_wconf 88' lang='lat' dir='ltr'><strong>carnis</strong></span> <span class='ocrx_word' id='word_1_195' title='bbox 1327 1726 1853 1785; x_wconf 82' lang='lat' dir='ltr'><strong>manifestationem</strong></span> <span class='ocrx_word' id='word_1_196' title='bbox 1877 1742 2020 1796; x_wconf 83' lang='lat' dir='ltr'><strong>tnys-</strong></span> <span class='ocrx_word' id='word_1_197' title='bbox 2123 1733 2306 1801; x_wconf 78' lang='lat' dir='ltr'><strong>fessio,</strong></span> <span class='ocrx_word' id='word_1_198' title='bbox 2332 1749 2434 1804; x_wconf 92' lang='lat' dir='ltr'><strong>qua</strong></span> <span class='ocrx_word' id='word_1_199' title='bbox 2462 1734 2569 1788; x_wconf 90' lang='lat' dir='ltr'><strong>ait:</strong></span> <span class='ocrx_word' id='word_1_200' title='bbox 2592 1733 2860 1789; x_wconf 82' lang='lat' dir='ltr'><strong>Adscendo</strong></span> <span class='ocrx_word' id='word_1_201' title='bbox 2881 1736 2950 1788; x_wconf 84' lang='lat' dir='ltr'><strong>ad</strong></span> <span class='ocrx_word' id='word_1_202' title='bbox 2967 1743 3162 1804; x_wconf 86' lang='lat' dir='ltr'><strong>patrem</strong></span> <span class='ocrx_word' id='word_1_203' title='bbox 3190 1748 3356 1786; x_wconf 83' lang='lat' dir='ltr'><strong>meum</strong></span> <span class='ocrx_word' id='word_1_204' title='bbox 3379 1741 3423 1785; x_wconf 88' lang='lat' dir='ltr'><strong>et</strong></span> <span class='ocrx_word' id='word_1_205' title='bbox 3441 1731 3509 1786; x_wconf 83' lang='lat' dir='ltr'><strong>ad</strong></span> <span class='ocrx_word' id='word_1_206' title='bbox 3532 1740 3735 1800; x_wconf 77' lang='lat' dir='ltr'><strong>patrem</strong></span> 
     </span>
    </p>
   </div>
   <div class='ocr_carea' id='block_1_26' title="bbox 359 1807 3727 1897">
    <p class='ocr_par' dir='ltr' id='par_1_26' title="bbox 359 1807 3727 1897">
     <span class='ocr_line' id='line_1_26' title="bbox 359 1807 3727 1897; baseline -0.004 -16"><span class='ocrx_word' id='word_1_207' title='bbox 359 1824 560 1881; x_wconf 89' lang='lat' dir='ltr'><strong>terium</strong></span> <span class='ocrx_word' id='word_1_208' title='bbox 593 1835 701 1874; x_wconf 85' lang='grc' dir='ltr'><strong>ηοιι</strong></span> <span class='ocrx_word' id='word_1_209' title='bbox 727 1825 866 1873; x_wconf 62' lang='grc'><strong>88881</strong></span> <span class='ocrx_word' id='word_1_210' title='bbox 897 1819 1182 1874; x_wconf 85' lang='lat' dir='ltr'><strong>occultum</strong></span> <span class='ocrx_word' id='word_1_211' title='bbox 1203 1861 1218 1887; x_wconf 92' lang='lat'><strong>,</strong></span> <span class='ocrx_word' id='word_1_212' title='bbox 1265 1831 1319 1878; x_wconf 89' lang='lat' dir='ltr'><strong>et</strong></span> <span class='ocrx_word' id='word_1_213' title='bbox 1359 1839 1460 1892; x_wconf 85' lang='lat' dir='ltr'><strong>per</strong></span> <span class='ocrx_word' id='word_1_214' title='bbox 1487 1815 1759 1890; x_wconf 83' lang='lat' dir='ltr'><strong>mysterii</strong></span> <span class='ocrx_word' id='word_1_215' title='bbox 1799 1807 2016 1888; x_wconf 75' lang='lat' dir='ltr'><strong>ignora-</strong></span> <span class='ocrx_word' id='word_1_216' title='bbox 2048 1837 2098 1897; x_wconf 77' lang='grc' dir='ltr'>Β</span> <span class='ocrx_word' id='word_1_217' title='bbox 2121 1837 2368 1894; x_wconf 65' lang='lat' dir='ltr'><strong>vestrum,</strong></span> <span class='ocrx_word' id='word_1_218' title='bbox 2394 1839 2440 1881; x_wconf 78' lang='grc' dir='ltr'><strong>ει</strong></span> <span class='ocrx_word' id='word_1_219' title='bbox 2468 1829 2535 1881; x_wconf 79' lang='lat' dir='ltr'><strong>ad</strong></span> <span class='ocrx_word' id='word_1_220' title='bbox 2563 1826 2731 1883; x_wconf 71' lang='lat' dir='ltr'><strong>Deum</strong></span> <span class='ocrx_word' id='word_1_221' title='bbox 2754 1845 2918 1883; x_wconf 65' lang='lat' dir='ltr'><strong>meum</strong></span> <span class='ocrx_word' id='word_1_222' title='bbox 2934 1838 2982 1882; x_wconf 73' lang='grc' dir='ltr'><strong>ει</strong></span> <span class='ocrx_word' id='word_1_223' title='bbox 3004 1828 3072 1882; x_wconf 81' lang='lat' dir='ltr'><strong>ad</strong></span> <span class='ocrx_word' id='word_1_224' title='bbox 3093 1827 3258 1881; x_wconf 62' lang='lat' dir='ltr'><strong>Deum</strong></span> <span class='ocrx_word' id='word_1_225' title='bbox 3283 1836 3538 1890; x_wconf 63' lang='lat' dir='ltr'><strong>vestrum;</strong></span> 
     </span>
    </p>
   </div>
   <div class='ocr_carea' id='block_1_27' title="bbox 355 1910 3728 1991">
    <p class='ocr_par' dir='ltr' id='par_1_27' title="bbox 355 1910 3728 1991">
     <span class='ocr_line' id='line_1_27' title="bbox 355 1910 3728 1991; baseline -0.004 -17"><span class='ocrx_word' id='word_1_226' title='bbox 355 1916 520 1974; x_wconf 85' lang='lat' dir='ltr'><strong>bilem</strong></span> <span class='ocrx_word' id='word_1_227' title='bbox 541 1926 758 1967; x_wconf 84' lang='lat' dir='ltr'><strong>causam</strong></span> <span class='ocrx_word' id='word_1_228' title='bbox 786 1924 1014 1981; x_wconf 72' lang='lat' dir='ltr'><strong>magnae</strong></span> <span class='ocrx_word' id='word_1_229' title='bbox 1043 1910 1251 1980; x_wconf 85' lang='lat' dir='ltr'><strong>pietatis</strong></span> <span class='ocrx_word' id='word_1_230' title='bbox 1281 1911 1361 1985; x_wconf 80' lang='lat' dir='ltr'><strong>(tt)</strong></span> <span class='ocrx_word' id='word_1_231' title='bbox 1395 1915 1447 1968; x_wconf 89' lang='lat' dir='ltr'><strong>in</strong></span> <span class='ocrx_word' id='word_1_232' title='bbox 1473 1918 1863 1967; x_wconf 87' lang='lat' dir='ltr'><strong>sacramento</strong></span> <span class='ocrx_word' id='word_1_233' title='bbox 1884 1921 2026 1967; x_wconf 84' lang='lat' dir='ltr'><strong>esset</strong></span> <span class='ocrx_word' id='word_1_234' title='bbox 2131 1931 2192 1978; x_wconf 79' lang='grc' dir='ltr'><strong>ιη</strong></span> <span class='ocrx_word' id='word_1_235' title='bbox 2222 1936 2316 1991; x_wconf 74' lang='grc' dir='ltr'><strong>ροι-</strong></span> <span class='ocrx_word' id='word_1_236' title='bbox 2344 1920 2418 1985; x_wconf 72' lang='lat' dir='ltr'><strong>id,</strong></span> <span class='ocrx_word' id='word_1_237' title='bbox 2441 1921 2584 1990; x_wconf 73' lang='lat' dir='ltr'><strong>quod</strong></span> <span class='ocrx_word' id='word_1_238' title='bbox 2610 1932 2662 1977; x_wconf 56' lang='lat' dir='ltr'><strong>et</strong></span> <span class='ocrx_word' id='word_1_239' title='bbox 2688 1921 2842 1976; x_wconf 65' lang='lat' dir='ltr'><strong>nobis</strong></span> <span class='ocrx_word' id='word_1_240' title='bbox 2859 1930 2911 1976; x_wconf 70' lang='grc' dir='ltr'><strong>ει</strong></span> <span class='ocrx_word' id='word_1_241' title='bbox 2932 1921 3007 1974; x_wconf 75' lang='lat' dir='ltr'><strong>iui</strong></span> <span class='ocrx_word' id='word_1_242' title='bbox 3027 1934 3164 1974; x_wconf 77' lang='lat' dir='ltr'><strong>unus</strong></span> <span class='ocrx_word' id='word_1_243' title='bbox 3189 1927 3243 1973; x_wconf 73' lang='grc' dir='ltr'><strong>ει</strong></span> <span class='ocrx_word' id='word_1_244' title='bbox 3266 1929 3420 1986; x_wconf 64' lang='lat' dir='ltr'><strong>pater</strong></span> <span class='ocrx_word' id='word_1_245' title='bbox 3450 1925 3601 1988; x_wconf 67' lang='lat' dir='ltr'><strong>pater</strong></span> <span class='ocrx_word' id='word_1_246' title='bbox 3618 1927 3728 1979; x_wconf 75' lang='lat' dir='ltr'><strong>est,</strong></span> 
     </span>
    </p>
   </div>
   <div class='ocr_carea' id='block_1_28' title="bbox 354 2003 3734 2085">
    <p class='ocr_par' dir='ltr' id='par_1_28' title="bbox 354 2003 3734 2085">
     <span class='ocr_line' id='line_1_28' title="bbox 354 2003 3734 2085; baseline -0.005 -15"><span class='ocrx_word' id='word_1_247' title='bbox 354 2013 471 2070; x_wconf 85' lang='lat' dir='ltr'><strong>sola</strong></span> <span class='ocrx_word' id='word_1_248' title='bbox 502 2007 794 2067; x_wconf 81' lang='lat' dir='ltr'><strong>confessio.</strong></span> <span class='ocrx_word' id='word_1_249' title='bbox 824 2004 1022 2075; x_wconf 82' lang='lat' dir='ltr'><strong>Atque</strong></span> <span class='ocrx_word' id='word_1_250' title='bbox 1065 2009 1134 2059; x_wconf 90' lang='lat' dir='ltr'><strong>ita</strong></span> <span class='ocrx_word' id='word_1_251' title='bbox 1165 2004 1459 2076; x_wconf 83' lang='lat' dir='ltr'><strong>Apostolus</strong></span> <span class='ocrx_word' id='word_1_252' title='bbox 1488 2005 1633 2062; x_wconf 77' lang='lat' dir='ltr'><strong>fidei</strong></span> <span class='ocrx_word' id='word_1_253' title='bbox 1669 2003 1859 2059; x_wconf 89' lang='lat' dir='ltr'><strong>t0tius</strong></span> <span class='ocrx_word' id='word_1_254' title='bbox 1881 2003 2029 2060; x_wconf 90' lang='lat' dir='ltr'><strong>ordi-</strong></span> <span class='ocrx_word' id='word_1_255' title='bbox 2131 2021 2188 2069; x_wconf 63' lang='lat' dir='ltr'><strong>et</strong></span> <span class='ocrx_word' id='word_1_256' title='bbox 2213 2012 2354 2066; x_wconf 78' lang='lat' dir='ltr'><strong>Deus</strong></span> <span class='ocrx_word' id='word_1_257' title='bbox 2375 2011 2512 2067; x_wconf 75' lang='lat' dir='ltr'><strong>Deus</strong></span> <span class='ocrx_word' id='word_1_258' title='bbox 2530 2022 2612 2067; x_wconf 65' lang='lat' dir='ltr'><strong>es;</strong></span> <span class='ocrx_word' id='word_1_259' title='bbox 2639 2013 2816 2085; x_wconf 65' lang='grc' dir='ltr'><strong>(ιοαη,</strong></span> <span class='ocrx_word' id='word_1_260' title='bbox 2841 2011 3205 2081; x_wconf 66' lang='grc' dir='ltr'><strong>ιχ,ί·ι),ςίιίη</strong></span> <span class='ocrx_word' id='word_1_261' title='bbox 3222 2025 3284 2064; x_wconf 75' lang='lat' dir='ltr'><strong>ea</strong></span> <span class='ocrx_word' id='word_1_262' title='bbox 3303 2008 3734 2077; x_wconf 72' lang='lat' dir='ltr'><strong>inﬁrmitatequa</strong></span> 
     </span>
    </p>
   </div>
   <div class='ocr_carea' id='block_1_29' title="bbox 353 2099 3733 2181">
    <p class='ocr_par' dir='ltr' id='par_1_29' title="bbox 353 2099 3733 2181">
     <span class='ocr_line' id='line_1_29' title="bbox 353 2099 3733 2181; baseline -0.002 -17"><span class='ocrx_word' id='word_1_263' title='bbox 353 2124 482 2168; x_wconf 88' lang='lat' dir='ltr'><strong>nem</strong></span> <span class='ocrx_word' id='word_1_264' title='bbox 504 2104 697 2169; x_wconf 88' lang='lat' dir='ltr'><strong>tenuit,</strong></span> <span class='ocrx_word' id='word_1_265' title='bbox 725 2112 779 2159; x_wconf 92' lang='lat' dir='ltr'><strong>ut</strong></span> <span class='ocrx_word' id='word_1_266' title='bbox 799 2101 933 2158; x_wconf 86' lang='lat' dir='ltr'><strong>dum</strong></span> <span class='ocrx_word' id='word_1_267' title='bbox 959 2099 1141 2170; x_wconf 87' lang='lat' dir='ltr'><strong>pietas</strong></span> <span class='ocrx_word' id='word_1_268' title='bbox 1159 2110 1240 2156; x_wconf 92' lang='lat' dir='ltr'><strong>est</strong></span> <span class='ocrx_word' id='word_1_269' title='bbox 1259 2141 1274 2165; x_wconf 94' lang='lat'><strong>,</strong></span> <span class='ocrx_word' id='word_1_270' title='bbox 1296 2110 1720 2158; x_wconf 86' lang='lat' dir='ltr'><strong>sacramentum</strong></span> <span class='ocrx_word' id='word_1_271' title='bbox 1750 2099 1878 2166; x_wconf 92' lang='lat' dir='ltr'><strong>sit;</strong></span> <span class='ocrx_word' id='word_1_272' title='bbox 1901 2099 2030 2155; x_wconf 89' lang='lat' dir='ltr'><strong>dum</strong></span> <span class='ocrx_word' id='word_1_273' title='bbox 2139 2119 2353 2181; x_wconf 70' lang='lat' dir='ltr'><strong>sumus;</strong></span> <span class='ocrx_word' id='word_1_274' title='bbox 2385 2105 2513 2161; x_wconf 87' lang='lat' dir='ltr'><strong>dum</strong></span> <span class='ocrx_word' id='word_1_275' title='bbox 2563 2115 2616 2162; x_wconf 89' lang='lat' dir='ltr'><strong>et</strong></span> <span class='ocrx_word' id='word_1_276' title='bbox 2654 2122 2750 2177; x_wconf 89' lang='lat' dir='ltr'><strong>per</strong></span> <span class='ocrx_word' id='word_1_277' title='bbox 2791 2106 3040 2162; x_wconf 88' lang='lat' dir='ltr'><strong>eumdem</strong></span> <span class='ocrx_word' id='word_1_278' title='bbox 3070 2113 3278 2175; x_wconf 88' lang='lat' dir='ltr'><strong>patrem</strong></span> <span class='ocrx_word' id='word_1_279' title='bbox 3305 2116 3650 2173; x_wconf 63' lang='lat' dir='ltr'><strong>exsequamur</strong></span> <span class='ocrx_word' id='word_1_280' title='bbox 3677 2103 3733 2156; x_wconf 86' lang='lat' dir='ltr'><strong>in</strong></span> 
     </span>
    </p>
   </div>
   <div class='ocr_carea' id='block_1_30' title="bbox 355 2194 3730 2270">
    <p class='ocr_par' dir='ltr' id='par_1_30' title="bbox 355 2194 3730 2270">
     <span class='ocr_line' id='line_1_30' title="bbox 355 2194 3730 2270; baseline -0.004 -8"><span class='ocrx_word' id='word_1_281' title='bbox 355 2207 754 2262; x_wconf 84' lang='lat' dir='ltr'><strong>sacramentum</strong></span> <span class='ocrx_word' id='word_1_282' title='bbox 779 2205 884 2262; x_wconf 88' lang='lat' dir='ltr'><strong>est,</strong></span> <span class='ocrx_word' id='word_1_283' title='bbox 918 2194 1170 2266; x_wconf 87' lang='lat' dir='ltr'><strong>cognitio</strong></span> <span class='ocrx_word' id='word_1_284' title='bbox 1189 2195 1242 2249; x_wconf 90' lang='lat' dir='ltr'><strong>in</strong></span> <span class='ocrx_word' id='word_1_285' title='bbox 1264 2209 1428 2251; x_wconf 89' lang='lat' dir='ltr'><strong>carne</strong></span> <span class='ocrx_word' id='word_1_286' title='bbox 1457 2196 1568 2262; x_wconf 85' lang='lat' dir='ltr'><strong>sit;</strong></span> <span class='ocrx_word' id='word_1_287' title='bbox 1607 2195 1746 2251; x_wconf 92' lang='lat' dir='ltr'><strong>dum</strong></span> <span class='ocrx_word' id='word_1_288' title='bbox 1780 2195 2031 2268; x_wconf 77' lang='lat' dir='ltr'><strong>cognitio</strong></span> <span class='ocrx_word' id='word_1_289' title='bbox 2139 2199 2300 2266; x_wconf 85' lang='lat' dir='ltr'><strong>ﬁlios,</strong></span> <span class='ocrx_word' id='word_1_290' title='bbox 2333 2207 2386 2254; x_wconf 90' lang='lat' dir='ltr'><strong>et</strong></span> <span class='ocrx_word' id='word_1_291' title='bbox 2413 2214 2508 2267; x_wconf 85' lang='lat' dir='ltr'><strong>per</strong></span> <span class='ocrx_word' id='word_1_292' title='bbox 2537 2200 2782 2256; x_wconf 86' lang='lat' dir='ltr'><strong>eumdem</strong></span> <span class='ocrx_word' id='word_1_293' title='bbox 2818 2200 2987 2254; x_wconf 84' lang='lat' dir='ltr'><strong>Deum</strong></span> <span class='ocrx_word' id='word_1_294' title='bbox 3013 2211 3389 2270; x_wconf 81' lang='lat' dir='ltr'><strong>comparamur</strong></span> <span class='ocrx_word' id='word_1_295' title='bbox 3419 2196 3474 2251; x_wconf 90' lang='lat' dir='ltr'><strong>in</strong></span> <span class='ocrx_word' id='word_1_296' title='bbox 3506 2209 3730 2252; x_wconf 82' lang='lat' dir='ltr'><strong>servos:</strong></span> 
     </span>
    </p>
   </div>
   <div class='ocr_carea' id='block_1_31' title="bbox 357 2285 3734 2362">
    <p class='ocr_par' dir='ltr' id='par_1_31' title="bbox 357 2285 3734 2362">
     <span class='ocr_line' id='line_1_31' title="bbox 357 2285 3734 2362; baseline -0.004 -7"><span class='ocrx_word' id='word_1_297' title='bbox 357 2298 415 2355; x_wconf 89' lang='lat' dir='ltr'><strong>in</strong></span> <span class='ocrx_word' id='word_1_298' title='bbox 443 2310 610 2353; x_wconf 85' lang='lat' dir='ltr'><strong>carne</strong></span> <span class='ocrx_word' id='word_1_299' title='bbox 639 2302 743 2356; x_wconf 84' lang='lat' dir='ltr'><strong>est,</strong></span> <span class='ocrx_word' id='word_1_300' title='bbox 769 2285 1103 2362; x_wconf 72' lang='lat' dir='ltr'><strong>iustiﬁcatio</strong></span> <span class='ocrx_word' id='word_1_301' title='bbox 1144 2286 1198 2341; x_wconf 92' lang='lat' dir='ltr'><strong>in</strong></span> <span class='ocrx_word' id='word_1_302' title='bbox 1247 2285 1440 2358; x_wconf 86' lang='lat' dir='ltr'><strong>spiritu</strong></span> <span class='ocrx_word' id='word_1_303' title='bbox 1493 2287 1600 2352; x_wconf 89' lang='lat' dir='ltr'><strong>sit;</strong></span> <span class='ocrx_word' id='word_1_304' title='bbox 1645 2288 1794 2358; x_wconf 89' lang='lat' dir='ltr'><strong>quia</strong></span> <span class='ocrx_word' id='word_1_305' title='bbox 1841 2302 2028 2346; x_wconf 85' lang='lat' dir='ltr'><strong>sacra-</strong></span> <span class='ocrx_word' id='word_1_306' title='bbox 2137 2299 2195 2350; x_wconf 87' lang='lat' dir='ltr'><strong>et</strong></span> <span class='ocrx_word' id='word_1_307' title='bbox 2222 2305 2343 2346; x_wconf 90' lang='lat' dir='ltr'><strong>cum</strong></span> <span class='ocrx_word' id='word_1_308' title='bbox 2369 2305 2465 2346; x_wconf 88' lang='lat' dir='ltr'><strong>nos</strong></span> <span class='ocrx_word' id='word_1_309' title='bbox 2486 2292 2655 2348; x_wconf 90' lang='lat' dir='ltr'><strong>simus</strong></span> <span class='ocrx_word' id='word_1_310' title='bbox 2679 2303 2733 2348; x_wconf 88' lang='lat' dir='ltr'><strong>et</strong></span> <span class='ocrx_word' id='word_1_311' title='bbox 2760 2292 2968 2348; x_wconf 84' lang='lat' dir='ltr'><strong>creatio</strong></span> <span class='ocrx_word' id='word_1_312' title='bbox 2989 2307 3054 2347; x_wconf 80' lang='lat' dir='ltr'><strong>ex</strong></span> <span class='ocrx_word' id='word_1_313' title='bbox 3081 2289 3308 2362; x_wconf 84' lang='lat' dir='ltr'><strong>origine,</strong></span> <span class='ocrx_word' id='word_1_314' title='bbox 3340 2299 3392 2345; x_wconf 88' lang='lat' dir='ltr'><strong>et</strong></span> <span class='ocrx_word' id='word_1_315' title='bbox 3436 2299 3505 2344; x_wconf 75' lang='lat' dir='ltr'><strong>ex</strong></span> <span class='ocrx_word' id='word_1_316' title='bbox 3541 2297 3734 2342; x_wconf 76' lang='lat' dir='ltr'><strong>natura</strong></span> 
     </span>
    </p>
   </div>
   <div class='ocr_carea' id='block_1_32' title="bbox 360 2378 3736 2463">
    <p class='ocr_par' dir='ltr' id='par_1_32' title="bbox 360 2378 3736 2463">
     <span class='ocr_line' id='line_1_32' title="bbox 360 2378 3736 2463; baseline -0.006 -11"><span class='ocrx_word' id='word_1_317' title='bbox 360 2402 605 2452; x_wconf 89' lang='lat' dir='ltr'><strong>mentum</strong></span> <span class='ocrx_word' id='word_1_318' title='bbox 633 2385 866 2463; x_wconf 83' lang='lat' dir='ltr'><strong>pietatis,</strong></span> <span class='ocrx_word' id='word_1_319' title='bbox 893 2381 1051 2453; x_wconf 89' lang='lat' dir='ltr'><strong>quod</strong></span> <span class='ocrx_word' id='word_1_320' title='bbox 1077 2379 1455 2460; x_wconf 85' lang='lat' dir='ltr'><strong>manifestatur</strong></span> <span class='ocrx_word' id='word_1_321' title='bbox 1483 2380 1544 2434; x_wconf 85' lang='lat' dir='ltr'><strong>iu</strong></span> <span class='ocrx_word' id='word_1_322' title='bbox 1564 2393 1772 2448; x_wconf 85' lang='lat' dir='ltr'><strong>carne,</strong></span> <span class='ocrx_word' id='word_1_323' title='bbox 1818 2391 1876 2436; x_wconf 92' lang='lat' dir='ltr'><strong>ut</strong></span> <span class='ocrx_word' id='word_1_324' title='bbox 1898 2396 2032 2438; x_wconf 83' lang='lat' dir='ltr'><strong>vere</strong></span> <span class='ocrx_word' id='word_1_325' title='bbox 2135 2385 2301 2452; x_wconf 80' lang='lat' dir='ltr'><strong>servi,</strong></span> <span class='ocrx_word' id='word_1_326' title='bbox 2325 2394 2502 2440; x_wconf 89' lang='lat' dir='ltr'><strong>tamen</strong></span> <span class='ocrx_word' id='word_1_327' title='bbox 2521 2384 2646 2440; x_wconf 86' lang='lat' dir='ltr'><strong>dum</strong></span> <span class='ocrx_word' id='word_1_328' title='bbox 2665 2393 2720 2440; x_wconf 89' lang='lat' dir='ltr'><strong>et</strong></span> <span class='ocrx_word' id='word_1_329' title='bbox 2740 2394 2890 2455; x_wconf 84' lang='lat' dir='ltr'><strong>pater</strong></span> <span class='ocrx_word' id='word_1_330' title='bbox 2907 2383 3062 2440; x_wconf 88' lang='lat' dir='ltr'><strong>nobis</strong></span> <span class='ocrx_word' id='word_1_331' title='bbox 3075 2381 3375 2440; x_wconf 86' lang='lat' dir='ltr'><strong>communis</strong></span> <span class='ocrx_word' id='word_1_332' title='bbox 3395 2387 3449 2435; x_wconf 89' lang='lat' dir='ltr'><strong>et</strong></span> <span class='ocrx_word' id='word_1_333' title='bbox 3465 2378 3606 2434; x_wconf 87' lang='lat' dir='ltr'><strong>Deus</strong></span> <span class='ocrx_word' id='word_1_334' title='bbox 3625 2387 3736 2444; x_wconf 74' lang='lat' dir='ltr'><strong>est,</strong></span> 
     </span>
    </p>
   </div>
   <div class='ocr_carea' id='block_1_33' title="bbox 367 2472 3738 2549">
    <p class='ocr_par' dir='ltr' id='par_1_33' title="bbox 367 2472 3738 2549">
     <span class='ocr_line' id='line_1_33' title="bbox 367 2472 3738 2549; baseline -0.01 -1"><span class='ocrx_word' id='word_1_335' title='bbox 367 2495 770 2548; x_wconf 84' lang='lat' dir='ltr'><strong>sacramentum</strong></span> <span class='ocrx_word' id='word_1_336' title='bbox 797 2481 887 2547; x_wconf 85' lang='lat' dir='ltr'><strong>sit,</strong></span> <span class='ocrx_word' id='word_1_337' title='bbox 919 2491 1026 2547; x_wconf 88' lang='lat' dir='ltr'><strong>per</strong></span> <span class='ocrx_word' id='word_1_338' title='bbox 1059 2472 1517 2546; x_wconf 80' lang='lat' dir='ltr'><strong>justiticationem</strong></span> <span class='ocrx_word' id='word_1_339' title='bbox 1554 2476 1799 2545; x_wconf 81' lang='lat' dir='ltr'><strong>spiritus</strong></span> <span class='ocrx_word' id='word_1_340' title='bbox 1844 2477 2030 2533; x_wconf 86' lang='lat' dir='ltr'><strong>mani-</strong></span> <span class='ocrx_word' id='word_1_341' title='bbox 2138 2481 2209 2539; x_wconf 89' lang='lat' dir='ltr'><strong>sit</strong></span> <span class='ocrx_word' id='word_1_342' title='bbox 2237 2481 2286 2536; x_wconf 85' lang='lat' dir='ltr'><strong>ei</strong></span> <span class='ocrx_word' id='word_1_343' title='bbox 2312 2479 2590 2536; x_wconf 86' lang='lat' dir='ltr'><strong>nobiscum</strong></span> <span class='ocrx_word' id='word_1_344' title='bbox 2621 2488 2674 2534; x_wconf 90' lang='lat' dir='ltr'><strong>et</strong></span> <span class='ocrx_word' id='word_1_345' title='bbox 2697 2478 2780 2548; x_wconf 77' lang='lat'><strong>(3)</strong></span> <span class='ocrx_word' id='word_1_346' title='bbox 2813 2478 2879 2549; x_wconf 79' lang='grc' dir='ltr'><strong>(ί)</strong></span> <span class='ocrx_word' id='word_1_347' title='bbox 2908 2476 3110 2532; x_wconf 84' lang='lat' dir='ltr'><strong>creatio</strong></span> <span class='ocrx_word' id='word_1_348' title='bbox 3133 2474 3200 2530; x_wconf 86' lang='lat' dir='ltr'><strong>ad</strong></span> <span class='ocrx_word' id='word_1_349' title='bbox 3223 2483 3468 2528; x_wconf 75' lang='lat' dir='ltr'><strong>naturam</strong></span> <span class='ocrx_word' id='word_1_350' title='bbox 3496 2483 3738 2526; x_wconf 79' lang='lat' dir='ltr'><strong>commu.</strong></span> 
     </span>
    </p>
   </div>
   <div class='ocr_carea' id='block_1_34' title="bbox 371 2562 3736 2643">
    <p class='ocr_par' dir='ltr' id='par_1_34' title="bbox 371 2562 3736 2643">
     <span class='ocr_line' id='line_1_34' title="bbox 371 2562 3736 2643; baseline -0.008 0"><span class='ocrx_word' id='word_1_351' title='bbox 371 2586 604 2643; x_wconf 80' lang='lat' dir='ltr'><strong>festatur</strong></span> <span class='ocrx_word' id='word_1_352' title='bbox 648 2584 704 2639; x_wconf 91' lang='lat' dir='ltr'><strong>in</strong></span> <span class='ocrx_word' id='word_1_353' title='bbox 745 2589 925 2636; x_wconf 86' lang='lat' dir='ltr'><strong>carne.</strong></span> <span class='ocrx_word' id='word_1_354' title='bbox 983 2571 1062 2627; x_wconf 77' lang='lat' dir='ltr'><strong>Ac</strong></span> <span class='ocrx_word' id='word_1_355' title='bbox 1103 2585 1172 2624; x_wconf 90' lang='lat' dir='ltr'><strong>ne</strong></span> <span class='ocrx_word' id='word_1_356' title='bbox 1207 2569 1295 2624; x_wconf 92' lang='lat' dir='ltr'><strong>illa</strong></span> <span class='ocrx_word' id='word_1_357' title='bbox 1326 2570 1717 2624; x_wconf 86' lang='lat' dir='ltr'><strong>manifestatio</strong></span> <span class='ocrx_word' id='word_1_358' title='bbox 1765 2571 1830 2627; x_wconf 90' lang='lat' dir='ltr'><strong>in</strong></span> <span class='ocrx_word' id='word_1_359' title='bbox 1859 2587 2032 2629; x_wconf 87' lang='lat' dir='ltr'><strong>carne</strong></span> <span class='ocrx_word' id='word_1_360' title='bbox 2131 2575 2224 2636; x_wconf 83' lang='lat' dir='ltr'><strong>nis</strong></span> <span class='ocrx_word' id='word_1_361' title='bbox 2266 2582 2321 2630; x_wconf 87' lang='lat' dir='ltr'><strong>et</strong></span> <span class='ocrx_word' id='word_1_362' title='bbox 2362 2571 2617 2629; x_wconf 87' lang='lat' dir='ltr'><strong>servitus.</strong></span> <span class='ocrx_word' id='word_1_363' title='bbox 2676 2571 2743 2626; x_wconf 89' lang='lat' dir='ltr'><strong>Et</strong></span> <span class='ocrx_word' id='word_1_364' title='bbox 2789 2569 2878 2624; x_wconf 90' lang='lat' dir='ltr'><strong>hic</strong></span> <span class='ocrx_word' id='word_1_365' title='bbox 2920 2569 3094 2639; x_wconf 82' lang='lat' dir='ltr'><strong>impiae</strong></span> <span class='ocrx_word' id='word_1_366' title='bbox 3138 2563 3538 2637; x_wconf 82' lang='lat' dir='ltr'><strong>praedicationis</strong></span> <span class='ocrx_word' id='word_1_367' title='bbox 3583 2562 3736 2616; x_wconf 86' lang='lat' dir='ltr'><strong>furor</strong></span> 
     </span>
    </p>
   </div>
   <div class='ocr_carea' id='block_1_35' title="bbox 377 2654 3738 2752">
    <p class='ocr_par' dir='ltr' id='par_1_35' title="bbox 377 2654 3738 2752">
     <span class='ocr_line' id='line_1_35' title="bbox 377 2654 3738 2752; baseline -0.009 -15"><span class='ocrx_word' id='word_1_368' title='bbox 377 2682 554 2752; x_wconf 83' lang='lat' dir='ltr'><strong>qualis</strong></span> <span class='ocrx_word' id='word_1_369' title='bbox 578 2685 727 2735; x_wconf 87' lang='lat' dir='ltr'><strong>esset</strong></span> <span class='ocrx_word' id='word_1_370' title='bbox 749 2675 819 2745; x_wconf 85' lang='grc' dir='ltr'><strong>(ε)</strong></span> <span class='ocrx_word' id='word_1_371' title='bbox 842 2665 1148 2740; x_wconf 75' lang='lat' dir='ltr'><strong>iustiﬁcatio</strong></span> <span class='ocrx_word' id='word_1_372' title='bbox 1180 2663 1234 2718; x_wconf 88' lang='lat' dir='ltr'><strong>in</strong></span> <span class='ocrx_word' id='word_1_373' title='bbox 1259 2663 1461 2733; x_wconf 75' lang='lat' dir='ltr'><strong>Spiritu</strong></span> <span class='ocrx_word' id='word_1_374' title='bbox 1505 2665 1907 2735; x_wconf 82' lang='lat' dir='ltr'><strong>ignoraretur;</strong></span> <span class='ocrx_word' id='word_1_375' title='bbox 1938 2683 2032 2724; x_wconf 85' lang='lat' dir='ltr'><strong>sa-</strong></span> <span class='ocrx_word' id='word_1_376' title='bbox 2134 2668 2300 2725; x_wconf 86' lang='lat' dir='ltr'><strong>etiam</strong></span> <span class='ocrx_word' id='word_1_377' title='bbox 2345 2665 2447 2720; x_wconf 93' lang='lat' dir='ltr'><strong>hoc</strong></span> <span class='ocrx_word' id='word_1_378' title='bbox 2488 2662 2804 2735; x_wconf 86' lang='lat' dir='ltr'><strong>prophetico</strong></span> <span class='ocrx_word' id='word_1_379' title='bbox 2842 2661 3012 2716; x_wconf 87' lang='lat' dir='ltr'><strong>utitur</strong></span> <span class='ocrx_word' id='word_1_380' title='bbox 3049 2659 3226 2715; x_wconf 88' lang='lat' dir='ltr'><strong>dicto:</strong></span> <span class='ocrx_word' id='word_1_381' title='bbox 3273 2656 3434 2713; x_wconf 66' lang='lat' dir='ltr'><strong>Unsit</strong></span> <span class='ocrx_word' id='word_1_382' title='bbox 3465 2665 3531 2722; x_wconf 80' lang='lat' dir='ltr'><strong>te,</strong></span> <span class='ocrx_word' id='word_1_383' title='bbox 3566 2654 3738 2720; x_wconf 76' lang='lat' dir='ltr'><strong>Deus,</strong></span> 
     </span>
    </p>
   </div>
   <div class='ocr_carea' id='block_1_36' title="bbox 381 2750 3738 2836">
    <p class='ocr_par' dir='ltr' id='par_1_36' title="bbox 381 2750 3738 2836">
     <span class='ocr_line' id='line_1_36' title="bbox 381 2750 3738 2836; baseline -0.01 -3"><span class='ocrx_word' id='word_1_384' title='bbox 381 2750 752 2836; x_wconf 79' lang='lat' dir='ltr'><strong>eramentum,</strong></span> <span class='ocrx_word' id='word_1_385' title='bbox 781 2762 922 2836; x_wconf 78' lang='lat' dir='ltr'><strong>quod</strong></span> <span class='ocrx_word' id='word_1_386' title='bbox 959 2756 1356 2814; x_wconf 66' lang='lat' dir='ltr'><strong>manifestam!“</strong></span> <span class='ocrx_word' id='word_1_387' title='bbox 1396 2755 1458 2810; x_wconf 75' lang='lat' dir='ltr'><strong>in</strong></span> <span class='ocrx_word' id='word_1_388' title='bbox 1495 2771 1708 2822; x_wconf 77' lang='lat' dir='ltr'><strong>carne,</strong></span> <span class='ocrx_word' id='word_1_389' title='bbox 1741 2769 1804 2814; x_wconf 83' lang='lat' dir='ltr'><strong>et</strong></span> <span class='ocrx_word' id='word_1_390' title='bbox 1829 2760 2032 2828; x_wconf 85' lang='lat' dir='ltr'><strong>justiti-</strong></span> <span class='ocrx_word' id='word_1_391' title='bbox 2136 2762 2279 2818; x_wconf 84' lang='lat' dir='ltr'><strong>Deus</strong></span> <span class='ocrx_word' id='word_1_392' title='bbox 2310 2771 2427 2816; x_wconf 79' lang='lat' dir='ltr'><strong>tuus</strong></span> <span class='ocrx_word' id='word_1_393' title='bbox 2455 2757 2644 2831; x_wconf 85' lang='lat' dir='ltr'><strong>(Psal.</strong></span> <span class='ocrx_word' id='word_1_394' title='bbox 2689 2771 2840 2823; x_wconf 65' lang='grc' dir='ltr'><strong>κων,</strong></span> <span class='ocrx_word' id='word_1_395' title='bbox 2868 2753 2938 2825; x_wconf 88' lang='lat'><strong>8)</strong></span> <span class='ocrx_word' id='word_1_396' title='bbox 2979 2771 2994 2812; x_wconf 92' lang='lat'><strong>:</strong></span> <span class='ocrx_word' id='word_1_397' title='bbox 3029 2763 3086 2809; x_wconf 91' lang='lat' dir='ltr'><strong>ut</strong></span> <span class='ocrx_word' id='word_1_398' title='bbox 3119 2767 3226 2807; x_wconf 89' lang='lat' dir='ltr'><strong>non</strong></span> <span class='ocrx_word' id='word_1_399' title='bbox 3257 2750 3328 2806; x_wconf 88' lang='lat' dir='ltr'><strong>sit</strong></span> <span class='ocrx_word' id='word_1_400' title='bbox 3348 2750 3403 2804; x_wconf 90' lang='lat' dir='ltr'><strong>in</strong></span> <span class='ocrx_word' id='word_1_401' title='bbox 3431 2763 3496 2804; x_wconf 87' lang='lat' dir='ltr'><strong>ea</strong></span> <span class='ocrx_word' id='word_1_402' title='bbox 3521 2755 3738 2803; x_wconf 71' lang='lat' dir='ltr'><strong>naturus</strong></span> 
     </span>
    </p>
   </div>
   <div class='ocr_carea' id='block_1_37' title="bbox 385 2843 3792 2933">
    <p class='ocr_par' dir='ltr' id='par_1_37' title="bbox 385 2843 3792 2933">
     <span class='ocr_line' id='line_1_37' title="bbox 385 2843 3792 2933; baseline -0.009 -6"><span class='ocrx_word' id='word_1_403' title='bbox 385 2878 572 2927; x_wconf 87' lang='lat' dir='ltr'><strong>catum</strong></span> <span class='ocrx_word' id='word_1_404' title='bbox 601 2869 659 2920; x_wconf 89' lang='lat' dir='ltr'><strong>in</strong></span> <span class='ocrx_word' id='word_1_405' title='bbox 685 2859 876 2933; x_wconf 86' lang='lat' dir='ltr'><strong>spiritu</strong></span> <span class='ocrx_word' id='word_1_406' title='bbox 895 2863 998 2920; x_wconf 88' lang='lat' dir='ltr'><strong>est,</strong></span> <span class='ocrx_word' id='word_1_407' title='bbox 1029 2860 1082 2908; x_wconf 87' lang='lat' dir='ltr'><strong>ei.</strong></span> <span class='ocrx_word' id='word_1_408' title='bbox 1109 2849 1311 2920; x_wconf 81' lang='lat' dir='ltr'><strong>angelis</strong></span> <span class='ocrx_word' id='word_1_409' title='bbox 1333 2849 1530 2903; x_wconf 73' lang='lat' dir='ltr'><strong>visum</strong></span> <span class='ocrx_word' id='word_1_410' title='bbox 1551 2858 1656 2916; x_wconf 69' lang='lat' dir='ltr'><strong>est.</strong></span> <span class='ocrx_word' id='word_1_411' title='bbox 1683 2859 1748 2906; x_wconf 72' lang='lat' dir='ltr'><strong>et</strong></span> <span class='ocrx_word' id='word_1_412' title='bbox 1771 2852 2031 2922; x_wconf 84' lang='lat' dir='ltr'><strong>gentibus</strong></span> <span class='ocrx_word' id='word_1_413' title='bbox 2135 2859 2335 2913; x_wconf 86' lang='lat' dir='ltr'><strong>virtute</strong></span> <span class='ocrx_word' id='word_1_414' title='bbox 2361 2870 2465 2926; x_wconf 88' lang='lat' dir='ltr'><strong>qua</strong></span> <span class='ocrx_word' id='word_1_415' title='bbox 2491 2853 2635 2909; x_wconf 90' lang='lat' dir='ltr'><strong>Deus</strong></span> <span class='ocrx_word' id='word_1_416' title='bbox 2657 2859 2758 2918; x_wconf 85' lang='lat' dir='ltr'><strong>est,</strong></span> <span class='ocrx_word' id='word_1_417' title='bbox 2783 2849 2910 2908; x_wconf 90' lang='lat' dir='ltr'><strong>dum</strong></span> <span class='ocrx_word' id='word_1_418' title='bbox 2937 2849 2986 2906; x_wconf 88' lang='lat' dir='ltr'><strong>ei</strong></span> <span class='ocrx_word' id='word_1_419' title='bbox 3008 2862 3215 2920; x_wconf 81' lang='lat' dir='ltr'><strong>angens</strong></span> <span class='ocrx_word' id='word_1_420' title='bbox 3236 2861 3296 2903; x_wconf 87' lang='lat' dir='ltr'><strong>se</strong></span> <span class='ocrx_word' id='word_1_421' title='bbox 3312 2845 3452 2901; x_wconf 87' lang='lat' dir='ltr'><strong>Deus</strong></span> <span class='ocrx_word' id='word_1_422' title='bbox 3482 2843 3537 2900; x_wconf 86' lang='lat' dir='ltr'><strong>ia</strong></span> <span class='ocrx_word' id='word_1_423' title='bbox 3563 2843 3739 2898; x_wconf 87' lang='lat' dir='ltr'><strong>Deum</strong></span> <span class='ocrx_word' id='word_1_424' title='bbox 3785 2858 3792 2866; x_wconf 50' lang='grc' dir='ltr'><strong>κ</strong></span> 
     </span>
    </p>
   </div>
   <div class='ocr_carea' id='block_1_38' title="bbox 389 2943 2735 3038">
    <p class='ocr_par' dir='ltr' id='par_1_38' title="bbox 389 2943 2735 3038">
     <span class='ocr_line' id='line_1_38' title="bbox 389 2943 2735 3038; baseline -0.009 -20"><span class='ocrx_word' id='word_1_425' title='bbox 389 2963 754 3038; x_wconf 65' lang='lat' dir='ltr'><strong>praedicatum</strong></span> <span class='ocrx_word' id='word_1_426' title='bbox 773 2961 877 3017; x_wconf 86' lang='lat' dir='ltr'><strong>est,</strong></span> <span class='ocrx_word' id='word_1_427' title='bbox 897 2957 954 3006; x_wconf 88' lang='lat' dir='ltr'><strong>et</strong></span> <span class='ocrx_word' id='word_1_428' title='bbox 973 2949 1030 3004; x_wconf 88' lang='lat' dir='ltr'><strong>in</strong></span> <span class='ocrx_word' id='word_1_429' title='bbox 1047 2947 1153 3002; x_wconf 82' lang='lat' dir='ltr'><strong>hoc</strong></span> <span class='ocrx_word' id='word_1_430' title='bbox 1167 2943 1367 3000; x_wconf 86' lang='lat' dir='ltr'><strong>mundo</strong></span> <span class='ocrx_word' id='word_1_431' title='bbox 1386 2943 1688 3011; x_wconf 86' lang='lat' dir='ltr'><strong>creditum,</strong></span> <span class='ocrx_word' id='word_1_432' title='bbox 1715 2945 1824 3000; x_wconf 80' lang='lat' dir='ltr'><strong>hoc</strong></span> <span class='ocrx_word' id='word_1_433' title='bbox 1847 2947 2032 3018; x_wconf 91' lang='lat' dir='ltr'><strong>ipsum</strong></span> <span class='ocrx_word' id='word_1_434' title='bbox 2137 2966 2294 3010; x_wconf 83' lang='lat' dir='ltr'><strong>suum</strong></span> <span class='ocrx_word' id='word_1_435' title='bbox 2325 2951 2398 3006; x_wconf 78' lang='lat' dir='ltr'><strong>sit</strong></span> <span class='ocrx_word' id='word_1_436' title='bbox 2422 2957 2546 3003; x_wconf 81' lang='lat' dir='ltr'><strong>ante</strong></span> <span class='ocrx_word' id='word_1_437' title='bbox 2577 2947 2735 3002; x_wconf 87' lang='lat' dir='ltr'><strong>latus.</strong></span> 
     </span>
    </p>
   </div>
   <div class='ocr_carea' id='block_1_39' title="bbox 395 3035 3736 3130">
    <p class='ocr_par' dir='ltr' id='par_1_39' title="bbox 395 3035 3736 3130">
     <span class='ocr_line' id='line_1_39' title="bbox 395 3035 3736 3130; baseline -0.005 -6"><span class='ocrx_word' id='word_1_438' title='bbox 395 3035 744 3124; x_wconf 58' lang='lat' dir='ltr'><strong>assumptum</strong></span> <span class='ocrx_word' id='word_1_439' title='bbox 771 3053 856 3100; x_wconf 76' lang='grc' dir='ltr'><strong>θ⁸¹¹</strong></span> <span class='ocrx_word' id='word_1_440' title='bbox 879 3043 934 3097; x_wconf 61' lang='grc' dir='ltr'><strong>ίη</strong></span> <span class='ocrx_word' id='word_1_441' title='bbox 953 3039 1239 3130; x_wconf 44' lang='lat' dir='ltr'><strong>chriam:</strong></span> <span class='ocrx_word' id='word_1_442' title='bbox 1269 3044 1329 3091; x_wconf 64' lang='grc' dir='ltr'><strong>ω’</strong></span> <span class='ocrx_word' id='word_1_443' title='bbox 1347 3035 1405 3091; x_wconf 65' lang='lat' dir='ltr'><strong>in</strong></span> <span class='ocrx_word' id='word_1_444' title='bbox 1427 3036 1692 3130; x_wconf 57' lang='grc' dir='ltr'><strong>Ϋξῐωίδυδ</strong></span> <span class='ocrx_word' id='word_1_445' title='bbox 1715 3039 1794 3093; x_wconf 58' lang='lat'><strong>3“</strong></span> <span class='ocrx_word' id='word_1_446' title='bbox 1817 3054 2031 3111; x_wconf 53' lang='lat' dir='ltr'><strong>magnai</strong></span> <span class='ocrx_word' id='word_1_447' title='bbox 2212 3065 2302 3120; x_wconf 77' lang='lat' dir='ltr'><strong>ll.</strong></span> <span class='ocrx_word' id='word_1_448' title='bbox 2345 3055 2484 3118; x_wconf 77' lang='lat' dir='ltr'><strong>Deus</strong></span> <span class='ocrx_word' id='word_1_449' title='bbox 2515 3061 2596 3116; x_wconf 88' lang='lat' dir='ltr'><strong>illi</strong></span> <span class='ocrx_word' id='word_1_450' title='bbox 2624 3069 2670 3116; x_wconf 80' lang='lat' dir='ltr'><strong>et</strong></span> <span class='ocrx_word' id='word_1_451' title='bbox 2693 3067 2840 3130; x_wconf 82' lang='lat' dir='ltr'><strong>pater</strong></span> <span class='ocrx_word' id='word_1_452' title='bbox 2865 3064 2959 3126; x_wconf 76' lang='lat' dir='ltr'><strong>est,</strong></span> <span class='ocrx_word' id='word_1_453' title='bbox 2992 3054 3112 3128; x_wconf 85' lang='lat' dir='ltr'><strong>quia</strong></span> <span class='ocrx_word' id='word_1_454' title='bbox 3133 3063 3316 3120; x_wconf 81' lang='lat' dir='ltr'><strong>natus;</strong></span> <span class='ocrx_word' id='word_1_455' title='bbox 3346 3059 3394 3107; x_wconf 83' lang='lat' dir='ltr'><strong>et</strong></span> <span class='ocrx_word' id='word_1_456' title='bbox 3415 3051 3538 3124; x_wconf 80' lang='lat' dir='ltr'><strong>quia</strong></span> <span class='ocrx_word' id='word_1_457' title='bbox 3562 3061 3736 3118; x_wconf 75' lang='lat' dir='ltr'><strong>natus,</strong></span> 
     </span>
    </p>
   </div>
   <div class='ocr_carea' id='block_1_40' title="bbox 398 3124 2019 3226">
    <p class='ocr_par' dir='ltr' id='par_1_40' title="bbox 398 3124 2019 3220">
     <span class='ocr_line' id='line_1_40' title="bbox 398 3124 2019 3220; baseline -0.01 -17"><span class='ocrx_word' id='word_1_458' title='bbox 398 3144 623 3220; x_wconf 88' lang='lat' dir='ltr'><strong>pietatis</strong></span> <span class='ocrx_word' id='word_1_459' title='bbox 673 3141 1108 3199; x_wconf 82' lang='lat' dir='ltr'><strong>sacramentum,</strong></span> <span class='ocrx_word' id='word_1_460' title='bbox 1152 3129 1280 3184; x_wconf 86' lang='lat' dir='ltr'><strong>dum</strong></span> <span class='ocrx_word' id='word_1_461' title='bbox 1311 3124 1695 3183; x_wconf 79' lang='lat' dir='ltr'><strong>manifestatur</strong></span> <span class='ocrx_word' id='word_1_462' title='bbox 1735 3130 1791 3184; x_wconf 94' lang='lat' dir='ltr'><strong>in</strong></span> <span class='ocrx_word' id='word_1_463' title='bbox 1830 3145 2019 3202; x_wconf 79' lang='lat' dir='ltr'><strong>carne,</strong></span> 
     </span>
    </p>
   </div>
   <div class='ocr_carea' id='block_1_41' title="bbox 2059 3124 3740 3226">
    <p class='ocr_par' dir='ltr' id='par_1_41' title="bbox 2137 3124 3740 3226">
     <span class='ocr_line' id='line_1_41' title="bbox 2137 3124 3740 3226; baseline -0.008 -14"><span class='ocrx_word' id='word_1_464' title='bbox 2137 3159 2257 3214; x_wconf 79' lang='lat' dir='ltr'><strong>ideo</strong></span> <span class='ocrx_word' id='word_1_465' title='bbox 2282 3155 2447 3212; x_wconf 83' lang='lat' dir='ltr'><strong>Deus.</strong></span> <span class='ocrx_word' id='word_1_466' title='bbox 2481 3185 2550 3198; x_wconf 87' lang='lat'><strong><em>-—</em></strong></span> <span class='ocrx_word' id='word_1_467' title='bbox 2576 3124 2792 3226; x_wconf 87' lang='lat' dir='ltr'><strong>Ignorat</strong></span> <span class='ocrx_word' id='word_1_468' title='bbox 2823 3124 3013 3208; x_wconf 20' lang='lat' dir='ltr'><strong>Deum-</strong></span> <span class='ocrx_word' id='word_1_469' title='bbox 3036 3146 3331 3212; x_wconf 85' lang='lat' dir='ltr'><strong>Christum,</strong></span> <span class='ocrx_word' id='word_1_470' title='bbox 3385 3146 3475 3215; x_wconf 89' lang='lat' dir='ltr'><strong>qui</strong></span> <span class='ocrx_word' id='word_1_471' title='bbox 3525 3135 3740 3216; x_wconf 75' lang='lat' dir='ltr'><strong>ignorat</strong></span> 
     </span>
    </p>
   </div>
   <div class='ocr_carea' id='block_1_42' title="bbox 405 3223 2019 3318">
    <p class='ocr_par' dir='ltr' id='par_1_42' title="bbox 405 3223 2019 3318">
     <span class='ocr_line' id='line_1_42' title="bbox 405 3223 2019 3318; baseline -0.01 -15"><span class='ocrx_word' id='word_1_472' title='bbox 405 3243 491 3318; x_wconf 72' lang='lat'><strong>(2)</strong></span> <span class='ocrx_word' id='word_1_473' title='bbox 518 3243 648 3299; x_wconf 90' lang='lat' dir='ltr'><strong>dum</strong></span> <span class='ocrx_word' id='word_1_474' title='bbox 675 3233 1002 3307; x_wconf 72' lang='lat' dir='ltr'><strong>iustiﬁcetur</strong></span> <span class='ocrx_word' id='word_1_475' title='bbox 1041 3228 1094 3284; x_wconf 89' lang='lat' dir='ltr'><strong>in</strong></span> <span class='ocrx_word' id='word_1_476' title='bbox 1129 3227 1345 3298; x_wconf 88' lang='lat' dir='ltr'><strong>spiritu,</strong></span> <span class='ocrx_word' id='word_1_477' title='bbox 1379 3223 1450 3296; x_wconf 64' lang='lat' dir='ltr'><strong>(l)</strong></span> <span class='ocrx_word' id='word_1_478' title='bbox 1477 3225 1607 3280; x_wconf 84' lang='lat' dir='ltr'><strong>dum</strong></span> <span class='ocrx_word' id='word_1_479' title='bbox 1643 3227 1822 3283; x_wconf 88' lang='lat' dir='ltr'><strong>visum</strong></span> <span class='ocrx_word' id='word_1_480' title='bbox 1846 3239 1934 3286; x_wconf 90' lang='lat' dir='ltr'><strong>est</strong></span> <span class='ocrx_word' id='word_1_481' title='bbox 1962 3231 2019 3288; x_wconf 71' lang='lat' dir='ltr'><strong>ab</strong></span> 
     </span>
    </p>
   </div>
   <div class='ocr_carea' id='block_1_43' title="bbox 2059 3223 3790 3318">
    <p class='ocr_par' dir='ltr' id='par_1_43' title="bbox 2061 3223 3790 3309">
     <span class='ocr_line' id='line_1_43' title="bbox 2061 3223 3790 3309; baseline -0.012 1"><span class='ocrx_word' id='word_1_482' title='bbox 2061 3237 2108 3302; x_wconf 75' lang='grc' dir='ltr'>Ο</span> <span class='ocrx_word' id='word_1_483' title='bbox 2138 3253 2311 3309; x_wconf 87' lang='lat' dir='ltr'><strong>Deum</strong></span> <span class='ocrx_word' id='word_1_484' title='bbox 2338 3258 2544 3306; x_wconf 90' lang='lat' dir='ltr'><strong>natum.</strong></span> <span class='ocrx_word' id='word_1_485' title='bbox 2579 3223 2747 3303; x_wconf 79' lang='lat' dir='ltr'><strong>Deum</strong></span> <span class='ocrx_word' id='word_1_486' title='bbox 2768 3252 2949 3300; x_wconf 87' lang='lat' dir='ltr'><strong>autem</strong></span> <span class='ocrx_word' id='word_1_487' title='bbox 2974 3241 3122 3297; x_wconf 88' lang='lat' dir='ltr'><strong>nasci</strong></span> <span class='ocrx_word' id='word_1_488' title='bbox 3148 3253 3252 3293; x_wconf 90' lang='lat' dir='ltr'><strong>non</strong></span> <span class='ocrx_word' id='word_1_489' title='bbox 3277 3246 3360 3292; x_wconf 86' lang='lat' dir='ltr'><strong>est</strong></span> <span class='ocrx_word' id='word_1_490' title='bbox 3379 3237 3547 3303; x_wconf 88' lang='lat' dir='ltr'><strong>aliud,</strong></span> <span class='ocrx_word' id='word_1_491' title='bbox 3572 3245 3734 3306; x_wconf 83' lang='lat' dir='ltr'><strong>quam</strong></span> <span class='ocrx_word' id='word_1_492' title='bbox 3783 3252 3790 3258; x_wconf 74' lang='grc'><em>’</em></span> 
     </span>
    </p>
   </div>
   <div class='ocr_carea' id='block_1_44' title="bbox 405 3318 3737 3412">
    <p class='ocr_par' dir='ltr' id='par_1_44' title="bbox 405 3318 3737 3412">
     <span class='ocr_line' id='line_1_44' title="bbox 405 3318 3737 3412; baseline -0.007 -6"><span class='ocrx_word' id='word_1_493' title='bbox 405 3335 642 3406; x_wconf 68' lang='grc' dir='ltr'><strong>αηεθιίεν</strong></span> <span class='ocrx_word' id='word_1_494' title='bbox 661 3330 790 3385; x_wconf 76' lang='lat' dir='ltr'><strong>dum</strong></span> <span class='ocrx_word' id='word_1_495' title='bbox 813 3323 1132 3397; x_wconf 58' lang='grc' dir='ltr'><strong>ννπδίθθίυν</strong></span> <span class='ocrx_word' id='word_1_496' title='bbox 1143 3319 1411 3390; x_wconf 60' lang='grc' dir='ltr'><strong>εθηιίδυθν</strong></span> <span class='ocrx_word' id='word_1_497' title='bbox 1428 3318 1558 3372; x_wconf 72' lang='lat' dir='ltr'><strong>dum</strong></span> <span class='ocrx_word' id='word_1_498' title='bbox 1581 3319 1828 3412; x_wconf 52' lang='grc' dir='ltr'><strong>βῗθδίίυτ</strong></span> <span class='ocrx_word' id='word_1_499' title='bbox 1849 3323 1904 3378; x_wconf 72' lang='grc' dir='ltr'><strong>ί¹¹</strong></span> <span class='ocrx_word' id='word_1_500' title='bbox 1927 3323 2032 3382; x_wconf 66' lang='lat' dir='ltr'><strong>hoc</strong></span> <span class='ocrx_word' id='word_1_501' title='bbox 2141 3345 2198 3400; x_wconf 90' lang='lat' dir='ltr'><strong>in</strong></span> <span class='ocrx_word' id='word_1_502' title='bbox 2221 3359 2286 3400; x_wconf 89' lang='lat' dir='ltr'><strong>ea</strong></span> <span class='ocrx_word' id='word_1_503' title='bbox 2300 3353 2487 3399; x_wconf 89' lang='lat' dir='ltr'><strong>natura</strong></span> <span class='ocrx_word' id='word_1_504' title='bbox 2505 3356 2627 3398; x_wconf 88' lang='lat' dir='ltr'><strong>esse</strong></span> <span class='ocrx_word' id='word_1_505' title='bbox 2644 3353 2746 3412; x_wconf 86' lang='lat' dir='ltr'><strong>qua</strong></span> <span class='ocrx_word' id='word_1_506' title='bbox 2772 3339 2912 3393; x_wconf 90' lang='lat' dir='ltr'><strong>Deus</strong></span> <span class='ocrx_word' id='word_1_507' title='bbox 2927 3342 3008 3391; x_wconf 87' lang='lat' dir='ltr'><strong>est</strong></span> <span class='ocrx_word' id='word_1_508' title='bbox 3027 3351 3039 3386; x_wconf 93' lang='lat'><strong>:</strong></span> <span class='ocrx_word' id='word_1_509' title='bbox 3060 3333 3180 3402; x_wconf 84' lang='lat' dir='ltr'><strong>quia</strong></span> <span class='ocrx_word' id='word_1_510' title='bbox 3203 3328 3355 3385; x_wconf 89' lang='lat' dir='ltr'><strong>nasci</strong></span> <span class='ocrx_word' id='word_1_511' title='bbox 3375 3341 3496 3384; x_wconf 87' lang='lat' dir='ltr'><strong>cum</strong></span> <span class='ocrx_word' id='word_1_512' title='bbox 3521 3327 3592 3400; x_wconf 76' lang='lat' dir='ltr'><strong>(l)</strong></span> <span class='ocrx_word' id='word_1_513' title='bbox 3607 3340 3737 3384; x_wconf 85' lang='lat' dir='ltr'><strong>cau-</strong></span> 
     </span>
    </p>
   </div>
   <div class='ocr_carea' id='block_1_45' title="bbox 409 3411 3734 3495">
    <p class='ocr_par' dir='ltr' id='par_1_45' title="bbox 409 3411 3734 3495">
     <span class='ocr_line' id='line_1_45' title="bbox 409 3411 3734 3495; baseline -0.006 1"><span class='ocrx_word' id='word_1_514' title='bbox 409 3425 644 3490; x_wconf 71' lang='lat' dir='ltr'><strong>mm&#39;dor</strong></span> <span class='ocrx_word' id='word_1_515' title='bbox 670 3423 798 3478; x_wconf 73' lang='lat' dir='ltr'><strong>dum</strong></span> <span class='ocrx_word' id='word_1_516' title='bbox 838 3414 1134 3473; x_wconf 60' lang='grc' dir='ltr'><strong>θεευίηίίυτ</strong></span> <span class='ocrx_word' id='word_1_517' title='bbox 1176 3415 1230 3468; x_wconf 66' lang='lat' dir='ltr'><strong>i“</strong></span> <span class='ocrx_word' id='word_1_518' title='bbox 1269 3411 1537 3468; x_wconf 62' lang='grc' dir='ltr'><strong>θίθτίίθίθ·</strong></span> <span class='ocrx_word' id='word_1_519' title='bbox 1577 3411 1714 3468; x_wconf 61' lang='lat' dir='ltr'><strong>Nam</strong></span> <span class='ocrx_word' id='word_1_520' title='bbox 1757 3422 1814 3469; x_wconf 66' lang='grc'><strong>⁸⁸</strong></span> <span class='ocrx_word' id='word_1_521' title='bbox 1850 3415 2029 3476; x_wconf 64' lang='lat' dir='ltr'><strong>Visum</strong></span> <span class='ocrx_word' id='word_1_522' title='bbox 2139 3451 2260 3494; x_wconf 88' lang='lat' dir='ltr'><strong>sam</strong></span> <span class='ocrx_word' id='word_1_523' title='bbox 2313 3435 2608 3491; x_wconf 85' lang='lat' dir='ltr'><strong>nativitatis</strong></span> <span class='ocrx_word' id='word_1_524' title='bbox 2659 3411 2931 3495; x_wconf 80' lang='lat' dir='ltr'><strong>ostendat,</strong></span> <span class='ocrx_word' id='word_1_525' title='bbox 2965 3441 3070 3481; x_wconf 91' lang='lat' dir='ltr'><strong>non</strong></span> <span class='ocrx_word' id='word_1_526' title='bbox 3115 3421 3410 3494; x_wconf 83' lang='lat' dir='ltr'><strong>disprolicit</strong></span> <span class='ocrx_word' id='word_1_527' title='bbox 3453 3430 3634 3478; x_wconf 86' lang='lat' dir='ltr'><strong>tamen</strong></span> <span class='ocrx_word' id='word_1_528' title='bbox 3675 3424 3734 3476; x_wconf 87' lang='lat' dir='ltr'><strong>lu</strong></span> 
     </span>
    </p>
   </div>
   <div class='ocr_carea' id='block_1_46' title="bbox 412 3506 3740 3600">
    <p class='ocr_par' dir='ltr' id='par_1_46' title="bbox 412 3506 3740 3600">
     <span class='ocr_line' id='line_1_46' title="bbox 412 3506 3740 3600; baseline -0.006 -10"><span class='ocrx_word' id='word_1_529' title='bbox 412 3519 661 3590; x_wconf 71' lang='grc' dir='ltr'><strong>εεειιιίιιη·</strong></span> <span class='ocrx_word' id='word_1_530' title='bbox 683 3511 1023 3585; x_wconf 47' lang='lat' dir='ltr'><strong>Praedicatio»</strong></span> <span class='ocrx_word' id='word_1_531' title='bbox 1041 3517 1098 3565; x_wconf 70' lang='grc' dir='ltr'><strong>ει</strong></span> <span class='ocrx_word' id='word_1_532' title='bbox 1119 3506 1558 3580; x_wconf 64' lang='grc' dir='ltr'><strong>ντωαίοθιίοηθηι</strong></span> <span class='ocrx_word' id='word_1_533' title='bbox 1585 3507 1744 3576; x_wconf 53' lang='lat' dir='ltr'><strong>ﬁdes,</strong></span> <span class='ocrx_word' id='word_1_534' title='bbox 1769 3519 1825 3567; x_wconf 77' lang='grc' dir='ltr'><strong>ει</strong></span> <span class='ocrx_word' id='word_1_535' title='bbox 1844 3519 2027 3572; x_wconf 77' lang='lat' dir='ltr'><strong>omnia</strong></span> <span class='ocrx_word' id='word_1_536' title='bbox 2138 3544 2340 3600; x_wconf 86' lang='lat' dir='ltr'><strong>genere</strong></span> <span class='ocrx_word' id='word_1_537' title='bbox 2362 3527 2598 3584; x_wconf 87' lang='lat' dir='ltr'><strong>auctoris</strong></span> <span class='ocrx_word' id='word_1_538' title='bbox 2611 3527 2888 3582; x_wconf 77' lang='lat' dir='ltr'><strong>exsistere.</strong></span> <span class='ocrx_word' id='word_1_539' title='bbox 2917 3517 3069 3588; x_wconf 84' lang='lat' dir='ltr'><strong>Quod</strong></span> <span class='ocrx_word' id='word_1_540' title='bbox 3097 3525 3273 3572; x_wconf 88' lang='lat' dir='ltr'><strong>autem</strong></span> <span class='ocrx_word' id='word_1_541' title='bbox 3296 3527 3404 3569; x_wconf 86' lang='lat' dir='ltr'><strong>non</strong></span> <span class='ocrx_word' id='word_1_542' title='bbox 3430 3513 3506 3587; x_wconf 80' lang='lat' dir='ltr'><strong>(It)</strong></span> <span class='ocrx_word' id='word_1_543' title='bbox 3533 3513 3740 3586; x_wconf 78' lang='lat' dir='ltr'><strong>dispro~</strong></span> 
     </span>
    </p>
   </div>
   <div class='ocr_carea' id='block_1_47' title="bbox 414 3600 3730 3694">
    <p class='ocr_par' dir='ltr' id='par_1_47' title="bbox 414 3600 3730 3694">
     <span class='ocr_line' id='line_1_47' title="bbox 414 3600 3730 3694; baseline -0.014 11"><span class='ocrx_word' id='word_1_544' title='bbox 414 3603 1036 3670; x_wconf 58' lang='lat' dir='ltr'><strong>consummalcmmﬁs</strong></span> <span class='ocrx_word' id='word_1_545' title='bbox 1063 3600 1529 3694; x_wconf 49' lang='lat' dir='ltr'><strong>assumpiimquia</strong></span> <span class='ocrx_word' id='word_1_546' title='bbox 1551 3610 1607 3656; x_wconf 67' lang='grc'><strong>⁸⁸</strong></span> <span class='ocrx_word' id='word_1_547' title='bbox 1629 3617 1840 3673; x_wconf 70' lang='grc'><strong>¹¹¹³8¹¹³⁸</strong></span> <span class='ocrx_word' id='word_1_548' title='bbox 1859 3608 2029 3676; x_wconf 64' lang='grc' dir='ltr'><strong>Ρίθιθ·</strong></span> <span class='ocrx_word' id='word_1_549' title='bbox 2141 3624 2258 3679; x_wconf 85' lang='lat' dir='ltr'><strong>ficit</strong></span> <span class='ocrx_word' id='word_1_550' title='bbox 2285 3622 2336 3677; x_wconf 92' lang='lat' dir='ltr'><strong>in</strong></span> <span class='ocrx_word' id='word_1_551' title='bbox 2367 3636 2584 3694; x_wconf 87' lang='lat' dir='ltr'><strong>genere,</strong></span> <span class='ocrx_word' id='word_1_552' title='bbox 2618 3620 2780 3676; x_wconf 88' lang='lat' dir='ltr'><strong>debet</strong></span> <span class='ocrx_word' id='word_1_553' title='bbox 2804 3614 3018 3688; x_wconf 89' lang='lat' dir='ltr'><strong>quidem</strong></span> <span class='ocrx_word' id='word_1_554' title='bbox 3053 3610 3256 3666; x_wconf 89' lang='lat' dir='ltr'><strong>auctori</strong></span> <span class='ocrx_word' id='word_1_555' title='bbox 3284 3623 3500 3663; x_wconf 88' lang='lat' dir='ltr'><strong>causam</strong></span> <span class='ocrx_word' id='word_1_556' title='bbox 3534 3607 3730 3663; x_wconf 49' lang='lat' dir='ltr'><strong>nativis</strong></span> 
     </span>
    </p>
   </div>
   <div class='ocr_carea' id='block_1_48' title="bbox 2123 1177 3730 1253">
    <p class='ocr_par' dir='ltr' id='par_1_48' title="bbox 2123 1177 3730 1253">
     <span class='ocr_line' id='line_1_48' title="bbox 2123 1177 3730 1253; baseline -0.009 -13"><span class='ocrx_word' id='word_1_557' title='bbox 2123 1183 2220 1240; x_wconf 87' lang='lat' dir='ltr'><strong>sed</strong></span> <span class='ocrx_word' id='word_1_558' title='bbox 2252 1183 2421 1253; x_wconf 89' lang='lat' dir='ltr'><strong>pietas</strong></span> <span class='ocrx_word' id='word_1_559' title='bbox 2447 1198 2459 1234; x_wconf 93' lang='lat'><strong>:</strong></span> <span class='ocrx_word' id='word_1_560' title='bbox 2492 1179 2622 1234; x_wconf 91' lang='lat' dir='ltr'><strong>dicti</strong></span> <span class='ocrx_word' id='word_1_561' title='bbox 2653 1193 2794 1234; x_wconf 91' lang='lat' dir='ltr'><strong>nunc</strong></span> <span class='ocrx_word' id='word_1_562' title='bbox 2819 1181 3112 1252; x_wconf 88' lang='lat' dir='ltr'><strong>evangelici</strong></span> <span class='ocrx_word' id='word_1_563' title='bbox 3140 1181 3280 1234; x_wconf 89' lang='lat' dir='ltr'><strong>ratio</strong></span> <span class='ocrx_word' id='word_1_564' title='bbox 3301 1177 3589 1248; x_wconf 66' lang='lat' dir='ltr'><strong>quaerenda</strong></span> <span class='ocrx_word' id='word_1_565' title='bbox 3619 1184 3730 1239; x_wconf 89' lang='lat' dir='ltr'><strong>est,</strong></span> 
     </span>
    </p>
   </div>
   <div class='ocr_carea' id='block_1_49' title="bbox 2122 1265 3734 1348">
    <p class='ocr_par' dir='ltr' id='par_1_49' title="bbox 2122 1265 3734 1348">
     <span class='ocr_line' id='line_1_49' title="bbox 2122 1265 3734 1348; baseline -0.009 -16"><span class='ocrx_word' id='word_1_566' title='bbox 2122 1291 2192 1332; x_wconf 90' lang='lat' dir='ltr'><strong>ne</strong></span> <span class='ocrx_word' id='word_1_567' title='bbox 2212 1275 2352 1348; x_wconf 90' lang='lat' dir='ltr'><strong>quod</strong></span> <span class='ocrx_word' id='word_1_568' title='bbox 2386 1273 2578 1328; x_wconf 89' lang='lat' dir='ltr'><strong>salutis</strong></span> <span class='ocrx_word' id='word_1_569' title='bbox 2606 1281 2805 1327; x_wconf 82' lang='lat' dir='ltr'><strong>nostrae</strong></span> <span class='ocrx_word' id='word_1_570' title='bbox 2827 1283 2880 1328; x_wconf 88' lang='lat' dir='ltr'><strong>et</strong></span> <span class='ocrx_word' id='word_1_571' title='bbox 2899 1275 3087 1343; x_wconf 66' lang='lat' dir='ltr'><strong>gloriae</strong></span> <span class='ocrx_word' id='word_1_572' title='bbox 3113 1272 3426 1344; x_wconf 85' lang='lat' dir='ltr'><strong>mysterium</strong></span> <span class='ocrx_word' id='word_1_573' title='bbox 3455 1277 3558 1337; x_wconf 87' lang='lat' dir='ltr'><strong>est,</strong></span> <span class='ocrx_word' id='word_1_574' title='bbox 3585 1267 3638 1322; x_wconf 90' lang='lat' dir='ltr'><strong>id</strong></span> <span class='ocrx_word' id='word_1_575' title='bbox 3662 1265 3734 1320; x_wconf 82' lang='lat' dir='ltr'><strong>ad</strong></span> 
     </span>
    </p>
   </div>
   <div class='ocr_carea' id='block_1_50' title="bbox 2122 1363 3496 1435">
    <p class='ocr_par' dir='ltr' id='par_1_50' title="bbox 2122 1363 3496 1435">
     <span class='ocr_line' id='line_1_50' title="bbox 2122 1363 3496 1435; baseline -0.006 -12"><span class='ocrx_word' id='word_1_576' title='bbox 2122 1367 2466 1423; x_wconf 90' lang='lat' dir='ltr'><strong>occasionem</strong></span> <span class='ocrx_word' id='word_1_577' title='bbox 2501 1363 2902 1434; x_wconf 75' lang='lat' dir='ltr'><strong>praedicationis</strong></span> <span class='ocrx_word' id='word_1_578' title='bbox 2931 1365 3109 1435; x_wconf 68' lang='lat' dir='ltr'><strong>impiae</strong></span> <span class='ocrx_word' id='word_1_579' title='bbox 3135 1364 3496 1434; x_wconf 84' lang='lat' dir='ltr'><strong>relinquatur.</strong></span> 
     </span>
    </p>
   </div>
   <div class='ocr_carea' id='block_1_51' title="bbox 2193 1449 3720 1524">
    <p class='ocr_par' dir='ltr' id='par_1_51' title="bbox 2193 1449 3720 1524">
     <span class='ocr_line' id='line_1_51' title="bbox 2193 1449 3720 1524; baseline -0.007 -9"><span class='ocrx_word' id='word_1_580' title='bbox 2193 1461 2280 1515; x_wconf 82' lang='lat'><strong>10.</strong></span> <span class='ocrx_word' id='word_1_581' title='bbox 2312 1457 2578 1513; x_wconf 81' lang='lat' dir='ltr'><strong>Christum</strong></span> <span class='ocrx_word' id='word_1_582' title='bbox 2597 1466 2822 1511; x_wconf 89' lang='lat' dir='ltr'><strong>creatum</strong></span> <span class='ocrx_word' id='word_1_583' title='bbox 2844 1467 2892 1511; x_wconf 87' lang='lat' dir='ltr'><strong>et</strong></span> <span class='ocrx_word' id='word_1_584' title='bbox 2910 1473 3108 1512; x_wconf 82' lang='lat' dir='ltr'><strong>seruum</strong></span> <span class='ocrx_word' id='word_1_585' title='bbox 3133 1473 3241 1512; x_wconf 86' lang='lat' dir='ltr'><strong>esse</strong></span> <span class='ocrx_word' id='word_1_586' title='bbox 3267 1456 3460 1521; x_wconf 82' lang='lat' dir='ltr'><strong>volunt,</strong></span> <span class='ocrx_word' id='word_1_587' title='bbox 3488 1453 3610 1524; x_wconf 85' lang='lat' dir='ltr'><strong>quia</strong></span> <span class='ocrx_word' id='word_1_588' title='bbox 3640 1449 3720 1507; x_wconf 85' lang='lat' dir='ltr'><strong>illi</strong></span> 
     </span>
    </p>
   </div>
   <div class='ocr_carea' id='block_1_52' title="bbox 2123 1546 3730 1620">
    <p class='ocr_par' dir='ltr' id='par_1_52' title="bbox 2123 1546 3730 1620">
     <span class='ocr_line' id='line_1_52' title="bbox 2123 1546 3730 1620; baseline -0.005 -16"><span class='ocrx_word' id='word_1_589' title='bbox 2123 1550 2266 1604; x_wconf 84' lang='lat' dir='ltr'><strong>Deus</strong></span> <span class='ocrx_word' id='word_1_590' title='bbox 2287 1559 2337 1604; x_wconf 88' lang='lat' dir='ltr'><strong>et</strong></span> <span class='ocrx_word' id='word_1_591' title='bbox 2383 1558 2526 1620; x_wconf 84' lang='lat' dir='ltr'><strong>pater</strong></span> <span class='ocrx_word' id='word_1_592' title='bbox 2556 1559 2630 1603; x_wconf 83' lang='lat' dir='ltr'><strong>est</strong></span> <span class='ocrx_word' id='word_1_593' title='bbox 2652 1548 2798 1603; x_wconf 81' lang='lat' dir='ltr'><strong>nobis</strong></span> <span class='ocrx_word' id='word_1_594' title='bbox 2818 1549 3395 1603; x_wconf 86' lang='lat' dir='ltr'><strong>communis.-Gravis</strong></span> <span class='ocrx_word' id='word_1_595' title='bbox 3423 1546 3514 1600; x_wconf 88' lang='lat' dir='ltr'><strong>tibi</strong></span> <span class='ocrx_word' id='word_1_596' title='bbox 3537 1553 3730 1600; x_wconf 86' lang='lat' dir='ltr'><strong>aucto-</strong></span> 
     </span>
    </p>
   </div>
   <div class='ocr_carea' id='block_1_53' title="bbox 415 3693 2030 3768">
    <p class='ocr_par' dir='ltr' id='par_1_53' title="bbox 415 3693 2030 3768">
     <span class='ocr_line' id='line_1_53' title="bbox 415 3693 2030 3768; baseline -0.002 -7"><span class='ocrx_word' id='word_1_597' title='bbox 415 3707 491 3761; x_wconf 85' lang='lat' dir='ltr'><strong>tis</strong></span> <span class='ocrx_word' id='word_1_598' title='bbox 521 3709 922 3758; x_wconf 80' lang='lat' dir='ltr'><strong>sacramentum</strong></span> <span class='ocrx_word' id='word_1_599' title='bbox 945 3704 1032 3752; x_wconf 89' lang='lat' dir='ltr'><strong>est</strong></span> <span class='ocrx_word' id='word_1_600' title='bbox 1044 3693 1341 3763; x_wconf 83' lang='lat' dir='ltr'><strong>assumptio</strong></span> <span class='ocrx_word' id='word_1_601' title='bbox 1357 3694 1652 3760; x_wconf 85' lang='lat' dir='ltr'><strong>claritatis;</strong></span> <span class='ocrx_word' id='word_1_602' title='bbox 1683 3705 1740 3751; x_wconf 91' lang='lat' dir='ltr'><strong>et</strong></span> <span class='ocrx_word' id='word_1_603' title='bbox 1766 3714 1863 3768; x_wconf 91' lang='lat' dir='ltr'><strong>per</strong></span> <span class='ocrx_word' id='word_1_604' title='bbox 1889 3701 2030 3762; x_wconf 86' lang='lat' dir='ltr'><strong>hanc</strong></span> 
     </span>
    </p>
   </div>
   <div class='ocr_carea' id='block_1_54' title="bbox 413 3785 2030 3864">
    <p class='ocr_par' dir='ltr' id='par_1_54' title="bbox 413 3785 2030 3864">
     <span class='ocr_line' id='line_1_54' title="bbox 413 3785 2030 3864; baseline -0.001 -11"><span class='ocrx_word' id='word_1_605' title='bbox 413 3792 834 3864; x_wconf 82' lang='lat' dir='ltr'><strong>dispensationis</strong></span> <span class='ocrx_word' id='word_1_606' title='bbox 865 3790 1066 3856; x_wconf 81' lang='lat' dir='ltr'><strong>iidem,</strong></span> <span class='ocrx_word' id='word_1_607' title='bbox 1097 3786 1401 3844; x_wconf 82' lang='lat' dir='ltr'><strong>conformes</strong></span> <span class='ocrx_word' id='word_1_608' title='bbox 1425 3785 1501 3858; x_wconf 78' lang='lat'><strong>(9)</strong></span> <span class='ocrx_word' id='word_1_609' title='bbox 1530 3787 1735 3844; x_wconf 85' lang='lat' dir='ltr'><strong>assumi</strong></span> <span class='ocrx_word' id='word_1_610' title='bbox 1765 3791 2030 3853; x_wconf 80' lang='lat' dir='ltr'><strong>claritatis</strong></span> 
     </span>
    </p>
   </div>
   <div class='ocr_carea' id='block_1_55' title="bbox 415 3881 2031 3956">
    <p class='ocr_par' dir='ltr' id='par_1_55' title="bbox 415 3881 2031 3956">
     <span class='ocr_line' id='line_1_55' title="bbox 415 3881 2031 3956; baseline 0.001 -11"><span class='ocrx_word' id='word_1_611' title='bbox 415 3887 706 3945; x_wconf 69' lang='lat' dir='ltr'><strong>dominica:</strong></span> <span class='ocrx_word' id='word_1_612' title='bbox 732 3898 1122 3956; x_wconf 66' lang='lat' dir='ltr'><strong>praeparamur.</strong></span> <span class='ocrx_word' id='word_1_613' title='bbox 1153 3881 1362 3952; x_wconf 63' lang='lat' dir='ltr'><strong>Magnas</strong></span> <span class='ocrx_word' id='word_1_614' title='bbox 1398 3881 1558 3949; x_wconf 90' lang='lat' dir='ltr'><strong>igitur</strong></span> <span class='ocrx_word' id='word_1_615' title='bbox 1589 3881 1807 3949; x_wconf 83' lang='lat' dir='ltr'><strong>pietatis</strong></span> <span class='ocrx_word' id='word_1_616' title='bbox 1844 3900 2031 3946; x_wconf 83' lang='lat' dir='ltr'><strong>sacra-</strong></span> 
     </span>
    </p>
   </div>
   <div class='ocr_carea' id='block_1_56' title="bbox 415 3973 2024 4048">
    <p class='ocr_par' dir='ltr' id='par_1_56' title="bbox 415 3973 2024 4048">
     <span class='ocr_line' id='line_1_56' title="bbox 415 3973 2024 4048; baseline 0.004 -15"><span class='ocrx_word' id='word_1_617' title='bbox 415 3988 661 4040; x_wconf 85' lang='lat' dir='ltr'><strong>mentum</strong></span> <span class='ocrx_word' id='word_1_618' title='bbox 679 3988 760 4034; x_wconf 87' lang='lat' dir='ltr'><strong>est</strong></span> <span class='ocrx_word' id='word_1_619' title='bbox 781 3976 962 4032; x_wconf 90' lang='lat' dir='ltr'><strong>carnis</strong></span> <span class='ocrx_word' id='word_1_620' title='bbox 983 3975 1280 4046; x_wconf 87' lang='lat' dir='ltr'><strong>assumptio</strong></span> <span class='ocrx_word' id='word_1_621' title='bbox 1299 3992 1310 4027; x_wconf 86' lang='lat'><strong>:</strong></span> <span class='ocrx_word' id='word_1_622' title='bbox 1335 3973 1457 4044; x_wconf 88' lang='lat' dir='ltr'><strong>quia</strong></span> <span class='ocrx_word' id='word_1_623' title='bbox 1483 3987 1577 4042; x_wconf 86' lang='lat' dir='ltr'><strong>per</strong></span> <span class='ocrx_word' id='word_1_624' title='bbox 1593 3981 2024 4048; x_wconf 82' lang='lat' dir='ltr'><strong>assumptionem</strong></span> 
     </span>
    </p>
   </div>
   <div class='ocr_carea' id='block_1_57' title="bbox 418 4059 2026 4140">
    <p class='ocr_par' dir='ltr' id='par_1_57' title="bbox 418 4059 2026 4140">
     <span class='ocr_line' id='line_1_57' title="bbox 418 4059 2026 4140; baseline -0.006 -10"><span class='ocrx_word' id='word_1_625' title='bbox 418 4074 622 4140; x_wconf 87' lang='lat' dir='ltr'><strong>carnis,</strong></span> <span class='ocrx_word' id='word_1_626' title='bbox 654 4059 1016 4127; x_wconf 83' lang='lat' dir='ltr'><strong>manifestatio</strong></span> <span class='ocrx_word' id='word_1_627' title='bbox 1041 4068 1362 4125; x_wconf 87' lang='lat' dir='ltr'><strong>sacramenti</strong></span> <span class='ocrx_word' id='word_1_628' title='bbox 1394 4069 1447 4120; x_wconf 89' lang='lat' dir='ltr'><strong>in</strong></span> <span class='ocrx_word' id='word_1_629' title='bbox 1479 4079 1642 4122; x_wconf 84' lang='lat' dir='ltr'><strong>carne</strong></span> <span class='ocrx_word' id='word_1_630' title='bbox 1667 4081 1772 4126; x_wconf 87' lang='lat' dir='ltr'><strong>est.</strong></span> <span class='ocrx_word' id='word_1_631' title='bbox 1804 4073 1912 4130; x_wconf 85' lang='lat' dir='ltr'><strong>Sed</strong></span> <span class='ocrx_word' id='word_1_632' title='bbox 1943 4087 2026 4132; x_wconf 91' lang='lat' dir='ltr'><strong>ta.</strong></span> 
     </span>
    </p>
   </div>
   <div class='ocr_carea' id='block_1_58' title="bbox 499 4187 1254 4264">
    <p class='ocr_par' dir='ltr' id='par_1_58' title="bbox 499 4187 1254 4264">
     <span class='ocr_line' id='line_1_58' title="bbox 499 4187 1254 4264; baseline -0.008 -22"><span class='ocrx_word' id='word_1_633' title='bbox 499 4187 578 4264; x_wconf 70' lang='lat' dir='ltr'><strong>(l)</strong></span> <span class='ocrx_word' id='word_1_634' title='bbox 606 4187 770 4264; x_wconf 67' lang='grc' dir='ltr'><strong>ᾼΙιεέῑ</strong></span> <span class='ocrx_word' id='word_1_635' title='bbox 791 4187 846 4264; x_wconf 81' lang='lat' dir='ltr'><strong>in</strong></span> <span class='ocrx_word' id='word_1_636' title='bbox 876 4199 912 4264; x_wconf 87' lang='lat' dir='ltr'><strong>a_</strong></span> <span class='ocrx_word' id='word_1_637' title='bbox 932 4193 1120 4264; x_wconf 72' lang='lat' dir='ltr'><strong>nostro</strong></span> <span class='ocrx_word' id='word_1_638' title='bbox 1149 4197 1254 4264; x_wconf 79' lang='lat' dir='ltr'><strong>ms.</strong></span> 
     </span>
    </p>
   </div>
   <div class='ocr_carea' id='block_1_59' title="bbox 494 4251 2027 4332">
    <p class='ocr_par' dir='ltr' id='par_1_59' title="bbox 494 4251 2027 4332">
     <span class='ocr_line' id='line_1_59' title="bbox 494 4251 2027 4332; baseline 0.003 -18"><span class='ocrx_word' id='word_1_639' title='bbox 494 4251 573 4332; x_wconf 67' lang='grc' dir='ltr'><strong>(Ξ)</strong></span> <span class='ocrx_word' id='word_1_640' title='bbox 605 4258 744 4312; x_wconf 89' lang='lat' dir='ltr'><strong>Dum</strong></span> <span class='ocrx_word' id='word_1_641' title='bbox 779 4256 1100 4331; x_wconf 79' lang='lat' dir='ltr'><strong>justiﬁcatur</strong></span> <span class='ocrx_word' id='word_1_642' title='bbox 1143 4256 1196 4308; x_wconf 85' lang='lat' dir='ltr'><strong>in</strong></span> <span class='ocrx_word' id='word_1_643' title='bbox 1232 4254 1438 4326; x_wconf 82' lang='lat' dir='ltr'><strong>spiritu,</strong></span> <span class='ocrx_word' id='word_1_644' title='bbox 1481 4251 1607 4306; x_wconf 85' lang='lat' dir='ltr'><strong>dum</strong></span> <span class='ocrx_word' id='word_1_645' title='bbox 1647 4261 1929 4317; x_wconf 80' lang='lat' dir='ltr'><strong>assumitur</strong></span> <span class='ocrx_word' id='word_1_646' title='bbox 1972 4267 2027 4322; x_wconf 88' lang='lat' dir='ltr'><strong>in</strong></span> 
     </span>
    </p>
   </div>
   <div class='ocr_carea' id='block_1_60' title="bbox 496 4342 2026 4423">
    <p class='ocr_par' dir='ltr' id='par_1_60' title="bbox 496 4342 2026 4423">
     <span class='ocr_line' id='line_1_60' title="bbox 496 4342 2026 4423; baseline 0.023 -46"><span class='ocrx_word' id='word_1_647' title='bbox 496 4349 570 4423; x_wconf 63' lang='grc' dir='ltr'><strong>(α)</strong></span> <span class='ocrx_word' id='word_1_648' title='bbox 595 4347 735 4405; x_wconf 57' lang='lat' dir='ltr'><strong>Eam</strong></span> <span class='ocrx_word' id='word_1_649' title='bbox 756 4388 772 4415; x_wconf 54' lang='lat'><strong>,</strong></span> <span class='ocrx_word' id='word_1_650' title='bbox 803 4347 1115 4423; x_wconf 67' lang='lat' dir='ltr'><strong>miﬁcatum</strong></span> <span class='ocrx_word' id='word_1_651' title='bbox 1138 4353 1228 4408; x_wconf 69' lang='lat' dir='ltr'><strong>est,</strong></span> <span class='ocrx_word' id='word_1_652' title='bbox 1250 4342 1627 4423; x_wconf 62' lang='lat' dir='ltr'><strong>renitentibus</strong></span> <span class='ocrx_word' id='word_1_653' title='bbox 1656 4361 1785 4403; x_wconf 86' lang='lat' dir='ltr'><strong>mss.</strong></span> <span class='ocrx_word' id='word_1_654' title='bbox 1817 4367 2026 4412; x_wconf 85' lang='lat' dir='ltr'><strong>necnon</strong></span> 
     </span>
    </p>
   </div>
   <div class='ocr_carea' id='block_1_61' title="bbox 418 4417 2027 4491">
    <p class='ocr_par' dir='ltr' id='par_1_61' title="bbox 418 4417 2027 4491">
     <span class='ocr_line' id='line_1_61' title="bbox 418 4417 2027 4491; baseline 0.025 -48"><span class='ocrx_word' id='word_1_655' title='bbox 418 4417 714 4481; x_wconf 51' lang='lat' dir='ltr'><strong>sublimis:</strong></span> <span class='ocrx_word' id='word_1_656' title='bbox 744 4423 794 4473; x_wconf 74' lang='lat' dir='ltr'><strong>in</strong></span> <span class='ocrx_word' id='word_1_657' title='bbox 821 4419 1016 4488; x_wconf 73' lang='lat' dir='ltr'><strong>quibus</strong></span> <span class='ocrx_word' id='word_1_658' title='bbox 1037 4433 1140 4491; x_wconf 77' lang='lat' dir='ltr'><strong>vox</strong></span> <span class='ocrx_word' id='word_1_659' title='bbox 1180 4417 1392 4486; x_wconf 81' lang='lat' dir='ltr'><strong>spiritus</strong></span> <span class='ocrx_word' id='word_1_660' title='bbox 1428 4417 1723 4485; x_wconf 77' lang='lat' dir='ltr'><strong>opponitur</strong></span> <span class='ocrx_word' id='word_1_661' title='bbox 1748 4427 1899 4478; x_wconf 82' lang='lat' dir='ltr'><strong>carni</strong></span> <span class='ocrx_word' id='word_1_662' title='bbox 1926 4443 1940 4491; x_wconf 92' lang='lat'><strong>;</strong></span> <span class='ocrx_word' id='word_1_663' title='bbox 1973 4438 2027 4483; x_wconf 89' lang='lat' dir='ltr'><strong>et</strong></span> 
     </span>
    </p>
   </div>
   <div class='ocr_carea' id='block_1_62' title="bbox 419 4489 1244 4552">
    <p class='ocr_par' dir='ltr' id='par_1_62' title="bbox 419 4489 1244 4552">
     <span class='ocr_line' id='line_1_62' title="bbox 419 4489 1244 4552; baseline -0.012 -1"><span class='ocrx_word' id='word_1_664' title='bbox 419 4498 490 4552; x_wconf 88' lang='lat' dir='ltr'><strong>ad</strong></span> <span class='ocrx_word' id='word_1_665' title='bbox 522 4493 684 4548; x_wconf 79' lang='lat' dir='ltr'><strong>Verbi</strong></span> <span class='ocrx_word' id='word_1_666' title='bbox 717 4501 962 4546; x_wconf 88' lang='lat' dir='ltr'><strong>naturam</strong></span> <span class='ocrx_word' id='word_1_667' title='bbox 994 4489 1244 4544; x_wconf 82' lang='lat' dir='ltr'><strong>refertur.</strong></span> 
     </span>
    </p>
   </div>
   <div class='ocr_carea' id='block_1_63' title="bbox 499 4553 2023 4638">
    <p class='ocr_par' dir='ltr' id='par_1_63' title="bbox 499 4553 2023 4638">
     <span class='ocr_line' id='line_1_63' title="bbox 499 4553 2023 4638; baseline 0.003 -20"><span class='ocrx_word' id='word_1_668' title='bbox 499 4565 574 4638; x_wconf 69' lang='lat' dir='ltr'><strong>(tr)</strong></span> <span class='ocrx_word' id='word_1_669' title='bbox 594 4563 654 4638; x_wconf 87' lang='lat' dir='ltr'><strong>lu</strong></span> <span class='ocrx_word' id='word_1_670' title='bbox 682 4561 940 4638; x_wconf 80' lang='lat' dir='ltr'><strong>mss.Vat.</strong></span> <span class='ocrx_word' id='word_1_671' title='bbox 966 4559 1354 4638; x_wconf 29' lang='lat' dir='ltr'><strong>bas_.,_ltlalrtin.</strong></span> <span class='ocrx_word' id='word_1_672' title='bbox 1383 4564 1438 4612; x_wconf 85' lang='lat' dir='ltr'><strong>et</strong></span> <span class='ocrx_word' id='word_1_673' title='bbox 1466 4553 1680 4616; x_wconf 86' lang='lat' dir='ltr'><strong>duobus</strong></span> <span class='ocrx_word' id='word_1_674' title='bbox 1707 4561 1850 4633; x_wconf 83' lang='lat' dir='ltr'><strong>aliis,</strong></span> <span class='ocrx_word' id='word_1_675' title='bbox 1871 4567 2023 4624; x_wconf 83' lang='lat' dir='ltr'><strong>intel-</strong></span> 
     </span>
    </p>
   </div>
   <div class='ocr_carea' id='block_1_64' title="bbox 421 4630 1355 4710">
    <p class='ocr_par' dir='ltr' id='par_1_64' title="bbox 421 4630 1355 4710">
     <span class='ocr_line' id='line_1_64' title="bbox 421 4630 1355 4710; baseline -0.012 -16"><span class='ocrx_word' id='word_1_676' title='bbox 421 4630 650 4710; x_wconf 61' lang='lat' dir='ltr'><strong>ligentia;</strong></span> <span class='ocrx_word' id='word_1_677' title='bbox 678 4635 852 4710; x_wconf 68' lang='lat' dir='ltr'><strong>locus;</strong></span> <span class='ocrx_word' id='word_1_678' title='bbox 881 4632 1164 4710; x_wconf 75' lang='lat' dir='ltr'><strong>superﬂuit</strong></span> <span class='ocrx_word' id='word_1_679' title='bbox 1193 4630 1355 4710; x_wconf 64' lang='lat' dir='ltr'><strong>locus.</strong></span> 
     </span>
    </p>
   </div>
   <div class='ocr_carea' id='block_1_65' title="bbox 497 4647 1871 4776">
    <p class='ocr_par' dir='ltr' id='par_1_65' title="bbox 497 4647 1871 4776">
     <span class='ocr_line' id='line_1_65' title="bbox 499 4647 1355 4690; baseline -0.008 0"><span class='ocrx_word' id='word_1_680' title='bbox 499 4647 650 4690; x_wconf 71' lang='lat' dir='ltr'><strong>emta!</strong></span> <span class='ocrx_word' id='word_1_681' title='bbox 678 4647 852 4688; x_wconf 83' lang='lat' dir='ltr'><strong>locus:</strong></span> <span class='ocrx_word' id='word_1_682' title='bbox 881 4647 939 4687; x_wconf 88' lang='lat' dir='ltr'><strong>su</strong></span> <span class='ocrx_word' id='word_1_683' title='bbox 985 4647 1164 4687; x_wconf 82' lang='lat' dir='ltr'><strong>crllttll</strong></span> <span class='ocrx_word' id='word_1_684' title='bbox 1195 4647 1355 4684; x_wconf 73' lang='lat' dir='ltr'><strong>iocus.</strong></span> 
     </span>
     <span class='ocr_line' id='line_1_66' title="bbox 497 4647 1871 4776; baseline 0.002 -16"><span class='ocrx_word' id='word_1_685' title='bbox 497 4707 574 4776; x_wconf 85' lang='lat' dir='ltr'><strong>(c)</strong></span> <span class='ocrx_word' id='word_1_686' title='bbox 601 4704 698 4760; x_wconf 80' lang='lat' dir='ltr'><strong>Ms.</strong></span> <span class='ocrx_word' id='word_1_687' title='bbox 731 4707 910 4768; x_wconf 71' lang='lat' dir='ltr'><strong>(Julb.,</strong></span> <span class='ocrx_word' id='word_1_688' title='bbox 941 4647 1126 4759; x_wconf 58' lang='lat' dir='ltr'><strong>genu.</strong></span> <span class='ocrx_word' id='word_1_689' title='bbox 1151 4709 1207 4755; x_wconf 79' lang='lat' dir='ltr'><strong>et</strong></span> <span class='ocrx_word' id='word_1_690' title='bbox 1237 4703 1447 4757; x_wconf 77' lang='lat' dir='ltr'><strong>Martia.</strong></span> <span class='ocrx_word' id='word_1_691' title='bbox 1479 4703 1586 4770; x_wconf 80' lang='lat' dir='ltr'><strong>iam</strong></span> <span class='ocrx_word' id='word_1_692' title='bbox 1607 4708 1871 4776; x_wconf 85' lang='lat' dir='ltr'><strong>mysterio.</strong></span> 
     </span>
    </p>
   </div>
   <div class='ocr_carea' id='block_1_66' title="bbox 497 4775 1333 4922">
    <p class='ocr_par' dir='ltr' id='par_1_66' title="bbox 497 4775 1333 4922">
     <span class='ocr_line' id='line_1_67' title="bbox 509 4775 1333 4846; baseline -0.007 -14"><span class='ocrx_word' id='word_1_693' title='bbox 509 4775 581 4846; x_wconf 10' lang='lat' dir='ltr'><strong>id)</strong></span> <span class='ocrx_word' id='word_1_694' title='bbox 605 4779 772 4831; x_wconf 75' lang='lat' dir='ltr'><strong>Abest</strong></span> <span class='ocrx_word' id='word_1_695' title='bbox 800 4779 852 4830; x_wconf 86' lang='lat' dir='ltr'><strong>in</strong></span> <span class='ocrx_word' id='word_1_696' title='bbox 882 4776 949 4830; x_wconf 88' lang='lat' dir='ltr'><strong>ab</strong></span> <span class='ocrx_word' id='word_1_697' title='bbox 975 4775 1179 4844; x_wconf 89' lang='lat' dir='ltr'><strong>aliquot</strong></span> <span class='ocrx_word' id='word_1_698' title='bbox 1204 4789 1333 4827; x_wconf 79' lang='lat' dir='ltr'><strong>mss.</strong></span> 
     </span>
     <span class='ocr_line' id='line_1_68' title="bbox 497 4781 1333 4922; baseline -0.006 -19"><span class='ocrx_word' id='word_1_699' title='bbox 497 4781 573 4922; x_wconf 53' lang='lat' dir='ltr'><strong>is)</strong></span> <span class='ocrx_word' id='word_1_700' title='bbox 606 4848 891 4922; x_wconf 75' lang='lat' dir='ltr'><strong>Antiquior</strong></span> <span class='ocrx_word' id='word_1_701' title='bbox 907 4848 1076 4902; x_wconf 83' lang='lat' dir='ltr'><strong>codex</strong></span> <span class='ocrx_word' id='word_1_702' title='bbox 1106 4845 1256 4901; x_wconf 79' lang='lat' dir='ltr'><strong>Colb.</strong></span> <span class='ocrx_word' id='word_1_703' title='bbox 1289 4847 1333 4919; x_wconf 87' lang='lat' dir='ltr'><strong>jt</strong></span> 
     </span>
    </p>
   </div>
   <div class='ocr_carea' id='block_1_67' title="bbox 524 4845 2038 4922">
    <p class='ocr_par' dir='ltr' id='par_1_67' title="bbox 524 4845 2038 4922">
     <span class='ocr_line' id='line_1_69' title="bbox 524 4845 2038 4922; baseline 0.004 -19"><span class='ocrx_word' id='word_1_704' title='bbox 524 4845 573 4922; x_wconf 79' lang='grc' dir='ltr'><strong>ε)</strong></span> <span class='ocrx_word' id='word_1_705' title='bbox 606 4848 891 4922; x_wconf 75' lang='lat' dir='ltr'><strong>Antiquior</strong></span> <span class='ocrx_word' id='word_1_706' title='bbox 907 4848 1076 4902; x_wconf 83' lang='lat' dir='ltr'><strong>codex</strong></span> <span class='ocrx_word' id='word_1_707' title='bbox 1106 4845 1256 4901; x_wconf 79' lang='lat' dir='ltr'><strong>Colb.</strong></span> <span class='ocrx_word' id='word_1_708' title='bbox 1289 4847 1598 4919; x_wconf 78' lang='lat' dir='ltr'><strong>justiﬁcatio</strong></span> <span class='ocrx_word' id='word_1_709' title='bbox 1636 4850 1869 4920; x_wconf 80' lang='lat' dir='ltr'><strong>spiritus.</strong></span> <span class='ocrx_word' id='word_1_710' title='bbox 1895 4851 2038 4910; x_wconf 85' lang='lat' dir='ltr'><strong>Mar-</strong></span> 
     </span>
    </p>
   </div>
   <div class='ocr_carea' id='block_1_68' title="bbox 421 4920 1066 4990">
    <p class='ocr_par' dir='ltr' id='par_1_68' title="bbox 421 4920 1066 4990">
     <span class='ocr_line' id='line_1_70' title="bbox 421 4920 1066 4990; baseline -0.009 -13"><span class='ocrx_word' id='word_1_711' title='bbox 421 4920 524 4978; x_wconf 61' lang='lat' dir='ltr'><strong>tinL</strong></span> <span class='ocrx_word' id='word_1_712' title='bbox 551 4920 598 4976; x_wconf 79' lang='lat' dir='ltr'><strong>et</strong></span> <span class='ocrx_word' id='word_1_713' title='bbox 615 4920 944 4990; x_wconf 71' lang='lat' dir='ltr'><strong>justiﬁcatio,</strong></span> <span class='ocrx_word' id='word_1_714' title='bbox 959 4927 1066 4973; x_wconf 82' lang='lat' dir='ltr'><strong>etc.</strong></span> 
     </span>
    </p>
   </div>
   <div class='ocr_carea' id='block_1_69' title="bbox 500 4987 2034 5066">
    <p class='ocr_par' dir='ltr' id='par_1_69' title="bbox 500 4987 2034 5066">
     <span class='ocr_line' id='line_1_71' title="bbox 500 4987 2034 5066; baseline 0.003 -22"><span class='ocrx_word' id='word_1_715' title='bbox 500 4993 578 5066; x_wconf 79' lang='grc' dir='ltr'><strong>(Ῑ)</strong></span> <span class='ocrx_word' id='word_1_716' title='bbox 610 4987 1059 5066; x_wconf 38' lang='lat' dir='ltr'><strong>Post&#39;iuspiritu.</strong></span> <span class='ocrx_word' id='word_1_717' title='bbox 1091 4987 1383 5066; x_wconf 79' lang='lat' dir='ltr'><strong>subjiciunt</strong></span> <span class='ocrx_word' id='word_1_718' title='bbox 1425 5003 1556 5043; x_wconf 88' lang='lat' dir='ltr'><strong>mss.</strong></span> <span class='ocrx_word' id='word_1_719' title='bbox 1598 4990 1720 5044; x_wconf 86' lang='lat' dir='ltr'><strong>dum</strong></span> <span class='ocrx_word' id='word_1_720' title='bbox 1754 4996 2034 5049; x_wconf 84' lang='lat' dir='ltr'><strong>assumitur</strong></span> 
     </span>
    </p>
   </div>
   <div class='ocr_carea' id='block_1_70' title="bbox 421 5061 1168 5129">
    <p class='ocr_par' dir='ltr' id='par_1_70' title="bbox 421 5061 1168 5129">
     <span class='ocr_line' id='line_1_72' title="bbox 421 5061 1168 5129; baseline -0.008 -9"><span class='ocrx_word' id='word_1_721' title='bbox 421 5069 479 5120; x_wconf 87' lang='lat' dir='ltr'><strong>in</strong></span> <span class='ocrx_word' id='word_1_722' title='bbox 509 5061 764 5129; x_wconf 72' lang='lat' dir='ltr'><strong>claritate,</strong></span> <span class='ocrx_word' id='word_1_723' title='bbox 796 5061 913 5116; x_wconf 80' lang='lat' dir='ltr'><strong>aliis</strong></span> <span class='ocrx_word' id='word_1_724' title='bbox 934 5062 1168 5116; x_wconf 88' lang='lat' dir='ltr'><strong>omissis.</strong></span> 
     </span>
    </p>
   </div>
   <div class='ocr_carea' id='block_1_71' title="bbox 500 5130 2028 5207">
    <p class='ocr_par' dir='ltr' id='par_1_71' title="bbox 500 5130 2028 5207">
     <span class='ocr_line' id='line_1_73' title="bbox 500 5130 2028 5207; baseline 0.004 -19"><span class='ocrx_word' id='word_1_725' title='bbox 500 5135 580 5207; x_wconf 78' lang='lat'><strong>(9)</strong></span> <span class='ocrx_word' id='word_1_726' title='bbox 632 5133 689 5189; x_wconf 93' lang='lat' dir='ltr'><strong>In</strong></span> <span class='ocrx_word' id='word_1_727' title='bbox 730 5149 862 5187; x_wconf 84' lang='lat' dir='ltr'><strong>mss.</strong></span> <span class='ocrx_word' id='word_1_728' title='bbox 897 5133 1028 5207; x_wconf 80' lang='lat' dir='ltr'><strong>Vat.</strong></span> <span class='ocrx_word' id='word_1_729' title='bbox 1061 5133 1186 5207; x_wconf 45' lang='lat' dir='ltr'><strong>bas:</strong></span> <span class='ocrx_word' id='word_1_730' title='bbox 1220 5130 1533 5207; x_wconf 79' lang='lat' dir='ltr'><strong>Colbertino</strong></span> <span class='ocrx_word' id='word_1_731' title='bbox 1582 5147 1712 5207; x_wconf 79' lang='lat' dir='ltr'><strong>uno,</strong></span> <span class='ocrx_word' id='word_1_732' title='bbox 1767 5139 1821 5189; x_wconf 86' lang='lat' dir='ltr'><strong>et</strong></span> <span class='ocrx_word' id='word_1_733' title='bbox 1855 5135 2028 5195; x_wconf 84' lang='lat' dir='ltr'><strong>altero</strong></span> 
     </span>
    </p>
   </div>
   <div class='ocr_carea' id='block_1_72' title="bbox 426 5203 2025 5276">
    <p class='ocr_par' dir='ltr' id='par_1_72' title="bbox 426 5203 2025 5276">
     <span class='ocr_line' id='line_1_74' title="bbox 426 5203 2025 5276; baseline 0.002 -13"><span class='ocrx_word' id='word_1_734' title='bbox 426 5203 667 5263; x_wconf 57' lang='lat' dir='ltr'><strong>So&#39;r&#39;bnn.</strong></span> <span class='ocrx_word' id='word_1_735' title='bbox 697 5206 1050 5274; x_wconf 79' lang='lat' dir='ltr'><strong>nssumptioni.</strong></span> <span class='ocrx_word' id='word_1_736' title='bbox 1074 5203 1130 5257; x_wconf 87' lang='lat' dir='ltr'><strong>lu</strong></span> <span class='ocrx_word' id='word_1_737' title='bbox 1153 5203 1361 5276; x_wconf 78' lang='lat' dir='ltr'><strong>Rcmig.</strong></span> <span class='ocrx_word' id='word_1_738' title='bbox 1387 5205 1652 5276; x_wconf 74' lang='lat' dir='ltr'><strong>assumpti.</strong></span> <span class='ocrx_word' id='word_1_739' title='bbox 1685 5206 1837 5261; x_wconf 82' lang='lat' dir='ltr'><strong>Prior</strong></span> <span class='ocrx_word' id='word_1_740' title='bbox 1867 5210 2025 5266; x_wconf 86' lang='lat' dir='ltr'><strong>lectio</strong></span> 
     </span>
    </p>
   </div>
   <div class='ocr_carea' id='block_1_73' title="bbox 423 5275 2012 5344">
    <p class='ocr_par' dir='ltr' id='par_1_73' title="bbox 423 5275 2012 5344">
     <span class='ocr_line' id='line_1_75' title="bbox 423 5275 2012 5344; baseline 0.001 -10"><span class='ocrx_word' id='word_1_741' title='bbox 423 5281 563 5334; x_wconf 79' lang='lat' dir='ltr'><strong>satis</strong></span> <span class='ocrx_word' id='word_1_742' title='bbox 592 5276 893 5330; x_wconf 82' lang='lat' dir='ltr'><strong>arridebat:</strong></span> <span class='ocrx_word' id='word_1_743' title='bbox 929 5276 1022 5330; x_wconf 86' lang='lat' dir='ltr'><strong>sed</strong></span> <span class='ocrx_word' id='word_1_744' title='bbox 1058 5275 1266 5344; x_wconf 73' lang='lat' dir='ltr'><strong>plettiur</strong></span> <span class='ocrx_word' id='word_1_745' title='bbox 1291 5282 1375 5328; x_wconf 87' lang='lat' dir='ltr'><strong>est</strong></span> <span class='ocrx_word' id='word_1_746' title='bbox 1394 5288 1476 5341; x_wconf 89' lang='lat' dir='ltr'><strong>ea,</strong></span> <span class='ocrx_word' id='word_1_747' title='bbox 1515 5289 1672 5344; x_wconf 83' lang='lat' dir='ltr'><strong>quam</strong></span> <span class='ocrx_word' id='word_1_748' title='bbox 1698 5281 2012 5336; x_wconf 76' lang='lat' dir='ltr'><strong>retinemus.</strong></span> 
     </span>
    </p>
   </div>
   <div class='ocr_carea' id='block_1_74' title="bbox 501 5344 2016 5420">
    <p class='ocr_par' dir='ltr' id='par_1_74' title="bbox 501 5344 2016 5420">
     <span class='ocr_line' id='line_1_76' title="bbox 501 5344 2016 5420; baseline 0.004 -19"><span class='ocrx_word' id='word_1_749' title='bbox 501 5350 580 5420; x_wconf 85' lang='lat' dir='ltr'><strong>(It)</strong></span> <span class='ocrx_word' id='word_1_750' title='bbox 609 5344 984 5420; x_wconf 58' lang='lat' dir='ltr'><strong>lupi-iudicii:</strong></span> <span class='ocrx_word' id='word_1_751' title='bbox 1013 5362 1141 5400; x_wconf 88' lang='lat' dir='ltr'><strong>tnss.</strong></span> <span class='ocrx_word' id='word_1_752' title='bbox 1186 5345 1304 5420; x_wconf 77' lang='lat' dir='ltr'><strong>Vat.</strong></span> <span class='ocrx_word' id='word_1_753' title='bbox 1343 5346 1647 5420; x_wconf 79' lang='lat' dir='ltr'><strong>bas.,Cnlb.</strong></span> <span class='ocrx_word' id='word_1_754' title='bbox 1685 5363 1747 5402; x_wconf 87' lang='lat' dir='ltr'><strong>ac</strong></span> <span class='ocrx_word' id='word_1_755' title='bbox 1785 5350 2016 5408; x_wconf 85' lang='lat' dir='ltr'><strong>Sorbon.</strong></span> 
     </span>
    </p>
   </div>
   <div class='ocr_carea' id='block_1_75' title="bbox 425 5417 2016 5491">
    <p class='ocr_par' dir='ltr' id='par_1_75' title="bbox 425 5417 2016 5491">
     <span class='ocr_line' id='line_1_77' title="bbox 425 5417 2016 5491; baseline -0.001 -13"><span class='ocrx_word' id='word_1_756' title='bbox 425 5417 638 5478; x_wconf 78' lang='lat' dir='ltr'><strong>necnon</strong></span> <span class='ocrx_word' id='word_1_757' title='bbox 671 5418 880 5474; x_wconf 84' lang='lat' dir='ltr'><strong>Mat-tiu.</strong></span> <span class='ocrx_word' id='word_1_758' title='bbox 904 5435 918 5472; x_wconf 87' lang='lat'><strong>:</strong></span> <span class='ocrx_word' id='word_1_759' title='bbox 941 5417 1008 5472; x_wconf 83' lang='lat' dir='ltr'><strong>Et</strong></span> <span class='ocrx_word' id='word_1_760' title='bbox 1026 5433 1138 5487; x_wconf 68' lang='lat' dir='ltr'><strong>quas</strong></span> <span class='ocrx_word' id='word_1_761' title='bbox 1166 5419 1376 5491; x_wconf 78' lang='lat' dir='ltr'><strong>tandem</strong></span> <span class='ocrx_word' id='word_1_762' title='bbox 1398 5433 1510 5491; x_wconf 83' lang='lat' dir='ltr'><strong>spes</strong></span> <span class='ocrx_word' id='word_1_763' title='bbox 1529 5417 1582 5491; x_wconf 81' lang='lat' dir='ltr'><strong>in</strong></span> <span class='ocrx_word' id='word_1_764' title='bbox 1605 5420 1707 5488; x_wconf 78' lang='lat' dir='ltr'><strong>ﬁde</strong></span> <span class='ocrx_word' id='word_1_765' title='bbox 1727 5431 1900 5475; x_wconf 85' lang='lat' dir='ltr'><strong>nostra</strong></span> <span class='ocrx_word' id='word_1_766' title='bbox 1925 5433 2016 5491; x_wconf 80' lang='lat' dir='ltr'><strong>cst,</strong></span> 
     </span>
    </p>
   </div>
   <div class='ocr_carea' id='block_1_76' title="bbox 427 5489 2018 5563">
    <p class='ocr_par' dir='ltr' id='par_1_76' title="bbox 427 5489 2018 5563">
     <span class='ocr_line' id='line_1_78' title="bbox 427 5489 2018 5563; baseline 0 -16"><span class='ocrx_word' id='word_1_767' title='bbox 427 5494 476 5548; x_wconf 76' lang='lat' dir='ltr'><strong>si</strong></span> <span class='ocrx_word' id='word_1_768' title='bbox 493 5498 592 5563; x_wconf 74' lang='lat' dir='ltr'><strong>pica</strong></span> <span class='ocrx_word' id='word_1_769' title='bbox 606 5492 1000 5558; x_wconf 75' lang='lat' dir='ltr'><strong>dispensationis</strong></span> <span class='ocrx_word' id='word_1_770' title='bbox 1017 5489 1306 5563; x_wconf 73' lang='lat' dir='ltr'><strong>mysterium</strong></span> <span class='ocrx_word' id='word_1_771' title='bbox 1324 5489 1600 5563; x_wconf 73' lang='lat' dir='ltr'><strong>diuinitatis</strong></span> <span class='ocrx_word' id='word_1_772' title='bbox 1621 5500 1693 5544; x_wconf 78' lang='lat' dir='ltr'><strong>est</strong></span> <span class='ocrx_word' id='word_1_773' title='bbox 1713 5489 2018 5562; x_wconf 73' lang='lat' dir='ltr'><strong>inﬁrmitas.-</strong></span> 
     </span>
    </p>
   </div>
   <div class='ocr_carea' id='block_1_77' title="bbox 427 5561 2017 5636">
    <p class='ocr_par' dir='ltr' id='par_1_77' title="bbox 427 5561 2017 5636">
     <span class='ocr_line' id='line_1_79' title="bbox 427 5561 2017 5636; baseline -0.001 -16"><span class='ocrx_word' id='word_1_774' title='bbox 427 5561 591 5620; x_wconf 72' lang='lat' dir='ltr'><strong>let-tiu</strong></span> <span class='ocrx_word' id='word_1_775' title='bbox 619 5566 732 5616; x_wconf 74' lang='lat' dir='ltr'><strong>haec</strong></span> <span class='ocrx_word' id='word_1_776' title='bbox 771 5563 937 5636; x_wconf 80' lang='lat' dir='ltr'><strong>magis</strong></span> <span class='ocrx_word' id='word_1_777' title='bbox 966 5570 1051 5616; x_wconf 91' lang='lat' dir='ltr'><strong>est</strong></span> <span class='ocrx_word' id='word_1_778' title='bbox 1086 5561 1386 5636; x_wconf 76' lang='lat' dir='ltr'><strong>perspicua,</strong></span> <span class='ocrx_word' id='word_1_779' title='bbox 1398 5561 1662 5636; x_wconf 70' lang='lat' dir='ltr'><strong>adeoque</strong></span> <span class='ocrx_word' id='word_1_780' title='bbox 1693 5561 1861 5636; x_wconf 78' lang='lat' dir='ltr'><strong>magis</strong></span> <span class='ocrx_word' id='word_1_781' title='bbox 1923 5581 2017 5620; x_wconf 87' lang='lat' dir='ltr'><strong>su-</strong></span> 
     </span>
    </p>
   </div>
   <div class='ocr_carea' id='block_1_78' title="bbox 427 5631 2025 5704">
    <p class='ocr_par' dir='ltr' id='par_1_78' title="bbox 427 5631 2025 5704">
     <span class='ocr_line' id='line_1_80' title="bbox 427 5631 2025 5704; baseline -0.001 -13"><span class='ocrx_word' id='word_1_782' title='bbox 427 5643 639 5704; x_wconf 72' lang='lat' dir='ltr'><strong>specta,</strong></span> <span class='ocrx_word' id='word_1_783' title='bbox 673 5647 831 5702; x_wconf 83' lang='lat' dir='ltr'><strong>quam</strong></span> <span class='ocrx_word' id='word_1_784' title='bbox 868 5631 1038 5686; x_wconf 81' lang='lat' dir='ltr'><strong>altera</strong></span> <span class='ocrx_word' id='word_1_785' title='bbox 1065 5649 1078 5685; x_wconf 91' lang='lat'><strong>:</strong></span> <span class='ocrx_word' id='word_1_786' title='bbox 1105 5632 1158 5685; x_wconf 90' lang='lat' dir='ltr'><strong>in</strong></span> <span class='ocrx_word' id='word_1_787' title='bbox 1203 5645 1306 5699; x_wconf 85' lang='lat' dir='ltr'><strong>qua</strong></span> <span class='ocrx_word' id='word_1_788' title='bbox 1332 5631 1482 5704; x_wconf 74' lang='lat' dir='ltr'><strong>alius</strong></span> <span class='ocrx_word' id='word_1_789' title='bbox 1518 5632 1731 5701; x_wconf 85' lang='lat' dir='ltr'><strong>quidam</strong></span> <span class='ocrx_word' id='word_1_790' title='bbox 1781 5631 2025 5690; x_wconf 74' lang='lat' dir='ltr'><strong>innititur</strong></span> 
     </span>
    </p>
   </div>
   <div class='ocr_carea' id='block_1_79' title="bbox 433 5700 2030 5772">
    <p class='ocr_par' dir='ltr' id='par_1_79' title="bbox 433 5700 2030 5772">
     <span class='ocr_line' id='line_1_81' title="bbox 433 5700 2030 5772; baseline -0.001 -8"><span class='ocrx_word' id='word_1_791' title='bbox 433 5700 767 5764; x_wconf 73' lang='lat' dir='ltr'><strong>rcconditior</strong></span> <span class='ocrx_word' id='word_1_792' title='bbox 814 5718 1038 5770; x_wconf 83' lang='lat' dir='ltr'><strong>sensus,</strong></span> <span class='ocrx_word' id='word_1_793' title='bbox 1095 5713 1254 5772; x_wconf 89' lang='lat' dir='ltr'><strong>puta,</strong></span> <span class='ocrx_word' id='word_1_794' title='bbox 1313 5700 1655 5757; x_wconf 78' lang='lat' dir='ltr'><strong>divinitatem</strong></span> <span class='ocrx_word' id='word_1_795' title='bbox 1707 5705 2030 5762; x_wconf 83' lang='lat' dir='ltr'><strong>infirmatam</strong></span> 
     </span>
    </p>
   </div>
   <div class='ocr_carea' id='block_1_80' title="bbox 445 5775 2034 5849">
    <p class='ocr_par' dir='ltr' id='par_1_80' title="bbox 445 5775 2034 5849">
     <span class='ocr_line' id='line_1_82' title="bbox 445 5775 2034 5849; baseline -0.001 -15"><span class='ocrx_word' id='word_1_796' title='bbox 445 5793 556 5834; x_wconf 88' lang='lat' dir='ltr'><strong>non</strong></span> <span class='ocrx_word' id='word_1_797' title='bbox 585 5777 750 5831; x_wconf 84' lang='lat' dir='ltr'><strong>fuisse</strong></span> <span class='ocrx_word' id='word_1_798' title='bbox 773 5776 1190 5844; x_wconf 84' lang='lat' dir='ltr'><strong>dispensationis</strong></span> <span class='ocrx_word' id='word_1_799' title='bbox 1208 5775 1488 5849; x_wconf 74' lang='lat' dir='ltr'><strong>mysterio,</strong></span> <span class='ocrx_word' id='word_1_800' title='bbox 1514 5777 1794 5849; x_wconf 9' lang='lat' dir='ltr'><strong>nuopcarni</strong></span> <span class='ocrx_word' id='word_1_801' title='bbox 1824 5781 2034 5849; x_wconf 59' lang='lat' dir='ltr'><strong>praesti-</strong></span> 
     </span>
    </p>
   </div>
   <div class='ocr_carea' id='block_1_81' title="bbox 450 5845 2033 5920">
    <p class='ocr_par' dir='ltr' id='par_1_81' title="bbox 450 5845 2033 5920">
     <span class='ocr_line' id='line_1_83' title="bbox 450 5845 2033 5920; baseline 0 -12"><span class='ocrx_word' id='word_1_802' title='bbox 450 5861 564 5908; x_wconf 87' lang='lat' dir='ltr'><strong>tum</strong></span> <span class='ocrx_word' id='word_1_803' title='bbox 591 5855 676 5905; x_wconf 67' lang='grc' dir='ltr'><strong>εει</strong></span> <span class='ocrx_word' id='word_1_804' title='bbox 707 5856 767 5906; x_wconf 92' lang='lat' dir='ltr'><strong>ut</strong></span> <span class='ocrx_word' id='word_1_805' title='bbox 803 5853 1166 5904; x_wconf 82' lang='lat' dir='ltr'><strong>assumeretur</strong></span> <span class='ocrx_word' id='word_1_806' title='bbox 1206 5845 1258 5900; x_wconf 92' lang='lat' dir='ltr'><strong>in</strong></span> <span class='ocrx_word' id='word_1_807' title='bbox 1295 5845 1554 5903; x_wconf 84' lang='lat' dir='ltr'><strong>claritatis</strong></span> <span class='ocrx_word' id='word_1_808' title='bbox 1593 5847 1760 5917; x_wconf 89' lang='lat' dir='ltr'><strong>gloria</strong></span> <span class='ocrx_word' id='word_1_809' title='bbox 1785 5865 1800 5916; x_wconf 87' lang='lat'><strong>;</strong></span> <span class='ocrx_word' id='word_1_810' title='bbox 1824 5845 2033 5920; x_wconf 56' lang='lat' dir='ltr'><strong>&#39;eosque</strong></span> 
     </span>
    </p>
   </div>
   <div class='ocr_carea' id='block_1_82' title="bbox 2139 3704 3731 3785">
    <p class='ocr_par' dir='ltr' id='par_1_82' title="bbox 2139 3704 3731 3785">
     <span class='ocr_line' id='line_1_84' title="bbox 2139 3704 3731 3785; baseline -0.009 -13"><span class='ocrx_word' id='word_1_811' title='bbox 2139 3719 2266 3773; x_wconf 86' lang='lat' dir='ltr'><strong>tatis</strong></span> <span class='ocrx_word' id='word_1_812' title='bbox 2293 3733 2428 3785; x_wconf 74' lang='lat' dir='ltr'><strong>sine,</strong></span> <span class='ocrx_word' id='word_1_813' title='bbox 2455 3727 2698 3772; x_wconf 89' lang='lat' dir='ltr'><strong>naturam</strong></span> <span class='ocrx_word' id='word_1_814' title='bbox 2735 3722 2909 3768; x_wconf 88' lang='lat' dir='ltr'><strong>tamen</strong></span> <span class='ocrx_word' id='word_1_815' title='bbox 2937 3723 3003 3764; x_wconf 84' lang='lat' dir='ltr'><strong>ex</strong></span> <span class='ocrx_word' id='word_1_816' title='bbox 3031 3721 3090 3762; x_wconf 90' lang='lat' dir='ltr'><strong>se</strong></span> <span class='ocrx_word' id='word_1_817' title='bbox 3118 3721 3224 3761; x_wconf 82' lang='lat' dir='ltr'><strong>non</strong></span> <span class='ocrx_word' id='word_1_818' title='bbox 3251 3704 3429 3758; x_wconf 86' lang='lat' dir='ltr'><strong>amisit</strong></span> <span class='ocrx_word' id='word_1_819' title='bbox 3456 3704 3731 3758; x_wconf 84' lang='lat' dir='ltr'><strong>auctoris:</strong></span> 
     </span>
    </p>
   </div>
   <div class='ocr_carea' id='block_1_83' title="bbox 2140 3793 3732 3881">
    <p class='ocr_par' dir='ltr' id='par_1_83' title="bbox 2140 3793 3732 3881">
     <span class='ocr_line' id='line_1_85' title="bbox 2140 3793 3732 3881; baseline -0.01 -17"><span class='ocrx_word' id='word_1_820' title='bbox 2140 3811 2266 3881; x_wconf 89' lang='lat' dir='ltr'><strong>quia</strong></span> <span class='ocrx_word' id='word_1_821' title='bbox 2295 3809 2544 3864; x_wconf 89' lang='lat' dir='ltr'><strong>nativitas</strong></span> <span class='ocrx_word' id='word_1_822' title='bbox 2590 3807 2683 3862; x_wconf 90' lang='lat' dir='ltr'><strong>Dei</strong></span> <span class='ocrx_word' id='word_1_823' title='bbox 2725 3817 2900 3874; x_wconf 88' lang='lat' dir='ltr'><strong>neque</strong></span> <span class='ocrx_word' id='word_1_824' title='bbox 2942 3796 3174 3864; x_wconf 85' lang='lat' dir='ltr'><strong>aliunde,</strong></span> <span class='ocrx_word' id='word_1_825' title='bbox 3227 3809 3398 3864; x_wconf 86' lang='lat' dir='ltr'><strong>neque</strong></span> <span class='ocrx_word' id='word_1_826' title='bbox 3443 3793 3588 3848; x_wconf 89' lang='lat' dir='ltr'><strong>aliud</strong></span> <span class='ocrx_word' id='word_1_827' title='bbox 3621 3801 3732 3849; x_wconf 87' lang='lat' dir='ltr'><strong>est.</strong></span> 
     </span>
    </p>
   </div>
   <div class='ocr_carea' id='block_1_84' title="bbox 2140 3886 3734 3970">
    <p class='ocr_par' dir='ltr' id='par_1_84' title="bbox 2140 3886 3734 3970">
     <span class='ocr_line' id='line_1_86' title="bbox 2140 3886 3734 3970; baseline -0.008 -14"><span class='ocrx_word' id='word_1_828' title='bbox 2140 3903 2274 3970; x_wconf 70' lang='lat' dir='ltr'><strong>Qum</strong></span> <span class='ocrx_word' id='word_1_829' title='bbox 2301 3903 2346 3956; x_wconf 90' lang='lat' dir='ltr'><strong>si</strong></span> <span class='ocrx_word' id='word_1_830' title='bbox 2373 3902 2587 3956; x_wconf 88' lang='lat' dir='ltr'><strong>aliunde</strong></span> <span class='ocrx_word' id='word_1_831' title='bbox 2613 3909 2718 3967; x_wconf 88' lang='lat' dir='ltr'><strong>est,</strong></span> <span class='ocrx_word' id='word_1_832' title='bbox 2762 3893 3011 3953; x_wconf 80' lang='lat' dir='ltr'><strong>nativitas</strong></span> <span class='ocrx_word' id='word_1_833' title='bbox 3038 3906 3142 3946; x_wconf 89' lang='lat' dir='ltr'><strong>non</strong></span> <span class='ocrx_word' id='word_1_834' title='bbox 3173 3898 3289 3953; x_wconf 88' lang='lat' dir='ltr'><strong>est;</strong></span> <span class='ocrx_word' id='word_1_835' title='bbox 3339 3887 3383 3941; x_wconf 87' lang='lat' dir='ltr'><strong>si</strong></span> <span class='ocrx_word' id='word_1_836' title='bbox 3415 3901 3541 3942; x_wconf 86' lang='lat' dir='ltr'><strong>vero</strong></span> <span class='ocrx_word' id='word_1_837' title='bbox 3587 3886 3734 3944; x_wconf 84' lang='lat' dir='ltr'><strong>aliud</strong></span> 
     </span>
    </p>
   </div>
   <div class='ocr_carea' id='block_1_85' title="bbox 2137 3980 3734 4060">
    <p class='ocr_par' dir='ltr' id='par_1_85' title="bbox 2137 3980 3734 4060">
     <span class='ocr_line' id='line_1_87' title="bbox 2137 3980 3734 4060; baseline -0.009 -10"><span class='ocrx_word' id='word_1_838' title='bbox 2137 4002 2242 4060; x_wconf 90' lang='lat' dir='ltr'><strong>est,</strong></span> <span class='ocrx_word' id='word_1_839' title='bbox 2275 4008 2382 4047; x_wconf 90' lang='lat' dir='ltr'><strong>non</strong></span> <span class='ocrx_word' id='word_1_840' title='bbox 2413 3995 2551 4048; x_wconf 88' lang='lat' dir='ltr'><strong>Deus</strong></span> <span class='ocrx_word' id='word_1_841' title='bbox 2573 3999 2676 4048; x_wconf 88' lang='lat' dir='ltr'><strong>est.</strong></span> <span class='ocrx_word' id='word_1_842' title='bbox 2708 3990 2840 4045; x_wconf 88' lang='lat' dir='ltr'><strong>Cum</strong></span> <span class='ocrx_word' id='word_1_843' title='bbox 2872 3993 3054 4042; x_wconf 88' lang='lat' dir='ltr'><strong>autem</strong></span> <span class='ocrx_word' id='word_1_844' title='bbox 3080 3999 3145 4038; x_wconf 80' lang='lat' dir='ltr'><strong>ex</strong></span> <span class='ocrx_word' id='word_1_845' title='bbox 3175 3982 3289 4037; x_wconf 84' lang='lat' dir='ltr'><strong>Deo</strong></span> <span class='ocrx_word' id='word_1_846' title='bbox 3313 3980 3454 4036; x_wconf 90' lang='lat' dir='ltr'><strong>Deus</strong></span> <span class='ocrx_word' id='word_1_847' title='bbox 3487 3989 3600 4047; x_wconf 85' lang='lat' dir='ltr'><strong>est;</strong></span> <span class='ocrx_word' id='word_1_848' title='bbox 3633 3995 3734 4052; x_wconf 81' lang='lat' dir='ltr'><strong>per</strong></span> 
     </span>
    </p>
   </div>
   <div class='ocr_carea' id='block_1_86' title="bbox 2135 4074 3732 4157">
    <p class='ocr_par' dir='ltr' id='par_1_86' title="bbox 2135 4074 3732 4157">
     <span class='ocr_line' id='line_1_88' title="bbox 2135 4074 3732 4157; baseline -0.005 -17"><span class='ocrx_word' id='word_1_849' title='bbox 2135 4085 2190 4141; x_wconf 90' lang='lat' dir='ltr'><strong>id</strong></span> <span class='ocrx_word' id='word_1_850' title='bbox 2228 4099 2442 4156; x_wconf 89' lang='lat' dir='ltr'><strong>quoque</strong></span> <span class='ocrx_word' id='word_1_851' title='bbox 2473 4086 2618 4140; x_wconf 86' lang='lat' dir='ltr'><strong>Deus</strong></span> <span class='ocrx_word' id='word_1_852' title='bbox 2662 4093 2814 4157; x_wconf 88' lang='lat' dir='ltr'><strong>pater</strong></span> <span class='ocrx_word' id='word_1_853' title='bbox 2837 4082 2948 4137; x_wconf 85' lang='lat' dir='ltr'><strong>Deo</strong></span> <span class='ocrx_word' id='word_1_854' title='bbox 2971 4081 3080 4136; x_wconf 88' lang='lat' dir='ltr'><strong>lilio</strong></span> <span class='ocrx_word' id='word_1_855' title='bbox 3105 4087 3160 4136; x_wconf 85' lang='lat' dir='ltr'><strong>et</strong></span> <span class='ocrx_word' id='word_1_856' title='bbox 3195 4074 3257 4152; x_wconf 89' lang='lat' dir='ltr'><strong>(l)</strong></span> <span class='ocrx_word' id='word_1_857' title='bbox 3289 4074 3586 4132; x_wconf 83' lang='lat' dir='ltr'><strong>nativitatis</strong></span> <span class='ocrx_word' id='word_1_858' title='bbox 3613 4075 3732 4146; x_wconf 72' lang='lat' dir='ltr'><strong>ejus</strong></span> 
     </span>
    </p>
   </div>
   <div class='ocr_carea' id='block_1_87' title="bbox 2135 4198 3016 4268">
    <p class='ocr_par' dir='ltr' id='par_1_87' title="bbox 2135 4198 3016 4268">
     <span class='ocr_line' id='line_1_89' title="bbox 2135 4198 3016 4268; baseline 0 -15"><span class='ocrx_word' id='word_1_859' title='bbox 2135 4200 2387 4268; x_wconf 85' lang='lat' dir='ltr'><strong>claritate,</strong></span> <span class='ocrx_word' id='word_1_860' title='bbox 2418 4201 2632 4256; x_wconf 91' lang='lat' dir='ltr'><strong>omissis</strong></span> <span class='ocrx_word' id='word_1_861' title='bbox 2665 4198 3016 4256; x_wconf 90' lang='lat' dir='ltr'><strong>intermediis.</strong></span> 
     </span>
    </p>
   </div>
   <div class='ocr_carea' id='block_1_88' title="bbox 2209 4270 2864 4343">
    <p class='ocr_par' dir='ltr' id='par_1_88' title="bbox 2209 4270 2864 4343">
     <span class='ocr_line' id='line_1_90' title="bbox 2209 4270 2864 4343; baseline 0 -17"><span class='ocrx_word' id='word_1_862' title='bbox 2209 4273 2294 4343; x_wconf 80' lang='lat'><strong>(5)</strong></span> <span class='ocrx_word' id='word_1_863' title='bbox 2323 4270 2524 4326; x_wconf 86' lang='lat' dir='ltr'><strong>Crealio</strong></span> <span class='ocrx_word' id='word_1_864' title='bbox 2553 4273 2622 4326; x_wconf 84' lang='lat' dir='ltr'><strong>ad</strong></span> <span class='ocrx_word' id='word_1_865' title='bbox 2649 4284 2864 4326; x_wconf 71' lang='lat' dir='ltr'><strong>natura’.</strong></span> 
     </span>
    </p>
   </div>
   <div class='ocr_carea' id='block_1_89' title="bbox 2134 4357 3726 4434">
    <p class='ocr_par' dir='ltr' id='par_1_89' title="bbox 2134 4357 3726 4434">
     <span class='ocr_line' id='line_1_91' title="bbox 2134 4357 3726 4434; baseline 0 -20"><span class='ocrx_word' id='word_1_866' title='bbox 2134 4362 2204 4416; x_wconf 91' lang='lat' dir='ltr'><strong>ab</strong></span> <span class='ocrx_word' id='word_1_867' title='bbox 2223 4362 2592 4434; x_wconf 20' lang='lat' dir='ltr'><strong>Speiﬂtieliblls</strong></span> <span class='ocrx_word' id='word_1_868' title='bbox 2618 4363 2876 4433; x_wconf 83' lang='lat' dir='ltr'><strong>promissa</strong></span> <span class='ocrx_word' id='word_1_869' title='bbox 2909 4363 3104 4418; x_wconf 88' lang='lat' dir='ltr'><strong>cadere</strong></span> <span class='ocrx_word' id='word_1_870' title='bbox 3129 4403 3143 4428; x_wconf 94' lang='lat'><strong>,</strong></span> <span class='ocrx_word' id='word_1_871' title='bbox 3181 4357 3274 4430; x_wconf 87' lang='lat' dir='ltr'><strong>qui</strong></span> <span class='ocrx_word' id='word_1_872' title='bbox 3301 4357 3459 4434; x_wconf 73' lang='lat' dir='ltr'><strong>aliter</strong></span> <span class='ocrx_word' id='word_1_873' title='bbox 3482 4357 3726 4434; x_wconf 75' lang='lat' dir='ltr'><strong>credant.</strong></span> 
     </span>
    </p>
   </div>
   <div class='ocr_carea' id='block_1_90' title="bbox 2207 4429 3728 4503">
    <p class='ocr_par' dir='ltr' id='par_1_90' title="bbox 2207 4429 3728 4503">
     <span class='ocr_line' id='line_1_92' title="bbox 2207 4429 3728 4503; baseline -0.001 -17"><span class='ocrx_word' id='word_1_874' title='bbox 2207 4429 2283 4503; x_wconf 73' lang='grc' dir='ltr'><strong>(ε’)</strong></span> <span class='ocrx_word' id='word_1_875' title='bbox 2311 4433 2469 4489; x_wconf 90' lang='lat' dir='ltr'><strong>Solus</strong></span> <span class='ocrx_word' id='word_1_876' title='bbox 2485 4429 2656 4489; x_wconf 75' lang='lat' dir='ltr'><strong>codex</strong></span> <span class='ocrx_word' id='word_1_877' title='bbox 2681 4435 2798 4489; x_wconf 84' lang='lat' dir='ltr'><strong>Vat.</strong></span> <span class='ocrx_word' id='word_1_878' title='bbox 2827 4435 2941 4490; x_wconf 88' lang='lat' dir='ltr'><strong>bas.</strong></span> <span class='ocrx_word' id='word_1_879' title='bbox 2963 4434 3152 4487; x_wconf 81' lang='lat' dir='ltr'><strong>creatio</strong></span> <span class='ocrx_word' id='word_1_880' title='bbox 3168 4429 3385 4503; x_wconf 71' lang='lat' dir='ltr'><strong>naturae.</strong></span> <span class='ocrx_word' id='word_1_881' title='bbox 3409 4429 3466 4484; x_wconf 85' lang='lat' dir='ltr'><strong>In</strong></span> <span class='ocrx_word' id='word_1_882' title='bbox 3484 4429 3728 4501; x_wconf 82' lang='lat' dir='ltr'><strong>reliquis,</strong></span> 
     </span>
    </p>
   </div>
   <div class='ocr_carea' id='block_1_91' title="bbox 2132 4501 3727 4570">
    <p class='ocr_par' dir='ltr' id='par_1_91' title="bbox 2132 4501 3727 4570">
     <span class='ocr_line' id='line_1_93' title="bbox 2132 4501 3727 4570; baseline -0.001 -13"><span class='ocrx_word' id='word_1_883' title='bbox 2132 4501 2322 4562; x_wconf 70' lang='lat' dir='ltr'><strong>erectio</strong></span> <span class='ocrx_word' id='word_1_884' title='bbox 2363 4505 2431 4558; x_wconf 82' lang='lat' dir='ltr'><strong>ad</strong></span> <span class='ocrx_word' id='word_1_885' title='bbox 2460 4515 2696 4560; x_wconf 87' lang='lat' dir='ltr'><strong>naturam</strong></span> <span class='ocrx_word' id='word_1_886' title='bbox 2727 4506 2812 4562; x_wconf 90' lang='lat' dir='ltr'><strong>vel</strong></span> <span class='ocrx_word' id='word_1_887' title='bbox 2850 4522 2912 4560; x_wconf 80' lang='lat' dir='ltr'><strong>ea:</strong></span> <span class='ocrx_word' id='word_1_888' title='bbox 2937 4515 3143 4558; x_wconf 86' lang='lat' dir='ltr'><strong>natura.</strong></span> <span class='ocrx_word' id='word_1_889' title='bbox 3177 4501 3234 4556; x_wconf 84' lang='lat' dir='ltr'><strong>In</strong></span> <span class='ocrx_word' id='word_1_890' title='bbox 3273 4501 3498 4570; x_wconf 85' lang='lat' dir='ltr'><strong>vulgatis</strong></span> <span class='ocrx_word' id='word_1_891' title='bbox 3524 4513 3727 4568; x_wconf 88' lang='lat' dir='ltr'><strong>autem,</strong></span> 
     </span>
    </p>
   </div>
   <div class='ocr_carea' id='block_1_92' title="bbox 2133 4577 2628 4630">
    <p class='ocr_par' dir='ltr' id='par_1_92' title="bbox 2133 4577 2628 4630">
     <span class='ocr_line' id='line_1_94' title="bbox 2133 4577 2628 4630; baseline 0.006 -3"><span class='ocrx_word' id='word_1_892' title='bbox 2133 4577 2320 4629; x_wconf 87' lang='lat' dir='ltr'><strong>creatio</strong></span> <span class='ocrx_word' id='word_1_893' title='bbox 2350 4587 2398 4630; x_wconf 88' lang='lat' dir='ltr'><strong>et</strong></span> <span class='ocrx_word' id='word_1_894' title='bbox 2426 4585 2628 4630; x_wconf 86' lang='lat' dir='ltr'><strong>natura.</strong></span> 
     </span>
    </p>
   </div>
   <div class='ocr_carea' id='block_1_93' title="bbox 2205 4640 3726 4722">
    <p class='ocr_par' dir='ltr' id='par_1_93' title="bbox 2205 4640 3726 4722">
     <span class='ocr_line' id='line_1_95' title="bbox 2205 4640 3726 4722; baseline -0.003 -21"><span class='ocrx_word' id='word_1_895' title='bbox 2205 4646 2281 4722; x_wconf 74' lang='lat' dir='ltr'><strong>(j)</strong></span> <span class='ocrx_word' id='word_1_896' title='bbox 2314 4647 2370 4701; x_wconf 91' lang='lat' dir='ltr'><strong>In</strong></span> <span class='ocrx_word' id='word_1_897' title='bbox 2397 4663 2505 4722; x_wconf 73' lang='lat' dir='ltr'><strong>tus.</strong></span> <span class='ocrx_word' id='word_1_898' title='bbox 2539 4647 2752 4722; x_wconf 86' lang='lat' dir='ltr'><strong>Martin.</strong></span> <span class='ocrx_word' id='word_1_899' title='bbox 2783 4663 2984 4722; x_wconf 74' lang='lat' dir='ltr'><strong>causa:</strong></span> <span class='ocrx_word' id='word_1_900' title='bbox 3013 4643 3291 4702; x_wconf 85' lang='lat' dir='ltr'><strong>mendose.</strong></span> <span class='ocrx_word' id='word_1_901' title='bbox 3341 4640 3398 4696; x_wconf 90' lang='lat' dir='ltr'><strong>Id</strong></span> <span class='ocrx_word' id='word_1_902' title='bbox 3441 4641 3584 4696; x_wconf 88' lang='lat' dir='ltr'><strong>enim</strong></span> <span class='ocrx_word' id='word_1_903' title='bbox 3624 4643 3726 4722; x_wconf 82' lang='lat' dir='ltr'><strong>sibi</strong></span> 
     </span>
    </p>
   </div>
   <div class='ocr_carea' id='block_1_94' title="bbox 2136 4715 3728 4785">
    <p class='ocr_par' dir='ltr' id='par_1_94' title="bbox 2136 4715 3728 4785">
     <span class='ocr_line' id='line_1_96' title="bbox 2136 4715 3728 4785; baseline -0.001 -17"><span class='ocrx_word' id='word_1_904' title='bbox 2136 4715 2271 4784; x_wconf 77' lang='lat' dir='ltr'><strong>vuli,</strong></span> <span class='ocrx_word' id='word_1_905' title='bbox 2301 4718 2518 4773; x_wconf 85' lang='lat' dir='ltr'><strong>verbum</strong></span> <span class='ocrx_word' id='word_1_906' title='bbox 2548 4721 2691 4774; x_wconf 84' lang='lat' dir='ltr'><strong>nasci</strong></span> <span class='ocrx_word' id='word_1_907' title='bbox 2719 4719 3000 4774; x_wconf 80' lang='lat' dir='ltr'><strong>relatintm</strong></span> <span class='ocrx_word' id='word_1_908' title='bbox 3041 4733 3181 4781; x_wconf 82' lang='lat' dir='ltr'><strong>esse,</strong></span> <span class='ocrx_word' id='word_1_909' title='bbox 3215 4729 3387 4785; x_wconf 90' lang='lat' dir='ltr'><strong>coque</strong></span> <span class='ocrx_word' id='word_1_910' title='bbox 3418 4723 3620 4782; x_wconf 84' lang='lat' dir='ltr'><strong>patrem</strong></span> <span class='ocrx_word' id='word_1_911' title='bbox 3651 4715 3728 4767; x_wconf 89' lang='lat' dir='ltr'><strong>si-</strong></span> 
     </span>
    </p>
   </div>
   <div class='ocr_carea' id='block_1_95' title="bbox 2059 4774 3729 4861">
    <p class='ocr_par' dir='ltr' id='par_1_95' title="bbox 2059 4774 3729 4861">
     <span class='ocr_line' id='line_1_97' title="bbox 2059 4774 3729 4861; baseline -0.002 -19"><span class='ocrx_word' id='word_1_912' title='bbox 2059 4774 2114 4836; x_wconf 84' lang='lat' dir='ltr'><strong>D</strong></span> <span class='ocrx_word' id='word_1_913' title='bbox 2140 4774 2395 4861; x_wconf 52' lang='lat' dir='ltr'><strong>mul&#39;cum</strong></span> <span class='ocrx_word' id='word_1_914' title='bbox 2427 4800 2553 4845; x_wconf 89' lang='lat' dir='ltr'><strong>nato</strong></span> <span class='ocrx_word' id='word_1_915' title='bbox 2591 4790 2902 4861; x_wconf 78' lang='lat' dir='ltr'><strong>sigttiﬂcat-i.</strong></span> <span class='ocrx_word' id='word_1_916' title='bbox 2939 4774 3520 4861; x_wconf 39' lang='lat' dir='ltr'><strong>Vocabul&#39;um._}1uidem</strong></span> <span class='ocrx_word' id='word_1_917' title='bbox 3562 4799 3729 4839; x_wconf 75' lang='lat' dir='ltr'><strong>causae</strong></span> 
     </span>
    </p>
   </div>
   <div class='ocr_carea' id='block_1_96' title="bbox 2143 4851 3729 4933">
    <p class='ocr_par' dir='ltr' id='par_1_96' title="bbox 2143 4851 3729 4933">
     <span class='ocr_line' id='line_1_98' title="bbox 2143 4851 3729 4933; baseline -0.002 -19"><span class='ocrx_word' id='word_1_918' title='bbox 2143 4860 2208 4914; x_wconf 89' lang='lat' dir='ltr'><strong>ad</strong></span> <span class='ocrx_word' id='word_1_919' title='bbox 2250 4871 2502 4933; x_wconf 73' lang='lat' dir='ltr'><strong>teternam</strong></span> <span class='ocrx_word' id='word_1_920' title='bbox 2547 4851 2669 4916; x_wconf 71' lang='lat' dir='ltr'><strong>Filii</strong></span> <span class='ocrx_word' id='word_1_921' title='bbox 2717 4861 3119 4933; x_wconf 80' lang='lat' dir='ltr'><strong>generationem</strong></span> <span class='ocrx_word' id='word_1_922' title='bbox 3171 4851 3537 4933; x_wconf 79' lang='lat' dir='ltr'><strong>explicandam</strong></span> <span class='ocrx_word' id='word_1_923' title='bbox 3575 4871 3729 4933; x_wconf 74' lang='lat' dir='ltr'><strong>nunc</strong></span> 
     </span>
    </p>
   </div>
   <div class='ocr_carea' id='block_1_97' title="bbox 2139 4929 3725 5004">
    <p class='ocr_par' dir='ltr' id='par_1_97' title="bbox 2139 4929 3725 5004">
     <span class='ocr_line' id='line_1_99' title="bbox 2139 4929 3725 5004; baseline -0.003 -20"><span class='ocrx_word' id='word_1_924' title='bbox 2139 4935 2347 5000; x_wconf 61' lang='lat' dir='ltr'><strong>resiluit</strong></span> <span class='ocrx_word' id='word_1_925' title='bbox 2376 4932 2690 5004; x_wconf 77' lang='lat' dir='ltr'><strong>Theologia,</strong></span> <span class='ocrx_word' id='word_1_926' title='bbox 2721 4929 2946 5002; x_wconf 74' lang='lat' dir='ltr'><strong>ejusque</strong></span> <span class='ocrx_word' id='word_1_927' title='bbox 2978 4933 3098 4987; x_wconf 78' lang='lat' dir='ltr'><strong>loco</strong></span> <span class='ocrx_word' id='word_1_928' title='bbox 3129 4929 3333 5004; x_wconf 80' lang='lat' dir='ltr'><strong>mavult</strong></span> <span class='ocrx_word' id='word_1_929' title='bbox 3365 4929 3673 4998; x_wconf 81' lang='lat' dir='ltr'><strong>principium</strong></span> <span class='ocrx_word' id='word_1_930' title='bbox 3692 4943 3725 5004; x_wconf 87' lang='lat'><strong>_:</strong></span> 
     </span>
    </p>
   </div>
   <div class='ocr_carea' id='block_1_98' title="bbox 2137 4999 3730 5075">
    <p class='ocr_par' dir='ltr' id='par_1_98' title="bbox 2137 4999 3730 5075">
     <span class='ocr_line' id='line_1_100' title="bbox 2137 4999 3730 5075; baseline -0.001 -20"><span class='ocrx_word' id='word_1_931' title='bbox 2137 4999 2242 5056; x_wconf 82' lang='lat' dir='ltr'><strong>sed</strong></span> <span class='ocrx_word' id='word_1_932' title='bbox 2274 5005 2422 5075; x_wconf 4' lang='lat' dir='ltr'><strong>illud,</strong></span> <span class='ocrx_word' id='word_1_933' title='bbox 2446 4999 2614 5075; x_wconf 72' lang='lat' dir='ltr'><strong>probe</strong></span> <span class='ocrx_word' id='word_1_934' title='bbox 2657 4999 2922 5060; x_wconf 73' lang='lat' dir='ltr'><strong>intellexit</strong></span> <span class='ocrx_word' id='word_1_935' title='bbox 2953 5004 3186 5058; x_wconf 81' lang='lat' dir='ltr'><strong>Hilarius</strong></span> <span class='ocrx_word' id='word_1_936' title='bbox 3207 5045 3219 5066; x_wconf 90' lang='lat'><strong>,</strong></span> <span class='ocrx_word' id='word_1_937' title='bbox 3251 4999 3386 5055; x_wconf 88' lang='lat' dir='ltr'><strong>sicut</strong></span> <span class='ocrx_word' id='word_1_938' title='bbox 3415 4999 3730 5075; x_wconf 77' lang='lat' dir='ltr'><strong>et_au_cto_rt&#39;s</strong></span> 
     </span>
    </p>
   </div>
   <div class='ocr_carea' id='block_1_99' title="bbox 2135 5070 3726 5146">
    <p class='ocr_par' dir='ltr' id='par_1_99' title="bbox 2135 5070 3726 5146">
     <span class='ocr_line' id='line_1_101' title="bbox 2135 5070 3726 5146; baseline -0.001 -20"><span class='ocrx_word' id='word_1_939' title='bbox 2135 5088 2363 5146; x_wconf 74' lang='lat' dir='ltr'><strong>nomen,</strong></span> <span class='ocrx_word' id='word_1_940' title='bbox 2397 5070 2464 5128; x_wconf 76' lang='lat' dir='ltr'><strong>de</strong></span> <span class='ocrx_word' id='word_1_941' title='bbox 2503 5089 2608 5139; x_wconf 79' lang='lat' dir='ltr'><strong>uno</strong></span> <span class='ocrx_word' id='word_1_942' title='bbox 2638 5077 2963 5146; x_wconf 83' lang='lat' dir='ltr'><strong>Augustinus</strong></span> <span class='ocrx_word' id='word_1_943' title='bbox 2995 5075 3086 5130; x_wconf 88' lang='lat' dir='ltr'><strong>lib.</strong></span> <span class='ocrx_word' id='word_1_944' title='bbox 3138 5091 3172 5129; x_wconf 88' lang='grc' dir='ltr'><strong>ιι</strong></span> <span class='ocrx_word' id='word_1_945' title='bbox 3218 5080 3403 5146; x_wconf 72' lang='lat' dir='ltr'><strong>contra</strong></span> <span class='ocrx_word' id='word_1_946' title='bbox 3453 5070 3726 5146; x_wconf 66' lang='lat' dir='ltr'><strong>Maximin.</strong></span> 
     </span>
    </p>
   </div>
   <div class='ocr_carea' id='block_1_100' title="bbox 2131 5142 3730 5218">
    <p class='ocr_par' dir='ltr' id='par_1_100' title="bbox 2131 5142 3730 5218">
     <span class='ocr_line' id='line_1_102' title="bbox 2131 5142 3730 5218; baseline -0.001 -21"><span class='ocrx_word' id='word_1_947' title='bbox 2131 5157 2180 5197; x_wconf 90' lang='lat' dir='ltr'><strong>c.</strong></span> <span class='ocrx_word' id='word_1_948' title='bbox 2216 5145 2302 5206; x_wconf 78' lang='lat' dir='ltr'><strong>M,</strong></span> <span class='ocrx_word' id='word_1_949' title='bbox 2335 5163 2387 5198; x_wconf 93' lang='lat' dir='ltr'><strong>n.</strong></span> <span class='ocrx_word' id='word_1_950' title='bbox 2416 5146 2448 5200; x_wconf 87' lang='grc'>6</span> <span class='ocrx_word' id='word_1_951' title='bbox 2478 5165 2491 5200; x_wconf 91' lang='lat'><strong>:</strong></span> <span class='ocrx_word' id='word_1_952' title='bbox 2527 5148 2586 5201; x_wconf 85' lang='lat' dir='ltr'><strong>Si</strong></span> <span class='ocrx_word' id='word_1_953' title='bbox 2616 5142 2881 5218; x_wconf 65' lang='lat' dir='ltr'><strong>propterea</strong></span> <span class='ocrx_word' id='word_1_954' title='bbox 2913 5146 3079 5199; x_wconf 85' lang='lat' dir='ltr'><strong>Deum</strong></span> <span class='ocrx_word' id='word_1_955' title='bbox 3111 5155 3301 5218; x_wconf 77' lang='lat' dir='ltr'><strong>patrem</strong></span> <span class='ocrx_word' id='word_1_956' title='bbox 3334 5142 3439 5194; x_wconf 80' lang='lat' dir='ltr'><strong>Deo</strong></span> <span class='ocrx_word' id='word_1_957' title='bbox 3469 5142 3575 5218; x_wconf 69' lang='lat' dir='ltr'><strong>[ilio</strong></span> <span class='ocrx_word' id='word_1_958' title='bbox 3603 5142 3730 5218; x_wconf 70' lang='lat' dir='ltr'><strong>dicit</strong></span> 
     </span>
    </p>
   </div>
   <div class='ocr_carea' id='block_1_101' title="bbox 2129 5213 3730 5290">
    <p class='ocr_par' dir='ltr' id='par_1_101' title="bbox 2129 5213 3730 5290">
     <span class='ocr_line' id='line_1_103' title="bbox 2129 5213 3730 5290; baseline -0.001 -22"><span class='ocrx_word' id='word_1_959' title='bbox 2129 5226 2391 5290; x_wconf 70' lang='lat' dir='ltr'><strong>auctorem</strong></span> <span class='ocrx_word' id='word_1_960' title='bbox 2409 5258 2426 5290; x_wconf 14' lang='grc' dir='ltr'><strong>,γ</strong></span> <span class='ocrx_word' id='word_1_961' title='bbox 2443 5219 2573 5290; x_wconf 81' lang='lat' dir='ltr'><strong>quia</strong></span> <span class='ocrx_word' id='word_1_962' title='bbox 2597 5213 2684 5290; x_wconf 71' lang='lat' dir='ltr'><strong>ille</strong></span> <span class='ocrx_word' id='word_1_963' title='bbox 2704 5219 2896 5290; x_wconf 85' lang='lat' dir='ltr'><strong>genuit,</strong></span> <span class='ocrx_word' id='word_1_964' title='bbox 2926 5213 3124 5288; x_wconf 84' lang='lat' dir='ltr'><strong>genitus</strong></span> <span class='ocrx_word' id='word_1_965' title='bbox 3153 5226 3223 5270; x_wconf 86' lang='lat' dir='ltr'><strong>est</strong></span> <span class='ocrx_word' id='word_1_966' title='bbox 3245 5215 3384 5290; x_wconf 51' lang='lat' dir='ltr'><strong>iste;</strong></span> <span class='ocrx_word' id='word_1_967' title='bbox 3395 5213 3521 5290; x_wconf 70' lang='lat' dir='ltr'><strong>quia</strong></span> <span class='ocrx_word' id='word_1_968' title='bbox 3553 5213 3646 5268; x_wconf 83' lang='lat' dir='ltr'><strong>iste</strong></span> <span class='ocrx_word' id='word_1_969' title='bbox 3665 5213 3730 5266; x_wconf 83' lang='lat' dir='ltr'><strong>de</strong></span> 
     </span>
    </p>
   </div>
   <div class='ocr_carea' id='block_1_102' title="bbox 2127 5283 3726 5360">
    <p class='ocr_par' dir='ltr' id='par_1_102' title="bbox 2127 5283 3726 5360">
     <span class='ocr_line' id='line_1_104' title="bbox 2127 5283 3726 5360; baseline -0.001 -23"><span class='ocrx_word' id='word_1_970' title='bbox 2127 5286 2238 5348; x_wconf 86' lang='lat' dir='ltr'><strong>illo,</strong></span> <span class='ocrx_word' id='word_1_971' title='bbox 2279 5304 2378 5340; x_wconf 87' lang='lat' dir='ltr'><strong>non</strong></span> <span class='ocrx_word' id='word_1_972' title='bbox 2413 5283 2497 5340; x_wconf 85' lang='lat' dir='ltr'><strong>ille</strong></span> <span class='ocrx_word' id='word_1_973' title='bbox 2525 5289 2590 5360; x_wconf 76' lang='lat' dir='ltr'><strong>de</strong></span> <span class='ocrx_word' id='word_1_974' title='bbox 2615 5283 2725 5342; x_wconf 62' lang='lat' dir='ltr'><strong>isto&#39;</strong></span> <span class='ocrx_word' id='word_1_975' title='bbox 2745 5305 2763 5342; x_wconf 89' lang='lat'><em>:</em></span> <span class='ocrx_word' id='word_1_976' title='bbox 2790 5283 2953 5360; x_wconf 71' lang='lat' dir='ltr'><strong>fateor</strong></span> <span class='ocrx_word' id='word_1_977' title='bbox 2991 5295 3035 5340; x_wconf 88' lang='lat' dir='ltr'><strong>et</strong></span> <span class='ocrx_word' id='word_1_978' title='bbox 3065 5286 3304 5360; x_wconf 59' lang='lat' dir='ltr'><strong>concedo.</strong></span> <span class='ocrx_word' id='word_1_979' title='bbox 3343 5283 3404 5339; x_wconf 88' lang='lat' dir='ltr'><strong>Si</strong></span> <span class='ocrx_word' id='word_1_980' title='bbox 3445 5293 3610 5360; x_wconf 77' lang='lat' dir='ltr'><strong>autem</strong></span> <span class='ocrx_word' id='word_1_981' title='bbox 3636 5299 3726 5360; x_wconf 80' lang='lat' dir='ltr'><strong>per</strong></span> 
     </span>
    </p>
   </div>
   <div class='ocr_carea' id='block_1_103' title="bbox 2122 5353 3730 5429">
    <p class='ocr_par' dir='ltr' id='par_1_103' title="bbox 2122 5353 3730 5429">
     <span class='ocr_line' id='line_1_105' title="bbox 2122 5353 3730 5429; baseline 0.001 -20"><span class='ocrx_word' id='word_1_982' title='bbox 2122 5369 2304 5429; x_wconf 72' lang='lat' dir='ltr'><strong>nautea</strong></span> <span class='ocrx_word' id='word_1_983' title='bbox 2335 5359 2558 5411; x_wconf 85' lang='lat' dir='ltr'><strong>auctoris</strong></span> <span class='ocrx_word' id='word_1_984' title='bbox 2590 5353 2836 5413; x_wconf 75' lang='lat' dir='ltr'><strong>trtinoreiu</strong></span> <span class='ocrx_word' id='word_1_985' title='bbox 2859 5359 2931 5413; x_wconf 80' lang='lat' dir='ltr'><strong>ris</strong></span> <span class='ocrx_word' id='word_1_986' title='bbox 2956 5361 3126 5429; x_wconf 83' lang='lat' dir='ltr'><strong>facere</strong></span> <span class='ocrx_word' id='word_1_987' title='bbox 3156 5353 3372 5423; x_wconf 84' lang='lat' dir='ltr'><strong>Filium,</strong></span> <span class='ocrx_word' id='word_1_988' title='bbox 3405 5367 3534 5421; x_wconf 86' lang='lat' dir='ltr'><strong>etc.,</strong></span> <span class='ocrx_word' id='word_1_989' title='bbox 3566 5353 3730 5410; x_wconf 83' lang='lat' dir='ltr'><strong>deles-</strong></span> 
     </span>
    </p>
   </div>
   <div class='ocr_carea' id='block_1_104' title="bbox 2123 5428 2626 5495">
    <p class='ocr_par' dir='ltr' id='par_1_104' title="bbox 2123 5428 2626 5495">
     <span class='ocr_line' id='line_1_106' title="bbox 2123 5428 2626 5495; baseline -0.002 -16"><span class='ocrx_word' id='word_1_990' title='bbox 2123 5428 2271 5482; x_wconf 86' lang='lat' dir='ltr'><strong>tabor</strong></span> <span class='ocrx_word' id='word_1_991' title='bbox 2300 5440 2346 5482; x_wconf 85' lang='lat' dir='ltr'><strong>et</strong></span> <span class='ocrx_word' id='word_1_992' title='bbox 2372 5445 2626 5495; x_wconf 84' lang='lat' dir='ltr'><strong>respuant.</strong></span> 
     </span>
    </p>
   </div>
   <div class='ocr_carea' id='block_1_105' title="bbox 2201 5493 3727 5570">
    <p class='ocr_par' dir='ltr' id='par_1_105' title="bbox 2201 5493 3727 5570">
     <span class='ocr_line' id='line_1_107' title="bbox 2201 5493 3727 5570; baseline -0.001 -18"><span class='ocrx_word' id='word_1_993' title='bbox 2201 5497 2274 5570; x_wconf 77' lang='lat' dir='ltr'><strong>(lt)</strong></span> <span class='ocrx_word' id='word_1_994' title='bbox 2303 5496 2435 5554; x_wconf 83' lang='lat' dir='ltr'><strong>Hinc</strong></span> <span class='ocrx_word' id='word_1_995' title='bbox 2459 5493 2656 5570; x_wconf 29' lang='lat' dir='ltr'><strong>&quot;nititur</strong></span> <span class='ocrx_word' id='word_1_996' title='bbox 2693 5499 2834 5570; x_wconf 90' lang='lat' dir='ltr'><strong>quod</strong></span> <span class='ocrx_word' id='word_1_997' title='bbox 2863 5499 2913 5553; x_wconf 90' lang='lat' dir='ltr'><strong>in</strong></span> <span class='ocrx_word' id='word_1_998' title='bbox 2947 5498 3042 5554; x_wconf 89' lang='lat' dir='ltr'><strong>lib.</strong></span> <span class='ocrx_word' id='word_1_999' title='bbox 3071 5513 3126 5564; x_wconf 66' lang='grc' dir='ltr'><strong>χ,</strong></span> <span class='ocrx_word' id='word_1_1000' title='bbox 3159 5515 3214 5552; x_wconf 85' lang='grc' dir='ltr'><strong>ιι.</strong></span> <span class='ocrx_word' id='word_1_1001' title='bbox 3242 5493 3342 5570; x_wconf 65' lang='grc' dir='ltr'><strong>Ξῖ),</strong></span> <span class='ocrx_word' id='word_1_1002' title='bbox 3384 5496 3532 5570; x_wconf 79' lang='lat' dir='ltr'><strong>juxta</strong></span> <span class='ocrx_word' id='word_1_1003' title='bbox 3565 5497 3727 5551; x_wconf 82' lang='lat' dir='ltr'><strong>Eras-</strong></span> 
     </span>
    </p>
   </div>
   <div class='ocr_carea' id='block_1_106' title="bbox 2137 5567 3728 5639">
    <p class='ocr_par' dir='ltr' id='par_1_106' title="bbox 2137 5567 3728 5639">
     <span class='ocr_line' id='line_1_108' title="bbox 2137 5567 3728 5639; baseline 0.001 -18"><span class='ocrx_word' id='word_1_1004' title='bbox 2137 5567 2284 5639; x_wconf 64' lang='lat' dir='ltr'><strong>mum</strong></span> <span class='ocrx_word' id='word_1_1005' title='bbox 2330 5571 2606 5624; x_wconf 79' lang='lat' dir='ltr'><strong>annotavit</strong></span> <span class='ocrx_word' id='word_1_1006' title='bbox 2634 5567 2768 5624; x_wconf 79' lang='lat' dir='ltr'><strong>Lnd.</strong></span> <span class='ocrx_word' id='word_1_1007' title='bbox 2809 5569 3018 5624; x_wconf 52' lang='lat' dir='ltr'><strong>Miratus</strong></span> <span class='ocrx_word' id='word_1_1008' title='bbox 3037 5612 3051 5634; x_wconf 93' lang='lat'><strong>,</strong></span> <span class='ocrx_word' id='word_1_1009' title='bbox 3079 5569 3410 5639; x_wconf 68' lang='lat' dir='ltr'><strong>disproﬁcere</strong></span> <span class='ocrx_word' id='word_1_1010' title='bbox 3438 5567 3576 5622; x_wconf 86' lang='lat' dir='ltr'><strong>idem</strong></span> <span class='ocrx_word' id='word_1_1011' title='bbox 3606 5581 3728 5622; x_wconf 89' lang='lat' dir='ltr'><strong>esse</strong></span> 
     </span>
    </p>
   </div>
   <div class='ocr_carea' id='block_1_107' title="bbox 2141 5638 3731 5712">
    <p class='ocr_par' dir='ltr' id='par_1_107' title="bbox 2141 5638 3731 5712">
     <span class='ocr_line' id='line_1_109' title="bbox 2141 5638 3731 5712; baseline 0 -20"><span class='ocrx_word' id='word_1_1012' title='bbox 2141 5638 2368 5704; x_wconf 77' lang='lat' dir='ltr'><strong>Hilario,</strong></span> <span class='ocrx_word' id='word_1_1013' title='bbox 2399 5643 2536 5710; x_wconf 82' lang='lat' dir='ltr'><strong>quod</strong></span> <span class='ocrx_word' id='word_1_1014' title='bbox 2567 5642 2888 5712; x_wconf 76' lang='lat' dir='ltr'><strong>drgenerare.</strong></span> <span class='ocrx_word' id='word_1_1015' title='bbox 2920 5641 3026 5697; x_wconf 88' lang='lat' dir='ltr'><strong>Sed</strong></span> <span class='ocrx_word' id='word_1_1016' title='bbox 3061 5643 3104 5695; x_wconf 87' lang='lat' dir='ltr'><strong>si</strong></span> <span class='ocrx_word' id='word_1_1017' title='bbox 3133 5638 3440 5712; x_wconf 76' lang='lat' dir='ltr'><strong>adjunctum</strong></span> <span class='ocrx_word' id='word_1_1018' title='bbox 3469 5640 3520 5692; x_wconf 86' lang='lat' dir='ltr'><strong>in</strong></span> <span class='ocrx_word' id='word_1_1019' title='bbox 3549 5647 3731 5712; x_wconf 67' lang='lat' dir='ltr'><strong>genere</strong></span> 
     </span>
    </p>
   </div>
   <div class='ocr_carea' id='block_1_108' title="bbox 2141 5710 3730 5779">
    <p class='ocr_par' dir='ltr' id='par_1_108' title="bbox 2141 5710 3730 5779">
     <span class='ocr_line' id='line_1_110' title="bbox 2141 5710 3730 5779; baseline 0.001 -17"><span class='ocrx_word' id='word_1_1020' title='bbox 2141 5712 2454 5778; x_wconf 82' lang='lat' dir='ltr'><strong>sustuleris,</strong></span> <span class='ocrx_word' id='word_1_1021' title='bbox 2489 5711 2539 5765; x_wconf 92' lang='lat' dir='ltr'><strong>id</strong></span> <span class='ocrx_word' id='word_1_1022' title='bbox 2573 5710 2702 5766; x_wconf 76' lang='lat' dir='ltr'><strong>sane</strong></span> <span class='ocrx_word' id='word_1_1023' title='bbox 2731 5726 2824 5779; x_wconf 73' lang='lat' dir='ltr'><strong>rer</strong></span> <span class='ocrx_word' id='word_1_1024' title='bbox 2854 5727 2912 5766; x_wconf 89' lang='lat' dir='ltr'><strong>se</strong></span> <span class='ocrx_word' id='word_1_1025' title='bbox 2945 5712 3048 5767; x_wconf 87' lang='lat' dir='ltr'><strong>boc</strong></span> <span class='ocrx_word' id='word_1_1026' title='bbox 3089 5711 3314 5766; x_wconf 79' lang='lat' dir='ltr'><strong>verbum</strong></span> <span class='ocrx_word' id='word_1_1027' title='bbox 3359 5725 3463 5764; x_wconf 83' lang='lat' dir='ltr'><strong>non</strong></span> <span class='ocrx_word' id='word_1_1028' title='bbox 3496 5710 3730 5764; x_wconf 79' lang='lat' dir='ltr'><strong>sonabit.</strong></span> 
     </span>
    </p>
   </div>
   <div class='ocr_carea' id='block_1_109' title="bbox 2215 5780 3738 5854">
    <p class='ocr_par' dir='ltr' id='par_1_109' title="bbox 2215 5780 3738 5854">
     <span class='ocr_line' id='line_1_111' title="bbox 2215 5780 3738 5854; baseline -0.001 -18"><span class='ocrx_word' id='word_1_1029' title='bbox 2215 5783 2279 5854; x_wconf 92' lang='lat' dir='ltr'><strong>(l)</strong></span> <span class='ocrx_word' id='word_1_1030' title='bbox 2315 5782 2588 5854; x_wconf 81' lang='lat' dir='ltr'><strong>Vat._bas.</strong></span> <span class='ocrx_word' id='word_1_1031' title='bbox 2625 5797 2726 5836; x_wconf 91' lang='lat' dir='ltr'><strong>ms.</strong></span> <span class='ocrx_word' id='word_1_1032' title='bbox 2755 5784 3024 5854; x_wconf 74' lang='lat' dir='ltr'><strong>natiuitate</strong></span> <span class='ocrx_word' id='word_1_1033' title='bbox 3049 5780 3193 5854; x_wconf 72' lang='lat' dir='ltr'><strong>Deus</strong></span> <span class='ocrx_word' id='word_1_1034' title='bbox 3218 5790 3359 5854; x_wconf 81' lang='lat' dir='ltr'><strong>estet</strong></span> <span class='ocrx_word' id='word_1_1035' title='bbox 3385 5790 3568 5854; x_wconf 82' lang='lat' dir='ltr'><strong>natura</strong></span> <span class='ocrx_word' id='word_1_1036' title='bbox 3597 5781 3738 5852; x_wconf 78' lang='lat' dir='ltr'><strong>pari—</strong></span> 
     </span>
    </p>
   </div>
   <div class='ocr_carea' id='block_1_110' title="bbox 2142 5851 3738 5925">
    <p class='ocr_par' dir='ltr' id='par_1_110' title="bbox 2142 5851 3738 5925">
     <span class='ocr_line' id='line_1_112' title="bbox 2142 5851 3738 5925; baseline 0.002 -20"><span class='ocrx_word' id='word_1_1037' title='bbox 2142 5851 2236 5921; x_wconf 71' lang='lat' dir='ltr'><strong>ter,</strong></span> <span class='ocrx_word' id='word_1_1038' title='bbox 2263 5854 2383 5925; x_wconf 86' lang='lat' dir='ltr'><strong>quia</strong></span> <span class='ocrx_word' id='word_1_1039' title='bbox 2426 5852 2618 5908; x_wconf 85' lang='lat' dir='ltr'><strong>Christi</strong></span> <span class='ocrx_word' id='word_1_1040' title='bbox 2656 5853 2896 5911; x_wconf 81' lang='lat' dir='ltr'><strong>nativitas</strong></span> <span class='ocrx_word' id='word_1_1041' title='bbox 2933 5875 2996 5915; x_wconf 80' lang='lat' dir='ltr'><strong>ea:</strong></span> <span class='ocrx_word' id='word_1_1042' title='bbox 3037 5852 3148 5910; x_wconf 88' lang='lat' dir='ltr'><strong>Deo</strong></span> <span class='ocrx_word' id='word_1_1043' title='bbox 3184 5863 3304 5909; x_wconf 87' lang='lat' dir='ltr'><strong>est:</strong></span> <span class='ocrx_word' id='word_1_1044' title='bbox 3347 5851 3738 5922; x_wconf 85' lang='lat' dir='ltr'><strong>imprudentem</strong></span> 
     </span>
    </p>
   </div>
  </div>
