  <div class='ocr_page' id='page_1' title='image "/cluster/home/n/w/nwhite01/storage/ocr_20150623/10/hvd.32044096580386/209.png"; bbox 0 0 4322 6248; ppageno 0'>
   <div class='ocr_carea' id='block_1_1' title="bbox 585 295 2292 364">
    <p class='ocr_par' dir='ltr' id='par_1_1' title="bbox 585 295 2292 358">
     <span class='ocr_line' id='line_1_1' title="bbox 585 295 2292 358; baseline -0.001 -2"><span class='ocrx_word' id='word_1_1' title='bbox 585 300 695 358; x_wconf 77' lang='grc'><strong>407</strong></span> <span class='ocrx_word' id='word_1_2' title='bbox 1818 295 2064 356; x_wconf 73' lang='lat' dir='ltr'><strong>SANCTI</strong></span> <span class='ocrx_word' id='word_1_3' title='bbox 2101 297 2292 356; x_wconf 74' lang='lat' dir='ltr'>BILM</span> 
     </span>
    </p>
   </div>
   <div class='ocr_carea' id='block_1_2' title="bbox 2188 295 3895 364">
    <p class='ocr_par' dir='ltr' id='par_1_2' title="bbox 2188 299 3895 364">
     <span class='ocr_line' id='line_1_2' title="bbox 2188 299 3895 364; baseline 0.005 -10"><span class='ocrx_word' id='word_1_4' title='bbox 2188 299 2358 356; x_wconf 67' lang='lat' dir='ltr'>LARII</span> <span class='ocrx_word' id='word_1_5' title='bbox 2401 299 2707 360; x_wconf 75' lang='lat' dir='ltr'><strong>EI’lSCOPI</strong></span> <span class='ocrx_word' id='word_1_6' title='bbox 3788 306 3895 364; x_wconf 75' lang='grc'><strong>408</strong></span> 
     </span>
    </p>
   </div>
   <div class='ocr_carea' id='block_1_3' title="bbox 590 415 3897 492">
    <p class='ocr_par' dir='ltr' id='par_1_3' title="bbox 590 415 3897 492">
     <span class='ocr_line' id='line_1_3' title="bbox 590 415 3897 492; baseline 0.002 -21"><span class='ocrx_word' id='word_1_7' title='bbox 590 417 738 473; x_wconf 85' lang='lat' dir='ltr'><strong>Deus</strong></span> <span class='ocrx_word' id='word_1_8' title='bbox 777 427 862 474; x_wconf 87' lang='lat' dir='ltr'><strong>est</strong></span> <span class='ocrx_word' id='word_1_9' title='bbox 887 426 941 474; x_wconf 91' lang='lat' dir='ltr'><strong>et</strong></span> <span class='ocrx_word' id='word_1_10' title='bbox 984 416 1191 473; x_wconf 80' lang='lat' dir='ltr'><strong>natura:</strong></span> <span class='ocrx_word' id='word_1_11' title='bbox 1223 426 1376 487; x_wconf 88' lang='lat' dir='ltr'><strong>pater</strong></span> <span class='ocrx_word' id='word_1_12' title='bbox 1403 436 1414 471; x_wconf 94' lang='lat'><strong>:</strong></span> <span class='ocrx_word' id='word_1_13' title='bbox 1448 417 1569 488; x_wconf 91' lang='lat' dir='ltr'><strong>quia</strong></span> <span class='ocrx_word' id='word_1_14' title='bbox 1599 415 1696 472; x_wconf 85' lang='lat' dir='ltr'><strong>Dei</strong></span> <span class='ocrx_word' id='word_1_15' title='bbox 1731 416 1986 472; x_wconf 90' lang='lat' dir='ltr'><strong>nativitas</strong></span> <span class='ocrx_word' id='word_1_16' title='bbox 2035 426 2087 472; x_wconf 91' lang='lat' dir='ltr'><strong>et</strong></span> <span class='ocrx_word' id='word_1_17' title='bbox 2117 433 2186 473; x_wconf 83' lang='lat' dir='ltr'><strong>ex</strong></span> <span class='ocrx_word' id='word_1_18' title='bbox 2220 423 2270 481; x_wconf 85' lang='grc' dir='ltr'>Α</span> <span class='ocrx_word' id='word_1_19' title='bbox 2297 427 2533 490; x_wconf 69' lang='lat' dir='ltr'><strong>paterna:</strong></span> <span class='ocrx_word' id='word_1_20' title='bbox 2561 421 2966 492; x_wconf 60' lang='lat' dir='ltr'><strong>omnipotentiae</strong></span> <span class='ocrx_word' id='word_1_21' title='bbox 3001 421 3052 476; x_wconf 90' lang='lat' dir='ltr'><strong>in</strong></span> <span class='ocrx_word' id='word_1_22' title='bbox 3084 435 3143 478; x_wconf 86' lang='lat' dir='ltr'><strong>se</strong></span> <span class='ocrx_word' id='word_1_23' title='bbox 3169 421 3499 478; x_wconf 84' lang='lat' dir='ltr'><strong>subsistente</strong></span> <span class='ocrx_word' id='word_1_24' title='bbox 3529 429 3744 477; x_wconf 88' lang='lat' dir='ltr'><strong>natura.</strong></span> <span class='ocrx_word' id='word_1_25' title='bbox 3769 421 3897 477; x_wconf 79' lang='lat' dir='ltr'><strong>llaec</strong></span> 
     </span>
    </p>
   </div>
   <div class='ocr_carea' id='block_1_4' title="bbox 585 507 2088 579">
    <p class='ocr_par' dir='ltr' id='par_1_4' title="bbox 585 507 2088 579">
     <span class='ocr_line' id='line_1_4' title="bbox 585 507 2088 579; baseline 0.001 -17"><span class='ocrx_word' id='word_1_26' title='bbox 585 507 701 564; x_wconf 90' lang='lat' dir='ltr'><strong>Deo</strong></span> <span class='ocrx_word' id='word_1_27' title='bbox 719 517 820 574; x_wconf 90' lang='lat' dir='ltr'><strong>est,</strong></span> <span class='ocrx_word' id='word_1_28' title='bbox 851 511 911 564; x_wconf 87' lang='lat' dir='ltr'><strong>et</strong></span> <span class='ocrx_word' id='word_1_29' title='bbox 935 509 988 562; x_wconf 92' lang='lat' dir='ltr'><strong>in</strong></span> <span class='ocrx_word' id='word_1_30' title='bbox 1016 522 1078 563; x_wconf 91' lang='lat' dir='ltr'><strong>ea</strong></span> <span class='ocrx_word' id='word_1_31' title='bbox 1111 517 1194 561; x_wconf 91' lang='lat' dir='ltr'><strong>est</strong></span> <span class='ocrx_word' id='word_1_32' title='bbox 1223 509 1440 578; x_wconf 82' lang='lat' dir='ltr'><strong>generis</strong></span> <span class='ocrx_word' id='word_1_33' title='bbox 1473 516 1666 562; x_wconf 91' lang='lat' dir='ltr'><strong>natura</strong></span> <span class='ocrx_word' id='word_1_34' title='bbox 1689 523 1790 579; x_wconf 90' lang='lat' dir='ltr'><strong>qua</strong></span> <span class='ocrx_word' id='word_1_35' title='bbox 1820 508 1964 563; x_wconf 88' lang='lat' dir='ltr'><strong>Deus</strong></span> <span class='ocrx_word' id='word_1_36' title='bbox 1987 519 2088 564; x_wconf 92' lang='lat' dir='ltr'><strong>est.</strong></span> 
     </span>
    </p>
   </div>
   <div class='ocr_carea' id='block_1_5' title="bbox 664 600 2194 671">
    <p class='ocr_par' dir='ltr' id='par_1_5' title="bbox 664 600 2194 671">
     <span class='ocr_line' id='line_1_5' title="bbox 664 600 2194 671; baseline 0 -13"><span class='ocrx_word' id='word_1_37' title='bbox 664 604 754 658; x_wconf 75' lang='grc'><strong>12.</strong></span> <span class='ocrx_word' id='word_1_38' title='bbox 797 600 1031 656; x_wconf 75' lang='lat' dir='ltr'><strong>Christus</strong></span> <span class='ocrx_word' id='word_1_39' title='bbox 1076 600 1225 654; x_wconf 80' lang='lat' dir='ltr'><strong>verba</strong></span> <span class='ocrx_word' id='word_1_40' title='bbox 1268 603 1340 656; x_wconf 83' lang='lat' dir='ltr'><strong>ita</strong></span> <span class='ocrx_word' id='word_1_41' title='bbox 1389 603 1706 671; x_wconf 83' lang='lat' dir='ltr'><strong>temperavit,</strong></span> <span class='ocrx_word' id='word_1_42' title='bbox 1761 614 1814 656; x_wconf 87' lang='lat' dir='ltr'><strong>ut</strong></span> <span class='ocrx_word' id='word_1_43' title='bbox 1859 614 1906 658; x_wconf 88' lang='lat' dir='ltr'><strong>et</strong></span> <span class='ocrx_word' id='word_1_44' title='bbox 1934 614 2111 659; x_wconf 86' lang='lat' dir='ltr'><strong>uatum</strong></span> <span class='ocrx_word' id='word_1_45' title='bbox 2141 623 2194 658; x_wconf 87' lang='lat' dir='ltr'><strong>se</strong></span> 
     </span>
    </p>
   </div>
   <div class='ocr_carea' id='block_1_6' title="bbox 590 691 2194 768">
    <p class='ocr_par' dir='ltr' id='par_1_6' title="bbox 590 691 2194 768">
     <span class='ocr_line' id='line_1_6' title="bbox 590 691 2194 768; baseline 0.003 -21"><span class='ocrx_word' id='word_1_46' title='bbox 590 694 831 765; x_wconf 76' lang='lat' dir='ltr'><strong>proderet</strong></span> <span class='ocrx_word' id='word_1_47' title='bbox 852 701 898 746; x_wconf 90' lang='lat' dir='ltr'><strong>et</strong></span> <span class='ocrx_word' id='word_1_48' title='bbox 925 691 1113 749; x_wconf 87' lang='lat' dir='ltr'><strong>Dettm.</strong></span> <span class='ocrx_word' id='word_1_49' title='bbox 1148 723 1217 733; x_wconf 89' lang='lat'><strong>—-</strong></span> <span class='ocrx_word' id='word_1_50' title='bbox 1249 693 1422 763; x_wconf 84' lang='lat' dir='ltr'><strong>Hujus</strong></span> <span class='ocrx_word' id='word_1_51' title='bbox 1453 695 1613 766; x_wconf 84' lang='lat' dir='ltr'><strong>igitur</strong></span> <span class='ocrx_word' id='word_1_52' title='bbox 1644 697 1744 766; x_wconf 76' lang='lat' dir='ltr'><strong>pia:</strong></span> <span class='ocrx_word' id='word_1_53' title='bbox 1767 711 1828 750; x_wconf 91' lang='lat' dir='ltr'><strong>ac</strong></span> <span class='ocrx_word' id='word_1_54' title='bbox 1847 696 2043 752; x_wconf 66' lang='lat' dir='ltr'><strong>debita:</strong></span> <span class='ocrx_word' id='word_1_55' title='bbox 2070 714 2194 768; x_wconf 88' lang='lat' dir='ltr'><strong>pro-</strong></span> 
     </span>
    </p>
   </div>
   <div class='ocr_carea' id='block_1_7' title="bbox 590 781 2190 861">
    <p class='ocr_par' dir='ltr' id='par_1_7' title="bbox 590 781 2190 861">
     <span class='ocr_line' id='line_1_7' title="bbox 590 781 2190 861; baseline 0.004 -20"><span class='ocrx_word' id='word_1_56' title='bbox 590 785 843 841; x_wconf 83' lang='lat' dir='ltr'><strong>fessionis</strong></span> <span class='ocrx_word' id='word_1_57' title='bbox 871 781 1088 840; x_wconf 80' lang='lat' dir='ltr'><strong>moduin</strong></span> <span class='ocrx_word' id='word_1_58' title='bbox 1141 787 1210 842; x_wconf 90' lang='lat' dir='ltr'><strong>ita</strong></span> <span class='ocrx_word' id='word_1_59' title='bbox 1265 788 1317 842; x_wconf 90' lang='lat' dir='ltr'><strong>in</strong></span> <span class='ocrx_word' id='word_1_60' title='bbox 1351 789 1624 853; x_wconf 86' lang='lat' dir='ltr'><strong>omnibus,</strong></span> <span class='ocrx_word' id='word_1_61' title='bbox 1679 805 1798 861; x_wconf 73' lang='lat' dir='ltr'><strong>qua:</strong></span> <span class='ocrx_word' id='word_1_62' title='bbox 1845 790 2058 846; x_wconf 87' lang='lat' dir='ltr'><strong>locutus</strong></span> <span class='ocrx_word' id='word_1_63' title='bbox 2086 801 2190 857; x_wconf 89' lang='lat' dir='ltr'><strong>est,</strong></span> 
     </span>
    </p>
   </div>
   <div class='ocr_carea' id='block_1_8' title="bbox 589 879 2192 951">
    <p class='ocr_par' dir='ltr' id='par_1_8' title="bbox 589 879 2192 951">
     <span class='ocr_line' id='line_1_8' title="bbox 589 879 2192 951; baseline 0.002 -15"><span class='ocrx_word' id='word_1_64' title='bbox 589 879 852 936; x_wconf 88' lang='lat' dir='ltr'><strong>Dominus</strong></span> <span class='ocrx_word' id='word_1_65' title='bbox 885 881 1224 951; x_wconf 75' lang='lat' dir='ltr'><strong>temperavit,</strong></span> <span class='ocrx_word' id='word_1_66' title='bbox 1259 896 1327 936; x_wconf 92' lang='lat' dir='ltr'><strong>ne</strong></span> <span class='ocrx_word' id='word_1_67' title='bbox 1363 882 1629 938; x_wconf 89' lang='lat' dir='ltr'><strong>divinitati</strong></span> <span class='ocrx_word' id='word_1_68' title='bbox 1671 899 1781 937; x_wconf 80' lang='lat' dir='ltr'><strong>suae</strong></span> <span class='ocrx_word' id='word_1_69' title='bbox 1811 887 2192 940; x_wconf 83' lang='lat' dir='ltr'><strong>contumeliam</strong></span> 
     </span>
    </p>
   </div>
   <div class='ocr_carea' id='block_1_9' title="bbox 591 972 2198 1048">
    <p class='ocr_par' dir='ltr' id='par_1_9' title="bbox 591 972 2198 1048">
     <span class='ocr_line' id='line_1_9' title="bbox 591 972 2198 1048; baseline 0.001 -17"><span class='ocrx_word' id='word_1_70' title='bbox 591 975 864 1031; x_wconf 88' lang='lat' dir='ltr'><strong>confessio</strong></span> <span class='ocrx_word' id='word_1_71' title='bbox 891 973 1187 1030; x_wconf 75' lang='lat' dir='ltr'><strong>nativitatis</strong></span> <span class='ocrx_word' id='word_1_72' title='bbox 1226 972 1463 1043; x_wconf 62' lang='lat' dir='ltr'><strong>aberret,</strong></span> <span class='ocrx_word' id='word_1_73' title='bbox 1494 992 1562 1031; x_wconf 92' lang='lat' dir='ltr'><strong>ne</strong></span> <span class='ocrx_word' id='word_1_74' title='bbox 1609 977 1851 1047; x_wconf 84' lang='lat' dir='ltr'><strong>obsequii</strong></span> <span class='ocrx_word' id='word_1_75' title='bbox 1886 980 2074 1048; x_wconf 79' lang='lat' dir='ltr'><strong>religio</strong></span> <span class='ocrx_word' id='word_1_76' title='bbox 2105 995 2198 1032; x_wconf 91' lang='lat' dir='ltr'><strong>na-</strong></span> 
     </span>
    </p>
   </div>
   <div class='ocr_carea' id='block_1_10' title="bbox 589 1068 2200 1138">
    <p class='ocr_par' dir='ltr' id='par_1_10' title="bbox 589 1068 2200 1138">
     <span class='ocr_line' id='line_1_10' title="bbox 589 1068 2200 1138; baseline 0.001 -13"><span class='ocrx_word' id='word_1_77' title='bbox 589 1077 768 1125; x_wconf 78' lang='lat' dir='ltr'><strong>turam</strong></span> <span class='ocrx_word' id='word_1_78' title='bbox 798 1068 1096 1138; x_wconf 87' lang='lat' dir='ltr'><strong>majestatis</strong></span> <span class='ocrx_word' id='word_1_79' title='bbox 1145 1069 1476 1125; x_wconf 75' lang='lat' dir='ltr'><strong>offenderet:</strong></span> <span class='ocrx_word' id='word_1_80' title='bbox 1508 1071 1602 1125; x_wconf 91' lang='lat' dir='ltr'><strong>sed</strong></span> <span class='ocrx_word' id='word_1_81' title='bbox 1647 1080 1702 1124; x_wconf 91' lang='lat' dir='ltr'><strong>ut</strong></span> <span class='ocrx_word' id='word_1_82' title='bbox 1730 1080 1785 1125; x_wconf 88' lang='lat' dir='ltr'><strong>et</strong></span> <span class='ocrx_word' id='word_1_83' title='bbox 1817 1071 2074 1126; x_wconf 86' lang='lat' dir='ltr'><strong>honorem</strong></span> <span class='ocrx_word' id='word_1_84' title='bbox 2105 1073 2200 1127; x_wconf 80' lang='lat' dir='ltr'><strong>dc-</strong></span> 
     </span>
    </p>
   </div>
   <div class='ocr_carea' id='block_1_11' title="bbox 592 1156 2198 1236">
    <p class='ocr_par' dir='ltr' id='par_1_11' title="bbox 592 1156 2198 1236">
     <span class='ocr_line' id='line_1_11' title="bbox 592 1156 2198 1236; baseline 0.002 -18"><span class='ocrx_word' id='word_1_85' title='bbox 592 1164 762 1218; x_wconf 87' lang='lat' dir='ltr'><strong>bitum</strong></span> <span class='ocrx_word' id='word_1_86' title='bbox 791 1163 870 1235; x_wconf 89' lang='grc'><strong>(1)</strong></span> <span class='ocrx_word' id='word_1_87' title='bbox 901 1164 1154 1218; x_wconf 90' lang='lat' dir='ltr'><strong>nativitas</strong></span> <span class='ocrx_word' id='word_1_88' title='bbox 1193 1156 1558 1234; x_wconf 78' lang='lat' dir='ltr'><strong>profiteretur,</strong></span> <span class='ocrx_word' id='word_1_89' title='bbox 1603 1181 1721 1235; x_wconf 77' lang='lat' dir='ltr'><strong>qum</strong></span> <span class='ocrx_word' id='word_1_90' title='bbox 1770 1162 1846 1236; x_wconf 85' lang='lat' dir='ltr'><strong>(a)</strong></span> <span class='ocrx_word' id='word_1_91' title='bbox 1897 1165 2198 1221; x_wconf 76' lang='lat' dir='ltr'><strong>subsistere</strong></span> 
     </span>
    </p>
   </div>
   <div class='ocr_carea' id='block_1_12' title="bbox 594 1253 2199 1321">
    <p class='ocr_par' dir='ltr' id='par_1_12' title="bbox 594 1253 2199 1321">
     <span class='ocr_line' id='line_1_12' title="bbox 594 1253 2199 1321; baseline 0.002 -11"><span class='ocrx_word' id='word_1_92' title='bbox 594 1271 653 1311; x_wconf 90' lang='lat' dir='ltr'><strong>se</strong></span> <span class='ocrx_word' id='word_1_93' title='bbox 680 1253 902 1310; x_wconf 86' lang='lat' dir='ltr'><strong>deberet</strong></span> <span class='ocrx_word' id='word_1_94' title='bbox 931 1256 1138 1310; x_wconf 84' lang='lat' dir='ltr'><strong>auctori</strong></span> <span class='ocrx_word' id='word_1_95' title='bbox 1165 1273 1178 1321; x_wconf 89' lang='lat'><strong>;</strong></span> <span class='ocrx_word' id='word_1_96' title='bbox 1230 1264 1286 1310; x_wconf 86' lang='lat' dir='ltr'><strong>et</strong></span> <span class='ocrx_word' id='word_1_97' title='bbox 1315 1267 1519 1311; x_wconf 71' lang='lat' dir='ltr'><strong>natura:</strong></span> <span class='ocrx_word' id='word_1_98' title='bbox 1565 1258 1950 1311; x_wconf 76' lang='lat' dir='ltr'><strong>conscientiam</strong></span> <span class='ocrx_word' id='word_1_99' title='bbox 2004 1257 2199 1314; x_wconf 85' lang='lat' dir='ltr'><strong>lidueia</strong></span> 
     </span>
    </p>
   </div>
   <div class='ocr_carea' id='block_1_13' title="bbox 582 1350 2200 1421">
    <p class='ocr_par' dir='ltr' id='par_1_13' title="bbox 582 1350 2200 1421">
     <span class='ocr_line' id='line_1_13' title="bbox 582 1350 2200 1421; baseline 0.001 -16"><span class='ocrx_word' id='word_1_100' title='bbox 582 1350 856 1406; x_wconf 78' lang='lat' dir='ltr'><strong>naturalis</strong></span> <span class='ocrx_word' id='word_1_101' title='bbox 883 1351 1214 1417; x_wconf 77' lang='lat' dir='ltr'><strong>ostenderet,</strong></span> <span class='ocrx_word' id='word_1_102' title='bbox 1246 1368 1366 1421; x_wconf 69' lang='lat' dir='ltr'><strong>quae</strong></span> <span class='ocrx_word' id='word_1_103' title='bbox 1393 1352 1446 1406; x_wconf 93' lang='lat' dir='ltr'><strong>in</strong></span> <span class='ocrx_word' id='word_1_104' title='bbox 1489 1353 1656 1406; x_wconf 88' lang='lat' dir='ltr'><strong>Deum</strong></span> <span class='ocrx_word' id='word_1_105' title='bbox 1687 1352 1959 1406; x_wconf 59' lang='lat' dir='ltr'><strong>nascendo</strong></span> <span class='ocrx_word' id='word_1_106' title='bbox 1991 1352 2200 1407; x_wconf 85' lang='lat' dir='ltr'><strong>subsis-</strong></span> 
     </span>
    </p>
   </div>
   <div class='ocr_carea' id='block_1_14' title="bbox 597 1444 2200 1514">
    <p class='ocr_par' dir='ltr' id='par_1_14' title="bbox 597 1444 2200 1514">
     <span class='ocr_line' id='line_1_14' title="bbox 597 1444 2200 1514; baseline 0.002 -15"><span class='ocrx_word' id='word_1_107' title='bbox 597 1452 760 1500; x_wconf 84' lang='lat' dir='ltr'><strong>teret.</strong></span> <span class='ocrx_word' id='word_1_108' title='bbox 791 1444 928 1500; x_wconf 87' lang='lat' dir='ltr'><strong>Hiuc</strong></span> <span class='ocrx_word' id='word_1_109' title='bbox 958 1447 1100 1500; x_wconf 92' lang='lat' dir='ltr'><strong>enim</strong></span> <span class='ocrx_word' id='word_1_110' title='bbox 1134 1446 1264 1500; x_wconf 87' lang='lat' dir='ltr'><strong>illud</strong></span> <span class='ocrx_word' id='word_1_111' title='bbox 1295 1454 1400 1512; x_wconf 91' lang='lat' dir='ltr'><strong>est,</strong></span> <span class='ocrx_word' id='word_1_112' title='bbox 1439 1445 1541 1514; x_wconf 82' lang='lat' dir='ltr'><strong>Qui</strong></span> <span class='ocrx_word' id='word_1_113' title='bbox 1572 1464 1649 1502; x_wconf 90' lang='lat' dir='ltr'><strong>me</strong></span> <span class='ocrx_word' id='word_1_114' title='bbox 1679 1448 1824 1511; x_wconf 84' lang='lat' dir='ltr'><strong>vidit,</strong></span> <span class='ocrx_word' id='word_1_115' title='bbox 1859 1449 1980 1501; x_wconf 80' lang='lat' dir='ltr'><strong>vidit</strong></span> <span class='ocrx_word' id='word_1_116' title='bbox 2003 1461 2048 1503; x_wconf 87' lang='lat' dir='ltr'><strong>et</strong></span> <span class='ocrx_word' id='word_1_117' title='bbox 2088 1447 2200 1502; x_wconf 83' lang='lat' dir='ltr'><strong>Pa-</strong></span> 
     </span>
    </p>
   </div>
   <div class='ocr_carea' id='block_1_15' title="bbox 601 1527 2201 1610">
    <p class='ocr_par' dir='ltr' id='par_1_15' title="bbox 601 1527 2201 1610">
     <span class='ocr_line' id='line_1_15' title="bbox 601 1527 2201 1610; baseline 0.003 -20"><span class='ocrx_word' id='word_1_118' title='bbox 601 1545 726 1591; x_wconf 84' lang='lat' dir='ltr'><strong>trem</strong></span> <span class='ocrx_word' id='word_1_119' title='bbox 753 1555 766 1592; x_wconf 88' lang='lat'><strong>:</strong></span> <span class='ocrx_word' id='word_1_120' title='bbox 795 1537 888 1593; x_wconf 89' lang='lat' dir='ltr'><strong>sed</strong></span> <span class='ocrx_word' id='word_1_121' title='bbox 936 1547 987 1591; x_wconf 91' lang='lat' dir='ltr'><strong>et</strong></span> <span class='ocrx_word' id='word_1_122' title='bbox 1033 1537 1184 1602; x_wconf 86' lang='lat' dir='ltr'><strong>illud,</strong></span> <span class='ocrx_word' id='word_1_123' title='bbox 1251 1527 1414 1594; x_wconf 83' lang='lat' dir='ltr'><strong>Verba</strong></span> <span class='ocrx_word' id='word_1_124' title='bbox 1444 1555 1559 1610; x_wconf 77' lang='lat' dir='ltr'><strong>qua:</strong></span> <span class='ocrx_word' id='word_1_125' title='bbox 1587 1540 1790 1610; x_wconf 86' lang='lat' dir='ltr'><strong>loquor,</strong></span> <span class='ocrx_word' id='word_1_126' title='bbox 1823 1557 1921 1594; x_wconf 88' lang='lat' dir='ltr'><strong>non</strong></span> <span class='ocrx_word' id='word_1_127' title='bbox 1955 1559 1986 1594; x_wconf 90' lang='lat' dir='ltr'><strong>a</strong></span> <span class='ocrx_word' id='word_1_128' title='bbox 2017 1558 2096 1594; x_wconf 88' lang='lat' dir='ltr'><strong>me</strong></span> <span class='ocrx_word' id='word_1_129' title='bbox 2124 1542 2201 1595; x_wconf 85' lang='lat' dir='ltr'><strong>lo-</strong></span> 
     </span>
    </p>
   </div>
   <div class='ocr_carea' id='block_1_16' title="bbox 600 1628 2203 1704">
    <p class='ocr_par' dir='ltr' id='par_1_16' title="bbox 600 1628 2203 1704">
     <span class='ocr_line' id='line_1_16' title="bbox 600 1628 2203 1704; baseline 0.003 -22"><span class='ocrx_word' id='word_1_130' title='bbox 600 1645 729 1700; x_wconf 87' lang='lat' dir='ltr'><strong>quor</strong></span> <span class='ocrx_word' id='word_1_131' title='bbox 776 1628 969 1700; x_wconf 85' lang='lat' dir='ltr'><strong>(Joan.</strong></span> <span class='ocrx_word' id='word_1_132' title='bbox 995 1646 1106 1695; x_wconf 82' lang='lat' dir='ltr'><strong>xiv,</strong></span> <span class='ocrx_word' id='word_1_133' title='bbox 1135 1630 1189 1694; x_wconf 87' lang='lat'><strong>9,</strong></span> <span class='ocrx_word' id='word_1_134' title='bbox 1221 1630 1334 1698; x_wconf 84' lang='lat' dir='ltr'><strong>l0).</strong></span> <span class='ocrx_word' id='word_1_135' title='bbox 1361 1630 1490 1685; x_wconf 89' lang='lat' dir='ltr'><strong>Nam</strong></span> <span class='ocrx_word' id='word_1_136' title='bbox 1516 1630 1642 1685; x_wconf 90' lang='lat' dir='ltr'><strong>dum</strong></span> <span class='ocrx_word' id='word_1_137' title='bbox 1677 1647 1781 1686; x_wconf 90' lang='lat' dir='ltr'><strong>non</strong></span> <span class='ocrx_word' id='word_1_138' title='bbox 1811 1647 1838 1685; x_wconf 90' lang='lat' dir='ltr'><strong>a</strong></span> <span class='ocrx_word' id='word_1_139' title='bbox 1863 1648 1920 1687; x_wconf 91' lang='lat' dir='ltr'><strong>sc</strong></span> <span class='ocrx_word' id='word_1_140' title='bbox 1945 1633 2203 1704; x_wconf 80' lang='lat' dir='ltr'><strong>loquitur,</strong></span> 
     </span>
    </p>
   </div>
   <div class='ocr_carea' id='block_1_17' title="bbox 599 1715 2201 1795">
    <p class='ocr_par' dir='ltr' id='par_1_17' title="bbox 599 1715 2201 1795">
     <span class='ocr_line' id='line_1_17' title="bbox 599 1715 2201 1795; baseline 0.002 -20"><span class='ocrx_word' id='word_1_141' title='bbox 599 1723 807 1775; x_wconf 85' lang='lat' dir='ltr'><strong>auctori</strong></span> <span class='ocrx_word' id='word_1_142' title='bbox 831 1715 959 1776; x_wconf 84' lang='lat' dir='ltr'><strong>eum</strong></span> <span class='ocrx_word' id='word_1_143' title='bbox 990 1735 1214 1777; x_wconf 90' lang='lat' dir='ltr'><strong>necesse</strong></span> <span class='ocrx_word' id='word_1_144' title='bbox 1247 1732 1330 1777; x_wconf 91' lang='lat' dir='ltr'><strong>est</strong></span> <span class='ocrx_word' id='word_1_145' title='bbox 1370 1723 1570 1778; x_wconf 85' lang='lat' dir='ltr'><strong>debere</strong></span> <span class='ocrx_word' id='word_1_146' title='bbox 1601 1723 1741 1791; x_wconf 84' lang='lat' dir='ltr'><strong>quod</strong></span> <span class='ocrx_word' id='word_1_147' title='bbox 1773 1725 2008 1795; x_wconf 82' lang='lat' dir='ltr'><strong>loquitur</strong></span> <span class='ocrx_word' id='word_1_148' title='bbox 2037 1743 2050 1779; x_wconf 88' lang='lat'><strong>:</strong></span> <span class='ocrx_word' id='word_1_149' title='bbox 2081 1740 2201 1780; x_wconf 89' lang='lat' dir='ltr'><strong>cum</strong></span> 
     </span>
    </p>
   </div>
   <div class='ocr_carea' id='block_1_18' title="bbox 2297 515 3899 588">
    <p class='ocr_par' dir='ltr' id='par_1_18' title="bbox 2297 515 3899 588">
     <span class='ocr_line' id='line_1_18' title="bbox 2297 515 3899 588; baseline 0.002 -19"><span class='ocrx_word' id='word_1_150' title='bbox 2297 515 2478 585; x_wconf 81' lang='lat' dir='ltr'><strong>itaque</strong></span> <span class='ocrx_word' id='word_1_151' title='bbox 2505 515 2798 571; x_wconf 86' lang='lat' dir='ltr'><strong>secundum</strong></span> <span class='ocrx_word' id='word_1_152' title='bbox 2846 517 3068 586; x_wconf 89' lang='lat' dir='ltr'><strong>spiritus</strong></span> <span class='ocrx_word' id='word_1_153' title='bbox 3114 517 3405 583; x_wconf 91' lang='lat' dir='ltr'><strong>unitatem,</strong></span> <span class='ocrx_word' id='word_1_154' title='bbox 3457 526 3512 572; x_wconf 92' lang='lat' dir='ltr'><strong>et</strong></span> <span class='ocrx_word' id='word_1_155' title='bbox 3543 525 3748 571; x_wconf 75' lang='lat' dir='ltr'><strong>natura:</strong></span> <span class='ocrx_word' id='word_1_156' title='bbox 3779 532 3899 588; x_wconf 77' lang='lat' dir='ltr'><strong>qnte</strong></span> 
     </span>
    </p>
   </div>
   <div class='ocr_carea' id='block_1_19' title="bbox 2297 610 3900 682">
    <p class='ocr_par' dir='ltr' id='par_1_19' title="bbox 2297 610 3900 682">
     <span class='ocr_line' id='line_1_19' title="bbox 2297 610 3900 682; baseline 0.002 -19"><span class='ocrx_word' id='word_1_157' title='bbox 2297 611 2590 664; x_wconf 88' lang='lat' dir='ltr'><strong>secundum</strong></span> <span class='ocrx_word' id='word_1_158' title='bbox 2624 611 2692 682; x_wconf 75' lang='grc' dir='ltr'><strong>(ε)</strong></span> <span class='ocrx_word' id='word_1_159' title='bbox 2730 612 3064 666; x_wconf 75' lang='lat' dir='ltr'><strong>nativitatem</strong></span> <span class='ocrx_word' id='word_1_160' title='bbox 3110 620 3192 666; x_wconf 89' lang='lat' dir='ltr'><strong>est</strong></span> <span class='ocrx_word' id='word_1_161' title='bbox 3241 611 3628 682; x_wconf 83' lang='lat' dir='ltr'><strong>prOprietatetn</strong></span> <span class='ocrx_word' id='word_1_162' title='bbox 3651 651 3666 676; x_wconf 95' lang='lat'><strong>,</strong></span> <span class='ocrx_word' id='word_1_163' title='bbox 3701 611 3773 665; x_wconf 90' lang='lat' dir='ltr'><strong>ita</strong></span> <span class='ocrx_word' id='word_1_164' title='bbox 3801 610 3900 666; x_wconf 89' lang='lat' dir='ltr'><strong>de-</strong></span> 
     </span>
    </p>
   </div>
   <div class='ocr_carea' id='block_1_20' title="bbox 2300 705 3901 773">
    <p class='ocr_par' dir='ltr' id='par_1_20' title="bbox 2300 705 3901 773">
     <span class='ocr_line' id='line_1_20' title="bbox 2300 705 3901 773; baseline 0.002 -15"><span class='ocrx_word' id='word_1_165' title='bbox 2300 713 2594 758; x_wconf 86' lang='lat' dir='ltr'><strong>monstrata</strong></span> <span class='ocrx_word' id='word_1_166' title='bbox 2644 714 2790 768; x_wconf 89' lang='lat' dir='ltr'><strong>sunt,</strong></span> <span class='ocrx_word' id='word_1_167' title='bbox 2825 713 2879 758; x_wconf 88' lang='lat' dir='ltr'><strong>ttt</strong></span> <span class='ocrx_word' id='word_1_168' title='bbox 2927 714 2982 760; x_wconf 90' lang='lat' dir='ltr'><strong>et</strong></span> <span class='ocrx_word' id='word_1_169' title='bbox 3013 705 3264 759; x_wconf 87' lang='lat' dir='ltr'><strong>nativitas</strong></span> <span class='ocrx_word' id='word_1_170' title='bbox 3290 705 3458 760; x_wconf 89' lang='lat' dir='ltr'><strong>Deum</strong></span> <span class='ocrx_word' id='word_1_171' title='bbox 3500 705 3901 773; x_wconf 80' lang='lat' dir='ltr'><strong>substitutionis</strong></span> 
     </span>
    </p>
   </div>
   <div class='ocr_carea' id='block_1_21' title="bbox 2298 797 3897 862">
    <p class='ocr_par' dir='ltr' id='par_1_21' title="bbox 2298 797 3897 862">
     <span class='ocr_line' id='line_1_21' title="bbox 2298 797 3897 862; baseline 0.001 -12"><span class='ocrx_word' id='word_1_172' title='bbox 2298 813 2410 851; x_wconf 75' lang='lat' dir='ltr'><strong>sum</strong></span> <span class='ocrx_word' id='word_1_173' title='bbox 2437 797 2808 862; x_wconf 83' lang='lat' dir='ltr'><strong>confiteretur,</strong></span> <span class='ocrx_word' id='word_1_174' title='bbox 2838 808 2891 852; x_wconf 93' lang='lat' dir='ltr'><strong>et</strong></span> <span class='ocrx_word' id='word_1_175' title='bbox 2932 799 3244 852; x_wconf 86' lang='lat' dir='ltr'><strong>substitutio</strong></span> <span class='ocrx_word' id='word_1_176' title='bbox 3274 807 3478 853; x_wconf 68' lang='lat' dir='ltr'><strong>naturae</strong></span> <span class='ocrx_word' id='word_1_177' title='bbox 3509 798 3897 853; x_wconf 91' lang='lat' dir='ltr'><strong>conscientiam</strong></span> 
     </span>
    </p>
   </div>
   <div class='ocr_carea' id='block_1_22' title="bbox 2300 891 3902 961">
    <p class='ocr_par' dir='ltr' id='par_1_22' title="bbox 2300 891 3902 961">
     <span class='ocr_line' id='line_1_22' title="bbox 2300 891 3902 961; baseline 0.002 -17"><span class='ocrx_word' id='word_1_178' title='bbox 2300 905 2405 944; x_wconf 85' lang='lat' dir='ltr'><strong>non</strong></span> <span class='ocrx_word' id='word_1_179' title='bbox 2439 899 2636 946; x_wconf 88' lang='lat' dir='ltr'><strong>Iaceret</strong></span> <span class='ocrx_word' id='word_1_180' title='bbox 2664 909 2682 944; x_wconf 91' lang='lat'><strong><em>:</em></strong></span> <span class='ocrx_word' id='word_1_181' title='bbox 2711 891 2969 960; x_wconf 81' lang='lat' dir='ltr'><strong>prolilcns</strong></span> <span class='ocrx_word' id='word_1_182' title='bbox 2997 892 3097 946; x_wconf 84' lang='lat' dir='ltr'><strong>sibi</strong></span> <span class='ocrx_word' id='word_1_183' title='bbox 3133 900 3338 961; x_wconf 83' lang='lat' dir='ltr'><strong>patrem</strong></span> <span class='ocrx_word' id='word_1_184' title='bbox 3385 893 3551 946; x_wconf 89' lang='lat' dir='ltr'><strong>Deum</strong></span> <span class='ocrx_word' id='word_1_185' title='bbox 3589 891 3728 946; x_wconf 88' lang='lat' dir='ltr'><strong>Deus</strong></span> <span class='ocrx_word' id='word_1_186' title='bbox 3759 891 3902 947; x_wconf 80' lang='lat' dir='ltr'><strong>filius</strong></span> 
     </span>
    </p>
   </div>
   <div class='ocr_carea' id='block_1_23' title="bbox 2297 978 3893 1055">
    <p class='ocr_par' dir='ltr' id='par_1_23' title="bbox 2297 978 3893 1055">
     <span class='ocr_line' id='line_1_23' title="bbox 2297 978 3893 1055; baseline 0.002 -19"><span class='ocrx_word' id='word_1_187' title='bbox 2297 982 2423 1036; x_wconf 89' lang='lat' dir='ltr'><strong>dum</strong></span> <span class='ocrx_word' id='word_1_188' title='bbox 2454 999 2517 1037; x_wconf 81' lang='lat' dir='ltr'><strong>ex</strong></span> <span class='ocrx_word' id='word_1_189' title='bbox 2548 998 2613 1038; x_wconf 90' lang='lat' dir='ltr'><strong>eo</strong></span> <span class='ocrx_word' id='word_1_190' title='bbox 2647 985 2916 1048; x_wconf 90' lang='lat' dir='ltr'><strong>nascitur;</strong></span> <span class='ocrx_word' id='word_1_191' title='bbox 2950 978 3212 1039; x_wconf 61' lang='lat' dir='ltr'><strong>Caeterum</strong></span> <span class='ocrx_word' id='word_1_192' title='bbox 3245 983 3309 1038; x_wconf 93' lang='lat' dir='ltr'><strong>ad</strong></span> <span class='ocrx_word' id='word_1_193' title='bbox 3342 983 3392 1038; x_wconf 87' lang='lat' dir='ltr'><strong>id</strong></span> <span class='ocrx_word' id='word_1_194' title='bbox 3424 983 3568 1055; x_wconf 88' lang='lat' dir='ltr'><strong>quod</strong></span> <span class='ocrx_word' id='word_1_195' title='bbox 3600 993 3758 1038; x_wconf 89' lang='lat' dir='ltr'><strong>natus</strong></span> <span class='ocrx_word' id='word_1_196' title='bbox 3779 991 3893 1051; x_wconf 87' lang='lat' dir='ltr'><strong>est,</strong></span> 
     </span>
    </p>
   </div>
   <div class='ocr_carea' id='block_1_24' title="bbox 2302 1075 3433 1141">
    <p class='ocr_par' dir='ltr' id='par_1_24' title="bbox 2302 1075 3433 1141">
     <span class='ocr_line' id='line_1_24' title="bbox 2302 1075 3433 1141; baseline 0.001 -12"><span class='ocrx_word' id='word_1_197' title='bbox 2302 1085 2471 1130; x_wconf 89' lang='lat' dir='ltr'><strong>totum</strong></span> <span class='ocrx_word' id='word_1_198' title='bbox 2502 1075 2704 1131; x_wconf 82' lang='lat' dir='ltr'><strong>habens</strong></span> <span class='ocrx_word' id='word_1_199' title='bbox 2733 1078 2975 1131; x_wconf 77' lang='lat' dir='ltr'><strong>naturale</strong></span> <span class='ocrx_word' id='word_1_200' title='bbox 2999 1078 3136 1141; x_wconf 74' lang='lat' dir='ltr'><strong>quod</strong></span> <span class='ocrx_word' id='word_1_201' title='bbox 3164 1077 3306 1132; x_wconf 91' lang='lat' dir='ltr'><strong>Deus</strong></span> <span class='ocrx_word' id='word_1_202' title='bbox 3333 1087 3433 1131; x_wconf 90' lang='lat' dir='ltr'><strong>est.</strong></span> 
     </span>
    </p>
   </div>
   <div class='ocr_carea' id='block_1_25' title="bbox 2378 1167 3906 1240">
    <p class='ocr_par' dir='ltr' id='par_1_25' title="bbox 2378 1167 3906 1240">
     <span class='ocr_line' id='line_1_25' title="bbox 2378 1167 3906 1240; baseline 0.004 -20"><span class='ocrx_word' id='word_1_203' title='bbox 2378 1169 2464 1222; x_wconf 79' lang='lat' dir='ltr'><strong>l5.</strong></span> <span class='ocrx_word' id='word_1_204' title='bbox 2510 1167 2672 1233; x_wconf 84' lang='lat' dir='ltr'><strong>Quem</strong></span> <span class='ocrx_word' id='word_1_205' title='bbox 2693 1180 2889 1240; x_wconf 85' lang='lat' dir='ltr'><strong>patrem</strong></span> <span class='ocrx_word' id='word_1_206' title='bbox 2931 1168 3145 1223; x_wconf 76' lang='lat' dir='ltr'><strong>[rubebat</strong></span> <span class='ocrx_word' id='word_1_207' title='bbox 3176 1170 3294 1239; x_wconf 78' lang='lat' dir='ltr'><strong>quia</strong></span> <span class='ocrx_word' id='word_1_208' title='bbox 3325 1179 3499 1235; x_wconf 87' lang='lat' dir='ltr'><strong>natus,</strong></span> <span class='ocrx_word' id='word_1_209' title='bbox 3547 1169 3698 1239; x_wconf 70' lang='lat' dir='ltr'><strong>coepit</strong></span> <span class='ocrx_word' id='word_1_210' title='bbox 3721 1168 3906 1227; x_wconf 81' lang='lat' dir='ltr'><strong>habere</strong></span> 
     </span>
    </p>
   </div>
   <div class='ocr_carea' id='block_1_26' title="bbox 2305 1258 3905 1332">
    <p class='ocr_par' dir='ltr' id='par_1_26' title="bbox 2305 1258 3905 1332">
     <span class='ocr_line' id='line_1_26' title="bbox 2305 1258 3905 1332; baseline 0.002 -19"><span class='ocrx_word' id='word_1_211' title='bbox 2305 1258 2586 1313; x_wconf 86' lang='lat' dir='ltr'><strong>Dominum</strong></span> <span class='ocrx_word' id='word_1_212' title='bbox 2634 1277 2747 1313; x_wconf 86' lang='lat' dir='ltr'><strong>cum</strong></span> <span class='ocrx_word' id='word_1_213' title='bbox 2789 1262 2956 1332; x_wconf 79' lang='lat' dir='ltr'><strong>[actus</strong></span> <span class='ocrx_word' id='word_1_214' title='bbox 2987 1272 3058 1315; x_wconf 82' lang='lat' dir='ltr'><strong>est</strong></span> <span class='ocrx_word' id='word_1_215' title='bbox 3089 1277 3278 1315; x_wconf 81' lang='lat' dir='ltr'><strong>servus.</strong></span> <span class='ocrx_word' id='word_1_216' title='bbox 3312 1291 3381 1302; x_wconf 91' lang='lat'><strong><em>—</em></strong></span> <span class='ocrx_word' id='word_1_217' title='bbox 3411 1260 3757 1329; x_wconf 85' lang='lat' dir='ltr'><strong>Dispensatio</strong></span> <span class='ocrx_word' id='word_1_218' title='bbox 3803 1261 3905 1315; x_wconf 86' lang='lat' dir='ltr'><strong>ita-</strong></span> 
     </span>
    </p>
   </div>
   <div class='ocr_carea' id='block_1_27' title="bbox 2303 1351 3908 1422">
    <p class='ocr_par' dir='ltr' id='par_1_27' title="bbox 2303 1351 3908 1422">
     <span class='ocr_line' id='line_1_27' title="bbox 2303 1351 3908 1422; baseline 0.002 -20"><span class='ocrx_word' id='word_1_219' title='bbox 2303 1367 2409 1422; x_wconf 88' lang='lat' dir='ltr'><strong>que</strong></span> <span class='ocrx_word' id='word_1_220' title='bbox 2439 1352 2614 1422; x_wconf 82' lang='lat' dir='ltr'><strong>magni</strong></span> <span class='ocrx_word' id='word_1_221' title='bbox 2647 1361 2702 1407; x_wconf 90' lang='lat' dir='ltr'><strong>et</strong></span> <span class='ocrx_word' id='word_1_222' title='bbox 2727 1352 2798 1422; x_wconf 88' lang='lat' dir='ltr'><strong>pii</strong></span> <span class='ocrx_word' id='word_1_223' title='bbox 2831 1354 3180 1420; x_wconf 71' lang='lat' dir='ltr'><strong>sacramenti,</strong></span> <span class='ocrx_word' id='word_1_224' title='bbox 3228 1352 3528 1406; x_wconf 85' lang='lat' dir='ltr'><strong>nativitatis</strong></span> <span class='ocrx_word' id='word_1_225' title='bbox 3572 1351 3765 1406; x_wconf 75' lang='lat' dir='ltr'><strong>divina:</strong></span> <span class='ocrx_word' id='word_1_226' title='bbox 3807 1351 3908 1405; x_wconf 85' lang='lat' dir='ltr'><strong>Pa-</strong></span> 
     </span>
    </p>
   </div>
   <div class='ocr_carea' id='block_1_28' title="bbox 2306 1443 3908 1515">
    <p class='ocr_par' dir='ltr' id='par_1_28' title="bbox 2306 1443 3908 1515">
     <span class='ocr_line' id='line_1_28' title="bbox 2306 1443 3908 1515; baseline -0.002 -17"><span class='ocrx_word' id='word_1_227' title='bbox 2306 1453 2466 1508; x_wconf 91' lang='lat' dir='ltr'><strong>trem,</strong></span> <span class='ocrx_word' id='word_1_228' title='bbox 2522 1445 2744 1514; x_wconf 80' lang='lat' dir='ltr'><strong>insuper</strong></span> <span class='ocrx_word' id='word_1_229' title='bbox 2773 1446 2935 1500; x_wconf 88' lang='lat' dir='ltr'><strong>etiam</strong></span> <span class='ocrx_word' id='word_1_230' title='bbox 2986 1445 3314 1500; x_wconf 86' lang='lat' dir='ltr'><strong>conditionis</strong></span> <span class='ocrx_word' id='word_1_231' title='bbox 3357 1453 3648 1515; x_wconf 70' lang='lat' dir='ltr'><strong>assumptte</strong></span> <span class='ocrx_word' id='word_1_232' title='bbox 3689 1443 3769 1513; x_wconf 74' lang='grc' dir='ltr'><strong>(ὃ)</strong></span> <span class='ocrx_word' id='word_1_233' title='bbox 3800 1443 3908 1496; x_wconf 65' lang='lat' dir='ltr'><strong>Di:-</strong></span> 
     </span>
    </p>
   </div>
   <div class='ocr_carea' id='block_1_29' title="bbox 2306 1538 3908 1613">
    <p class='ocr_par' dir='ltr' id='par_1_29' title="bbox 2306 1538 3908 1613">
     <span class='ocr_line' id='line_1_29' title="bbox 2306 1538 3908 1613; baseline -0.002 -19"><span class='ocrx_word' id='word_1_234' title='bbox 2306 1541 2509 1594; x_wconf 90' lang='lat' dir='ltr'><strong>minum</strong></span> <span class='ocrx_word' id='word_1_235' title='bbox 2540 1538 2664 1594; x_wconf 85' lang='lat' dir='ltr'><strong>fecit</strong></span> <span class='ocrx_word' id='word_1_236' title='bbox 2690 1538 2786 1613; x_wconf 80' lang='lat' dir='ltr'><strong>(f):</strong></span> <span class='ocrx_word' id='word_1_237' title='bbox 2818 1539 2943 1593; x_wconf 90' lang='lat' dir='ltr'><strong>dum</strong></span> <span class='ocrx_word' id='word_1_238' title='bbox 2973 1541 3062 1610; x_wconf 89' lang='lat' dir='ltr'><strong>qui</strong></span> <span class='ocrx_word' id='word_1_239' title='bbox 3097 1541 3147 1594; x_wconf 93' lang='lat' dir='ltr'><strong>in</strong></span> <span class='ocrx_word' id='word_1_240' title='bbox 3176 1538 3344 1594; x_wconf 87' lang='lat' dir='ltr'><strong>forma</strong></span> <span class='ocrx_word' id='word_1_241' title='bbox 3381 1538 3473 1592; x_wconf 82' lang='lat' dir='ltr'><strong>Dei</strong></span> <span class='ocrx_word' id='word_1_242' title='bbox 3498 1545 3633 1602; x_wconf 86' lang='lat' dir='ltr'><strong>erat,</strong></span> <span class='ocrx_word' id='word_1_243' title='bbox 3661 1546 3908 1606; x_wconf 86' lang='lat' dir='ltr'><strong>repertus</strong></span> 
     </span>
    </p>
   </div>
   <div class='ocr_carea' id='block_1_30' title="bbox 2306 1630 3910 1695">
    <p class='ocr_par' dir='ltr' id='par_1_30' title="bbox 2306 1630 3910 1695">
     <span class='ocr_line' id='line_1_30' title="bbox 2306 1630 3910 1695; baseline -0.003 -8"><span class='ocrx_word' id='word_1_244' title='bbox 2306 1640 2388 1687; x_wconf 61' lang='lat' dir='ltr'><strong>est</strong></span> <span class='ocrx_word' id='word_1_245' title='bbox 2419 1631 2471 1685; x_wconf 91' lang='lat' dir='ltr'><strong>in</strong></span> <span class='ocrx_word' id='word_1_246' title='bbox 2503 1630 2670 1685; x_wconf 88' lang='lat' dir='ltr'><strong>forma</strong></span> <span class='ocrx_word' id='word_1_247' title='bbox 2700 1632 2866 1686; x_wconf 82' lang='lat' dir='ltr'><strong>servi.</strong></span> <span class='ocrx_word' id='word_1_248' title='bbox 2903 1632 3102 1688; x_wconf 86' lang='lat' dir='ltr'><strong>Servus</strong></span> <span class='ocrx_word' id='word_1_249' title='bbox 3130 1632 3274 1686; x_wconf 90' lang='lat' dir='ltr'><strong>enim</strong></span> <span class='ocrx_word' id='word_1_250' title='bbox 3301 1645 3406 1684; x_wconf 89' lang='lat' dir='ltr'><strong>non</strong></span> <span class='ocrx_word' id='word_1_251' title='bbox 3437 1639 3578 1695; x_wconf 89' lang='lat' dir='ltr'><strong>erat,</strong></span> <span class='ocrx_word' id='word_1_252' title='bbox 3611 1642 3732 1683; x_wconf 91' lang='lat' dir='ltr'><strong>cum</strong></span> <span class='ocrx_word' id='word_1_253' title='bbox 3763 1637 3910 1682; x_wconf 85' lang='lat' dir='ltr'><strong>esset</strong></span> 
     </span>
    </p>
   </div>
   <div class='ocr_carea' id='block_1_31' title="bbox 2307 1719 3912 1795">
    <p class='ocr_par' dir='ltr' id='par_1_31' title="bbox 2307 1719 3912 1795">
     <span class='ocr_line' id='line_1_31' title="bbox 2307 1719 3912 1795; baseline -0.002 -18"><span class='ocrx_word' id='word_1_254' title='bbox 2307 1723 2601 1779; x_wconf 88' lang='lat' dir='ltr'><strong>secundum</strong></span> <span class='ocrx_word' id='word_1_255' title='bbox 2633 1724 2880 1794; x_wconf 73' lang='lat' dir='ltr'><strong>Spiritum</strong></span> <span class='ocrx_word' id='word_1_256' title='bbox 2933 1723 3010 1793; x_wconf 75' lang='grc'><strong>(4)</strong></span> <span class='ocrx_word' id='word_1_257' title='bbox 3043 1721 3119 1795; x_wconf 82' lang='lat' dir='ltr'><strong>(g)</strong></span> <span class='ocrx_word' id='word_1_258' title='bbox 3147 1723 3290 1777; x_wconf 86' lang='lat' dir='ltr'><strong>Deus</strong></span> <span class='ocrx_word' id='word_1_259' title='bbox 3317 1721 3411 1776; x_wconf 88' lang='lat' dir='ltr'><strong>Dei</strong></span> <span class='ocrx_word' id='word_1_260' title='bbox 3445 1721 3604 1775; x_wconf 81' lang='lat' dir='ltr'><strong>ﬁlius.</strong></span> <span class='ocrx_word' id='word_1_261' title='bbox 3631 1719 3697 1774; x_wconf 84' lang='lat' dir='ltr'><strong>Et</strong></span> <span class='ocrx_word' id='word_1_262' title='bbox 3719 1733 3912 1775; x_wconf 81' lang='lat' dir='ltr'><strong>secun-</strong></span> 
     </span>
    </p>
   </div>
   <div class='ocr_carea' id='block_1_32' title="bbox 597 1814 3906 1889">
    <p class='ocr_par' dir='ltr' id='par_1_32' title="bbox 597 1814 3906 1889">
     <span class='ocr_line' id='line_1_32' title="bbox 597 1814 3906 1889; baseline -0.001 -21"><span class='ocrx_word' id='word_1_263' title='bbox 597 1823 779 1869; x_wconf 88' lang='lat' dir='ltr'><strong>autem</strong></span> <span class='ocrx_word' id='word_1_264' title='bbox 808 1829 867 1869; x_wconf 91' lang='lat' dir='ltr'><strong>se</strong></span> <span class='ocrx_word' id='word_1_265' title='bbox 899 1815 1014 1869; x_wconf 84' lang='lat' dir='ltr'><strong>viso</strong></span> <span class='ocrx_word' id='word_1_266' title='bbox 1041 1815 1202 1870; x_wconf 82' lang='lat' dir='ltr'><strong>Pater</strong></span> <span class='ocrx_word' id='word_1_267' title='bbox 1231 1815 1461 1880; x_wconf 90' lang='lat' dir='ltr'><strong>videtur,</strong></span> <span class='ocrx_word' id='word_1_268' title='bbox 1485 1818 1648 1889; x_wconf 77' lang='lat'><strong>382</strong></span> <span class='ocrx_word' id='word_1_269' title='bbox 1681 1828 1888 1872; x_wconf 72' lang='lat' dir='ltr'><strong>natura:</strong></span> <span class='ocrx_word' id='word_1_270' title='bbox 1919 1821 2200 1876; x_wconf 86' lang='lat' dir='ltr'><strong>conseien-</strong></span> <span class='ocrx_word' id='word_1_271' title='bbox 2235 1814 2284 1874; x_wconf 89' lang='lat' dir='ltr'><strong>B</strong></span> <span class='ocrx_word' id='word_1_272' title='bbox 2309 1817 2434 1870; x_wconf 88' lang='lat' dir='ltr'><strong>dum</strong></span> <span class='ocrx_word' id='word_1_273' title='bbox 2465 1831 2751 1872; x_wconf 91' lang='lat' dir='ltr'><strong>commune</strong></span> <span class='ocrx_word' id='word_1_274' title='bbox 2792 1815 3076 1886; x_wconf 79' lang='lat' dir='ltr'><strong>judicium,</strong></span> <span class='ocrx_word' id='word_1_275' title='bbox 3108 1815 3196 1870; x_wconf 92' lang='lat' dir='ltr'><strong>ubi</strong></span> <span class='ocrx_word' id='word_1_276' title='bbox 3251 1814 3412 1886; x_wconf 78' lang='lat'><strong>383</strong></span> <span class='ocrx_word' id='word_1_277' title='bbox 3456 1829 3562 1868; x_wconf 91' lang='lat' dir='ltr'><strong>non</strong></span> <span class='ocrx_word' id='word_1_278' title='bbox 3593 1821 3677 1867; x_wconf 90' lang='lat' dir='ltr'><strong>est</strong></span> <span class='ocrx_word' id='word_1_279' title='bbox 3696 1827 3906 1878; x_wconf 81' lang='lat' dir='ltr'><strong>servus,</strong></span> 
     </span>
    </p>
   </div>
   <div class='ocr_carea' id='block_1_33' title="bbox 601 1906 2204 1980">
    <p class='ocr_par' dir='ltr' id='par_1_33' title="bbox 601 1906 2204 1980">
     <span class='ocr_line' id='line_1_33' title="bbox 601 1906 2204 1980; baseline 0.004 -20"><span class='ocrx_word' id='word_1_280' title='bbox 601 1906 676 1960; x_wconf 85' lang='lat' dir='ltr'><strong>tia</strong></span> <span class='ocrx_word' id='word_1_281' title='bbox 704 1915 809 1971; x_wconf 90' lang='lat' dir='ltr'><strong>est,</strong></span> <span class='ocrx_word' id='word_1_282' title='bbox 849 1906 921 1980; x_wconf 75' lang='grc' dir='ltr'><strong>(ὁ)</strong></span> <span class='ocrx_word' id='word_1_283' title='bbox 953 1922 1074 1977; x_wconf 74' lang='lat' dir='ltr'><strong>qua:</strong></span> <span class='ocrx_word' id='word_1_284' title='bbox 1116 1907 1180 1961; x_wconf 87' lang='lat' dir='ltr'><strong>ad</strong></span> <span class='ocrx_word' id='word_1_285' title='bbox 1204 1907 1724 1963; x_wconf 85' lang='lat' dir='ltr'><strong>demonstrationem</strong></span> <span class='ocrx_word' id='word_1_286' title='bbox 1759 1910 1811 1964; x_wconf 91' lang='lat' dir='ltr'><strong>in</strong></span> <span class='ocrx_word' id='word_1_287' title='bbox 1841 1925 1900 1965; x_wconf 91' lang='lat' dir='ltr'><strong>se</strong></span> <span class='ocrx_word' id='word_1_288' title='bbox 1931 1911 2048 1978; x_wconf 92' lang='lat' dir='ltr'><strong>Dei,</strong></span> <span class='ocrx_word' id='word_1_289' title='bbox 2099 1928 2204 1966; x_wconf 91' lang='lat' dir='ltr'><strong>non</strong></span> 
     </span>
    </p>
   </div>
   <div class='ocr_carea' id='block_1_34' title="bbox 599 1999 2206 2074">
    <p class='ocr_par' dir='ltr' id='par_1_34' title="bbox 599 1999 2206 2074">
     <span class='ocr_line' id='line_1_34' title="bbox 599 1999 2206 2074; baseline 0.006 -20"><span class='ocrx_word' id='word_1_290' title='bbox 599 1999 772 2055; x_wconf 85' lang='lat' dir='ltr'><strong>aliena</strong></span> <span class='ocrx_word' id='word_1_291' title='bbox 799 2018 828 2056; x_wconf 88' lang='lat' dir='ltr'><strong>a</strong></span> <span class='ocrx_word' id='word_1_292' title='bbox 859 2001 973 2056; x_wconf 91' lang='lat' dir='ltr'><strong>Deo</strong></span> <span class='ocrx_word' id='word_1_293' title='bbox 1005 2002 1056 2055; x_wconf 93' lang='lat' dir='ltr'><strong>in</strong></span> <span class='ocrx_word' id='word_1_294' title='bbox 1086 2002 1256 2058; x_wconf 85' lang='lat' dir='ltr'><strong>De-tm</strong></span> <span class='ocrx_word' id='word_1_295' title='bbox 1287 2013 1410 2058; x_wconf 88' lang='lat' dir='ltr'><strong>nata</strong></span> <span class='ocrx_word' id='word_1_296' title='bbox 1441 2005 1761 2060; x_wconf 83' lang='lat' dir='ltr'><strong>substiterit.</strong></span> <span class='ocrx_word' id='word_1_297' title='bbox 1788 2003 1887 2062; x_wconf 73' lang='lat' dir='ltr'><strong>Vel</strong></span> <span class='ocrx_word' id='word_1_298' title='bbox 1915 2006 2066 2074; x_wconf 86' lang='lat' dir='ltr'><strong>illud,</strong></span> <span class='ocrx_word' id='word_1_299' title='bbox 2102 2008 2206 2063; x_wconf 82' lang='lat' dir='ltr'><strong>Pa-</strong></span> 
     </span>
    </p>
   </div>
   <div class='ocr_carea' id='block_1_35' title="bbox 603 2092 2205 2172">
    <p class='ocr_par' dir='ltr' id='par_1_35' title="bbox 603 2092 2205 2172">
     <span class='ocr_line' id='line_1_35' title="bbox 603 2092 2205 2172; baseline 0.007 -26"><span class='ocrx_word' id='word_1_300' title='bbox 603 2099 679 2146; x_wconf 90' lang='lat' dir='ltr'><strong>ter</strong></span> <span class='ocrx_word' id='word_1_301' title='bbox 703 2093 844 2164; x_wconf 82' lang='lat' dir='ltr'><strong>quod</strong></span> <span class='ocrx_word' id='word_1_302' title='bbox 872 2092 950 2166; x_wconf 73' lang='lat'><strong>(‘2)</strong></span> <span class='ocrx_word' id='word_1_303' title='bbox 987 2093 1060 2166; x_wconf 77' lang='grc' dir='ltr'><strong>(ε)</strong></span> <span class='ocrx_word' id='word_1_304' title='bbox 1089 2094 1228 2148; x_wconf 87' lang='lat' dir='ltr'><strong>dedit</strong></span> <span class='ocrx_word' id='word_1_305' title='bbox 1253 2097 1399 2162; x_wconf 82' lang='lat' dir='ltr'><strong>mihi,</strong></span> <span class='ocrx_word' id='word_1_306' title='bbox 1425 2101 1597 2170; x_wconf 81' lang='lat' dir='ltr'><strong>majus</strong></span> <span class='ocrx_word' id='word_1_307' title='bbox 1623 2109 1697 2152; x_wconf 87' lang='lat' dir='ltr'><strong>est</strong></span> <span class='ocrx_word' id='word_1_308' title='bbox 1751 2099 1985 2155; x_wconf 88' lang='lat' dir='ltr'><strong>omnibus</strong></span> <span class='ocrx_word' id='word_1_309' title='bbox 2023 2100 2205 2172; x_wconf 82' lang='lat' dir='ltr'><strong>(Joau.</strong></span> 
     </span>
    </p>
   </div>
   <div class='ocr_carea' id='block_1_36' title="bbox 602 2183 2212 2267">
    <p class='ocr_par' dir='ltr' id='par_1_36' title="bbox 602 2183 2212 2267">
     <span class='ocr_line' id='line_1_36' title="bbox 602 2183 2212 2267; baseline 0.007 -29"><span class='ocrx_word' id='word_1_310' title='bbox 602 2199 660 2250; x_wconf 80' lang='lat' dir='ltr'><strong>x,</strong></span> <span class='ocrx_word' id='word_1_311' title='bbox 690 2183 819 2255; x_wconf 77' lang='lat'><strong>29);</strong></span> <span class='ocrx_word' id='word_1_312' title='bbox 850 2193 904 2240; x_wconf 86' lang='lat' dir='ltr'><strong>et</strong></span> <span class='ocrx_word' id='word_1_313' title='bbox 931 2201 1164 2251; x_wconf 83' lang='lat' dir='ltr'><strong>rursum,</strong></span> <span class='ocrx_word' id='word_1_314' title='bbox 1203 2185 1311 2259; x_wconf 87' lang='lat' dir='ltr'><strong>Ego</strong></span> <span class='ocrx_word' id='word_1_315' title='bbox 1338 2197 1385 2243; x_wconf 89' lang='lat' dir='ltr'><strong>et</strong></span> <span class='ocrx_word' id='word_1_316' title='bbox 1441 2189 1600 2244; x_wconf 84' lang='lat' dir='ltr'><strong>Pater</strong></span> <span class='ocrx_word' id='word_1_317' title='bbox 1643 2208 1800 2245; x_wconf 86' lang='lat' dir='ltr'><strong>unum</strong></span> <span class='ocrx_word' id='word_1_318' title='bbox 1852 2210 2027 2247; x_wconf 87' lang='lat' dir='ltr'><strong>sumus</strong></span> <span class='ocrx_word' id='word_1_319' title='bbox 2077 2195 2212 2267; x_wconf 84' lang='lat' dir='ltr'><strong>(tbi-</strong></span> 
     </span>
    </p>
   </div>
   <div class='ocr_carea' id='block_1_37' title="bbox 553 2275 2212 2355">
    <p class='ocr_par' dir='ltr' id='par_1_37' title="bbox 553 2275 2212 2355">
     <span class='ocr_line' id='line_1_37' title="bbox 553 2275 2212 2355; baseline 0.008 -27"><span class='ocrx_word' id='word_1_320' title='bbox 553 2333 564 2338; x_wconf 97' lang='lat'><em>_</em></span> <span class='ocrx_word' id='word_1_321' title='bbox 605 2275 743 2342; x_wconf 86' lang='lat' dir='ltr'><strong>dem,</strong></span> <span class='ocrx_word' id='word_1_322' title='bbox 774 2277 888 2347; x_wconf 81' lang='lat'><strong>50).</strong></span> <span class='ocrx_word' id='word_1_323' title='bbox 924 2276 1057 2332; x_wconf 87' lang='lat' dir='ltr'><strong>Nam</strong></span> <span class='ocrx_word' id='word_1_324' title='bbox 1081 2287 1135 2334; x_wconf 89' lang='lat' dir='ltr'><strong>et</strong></span> <span class='ocrx_word' id='word_1_325' title='bbox 1173 2279 1321 2335; x_wconf 90' lang='lat' dir='ltr'><strong>datio</strong></span> <span class='ocrx_word' id='word_1_326' title='bbox 1375 2291 1595 2350; x_wconf 87' lang='lat' dir='ltr'><strong>paterna</strong></span> <span class='ocrx_word' id='word_1_327' title='bbox 1640 2294 1872 2355; x_wconf 87' lang='lat' dir='ltr'><strong>sumptae</strong></span> <span class='ocrx_word' id='word_1_328' title='bbox 1917 2287 2212 2342; x_wconf 90' lang='lat' dir='ltr'><strong>nativitatis</strong></span> 
     </span>
    </p>
   </div>
   <div class='ocr_carea' id='block_1_38' title="bbox 603 2367 2213 2444">
    <p class='ocr_par' dir='ltr' id='par_1_38' title="bbox 603 2367 2213 2444">
     <span class='ocr_line' id='line_1_38' title="bbox 603 2367 2213 2444; baseline 0.006 -22"><span class='ocrx_word' id='word_1_329' title='bbox 603 2367 875 2438; x_wconf 83' lang='lat' dir='ltr'><strong>professio</strong></span> <span class='ocrx_word' id='word_1_330' title='bbox 901 2379 985 2424; x_wconf 92' lang='lat' dir='ltr'><strong>est</strong></span> <span class='ocrx_word' id='word_1_331' title='bbox 1016 2388 1028 2422; x_wconf 91' lang='lat'><strong>:</strong></span> <span class='ocrx_word' id='word_1_332' title='bbox 1058 2380 1112 2424; x_wconf 91' lang='lat' dir='ltr'><strong>et</strong></span> <span class='ocrx_word' id='word_1_333' title='bbox 1150 2371 1294 2440; x_wconf 90' lang='lat' dir='ltr'><strong>quod</strong></span> <span class='ocrx_word' id='word_1_334' title='bbox 1326 2389 1489 2426; x_wconf 91' lang='lat' dir='ltr'><strong>unum</strong></span> <span class='ocrx_word' id='word_1_335' title='bbox 1517 2383 1664 2442; x_wconf 93' lang='lat' dir='ltr'><strong>sunt,</strong></span> <span class='ocrx_word' id='word_1_336' title='bbox 1697 2377 2002 2444; x_wconf 78' lang='lat' dir='ltr'><strong>proprietas</strong></span> <span class='ocrx_word' id='word_1_337' title='bbox 2026 2393 2090 2432; x_wconf 79' lang='lat' dir='ltr'><strong>ex</strong></span> <span class='ocrx_word' id='word_1_338' title='bbox 2117 2396 2213 2432; x_wconf 89' lang='lat' dir='ltr'><strong>na-</strong></span> 
     </span>
    </p>
   </div>
   <div class='ocr_carea' id='block_1_39' title="bbox 605 2459 2212 2538">
    <p class='ocr_par' dir='ltr' id='par_1_39' title="bbox 605 2459 2212 2538">
     <span class='ocr_line' id='line_1_39' title="bbox 605 2459 2212 2538; baseline 0.007 -24"><span class='ocrx_word' id='word_1_339' title='bbox 605 2459 814 2515; x_wconf 80' lang='lat' dir='ltr'><strong>tivitate</strong></span> <span class='ocrx_word' id='word_1_340' title='bbox 837 2468 1046 2515; x_wconf 64' lang='lat' dir='ltr'><strong>natura!</strong></span> <span class='ocrx_word' id='word_1_341' title='bbox 1076 2471 1181 2517; x_wconf 90' lang='lat' dir='ltr'><strong>est.</strong></span> <span class='ocrx_word' id='word_1_342' title='bbox 1216 2461 1317 2518; x_wconf 79' lang='lat' dir='ltr'><strong>Vel</strong></span> <span class='ocrx_word' id='word_1_343' title='bbox 1350 2464 1500 2529; x_wconf 90' lang='lat' dir='ltr'><strong>illttd,</strong></span> <span class='ocrx_word' id='word_1_344' title='bbox 1537 2465 1645 2520; x_wconf 86' lang='lat' dir='ltr'><strong>Sed</strong></span> <span class='ocrx_word' id='word_1_345' title='bbox 1664 2467 1924 2538; x_wconf 84' lang='lat' dir='ltr'><strong>judicium</strong></span> <span class='ocrx_word' id='word_1_346' title='bbox 1949 2487 2096 2524; x_wconf 83' lang='lat' dir='ltr'><strong>omne</strong></span> <span class='ocrx_word' id='word_1_347' title='bbox 2121 2471 2212 2525; x_wconf 90' lang='lat' dir='ltr'><strong>de-</strong></span> 
     </span>
    </p>
   </div>
   <div class='ocr_carea' id='block_1_40' title="bbox 607 2549 2214 2634">
    <p class='ocr_par' dir='ltr' id='par_1_40' title="bbox 607 2549 2214 2634">
     <span class='ocr_line' id='line_1_40' title="bbox 607 2549 2214 2634; baseline 0.007 -28"><span class='ocrx_word' id='word_1_348' title='bbox 607 2552 684 2606; x_wconf 89' lang='lat' dir='ltr'><strong>dit</strong></span> <span class='ocrx_word' id='word_1_349' title='bbox 704 2549 867 2619; x_wconf 83' lang='lat' dir='ltr'><strong>Filio,</strong></span> <span class='ocrx_word' id='word_1_350' title='bbox 899 2561 955 2606; x_wconf 89' lang='lat' dir='ltr'><strong>ut</strong></span> <span class='ocrx_word' id='word_1_351' title='bbox 980 2570 1155 2608; x_wconf 87' lang='lat' dir='ltr'><strong>omnes</strong></span> <span class='ocrx_word' id='word_1_352' title='bbox 1184 2555 1523 2627; x_wconf 81' lang='lat' dir='ltr'><strong>Itonorificent</strong></span> <span class='ocrx_word' id='word_1_353' title='bbox 1556 2557 1770 2624; x_wconf 86' lang='lat' dir='ltr'><strong>Filium,</strong></span> <span class='ocrx_word' id='word_1_354' title='bbox 1802 2559 1935 2616; x_wconf 90' lang='lat' dir='ltr'><strong>sicut</strong></span> <span class='ocrx_word' id='word_1_355' title='bbox 1961 2563 2214 2634; x_wconf 74' lang='lat' dir='ltr'><strong>honori/i-</strong></span> 
     </span>
    </p>
   </div>
   <div class='ocr_carea' id='block_1_41' title="bbox 606 2642 2210 2723">
    <p class='ocr_par' dir='ltr' id='par_1_41' title="bbox 606 2642 2210 2723">
     <span class='ocr_line' id='line_1_41' title="bbox 606 2642 2210 2723; baseline 0.009 -27"><span class='ocrx_word' id='word_1_356' title='bbox 606 2652 726 2697; x_wconf 87' lang='lat' dir='ltr'><strong>cant</strong></span> <span class='ocrx_word' id='word_1_357' title='bbox 774 2642 986 2700; x_wconf 81' lang='lat' dir='ltr'><strong>Patrem</strong></span> <span class='ocrx_word' id='word_1_358' title='bbox 1023 2645 1206 2716; x_wconf 85' lang='lat' dir='ltr'><strong>(Joau.</strong></span> <span class='ocrx_word' id='word_1_359' title='bbox 1242 2662 1296 2712; x_wconf 93' lang='lat' dir='ltr'><strong>v,</strong></span> <span class='ocrx_word' id='word_1_360' title='bbox 1326 2645 1398 2700; x_wconf 74' lang='lat'><strong>2‘2</strong></span> <span class='ocrx_word' id='word_1_361' title='bbox 1419 2657 1466 2702; x_wconf 91' lang='lat' dir='ltr'><strong>et</strong></span> <span class='ocrx_word' id='word_1_362' title='bbox 1491 2647 1606 2720; x_wconf 75' lang='lat'><strong>23).</strong></span> <span class='ocrx_word' id='word_1_363' title='bbox 1637 2649 1767 2704; x_wconf 88' lang='lat' dir='ltr'><strong>Nam</strong></span> <span class='ocrx_word' id='word_1_364' title='bbox 1793 2650 1919 2706; x_wconf 89' lang='lat' dir='ltr'><strong>dum</strong></span> <span class='ocrx_word' id='word_1_365' title='bbox 1949 2652 2210 2723; x_wconf 89' lang='lat' dir='ltr'><strong>judicium</strong></span> 
     </span>
    </p>
   </div>
   <div class='ocr_carea' id='block_1_42' title="bbox 607 2733 2214 2816">
    <p class='ocr_par' dir='ltr' id='par_1_42' title="bbox 607 2733 2214 2816">
     <span class='ocr_line' id='line_1_42' title="bbox 607 2733 2214 2816; baseline 0.008 -28"><span class='ocrx_word' id='word_1_366' title='bbox 607 2733 790 2800; x_wconf 89' lang='lat' dir='ltr'><strong>datur,</strong></span> <span class='ocrx_word' id='word_1_367' title='bbox 820 2735 1072 2808; x_wconf 84' lang='lat' dir='ltr'><strong>nativitas</strong></span> <span class='ocrx_word' id='word_1_368' title='bbox 1101 2737 1184 2806; x_wconf 72' lang='grc' dir='ltr'><strong>(ά)</strong></span> <span class='ocrx_word' id='word_1_369' title='bbox 1211 2753 1319 2792; x_wconf 90' lang='lat' dir='ltr'><strong>non</strong></span> <span class='ocrx_word' id='word_1_370' title='bbox 1347 2747 1556 2794; x_wconf 82' lang='lat' dir='ltr'><strong>tacetur</strong></span> <span class='ocrx_word' id='word_1_371' title='bbox 1584 2756 1597 2793; x_wconf 91' lang='lat'><strong>:</strong></span> <span class='ocrx_word' id='word_1_372' title='bbox 1633 2742 1759 2795; x_wconf 88' lang='lat' dir='ltr'><strong>dum</strong></span> <span class='ocrx_word' id='word_1_373' title='bbox 1807 2759 1934 2798; x_wconf 86' lang='lat' dir='ltr'><strong>vero</strong></span> <span class='ocrx_word' id='word_1_374' title='bbox 1957 2759 2214 2816; x_wconf 62' lang='lat' dir='ltr'><strong>exarqua-</strong></span> 
     </span>
    </p>
   </div>
   <div class='ocr_carea' id='block_1_43' title="bbox 607 2828 2211 2906">
    <p class='ocr_par' dir='ltr' id='par_1_43' title="bbox 607 2828 2211 2906">
     <span class='ocr_line' id='line_1_43' title="bbox 607 2828 2211 2906; baseline 0.007 -26"><span class='ocrx_word' id='word_1_375' title='bbox 607 2834 698 2882; x_wconf 85' lang='lat' dir='ltr'><strong>tur</strong></span> <span class='ocrx_word' id='word_1_376' title='bbox 727 2828 924 2894; x_wconf 87' lang='lat' dir='ltr'><strong>honor,</strong></span> <span class='ocrx_word' id='word_1_377' title='bbox 955 2839 1142 2883; x_wconf 87' lang='lat' dir='ltr'><strong>natura</strong></span> <span class='ocrx_word' id='word_1_378' title='bbox 1167 2830 1451 2887; x_wconf 86' lang='lat' dir='ltr'><strong>retinetur.</strong></span> <span class='ocrx_word' id='word_1_379' title='bbox 1492 2832 1583 2887; x_wconf 83' lang='lat' dir='ltr'><strong>Vel</strong></span> <span class='ocrx_word' id='word_1_380' title='bbox 1616 2834 1768 2900; x_wconf 87' lang='lat' dir='ltr'><strong>illud,</strong></span> <span class='ocrx_word' id='word_1_381' title='bbox 1808 2835 1921 2906; x_wconf 81' lang='lat' dir='ltr'><strong>Ego</strong></span> <span class='ocrx_word' id='word_1_382' title='bbox 1950 2837 2003 2890; x_wconf 88' lang='lat' dir='ltr'><strong>in</strong></span> <span class='ocrx_word' id='word_1_383' title='bbox 2035 2837 2211 2906; x_wconf 87' lang='lat' dir='ltr'><strong>Patre,</strong></span> 
     </span>
    </p>
   </div>
   <div class='ocr_carea' id='block_1_44' title="bbox 609 2918 2211 3006">
    <p class='ocr_par' dir='ltr' id='par_1_44' title="bbox 609 2918 2211 3006">
     <span class='ocr_line' id='line_1_44' title="bbox 609 2918 2211 3006; baseline 0.01 -34"><span class='ocrx_word' id='word_1_384' title='bbox 609 2928 660 2974; x_wconf 86' lang='lat' dir='ltr'><strong>et</strong></span> <span class='ocrx_word' id='word_1_385' title='bbox 689 2918 850 2974; x_wconf 89' lang='lat' dir='ltr'><strong>Pater</strong></span> <span class='ocrx_word' id='word_1_386' title='bbox 869 2922 922 2974; x_wconf 85' lang='lat' dir='ltr'><strong>in</strong></span> <span class='ocrx_word' id='word_1_387' title='bbox 945 2939 1024 2977; x_wconf 88' lang='lat' dir='ltr'><strong>me</strong></span> <span class='ocrx_word' id='word_1_388' title='bbox 1048 2939 1066 2986; x_wconf 86' lang='lat'><strong>;</strong></span> <span class='ocrx_word' id='word_1_389' title='bbox 1091 2931 1144 2977; x_wconf 91' lang='lat' dir='ltr'><strong>et</strong></span> <span class='ocrx_word' id='word_1_390' title='bbox 1175 2939 1412 2990; x_wconf 90' lang='lat' dir='ltr'><strong>rursum,</strong></span> <span class='ocrx_word' id='word_1_391' title='bbox 1439 2925 1598 2982; x_wconf 87' lang='lat' dir='ltr'><strong>Pater</strong></span> <span class='ocrx_word' id='word_1_392' title='bbox 1617 2932 1787 3002; x_wconf 86' lang='lat' dir='ltr'><strong>major</strong></span> <span class='ocrx_word' id='word_1_393' title='bbox 1811 2947 1887 2985; x_wconf 90' lang='lat' dir='ltr'><strong>me</strong></span> <span class='ocrx_word' id='word_1_394' title='bbox 1909 2941 1982 2986; x_wconf 88' lang='lat' dir='ltr'><strong>est</strong></span> <span class='ocrx_word' id='word_1_395' title='bbox 2024 2931 2211 3006; x_wconf 71' lang='lat' dir='ltr'><strong>(toan.</strong></span> 
     </span>
    </p>
   </div>
   <div class='ocr_carea' id='block_1_45' title="bbox 611 3013 2213 3088">
    <p class='ocr_par' dir='ltr' id='par_1_45' title="bbox 611 3013 2213 3088">
     <span class='ocr_line' id='line_1_45' title="bbox 611 3013 2213 3088; baseline 0.009 -22"><span class='ocrx_word' id='word_1_396' title='bbox 611 3027 724 3080; x_wconf 75' lang='lat' dir='ltr'><strong>xiv,</strong></span> <span class='ocrx_word' id='word_1_397' title='bbox 754 3014 816 3067; x_wconf 81' lang='grc'><strong>11</strong></span> <span class='ocrx_word' id='word_1_398' title='bbox 849 3023 897 3069; x_wconf 91' lang='lat' dir='ltr'><strong>et</strong></span> <span class='ocrx_word' id='word_1_399' title='bbox 917 3013 1034 3087; x_wconf 76' lang='lat'><strong>28).</strong></span> <span class='ocrx_word' id='word_1_400' title='bbox 1067 3013 1120 3070; x_wconf 92' lang='lat' dir='ltr'><strong>In</strong></span> <span class='ocrx_word' id='word_1_401' title='bbox 1159 3031 1224 3071; x_wconf 91' lang='lat' dir='ltr'><strong>eo</strong></span> <span class='ocrx_word' id='word_1_402' title='bbox 1251 3018 1414 3078; x_wconf 88' lang='lat' dir='ltr'><strong>enim.</strong></span> <span class='ocrx_word' id='word_1_403' title='bbox 1443 3019 1584 3088; x_wconf 90' lang='lat' dir='ltr'><strong>quod</strong></span> <span class='ocrx_word' id='word_1_404' title='bbox 1615 3020 1667 3075; x_wconf 93' lang='lat' dir='ltr'><strong>in</strong></span> <span class='ocrx_word' id='word_1_405' title='bbox 1699 3037 1819 3078; x_wconf 90' lang='lat' dir='ltr'><strong>sese</strong></span> <span class='ocrx_word' id='word_1_406' title='bbox 1849 3035 1994 3086; x_wconf 87' lang='lat' dir='ltr'><strong>sunt,</strong></span> <span class='ocrx_word' id='word_1_407' title='bbox 2029 3028 2117 3082; x_wconf 82' lang='lat' dir='ltr'><strong>Dei</strong></span> <span class='ocrx_word' id='word_1_408' title='bbox 2149 3041 2213 3081; x_wconf 90' lang='lat' dir='ltr'><strong>ex</strong></span> 
     </span>
    </p>
   </div>
   <div class='ocr_carea' id='block_1_46' title="bbox 613 3103 2214 3187">
    <p class='ocr_par' dir='ltr' id='par_1_46' title="bbox 613 3103 2214 3187">
     <span class='ocr_line' id='line_1_46' title="bbox 613 3103 2214 3187; baseline 0.009 -27"><span class='ocrx_word' id='word_1_409' title='bbox 613 3103 730 3162; x_wconf 89' lang='lat' dir='ltr'><strong>Deo</strong></span> <span class='ocrx_word' id='word_1_410' title='bbox 759 3106 1094 3164; x_wconf 83' lang='lat' dir='ltr'><strong>divinitatem</strong></span> <span class='ocrx_word' id='word_1_411' title='bbox 1139 3124 1448 3180; x_wconf 84' lang='lat' dir='ltr'><strong>cognosce:</strong></span> <span class='ocrx_word' id='word_1_412' title='bbox 1477 3113 1531 3168; x_wconf 89' lang='lat' dir='ltr'><strong>in</strong></span> <span class='ocrx_word' id='word_1_413' title='bbox 1585 3129 1650 3170; x_wconf 89' lang='lat' dir='ltr'><strong>eo</strong></span> <span class='ocrx_word' id='word_1_414' title='bbox 1679 3130 1832 3181; x_wconf 85' lang='lat' dir='ltr'><strong>vero,</strong></span> <span class='ocrx_word' id='word_1_415' title='bbox 1864 3118 2006 3187; x_wconf 91' lang='lat' dir='ltr'><strong>quod</strong></span> <span class='ocrx_word' id='word_1_416' title='bbox 2056 3119 2214 3176; x_wconf 85' lang='lat' dir='ltr'><strong>Pater</strong></span> 
     </span>
    </p>
   </div>
   <div class='ocr_carea' id='block_1_47' title="bbox 2315 1903 3914 1980">
    <p class='ocr_par' dir='ltr' id='par_1_47' title="bbox 2315 1903 3914 1980">
     <span class='ocr_line' id='line_1_47' title="bbox 2315 1903 3914 1980; baseline -0.006 -13"><span class='ocrx_word' id='word_1_417' title='bbox 2315 1927 2490 1980; x_wconf 86' lang='lat' dir='ltr'><strong>neque</strong></span> <span class='ocrx_word' id='word_1_418' title='bbox 2513 1909 2765 1964; x_wconf 90' lang='lat' dir='ltr'><strong>dominus</strong></span> <span class='ocrx_word' id='word_1_419' title='bbox 2796 1917 2898 1963; x_wconf 89' lang='lat' dir='ltr'><strong>est.</strong></span> <span class='ocrx_word' id='word_1_420' title='bbox 2935 1908 3075 1962; x_wconf 82' lang='lat' dir='ltr'><strong>Dens</strong></span> <span class='ocrx_word' id='word_1_421' title='bbox 3105 1907 3320 1977; x_wconf 88' lang='lat' dir='ltr'><strong>quidem</strong></span> <span class='ocrx_word' id='word_1_422' title='bbox 3351 1918 3405 1967; x_wconf 84' lang='lat' dir='ltr'><strong>et</strong></span> <span class='ocrx_word' id='word_1_423' title='bbox 3441 1915 3592 1975; x_wconf 86' lang='lat' dir='ltr'><strong>pater</strong></span> <span class='ocrx_word' id='word_1_424' title='bbox 3620 1903 3914 1959; x_wconf 89' lang='lat' dir='ltr'><strong>nativitatis</strong></span> 
     </span>
    </p>
   </div>
   <div class='ocr_carea' id='block_1_48' title="bbox 2313 1999 3910 2074">
    <p class='ocr_par' dir='ltr' id='par_1_48' title="bbox 2313 1999 3910 2074">
     <span class='ocr_line' id='line_1_48' title="bbox 2313 1999 3910 2074; baseline -0.003 -16"><span class='ocrx_word' id='word_1_425' title='bbox 2313 2014 2394 2058; x_wconf 67' lang='lat' dir='ltr'><strong>est</strong></span> <span class='ocrx_word' id='word_1_426' title='bbox 2426 2003 2683 2074; x_wconf 82' lang='lat' dir='ltr'><strong>unigeniti</strong></span> <span class='ocrx_word' id='word_1_427' title='bbox 2717 2003 2813 2058; x_wconf 86' lang='lat' dir='ltr'><strong>Dei</strong></span> <span class='ocrx_word' id='word_1_428' title='bbox 2845 2021 2858 2055; x_wconf 85' lang='lat'><strong>:</strong></span> <span class='ocrx_word' id='word_1_429' title='bbox 2890 1999 2986 2056; x_wconf 86' lang='lat' dir='ltr'><strong>sed</strong></span> <span class='ocrx_word' id='word_1_430' title='bbox 3027 2001 3092 2054; x_wconf 87' lang='lat' dir='ltr'><strong>ad</strong></span> <span class='ocrx_word' id='word_1_431' title='bbox 3141 2000 3214 2064; x_wconf 86' lang='lat' dir='ltr'><strong>id,</strong></span> <span class='ocrx_word' id='word_1_432' title='bbox 3247 1999 3389 2069; x_wconf 88' lang='lat' dir='ltr'><strong>quod</strong></span> <span class='ocrx_word' id='word_1_433' title='bbox 3431 2014 3622 2054; x_wconf 88' lang='lat' dir='ltr'><strong>servus</strong></span> <span class='ocrx_word' id='word_1_434' title='bbox 3662 2007 3765 2062; x_wconf 89' lang='lat' dir='ltr'><strong>est,</strong></span> <span class='ocrx_word' id='word_1_435' title='bbox 3799 2013 3910 2053; x_wconf 86' lang='lat' dir='ltr'><strong>non</strong></span> 
     </span>
    </p>
   </div>
   <div class='ocr_carea' id='block_1_49' title="bbox 2313 2094 3914 2171">
    <p class='ocr_par' dir='ltr' id='par_1_49' title="bbox 2313 2094 3914 2171">
     <span class='ocr_line' id='line_1_49' title="bbox 2313 2094 3914 2171; baseline -0.004 -17"><span class='ocrx_word' id='word_1_436' title='bbox 2313 2113 2598 2169; x_wconf 75' lang='lat' dir='ltr'><strong>possumus</strong></span> <span class='ocrx_word' id='word_1_437' title='bbox 2623 2097 2701 2171; x_wconf 81' lang='lat' dir='ltr'><strong>(It)</strong></span> <span class='ocrx_word' id='word_1_438' title='bbox 2727 2098 2940 2152; x_wconf 87' lang='lat' dir='ltr'><strong>nonnisi</strong></span> <span class='ocrx_word' id='word_1_439' title='bbox 2966 2106 3091 2151; x_wconf 93' lang='lat' dir='ltr'><strong>tunc</strong></span> <span class='ocrx_word' id='word_1_440' title='bbox 3112 2096 3161 2150; x_wconf 90' lang='lat' dir='ltr'><strong>ei</strong></span> <span class='ocrx_word' id='word_1_441' title='bbox 3188 2094 3465 2150; x_wconf 90' lang='lat' dir='ltr'><strong>dominum</strong></span> <span class='ocrx_word' id='word_1_442' title='bbox 3488 2094 3768 2164; x_wconf 79' lang='lat' dir='ltr'><strong>deputare,</strong></span> <span class='ocrx_word' id='word_1_443' title='bbox 3789 2107 3914 2148; x_wconf 85' lang='lat' dir='ltr'><strong>eum</strong></span> 
     </span>
    </p>
   </div>
   <div class='ocr_carea' id='block_1_50' title="bbox 2314 2191 3914 2262">
    <p class='ocr_par' dir='ltr' id='par_1_50' title="bbox 2314 2191 3914 2262">
     <span class='ocr_line' id='line_1_50' title="bbox 2314 2191 3914 2262; baseline -0.006 -14"><span class='ocrx_word' id='word_1_444' title='bbox 2314 2207 2502 2248; x_wconf 89' lang='lat' dir='ltr'><strong>servus</strong></span> <span class='ocrx_word' id='word_1_445' title='bbox 2529 2199 2649 2247; x_wconf 84' lang='lat' dir='ltr'><strong>est:</strong></span> <span class='ocrx_word' id='word_1_446' title='bbox 2681 2191 2804 2262; x_wconf 89' lang='lat' dir='ltr'><strong>quia</strong></span> <span class='ocrx_word' id='word_1_447' title='bbox 2837 2191 2882 2245; x_wconf 91' lang='lat' dir='ltr'><strong>si</strong></span> <span class='ocrx_word' id='word_1_448' title='bbox 2914 2205 3034 2245; x_wconf 91' lang='lat' dir='ltr'><strong>cum</strong></span> <span class='ocrx_word' id='word_1_449' title='bbox 3081 2199 3207 2244; x_wconf 89' lang='lat' dir='ltr'><strong>ante</strong></span> <span class='ocrx_word' id='word_1_450' title='bbox 3237 2203 3334 2259; x_wconf 90' lang='lat' dir='ltr'><strong>per</strong></span> <span class='ocrx_word' id='word_1_451' title='bbox 3364 2199 3609 2242; x_wconf 88' lang='lat' dir='ltr'><strong>naturam</strong></span> <span class='ocrx_word' id='word_1_452' title='bbox 3644 2203 3748 2254; x_wconf 84' lang='lat' dir='ltr'><strong>non</strong></span> <span class='ocrx_word' id='word_1_453' title='bbox 3797 2195 3914 2240; x_wconf 87' lang='lat' dir='ltr'><strong>erat</strong></span> 
     </span>
    </p>
   </div>
   <div class='ocr_carea' id='block_1_51' title="bbox 2315 2279 3912 2354">
    <p class='ocr_par' dir='ltr' id='par_1_51' title="bbox 2315 2279 3912 2354">
     <span class='ocr_line' id='line_1_51' title="bbox 2315 2279 3912 2354; baseline -0.004 -16"><span class='ocrx_word' id='word_1_454' title='bbox 2315 2297 2523 2351; x_wconf 90' lang='lat' dir='ltr'><strong>servus,</strong></span> <span class='ocrx_word' id='word_1_455' title='bbox 2556 2292 2612 2339; x_wconf 88' lang='lat' dir='ltr'><strong>et</strong></span> <span class='ocrx_word' id='word_1_456' title='bbox 2659 2293 2844 2354; x_wconf 88' lang='lat' dir='ltr'><strong>postea</strong></span> <span class='ocrx_word' id='word_1_457' title='bbox 2877 2281 3171 2338; x_wconf 82' lang='lat' dir='ltr'><strong>secundum</strong></span> <span class='ocrx_word' id='word_1_458' title='bbox 3205 2288 3447 2334; x_wconf 89' lang='lat' dir='ltr'><strong>naturam</strong></span> <span class='ocrx_word' id='word_1_459' title='bbox 3481 2293 3604 2335; x_wconf 90' lang='lat' dir='ltr'><strong>esse</strong></span> <span class='ocrx_word' id='word_1_460' title='bbox 3632 2279 3772 2350; x_wconf 86' lang='lat' dir='ltr'><strong>quod</strong></span> <span class='ocrx_word' id='word_1_461' title='bbox 3802 2293 3912 2332; x_wconf 90' lang='lat' dir='ltr'><strong>non</strong></span> 
     </span>
    </p>
   </div>
   <div class='ocr_carea' id='block_1_52' title="bbox 2315 2371 3914 2450">
    <p class='ocr_par' dir='ltr' id='par_1_52' title="bbox 2315 2371 3914 2450">
     <span class='ocr_line' id='line_1_52' title="bbox 2315 2371 3914 2450; baseline -0.005 -16"><span class='ocrx_word' id='word_1_462' title='bbox 2315 2389 2432 2434; x_wconf 91' lang='lat' dir='ltr'><strong>erat</strong></span> <span class='ocrx_word' id='word_1_463' title='bbox 2473 2380 2673 2450; x_wconf 87' lang='lat' dir='ltr'><strong>coepit;</strong></span> <span class='ocrx_word' id='word_1_464' title='bbox 2722 2393 2828 2433; x_wconf 91' lang='lat' dir='ltr'><strong>non</strong></span> <span class='ocrx_word' id='word_1_465' title='bbox 2874 2377 2978 2432; x_wconf 92' lang='lat' dir='ltr'><strong>alia</strong></span> <span class='ocrx_word' id='word_1_466' title='bbox 3026 2377 3333 2432; x_wconf 86' lang='lat' dir='ltr'><strong>dominatus</strong></span> <span class='ocrx_word' id='word_1_467' title='bbox 3374 2389 3534 2430; x_wconf 87' lang='lat' dir='ltr'><strong>causa</strong></span> <span class='ocrx_word' id='word_1_468' title='bbox 3568 2371 3914 2443; x_wconf 83' lang='lat' dir='ltr'><strong>intelligentia</strong></span> 
     </span>
    </p>
   </div>
   <div class='ocr_carea' id='block_1_53' title="bbox 2316 2464 3916 2542">
    <p class='ocr_par' dir='ltr' id='par_1_53' title="bbox 2316 2464 3916 2542">
     <span class='ocr_line' id='line_1_53' title="bbox 2316 2464 3916 2542; baseline -0.003 -17"><span class='ocrx_word' id='word_1_469' title='bbox 2316 2481 2416 2534; x_wconf 85' lang='lat' dir='ltr'><strong>cst,</strong></span> <span class='ocrx_word' id='word_1_470' title='bbox 2451 2484 2612 2542; x_wconf 87' lang='lat' dir='ltr'><strong>qttam</strong></span> <span class='ocrx_word' id='word_1_471' title='bbox 2645 2484 2764 2540; x_wconf 89' lang='lat' dir='ltr'><strong>quae</strong></span> <span class='ocrx_word' id='word_1_472' title='bbox 2811 2469 3018 2524; x_wconf 87' lang='lat' dir='ltr'><strong>exstitit</strong></span> <span class='ocrx_word' id='word_1_473' title='bbox 3069 2467 3384 2531; x_wconf 84' lang='lat' dir='ltr'><strong>servitutis;</strong></span> <span class='ocrx_word' id='word_1_474' title='bbox 3441 2475 3570 2520; x_wconf 88' lang='lat' dir='ltr'><strong>tunc</strong></span> <span class='ocrx_word' id='word_1_475' title='bbox 3599 2464 3800 2520; x_wconf 89' lang='lat' dir='ltr'><strong>habens</strong></span> <span class='ocrx_word' id='word_1_476' title='bbox 3847 2481 3916 2521; x_wconf 81' lang='lat' dir='ltr'><strong>ex</strong></span> 
     </span>
    </p>
   </div>
   <div class='ocr_carea' id='block_1_54' title="bbox 2317 2557 3909 2631">
    <p class='ocr_par' dir='ltr' id='par_1_54' title="bbox 2317 2557 3909 2631">
     <span class='ocr_line' id='line_1_54' title="bbox 2317 2557 3909 2631; baseline -0.003 -14"><span class='ocrx_word' id='word_1_477' title='bbox 2317 2571 2524 2617; x_wconf 74' lang='lat' dir='ltr'><strong>natura:</strong></span> <span class='ocrx_word' id='word_1_478' title='bbox 2550 2561 2954 2631; x_wconf 86' lang='lat' dir='ltr'><strong>dispensatione</strong></span> <span class='ocrx_word' id='word_1_479' title='bbox 2983 2559 3278 2624; x_wconf 88' lang='lat' dir='ltr'><strong>dominum,</strong></span> <span class='ocrx_word' id='word_1_480' title='bbox 3316 2573 3441 2613; x_wconf 87' lang='lat' dir='ltr'><strong>cum</strong></span> <span class='ocrx_word' id='word_1_481' title='bbox 3465 2557 3692 2629; x_wconf 70' lang='lat' dir='ltr'><strong>prmbuit</strong></span> <span class='ocrx_word' id='word_1_482' title='bbox 3718 2572 3781 2613; x_wconf 83' lang='lat' dir='ltr'><strong>ex</strong></span> <span class='ocrx_word' id='word_1_483' title='bbox 3810 2557 3909 2612; x_wconf 68' lang='lat' dir='ltr'><strong>Ili}-</strong></span> 
     </span>
    </p>
   </div>
   <div class='ocr_carea' id='block_1_55' title="bbox 2317 2653 3213 2724">
    <p class='ocr_par' dir='ltr' id='par_1_55' title="bbox 2317 2653 3213 2724">
     <span class='ocr_line' id='line_1_55' title="bbox 2317 2653 3213 2724; baseline -0.006 -14"><span class='ocrx_word' id='word_1_484' title='bbox 2317 2656 2476 2710; x_wconf 85' lang='lat' dir='ltr'><strong>minis</strong></span> <span class='ocrx_word' id='word_1_485' title='bbox 2504 2653 2870 2724; x_wconf 86' lang='lat' dir='ltr'><strong>assumptione</strong></span> <span class='ocrx_word' id='word_1_486' title='bbox 2892 2667 2951 2709; x_wconf 90' lang='lat' dir='ltr'><strong>se</strong></span> <span class='ocrx_word' id='word_1_487' title='bbox 2975 2668 3213 2708; x_wconf 88' lang='lat' dir='ltr'><strong>servum.</strong></span> 
     </span>
    </p>
   </div>
   <div class='ocr_carea' id='block_1_56' title="bbox 2319 2745 3917 2819">
    <p class='ocr_par' dir='ltr' id='par_1_56' title="bbox 2319 2745 3917 2819">
     <span class='ocr_line' id='line_1_56' title="bbox 2319 2745 3917 2819; baseline -0.003 -14"><span class='ocrx_word' id='word_1_488' title='bbox 2319 2759 2332 2768; x_wconf 84' lang='grc'><em>’</em></span> <span class='ocrx_word' id='word_1_489' title='bbox 2391 2750 2478 2805; x_wconf 69' lang='lat' dir='ltr'><strong>ﬂ.</strong></span> <span class='ocrx_word' id='word_1_490' title='bbox 2522 2747 2589 2802; x_wconf 84' lang='lat' dir='ltr'><strong>In</strong></span> <span class='ocrx_word' id='word_1_491' title='bbox 2643 2752 2810 2819; x_wconf 82' lang='lat' dir='ltr'><strong>forma</strong></span> <span class='ocrx_word' id='word_1_492' title='bbox 2853 2748 2984 2802; x_wconf 74' lang='lat' dir='ltr'><strong>servi</strong></span> <span class='ocrx_word' id='word_1_493' title='bbox 3022 2747 3175 2814; x_wconf 74' lang='lat' dir='ltr'><strong>dixit,</strong></span> <span class='ocrx_word' id='word_1_494' title='bbox 3222 2747 3526 2811; x_wconf 72' lang='lat' dir='ltr'><strong>Anscsaoo,</strong></span> <span class='ocrx_word' id='word_1_495' title='bbox 3572 2754 3664 2800; x_wconf 87' lang='lat' dir='ltr'><strong>etc.</strong></span> <span class='ocrx_word' id='word_1_496' title='bbox 3697 2775 3769 2786; x_wconf 91' lang='lat'><strong>—</strong></span> <span class='ocrx_word' id='word_1_497' title='bbox 3799 2745 3917 2800; x_wconf 83' lang='lat' dir='ltr'><strong>Ma-</strong></span> 
     </span>
    </p>
   </div>
   <div class='ocr_carea' id='block_1_57' title="bbox 2319 2839 3917 2914">
    <p class='ocr_par' dir='ltr' id='par_1_57' title="bbox 2319 2839 3917 2914">
     <span class='ocr_line' id='line_1_57' title="bbox 2319 2839 3917 2914; baseline -0.001 -18"><span class='ocrx_word' id='word_1_498' title='bbox 2319 2857 2454 2898; x_wconf 89' lang='lat' dir='ltr'><strong>nens</strong></span> <span class='ocrx_word' id='word_1_499' title='bbox 2482 2843 2642 2914; x_wconf 84' lang='lat' dir='ltr'><strong>igitur</strong></span> <span class='ocrx_word' id='word_1_500' title='bbox 2665 2841 2718 2897; x_wconf 93' lang='lat' dir='ltr'><strong>in</strong></span> <span class='ocrx_word' id='word_1_501' title='bbox 2749 2843 2918 2896; x_wconf 85' lang='lat' dir='ltr'><strong>forma</strong></span> <span class='ocrx_word' id='word_1_502' title='bbox 2963 2842 3127 2907; x_wconf 88' lang='lat' dir='ltr'><strong>servi,</strong></span> <span class='ocrx_word' id='word_1_503' title='bbox 3156 2842 3245 2913; x_wconf 87' lang='lat' dir='ltr'><strong>qui</strong></span> <span class='ocrx_word' id='word_1_504' title='bbox 3290 2841 3544 2895; x_wconf 88' lang='lat' dir='ltr'><strong>manebat</strong></span> <span class='ocrx_word' id='word_1_505' title='bbox 3569 2848 3690 2895; x_wconf 88' lang='lat' dir='ltr'><strong>ante</strong></span> <span class='ocrx_word' id='word_1_506' title='bbox 3737 2840 3788 2894; x_wconf 88' lang='lat' dir='ltr'><strong>in</strong></span> <span class='ocrx_word' id='word_1_507' title='bbox 3816 2839 3917 2894; x_wconf 91' lang='lat' dir='ltr'><strong>Dei</strong></span> 
     </span>
    </p>
   </div>
   <div class='ocr_carea' id='block_1_58' title="bbox 2319 2932 3921 3006">
    <p class='ocr_par' dir='ltr' id='par_1_58' title="bbox 2319 2932 3921 3006">
     <span class='ocr_line' id='line_1_58' title="bbox 2319 2932 3921 3006; baseline 0 -17"><span class='ocrx_word' id='word_1_508' title='bbox 2319 2934 2513 3002; x_wconf 86' lang='lat' dir='ltr'><strong>forma,</strong></span> <span class='ocrx_word' id='word_1_509' title='bbox 2545 2935 2706 2990; x_wconf 92' lang='lat' dir='ltr'><strong>homo</strong></span> <span class='ocrx_word' id='word_1_510' title='bbox 2726 2933 2972 2990; x_wconf 88' lang='lat' dir='ltr'><strong>Christus</strong></span> <span class='ocrx_word' id='word_1_511' title='bbox 2992 2935 3152 2990; x_wconf 82' lang='lat' dir='ltr'><strong>Jesus</strong></span> <span class='ocrx_word' id='word_1_512' title='bbox 3173 2935 3385 2990; x_wconf 89' lang='lat' dir='ltr'><strong>locutus</strong></span> <span class='ocrx_word' id='word_1_513' title='bbox 3411 2942 3529 2989; x_wconf 86' lang='lat' dir='ltr'><strong>est:</strong></span> <span class='ocrx_word' id='word_1_514' title='bbox 3560 2934 3621 3006; x_wconf 88' lang='lat' dir='ltr'><strong>(i)</strong></span> <span class='ocrx_word' id='word_1_515' title='bbox 3651 2932 3921 2989; x_wconf 79' lang='lat' dir='ltr'><strong>Adsceudo</strong></span> 
     </span>
    </p>
   </div>
   <div class='ocr_carea' id='block_1_59' title="bbox 2319 3027 3923 3099">
    <p class='ocr_par' dir='ltr' id='par_1_59' title="bbox 2319 3027 3923 3099">
     <span class='ocr_line' id='line_1_59' title="bbox 2319 3027 3923 3099; baseline 0 -19"><span class='ocrx_word' id='word_1_516' title='bbox 2319 3027 2389 3080; x_wconf 86' lang='lat' dir='ltr'><strong>ad</strong></span> <span class='ocrx_word' id='word_1_517' title='bbox 2419 3037 2612 3096; x_wconf 88' lang='lat' dir='ltr'><strong>patrem</strong></span> <span class='ocrx_word' id='word_1_518' title='bbox 2642 3044 2808 3082; x_wconf 87' lang='lat' dir='ltr'><strong>meum</strong></span> <span class='ocrx_word' id='word_1_519' title='bbox 2840 3038 2886 3082; x_wconf 83' lang='lat' dir='ltr'><strong>et</strong></span> <span class='ocrx_word' id='word_1_520' title='bbox 2927 3027 2994 3080; x_wconf 89' lang='lat' dir='ltr'><strong>ad</strong></span> <span class='ocrx_word' id='word_1_521' title='bbox 3038 3038 3234 3099; x_wconf 79' lang='lat' dir='ltr'><strong>patrem</strong></span> <span class='ocrx_word' id='word_1_522' title='bbox 3271 3039 3516 3096; x_wconf 77' lang='lat' dir='ltr'><strong>vestrum,</strong></span> <span class='ocrx_word' id='word_1_523' title='bbox 3560 3039 3609 3082; x_wconf 88' lang='lat' dir='ltr'><strong>et</strong></span> <span class='ocrx_word' id='word_1_524' title='bbox 3657 3027 3724 3081; x_wconf 87' lang='lat' dir='ltr'><strong>ad</strong></span> <span class='ocrx_word' id='word_1_525' title='bbox 3750 3027 3923 3082; x_wconf 81' lang='lat' dir='ltr'><strong>Deum</strong></span> 
     </span>
    </p>
   </div>
   <div class='ocr_carea' id='block_1_60' title="bbox 2319 3121 3925 3194">
    <p class='ocr_par' dir='ltr' id='par_1_60' title="bbox 2319 3121 3925 3194">
     <span class='ocr_line' id='line_1_60' title="bbox 2319 3121 3925 3194; baseline 0.001 -20"><span class='ocrx_word' id='word_1_526' title='bbox 2319 3137 2486 3175; x_wconf 84' lang='lat' dir='ltr'><strong>meum</strong></span> <span class='ocrx_word' id='word_1_527' title='bbox 2513 3131 2560 3176; x_wconf 88' lang='lat' dir='ltr'><strong>et</strong></span> <span class='ocrx_word' id='word_1_528' title='bbox 2589 3121 2655 3176; x_wconf 83' lang='lat' dir='ltr'><strong>ad</strong></span> <span class='ocrx_word' id='word_1_529' title='bbox 2687 3121 2848 3176; x_wconf 91' lang='lat' dir='ltr'><strong>Deum</strong></span> <span class='ocrx_word' id='word_1_530' title='bbox 2877 3132 3094 3176; x_wconf 79' lang='lat' dir='ltr'><strong>vestrum</strong></span> <span class='ocrx_word' id='word_1_531' title='bbox 3141 3121 3322 3194; x_wconf 86' lang='lat' dir='ltr'><strong>(Joau.</strong></span> <span class='ocrx_word' id='word_1_532' title='bbox 3367 3138 3457 3187; x_wconf 87' lang='lat' dir='ltr'><strong>xx,</strong></span> <span class='ocrx_word' id='word_1_533' title='bbox 3495 3122 3619 3193; x_wconf 87' lang='grc'><strong>17).</strong></span> <span class='ocrx_word' id='word_1_534' title='bbox 3653 3121 3708 3178; x_wconf 92' lang='lat' dir='ltr'><strong>Si</strong></span> <span class='ocrx_word' id='word_1_535' title='bbox 3759 3122 3925 3192; x_wconf 79' lang='lat' dir='ltr'><strong>igitur</strong></span> 
     </span>
    </p>
   </div>
   <div class='ocr_carea' id='block_1_61' title="bbox 612 3199 3925 3285">
    <p class='ocr_par' dir='ltr' id='par_1_61' title="bbox 612 3199 3925 3285">
     <span class='ocr_line' id='line_1_61' title="bbox 612 3199 3925 3285; baseline 0.004 -32"><span class='ocrx_word' id='word_1_536' title='bbox 612 3199 790 3270; x_wconf 87' lang='lat' dir='ltr'><strong>major</strong></span> <span class='ocrx_word' id='word_1_537' title='bbox 831 3211 934 3266; x_wconf 84' lang='lat' dir='ltr'><strong>est,</strong></span> <span class='ocrx_word' id='word_1_538' title='bbox 967 3201 1363 3260; x_wconf 85' lang='lat' dir='ltr'><strong>confessionem</strong></span> <span class='ocrx_word' id='word_1_539' title='bbox 1409 3215 1645 3276; x_wconf 75' lang='lat' dir='ltr'><strong>paterna:</strong></span> <span class='ocrx_word' id='word_1_540' title='bbox 1673 3211 2013 3266; x_wconf 90' lang='lat' dir='ltr'><strong>auctoritatis</strong></span> <span class='ocrx_word' id='word_1_541' title='bbox 2057 3212 2215 3267; x_wconf 83' lang='lat' dir='ltr'><strong>intel-</strong></span> <span class='ocrx_word' id='word_1_542' title='bbox 2244 3205 2289 3268; x_wconf 91' lang='lat' dir='ltr'><strong><em>C</em></strong></span> <span class='ocrx_word' id='word_1_543' title='bbox 2324 3213 2441 3269; x_wconf 61' lang='lat' dir='ltr'><strong>hate</strong></span> <span class='ocrx_word' id='word_1_544' title='bbox 2462 3230 2672 3276; x_wconf 88' lang='lat' dir='ltr'><strong>servus.</strong></span> <span class='ocrx_word' id='word_1_545' title='bbox 2705 3225 2757 3270; x_wconf 87' lang='lat' dir='ltr'><strong>et</strong></span> <span class='ocrx_word' id='word_1_546' title='bbox 2785 3213 2850 3269; x_wconf 87' lang='lat' dir='ltr'><strong>ad</strong></span> <span class='ocrx_word' id='word_1_547' title='bbox 2881 3230 3070 3270; x_wconf 90' lang='lat' dir='ltr'><strong>servos</strong></span> <span class='ocrx_word' id='word_1_548' title='bbox 3101 3215 3310 3269; x_wconf 91' lang='lat' dir='ltr'><strong>locutus</strong></span> <span class='ocrx_word' id='word_1_549' title='bbox 3334 3221 3448 3278; x_wconf 91' lang='lat' dir='ltr'><strong>est;</strong></span> <span class='ocrx_word' id='word_1_550' title='bbox 3479 3213 3752 3284; x_wconf 89' lang='lat' dir='ltr'><strong>quomodo</strong></span> <span class='ocrx_word' id='word_1_551' title='bbox 3791 3228 3925 3285; x_wconf 83' lang='lat' dir='ltr'><strong>pro-</strong></span> 
     </span>
    </p>
   </div>
   <div class='ocr_carea' id='block_1_62' title="bbox 611 3291 2220 3373">
    <p class='ocr_par' dir='ltr' id='par_1_62' title="bbox 611 3291 2220 3373">
     <span class='ocr_line' id='line_1_62' title="bbox 611 3291 2220 3373; baseline 0.009 -28"><span class='ocrx_word' id='word_1_552' title='bbox 611 3291 740 3363; x_wconf 76' lang='lat' dir='ltr'><strong>lige.</strong></span> <span class='ocrx_word' id='word_1_553' title='bbox 770 3291 923 3349; x_wconf 87' lang='lat' dir='ltr'><strong>Sicut</strong></span> <span class='ocrx_word' id='word_1_554' title='bbox 944 3294 1149 3350; x_wconf 80' lang='lat' dir='ltr'><strong>et‘illud</strong></span> <span class='ocrx_word' id='word_1_555' title='bbox 1180 3305 1283 3362; x_wconf 89' lang='lat' dir='ltr'><strong>est,</strong></span> <span class='ocrx_word' id='word_1_556' title='bbox 1318 3296 1442 3352; x_wconf 81' lang='lat' dir='ltr'><strong>Non</strong></span> <span class='ocrx_word' id='word_1_557' title='bbox 1469 3309 1633 3368; x_wconf 86' lang='lat' dir='ltr'><strong>potest</strong></span> <span class='ocrx_word' id='word_1_558' title='bbox 1679 3299 1850 3355; x_wconf 88' lang='lat' dir='ltr'><strong>Filius</strong></span> <span class='ocrx_word' id='word_1_559' title='bbox 1880 3303 1942 3356; x_wconf 89' lang='lat' dir='ltr'><strong>ab</strong></span> <span class='ocrx_word' id='word_1_560' title='bbox 1973 3319 2025 3356; x_wconf 83' lang='lat' dir='ltr'><strong>se</strong></span> <span class='ocrx_word' id='word_1_561' title='bbox 2051 3304 2220 3373; x_wconf 81' lang='lat' dir='ltr'><strong>facere</strong></span> 
     </span>
    </p>
   </div>
   <div class='ocr_carea' id='block_1_63' title="bbox 555 3388 2221 3468">
    <p class='ocr_par' dir='ltr' id='par_1_63' title="bbox 555 3388 2221 3468">
     <span class='ocr_line' id='line_1_63' title="bbox 555 3388 2221 3468; baseline 0.008 -29"><span class='ocrx_word' id='word_1_562' title='bbox 555 3445 557 3448; x_wconf 1' lang='grc' dir='ltr'><strong>ι</strong></span> <span class='ocrx_word' id='word_1_563' title='bbox 614 3388 916 3459; x_wconf 83' lang='lat' dir='ltr'><strong>quidquam,</strong></span> <span class='ocrx_word' id='word_1_564' title='bbox 964 3390 1064 3444; x_wconf 85' lang='lat' dir='ltr'><strong>nisi</strong></span> <span class='ocrx_word' id='word_1_565' title='bbox 1091 3392 1232 3459; x_wconf 87' lang='lat' dir='ltr'><strong>quod</strong></span> <span class='ocrx_word' id='word_1_566' title='bbox 1277 3392 1456 3446; x_wconf 79' lang='lat' dir='ltr'><strong>viderit</strong></span> <span class='ocrx_word' id='word_1_567' title='bbox 1492 3393 1702 3449; x_wconf 84' lang='lat' dir='ltr'><strong>Patrem</strong></span> <span class='ocrx_word' id='word_1_568' title='bbox 1733 3395 2006 3464; x_wconf 78' lang='lat' dir='ltr'><strong>facientem</strong></span> <span class='ocrx_word' id='word_1_569' title='bbox 2036 3413 2054 3452; x_wconf 91' lang='lat'><strong><em>:</em></strong></span> <span class='ocrx_word' id='word_1_570' title='bbox 2079 3414 2221 3468; x_wconf 74' lang='lat' dir='ltr'><strong>qure-</strong></span> 
     </span>
    </p>
   </div>
   <div class='ocr_carea' id='block_1_64' title="bbox 615 3483 2216 3560">
    <p class='ocr_par' dir='ltr' id='par_1_64' title="bbox 615 3483 2216 3560">
     <span class='ocr_line' id='line_1_64' title="bbox 615 3483 2216 3560; baseline 0.007 -26"><span class='ocrx_word' id='word_1_571' title='bbox 615 3496 832 3551; x_wconf 85' lang='lat' dir='ltr'><strong>cumque</strong></span> <span class='ocrx_word' id='word_1_572' title='bbox 853 3483 988 3536; x_wconf 88' lang='lat' dir='ltr'><strong>enim</strong></span> <span class='ocrx_word' id='word_1_573' title='bbox 1015 3483 1106 3538; x_wconf 89' lang='lat' dir='ltr'><strong>ille</strong></span> <span class='ocrx_word' id='word_1_574' title='bbox 1126 3487 1274 3555; x_wconf 79' lang='lat' dir='ltr'><strong>facit,</strong></span> <span class='ocrx_word' id='word_1_575' title='bbox 1307 3485 1482 3541; x_wconf 89' lang='lat' dir='ltr'><strong>eadem</strong></span> <span class='ocrx_word' id='word_1_576' title='bbox 1525 3496 1574 3540; x_wconf 90' lang='lat' dir='ltr'><strong>et</strong></span> <span class='ocrx_word' id='word_1_577' title='bbox 1607 3485 1774 3540; x_wconf 82' lang='lat' dir='ltr'><strong>Filius</strong></span> <span class='ocrx_word' id='word_1_578' title='bbox 1805 3489 1929 3560; x_wconf 81' lang='lat' dir='ltr'><strong>facit</strong></span> <span class='ocrx_word' id='word_1_579' title='bbox 1956 3490 2216 3546; x_wconf 86' lang='lat' dir='ltr'><strong>similiter.</strong></span> 
     </span>
    </p>
   </div>
   <div class='ocr_carea' id='block_1_65' title="bbox 624 3572 2218 3653">
    <p class='ocr_par' dir='ltr' id='par_1_65' title="bbox 624 3572 2218 3653">
     <span class='ocr_line' id='line_1_65' title="bbox 624 3572 2218 3653; baseline 0.007 -27"><span class='ocrx_word' id='word_1_580' title='bbox 624 3572 808 3645; x_wconf 83' lang='lat' dir='ltr'><strong>(Joan.</strong></span> <span class='ocrx_word' id='word_1_581' title='bbox 844 3590 894 3642; x_wconf 79' lang='grc' dir='ltr'>γ,</span> <span class='ocrx_word' id='word_1_582' title='bbox 952 3575 1065 3644; x_wconf 88' lang='grc'><strong>19),</strong></span> <span class='ocrx_word' id='word_1_583' title='bbox 1100 3576 1235 3630; x_wconf 90' lang='lat' dir='ltr'><strong>Dum</strong></span> <span class='ocrx_word' id='word_1_584' title='bbox 1269 3591 1375 3632; x_wconf 92' lang='lat' dir='ltr'><strong>non</strong></span> <span class='ocrx_word' id='word_1_585' title='bbox 1408 3577 1477 3632; x_wconf 88' lang='lat' dir='ltr'><strong>ab</strong></span> <span class='ocrx_word' id='word_1_586' title='bbox 1499 3593 1559 3633; x_wconf 91' lang='lat' dir='ltr'><strong>se</strong></span> <span class='ocrx_word' id='word_1_587' title='bbox 1587 3578 1731 3644; x_wconf 86' lang='lat' dir='ltr'><strong>facit,</strong></span> <span class='ocrx_word' id='word_1_588' title='bbox 1762 3579 1828 3634; x_wconf 89' lang='lat' dir='ltr'><strong>ad</strong></span> <span class='ocrx_word' id='word_1_589' title='bbox 1857 3580 1907 3634; x_wconf 89' lang='lat' dir='ltr'><strong>id</strong></span> <span class='ocrx_word' id='word_1_590' title='bbox 1934 3582 2076 3652; x_wconf 90' lang='lat' dir='ltr'><strong>quod</strong></span> <span class='ocrx_word' id='word_1_591' title='bbox 2107 3584 2218 3653; x_wconf 83' lang='lat' dir='ltr'><strong>agit</strong></span> 
     </span>
    </p>
   </div>
   <div class='ocr_carea' id='block_1_66' title="bbox 616 3665 2217 3731">
    <p class='ocr_par' dir='ltr' id='par_1_66' title="bbox 616 3665 2217 3731">
     <span class='ocr_line' id='line_1_66' title="bbox 616 3665 2217 3731; baseline 0.006 -10"><span class='ocrx_word' id='word_1_592' title='bbox 616 3665 917 3721; x_wconf 89' lang='lat' dir='ltr'><strong>secundum</strong></span> <span class='ocrx_word' id='word_1_593' title='bbox 967 3667 1302 3724; x_wconf 85' lang='lat' dir='ltr'><strong>nativitatem</strong></span> <span class='ocrx_word' id='word_1_594' title='bbox 1341 3670 1440 3726; x_wconf 87' lang='lat' dir='ltr'><strong>sibi</strong></span> <span class='ocrx_word' id='word_1_595' title='bbox 1491 3670 1650 3726; x_wconf 90' lang='lat' dir='ltr'><strong>Pater</strong></span> <span class='ocrx_word' id='word_1_596' title='bbox 1679 3681 1870 3728; x_wconf 90' lang='lat' dir='ltr'><strong>auctor</strong></span> <span class='ocrx_word' id='word_1_597' title='bbox 1896 3683 1980 3728; x_wconf 89' lang='lat' dir='ltr'><strong>est</strong></span> <span class='ocrx_word' id='word_1_598' title='bbox 2007 3693 2020 3728; x_wconf 92' lang='lat'><strong>:</strong></span> <span class='ocrx_word' id='word_1_599' title='bbox 2051 3685 2104 3730; x_wconf 93' lang='lat' dir='ltr'><strong>et</strong></span> <span class='ocrx_word' id='word_1_600' title='bbox 2136 3686 2217 3731; x_wconf 86' lang='lat' dir='ltr'><strong>ta-</strong></span> 
     </span>
    </p>
   </div>
   <div class='ocr_carea' id='block_1_67' title="bbox 615 3761 2220 3833">
    <p class='ocr_par' dir='ltr' id='par_1_67' title="bbox 615 3761 2220 3833">
     <span class='ocr_line' id='line_1_67' title="bbox 615 3761 2220 3833; baseline 0.006 -19"><span class='ocrx_word' id='word_1_601' title='bbox 615 3773 741 3815; x_wconf 89' lang='lat' dir='ltr'><strong>men</strong></span> <span class='ocrx_word' id='word_1_602' title='bbox 786 3774 910 3815; x_wconf 90' lang='lat' dir='ltr'><strong>cum</strong></span> <span class='ocrx_word' id='word_1_603' title='bbox 956 3775 1313 3833; x_wconf 65' lang='lat' dir='ltr'><strong>quaecumque</strong></span> <span class='ocrx_word' id='word_1_604' title='bbox 1363 3761 1488 3818; x_wconf 88' lang='lat' dir='ltr'><strong>facit</strong></span> <span class='ocrx_word' id='word_1_605' title='bbox 1515 3763 1698 3829; x_wconf 83' lang='lat' dir='ltr'><strong>Pater,</strong></span> <span class='ocrx_word' id='word_1_606' title='bbox 1730 3765 1921 3821; x_wconf 90' lang='lat' dir='ltr'><strong>eadem</strong></span> <span class='ocrx_word' id='word_1_607' title='bbox 1955 3776 2010 3822; x_wconf 90' lang='lat' dir='ltr'><strong>et</strong></span> <span class='ocrx_word' id='word_1_608' title='bbox 2047 3768 2220 3824; x_wconf 88' lang='lat' dir='ltr'><strong>Filius</strong></span> 
     </span>
    </p>
   </div>
   <div class='ocr_carea' id='block_1_68' title="bbox 619 3853 2218 3929">
    <p class='ocr_par' dir='ltr' id='par_1_68' title="bbox 619 3853 2218 3929">
     <span class='ocr_line' id='line_1_68' title="bbox 619 3853 2218 3929; baseline 0.004 -19"><span class='ocrx_word' id='word_1_609' title='bbox 619 3853 751 3910; x_wconf 81' lang='lat' dir='ltr'><strong>facit</strong></span> <span class='ocrx_word' id='word_1_610' title='bbox 777 3853 1056 3921; x_wconf 87' lang='lat' dir='ltr'><strong>similiter,</strong></span> <span class='ocrx_word' id='word_1_611' title='bbox 1102 3871 1208 3910; x_wconf 91' lang='lat' dir='ltr'><strong>non</strong></span> <span class='ocrx_word' id='word_1_612' title='bbox 1243 3858 1294 3910; x_wconf 93' lang='lat' dir='ltr'><strong>in</strong></span> <span class='ocrx_word' id='word_1_613' title='bbox 1337 3857 1483 3912; x_wconf 87' lang='lat' dir='ltr'><strong>aliud</strong></span> <span class='ocrx_word' id='word_1_614' title='bbox 1529 3857 1731 3929; x_wconf 85' lang='lat' dir='ltr'><strong>aliquid</strong></span> <span class='ocrx_word' id='word_1_615' title='bbox 1773 3875 1933 3928; x_wconf 88' lang='lat' dir='ltr'><strong>quam</strong></span> <span class='ocrx_word' id='word_1_616' title='bbox 1965 3861 2018 3916; x_wconf 92' lang='lat' dir='ltr'><strong>in</strong></span> <span class='ocrx_word' id='word_1_617' title='bbox 2049 3863 2218 3917; x_wconf 82' lang='lat' dir='ltr'><strong>Deum</strong></span> 
     </span>
    </p>
   </div>
   <div class='ocr_carea' id='block_1_69' title="bbox 620 3951 2219 4025">
    <p class='ocr_par' dir='ltr' id='par_1_69' title="bbox 620 3951 2219 4025">
     <span class='ocr_line' id='line_1_69' title="bbox 620 3951 2219 4025; baseline 0.001 -17"><span class='ocrx_word' id='word_1_618' title='bbox 620 3951 889 4018; x_wconf 83' lang='lat' dir='ltr'><strong>subsistit,</strong></span> <span class='ocrx_word' id='word_1_619' title='bbox 923 3951 988 4006; x_wconf 88' lang='lat' dir='ltr'><strong>ad</strong></span> <span class='ocrx_word' id='word_1_620' title='bbox 1019 3952 1262 4008; x_wconf 86' lang='lat' dir='ltr'><strong>facienda</strong></span> <span class='ocrx_word' id='word_1_621' title='bbox 1285 3953 1490 4016; x_wconf 87' lang='lat' dir='ltr'><strong>omnia,</strong></span> <span class='ocrx_word' id='word_1_622' title='bbox 1521 3967 1642 4020; x_wconf 70' lang='lat' dir='ltr'><strong>qua:</strong></span> <span class='ocrx_word' id='word_1_623' title='bbox 1681 3953 1824 4010; x_wconf 89' lang='lat' dir='ltr'><strong>Deus</strong></span> <span class='ocrx_word' id='word_1_624' title='bbox 1853 3963 2008 4025; x_wconf 87' lang='lat' dir='ltr'><strong>pater</strong></span> <span class='ocrx_word' id='word_1_625' title='bbox 2037 3954 2219 4022; x_wconf 83' lang='lat' dir='ltr'><strong>faciat,</strong></span> 
     </span>
    </p>
   </div>
   <div class='ocr_carea' id='block_1_70' title="bbox 692 4069 1634 4210">
    <p class='ocr_par' dir='ltr' id='par_1_70' title="bbox 692 4069 1634 4210">
     <span class='ocr_line' id='line_1_70' title="bbox 692 4069 1634 4210; baseline 0 -84"><span class='ocrx_word' id='word_1_626' title='bbox 692 4069 777 4210; x_wconf 81' lang='lat' dir='ltr'><strong>(i)</strong></span> <span class='ocrx_word' id='word_1_627' title='bbox 811 4074 982 4127; x_wconf 78' lang='lat' dir='ltr'><strong>Antea</strong></span> <span class='ocrx_word' id='word_1_628' title='bbox 1003 4071 1302 4142; x_wconf 78' lang='lat' dir='ltr'><strong>legebatur,</strong></span> <span class='ocrx_word' id='word_1_629' title='bbox 1332 4071 1634 4126; x_wconf 83' lang='lat' dir='ltr'><strong>nativitatis.</strong></span> 
     </span>
     <span class='ocr_line' id='line_1_71' title="bbox 723 4143 1031 4210; baseline -0.003 -13"><span class='ocrx_word' id='word_1_630' title='bbox 723 4143 782 4210; x_wconf 71' lang='lat'><strong>2)</strong></span> <span class='ocrx_word' id='word_1_631' title='bbox 812 4143 1031 4197; x_wconf 81' lang='lat' dir='ltr'><strong>Dedisti.</strong></span> 
     </span>
    </p>
   </div>
   <div class='ocr_carea' id='block_1_71' title="bbox 621 4143 1031 4198">
    <p class='ocr_par' dir='ltr' id='par_1_71' title="bbox 621 4143 1031 4198">
     <span class='ocr_line' id='line_1_72' title="bbox 621 4143 1031 4198; baseline -0.005 0"><span class='ocrx_word' id='word_1_632' title='bbox 621 4146 629 4198; x_wconf 76' lang='grc' dir='ltr'><em>ῗ</em></span> <span class='ocrx_word' id='word_1_633' title='bbox 698 4143 782 4198; x_wconf 70' lang='lat' dir='ltr'><strong>l2)</strong></span> <span class='ocrx_word' id='word_1_634' title='bbox 812 4143 1031 4197; x_wconf 81' lang='lat' dir='ltr'><strong>Dedisti.</strong></span> 
     </span>
    </p>
   </div>
   <div class='ocr_carea' id='block_1_72' title="bbox 701 4143 1143 4287">
    <p class='ocr_par' dir='ltr' id='par_1_72' title="bbox 701 4143 1143 4287">
     <span class='ocr_line' id='line_1_73' title="bbox 701 4143 1031 4210; baseline -0.003 -13"><span class='ocrx_word' id='word_1_635' title='bbox 701 4143 758 4210; x_wconf 71' lang='lat'><strong>(2</strong></span> <span class='ocrx_word' id='word_1_636' title='bbox 812 4143 1031 4197; x_wconf 81' lang='lat' dir='ltr'><strong>Dedisti.</strong></span> 
     </span>
     <span class='ocr_line' id='line_1_74' title="bbox 701 4143 1143 4287; baseline -0.005 -17"><span class='ocrx_word' id='word_1_637' title='bbox 701 4143 782 4287; x_wconf 43' lang='grc' dir='ltr'><strong>(ὃ)</strong></span> <span class='ocrx_word' id='word_1_638' title='bbox 814 4214 975 4268; x_wconf 85' lang='lat' dir='ltr'><strong>Deum</strong></span> <span class='ocrx_word' id='word_1_639' title='bbox 1003 4215 1143 4284; x_wconf 77' lang='lat' dir='ltr'><strong>fecit.</strong></span> 
     </span>
    </p>
   </div>
   <div class='ocr_carea' id='block_1_73' title="bbox 626 4308 2225 4382">
    <p class='ocr_par' dir='ltr' id='par_1_73' title="bbox 626 4308 2225 4382">
     <span class='ocr_line' id='line_1_75' title="bbox 626 4308 2225 4382; baseline -0.001 -18"><span class='ocrx_word' id='word_1_640' title='bbox 626 4308 881 4382; x_wconf 66' lang='lat' dir='ltr'><strong>secundae</strong></span> <span class='ocrx_word' id='word_1_641' title='bbox 902 4322 1102 4382; x_wconf 79' lang='lat' dir='ltr'><strong>manus</strong></span> <span class='ocrx_word' id='word_1_642' title='bbox 1125 4322 1345 4382; x_wconf 86' lang='lat' dir='ltr'><strong>operam</strong></span> <span class='ocrx_word' id='word_1_643' title='bbox 1383 4308 1616 4382; x_wconf 84' lang='lat' dir='ltr'><strong>subolet.</strong></span> <span class='ocrx_word' id='word_1_644' title='bbox 1646 4308 1938 4382; x_wconf 78' lang='lat' dir='ltr'><strong>illitamen</strong></span> <span class='ocrx_word' id='word_1_645' title='bbox 1964 4309 2225 4382; x_wconf 78' lang='lat' dir='ltr'><strong>suifraga-</strong></span> 
     </span>
    </p>
   </div>
   <div class='ocr_carea' id='block_1_74' title="bbox 626 4377 2225 4452">
    <p class='ocr_par' dir='ltr' id='par_1_74' title="bbox 626 4377 2225 4452">
     <span class='ocr_line' id='line_1_76' title="bbox 626 4377 2225 4452; baseline 0.003 -21"><span class='ocrx_word' id='word_1_646' title='bbox 626 4388 717 4452; x_wconf 64' lang='lat' dir='ltr'><strong>tur</strong></span> <span class='ocrx_word' id='word_1_647' title='bbox 760 4377 1132 4443; x_wconf 85' lang='lat' dir='ltr'><strong>Martiniauus,</strong></span> <span class='ocrx_word' id='word_1_648' title='bbox 1161 4379 1260 4434; x_wconf 92' lang='lat' dir='ltr'><strong>hoc</strong></span> <span class='ocrx_word' id='word_1_649' title='bbox 1286 4388 1491 4435; x_wconf 86' lang='lat' dir='ltr'><strong>tantum</strong></span> <span class='ocrx_word' id='word_1_650' title='bbox 1520 4381 1588 4434; x_wconf 90' lang='lat' dir='ltr'><strong>ab</strong></span> <span class='ocrx_word' id='word_1_651' title='bbox 1613 4395 1679 4435; x_wconf 87' lang='lat' dir='ltr'><strong>eu</strong></span> <span class='ocrx_word' id='word_1_652' title='bbox 1706 4379 2053 4452; x_wconf 89' lang='lat' dir='ltr'><strong>discrepans,</strong></span> <span class='ocrx_word' id='word_1_653' title='bbox 2083 4377 2225 4452; x_wconf 68' lang='lat' dir='ltr'><strong>quod</strong></span> 
     </span>
    </p>
   </div>
   <div class='ocr_carea' id='block_1_75' title="bbox 540 4448 1406 4531">
    <p class='ocr_par' dir='ltr' id='par_1_75' title="bbox 540 4448 1406 4531">
     <span class='ocr_line' id='line_1_77' title="bbox 540 4448 1406 4531; baseline 0 -27"><span class='ocrx_word' id='word_1_654' title='bbox 540 4525 548 4531; x_wconf 81' lang='lat'>_</span> <span class='ocrx_word' id='word_1_655' title='bbox 627 4448 1019 4531; x_wconf 54' lang='lat' dir='ltr'><strong>habeaLpoter,</strong></span> <span class='ocrx_word' id='word_1_656' title='bbox 1054 4465 1160 4531; x_wconf 81' lang='lat' dir='ltr'><strong>non</strong></span> <span class='ocrx_word' id='word_1_657' title='bbox 1191 4453 1406 4531; x_wconf 83' lang='lat' dir='ltr'><strong>pariter.</strong></span> 
     </span>
    </p>
   </div>
   <div class='ocr_carea' id='block_1_76' title="bbox 703 4520 2226 4595">
    <p class='ocr_par' dir='ltr' id='par_1_76' title="bbox 703 4520 2226 4595">
     <span class='ocr_line' id='line_1_78' title="bbox 703 4520 2226 4595; baseline 0.001 -19"><span class='ocrx_word' id='word_1_658' title='bbox 703 4520 779 4595; x_wconf 90' lang='lat' dir='ltr'><strong>(a)</strong></span> <span class='ocrx_word' id='word_1_659' title='bbox 809 4520 922 4595; x_wconf 70' lang='lat' dir='ltr'><strong>Pro</strong></span> <span class='ocrx_word' id='word_1_660' title='bbox 937 4520 1205 4576; x_wconf 84' lang='lat' dir='ltr'><strong>subsistere</strong></span> <span class='ocrx_word' id='word_1_661' title='bbox 1226 4537 1297 4583; x_wconf 85' lang='lat' dir='ltr'><strong>se,</strong></span> <span class='ocrx_word' id='word_1_662' title='bbox 1317 4525 1421 4595; x_wconf 73' lang='lat' dir='ltr'><strong>hoc</strong></span> <span class='ocrx_word' id='word_1_663' title='bbox 1443 4531 1545 4584; x_wconf 71' lang='lat' dir='ltr'><strong>est,</strong></span> <span class='ocrx_word' id='word_1_664' title='bbox 1571 4521 1711 4591; x_wconf 90' lang='lat' dir='ltr'><strong>quod</strong></span> <span class='ocrx_word' id='word_1_665' title='bbox 1740 4521 2079 4595; x_wconf 73' lang='lat' dir='ltr'><strong>subsisteret,</strong></span> <span class='ocrx_word' id='word_1_666' title='bbox 2107 4522 2226 4592; x_wconf 86' lang='lat' dir='ltr'><strong>Er.,</strong></span> 
     </span>
    </p>
   </div>
   <div class='ocr_carea' id='block_1_77' title="bbox 625 4591 2082 4661">
    <p class='ocr_par' dir='ltr' id='par_1_77' title="bbox 625 4591 2082 4661">
     <span class='ocr_line' id='line_1_79' title="bbox 625 4591 2082 4661; baseline -0.001 -13"><span class='ocrx_word' id='word_1_667' title='bbox 625 4591 775 4660; x_wconf 74' lang='lat' dir='ltr'><strong>Lips.</strong></span> <span class='ocrx_word' id='word_1_668' title='bbox 810 4601 864 4646; x_wconf 88' lang='lat' dir='ltr'><strong>et</strong></span> <span class='ocrx_word' id='word_1_669' title='bbox 893 4592 1016 4646; x_wconf 83' lang='lat' dir='ltr'><strong>Par.</strong></span> <span class='ocrx_word' id='word_1_670' title='bbox 1041 4607 1318 4661; x_wconf 88' lang='lat' dir='ltr'><strong>perperam</strong></span> <span class='ocrx_word' id='word_1_671' title='bbox 1342 4593 1736 4648; x_wconf 87' lang='lat' dir='ltr'><strong>snbstituerunt</strong></span> <span class='ocrx_word' id='word_1_672' title='bbox 1764 4591 1984 4645; x_wconf 83' lang='lat' dir='ltr'><strong>subdere</strong></span> <span class='ocrx_word' id='word_1_673' title='bbox 2011 4610 2082 4646; x_wconf 84' lang='lat' dir='ltr'><strong>se.</strong></span> 
     </span>
    </p>
   </div>
   <div class='ocr_carea' id='block_1_78' title="bbox 699 4662 2232 4736">
    <p class='ocr_par' dir='ltr' id='par_1_78' title="bbox 699 4662 2232 4736">
     <span class='ocr_line' id='line_1_80' title="bbox 699 4662 2232 4736; baseline 0.001 -19"><span class='ocrx_word' id='word_1_674' title='bbox 699 4662 775 4736; x_wconf 88' lang='lat' dir='ltr'><strong>(b)</strong></span> <span class='ocrx_word' id='word_1_675' title='bbox 822 4663 878 4717; x_wconf 90' lang='lat' dir='ltr'><strong>In</strong></span> <span class='ocrx_word' id='word_1_676' title='bbox 917 4678 1023 4736; x_wconf 80' lang='lat' dir='ltr'><strong>ms.</strong></span> <span class='ocrx_word' id='word_1_677' title='bbox 1071 4662 1334 4736; x_wconf 67' lang='lat' dir='ltr'><strong>Vat.bas.</strong></span> <span class='ocrx_word' id='word_1_678' title='bbox 1377 4665 1592 4736; x_wconf 86' lang='lat' dir='ltr'><strong>quia_et</strong></span> <span class='ocrx_word' id='word_1_679' title='bbox 1631 4665 2114 4736; x_wconf 82' lang='lat' dir='ltr'><strong>demonstrationem</strong></span> <span class='ocrx_word' id='word_1_680' title='bbox 2152 4668 2232 4720; x_wconf 82' lang='lat' dir='ltr'><strong>sui</strong></span> 
     </span>
    </p>
   </div>
   <div class='ocr_carea' id='block_1_79' title="bbox 627 4731 2232 4800">
    <p class='ocr_par' dir='ltr' id='par_1_79' title="bbox 627 4731 2232 4800">
     <span class='ocr_line' id='line_1_81' title="bbox 627 4731 2232 4800; baseline 0.001 -11"><span class='ocrx_word' id='word_1_681' title='bbox 627 4731 767 4790; x_wconf 75' lang='lat' dir='ltr'><strong>Deus</strong></span> <span class='ocrx_word' id='word_1_682' title='bbox 789 4751 891 4788; x_wconf 86' lang='lat' dir='ltr'><strong>non</strong></span> <span class='ocrx_word' id='word_1_683' title='bbox 916 4734 1110 4788; x_wconf 86' lang='lat' dir='ltr'><strong>alienat</strong></span> <span class='ocrx_word' id='word_1_684' title='bbox 1135 4751 1166 4786; x_wconf 92' lang='lat' dir='ltr'><strong>a</strong></span> <span class='ocrx_word' id='word_1_685' title='bbox 1193 4731 1398 4789; x_wconf 84' lang='lat' dir='ltr'><strong>Christo</strong></span> <span class='ocrx_word' id='word_1_686' title='bbox 1423 4736 1474 4786; x_wconf 90' lang='lat' dir='ltr'><strong>in</strong></span> <span class='ocrx_word' id='word_1_687' title='bbox 1501 4731 1612 4785; x_wconf 87' lang='lat' dir='ltr'><strong>Deo</strong></span> <span class='ocrx_word' id='word_1_688' title='bbox 1633 4748 1746 4800; x_wconf 75' lang='lat' dir='ltr'><strong>qua:</strong></span> <span class='ocrx_word' id='word_1_689' title='bbox 1775 4745 1894 4785; x_wconf 85' lang='lat' dir='ltr'><strong>nata</strong></span> <span class='ocrx_word' id='word_1_690' title='bbox 1915 4734 2193 4789; x_wconf 85' lang='lat' dir='ltr'><strong>substiterit</strong></span> <span class='ocrx_word' id='word_1_691' title='bbox 2215 4755 2232 4791; x_wconf 91' lang='lat'><em>:</em></span> 
     </span>
    </p>
   </div>
   <div class='ocr_carea' id='block_1_80' title="bbox 628 4803 2231 4876">
    <p class='ocr_par' dir='ltr' id='par_1_80' title="bbox 628 4803 2231 4876">
     <span class='ocr_line' id='line_1_82' title="bbox 628 4803 2231 4876; baseline 0 -16"><span class='ocrx_word' id='word_1_692' title='bbox 628 4810 852 4876; x_wconf 80' lang='lat' dir='ltr'><strong>antiquo</strong></span> <span class='ocrx_word' id='word_1_693' title='bbox 893 4820 956 4858; x_wconf 90' lang='lat' dir='ltr'><strong>ac</strong></span> <span class='ocrx_word' id='word_1_694' title='bbox 999 4804 1284 4876; x_wconf 78' lang='lat' dir='ltr'><strong>manifesto</strong></span> <span class='ocrx_word' id='word_1_695' title='bbox 1325 4803 1659 4876; x_wconf 74' lang='lat' dir='ltr'><strong>corruptoris</strong></span> <span class='ocrx_word' id='word_1_696' title='bbox 1700 4817 1855 4858; x_wconf 86' lang='lat' dir='ltr'><strong>ausu.</strong></span> <span class='ocrx_word' id='word_1_697' title='bbox 1891 4804 1988 4858; x_wconf 83' lang='lat' dir='ltr'><strong>llic</strong></span> <span class='ocrx_word' id='word_1_698' title='bbox 2023 4823 2138 4869; x_wconf 72' lang='lat' dir='ltr'><strong>qua:</strong></span> <span class='ocrx_word' id='word_1_699' title='bbox 2165 4811 2231 4861; x_wconf 87' lang='lat' dir='ltr'><strong>ad</strong></span> 
     </span>
    </p>
   </div>
   <div class='ocr_carea' id='block_1_81' title="bbox 627 4873 2228 4946">
    <p class='ocr_par' dir='ltr' id='par_1_81' title="bbox 627 4873 2228 4946">
     <span class='ocr_line' id='line_1_83' title="bbox 627 4873 2228 4946; baseline 0.001 -16"><span class='ocrx_word' id='word_1_700' title='bbox 627 4873 1110 4931; x_wconf 74' lang='lat' dir='ltr'><strong>demonstrationem</strong></span> <span class='ocrx_word' id='word_1_701' title='bbox 1150 4875 1204 4928; x_wconf 88' lang='lat' dir='ltr'><strong>iu</strong></span> <span class='ocrx_word' id='word_1_702' title='bbox 1241 4890 1294 4928; x_wconf 84' lang='lat' dir='ltr'><strong>se</strong></span> <span class='ocrx_word' id='word_1_703' title='bbox 1323 4873 1451 4940; x_wconf 79' lang='lat' dir='ltr'><strong>Dei,</strong></span> <span class='ocrx_word' id='word_1_704' title='bbox 1480 4874 1532 4929; x_wconf 88' lang='lat' dir='ltr'><strong>id</strong></span> <span class='ocrx_word' id='word_1_705' title='bbox 1563 4883 1681 4940; x_wconf 89' lang='lat' dir='ltr'><strong>est,</strong></span> <span class='ocrx_word' id='word_1_706' title='bbox 1711 4888 1829 4943; x_wconf 65' lang='lat' dir='ltr'><strong>quae</strong></span> <span class='ocrx_word' id='word_1_707' title='bbox 1857 4885 1912 4929; x_wconf 85' lang='grc' dir='ltr'><strong>ιιι</strong></span> <span class='ocrx_word' id='word_1_708' title='bbox 1941 4891 2228 4946; x_wconf 86' lang='lat' dir='ltr'><strong>conspecta</strong></span> 
     </span>
    </p>
   </div>
   <div class='ocr_carea' id='block_1_82' title="bbox 629 4947 1246 5003">
    <p class='ocr_par' dir='ltr' id='par_1_82' title="bbox 629 4947 1246 5003">
     <span class='ocr_line' id='line_1_84' title="bbox 629 4947 1246 5003; baseline -0.008 0"><span class='ocrx_word' id='word_1_709' title='bbox 629 4948 802 5003; x_wconf 88' lang='lat' dir='ltr'><strong>Deum</strong></span> <span class='ocrx_word' id='word_1_710' title='bbox 826 4947 1246 5002; x_wconf 85' lang='lat' dir='ltr'><strong>demonstraret.</strong></span> 
     </span>
    </p>
   </div>
   <div class='ocr_carea' id='block_1_83' title="bbox 702 5015 2229 5091">
    <p class='ocr_par' dir='ltr' id='par_1_83' title="bbox 702 5015 2229 5091">
     <span class='ocr_line' id='line_1_85' title="bbox 702 5015 2229 5091; baseline 0.001 -19"><span class='ocrx_word' id='word_1_711' title='bbox 702 5017 918 5091; x_wconf 83' lang='lat' dir='ltr'><strong>(c)Mss.</strong></span> <span class='ocrx_word' id='word_1_712' title='bbox 945 5015 1128 5091; x_wconf 68' lang='lat' dir='ltr'><strong>Gol_b.,_</strong></span> <span class='ocrx_word' id='word_1_713' title='bbox 1154 5015 1826 5091; x_wconf 11' lang='lat' dir='ltr'><strong>lllartin.,VCorb.,Gerp_t.,</strong></span> <span class='ocrx_word' id='word_1_714' title='bbox 1858 5015 2040 5082; x_wconf 82' lang='lat' dir='ltr'><strong>Vind.,</strong></span> <span class='ocrx_word' id='word_1_715' title='bbox 2070 5019 2229 5085; x_wconf 88' lang='lat' dir='ltr'><strong>Silv.,</strong></span> 
     </span>
    </p>
   </div>
   <div class='ocr_carea' id='block_1_84' title="bbox 627 5087 2230 5158">
    <p class='ocr_par' dir='ltr' id='par_1_84' title="bbox 627 5087 2230 5158">
     <span class='ocr_line' id='line_1_86' title="bbox 627 5087 2230 5158; baseline -0.001 -12"><span class='ocrx_word' id='word_1_716' title='bbox 627 5087 802 5156; x_wconf 79' lang='lat' dir='ltr'><strong>Prat.,</strong></span> <span class='ocrx_word' id='word_1_717' title='bbox 833 5089 972 5158; x_wconf 80' lang='lat' dir='ltr'><strong>quod</strong></span> <span class='ocrx_word' id='word_1_718' title='bbox 1013 5088 1216 5143; x_wconf 84' lang='lat' dir='ltr'><strong>dedisti.</strong></span> <span class='ocrx_word' id='word_1_719' title='bbox 1243 5089 1428 5144; x_wconf 86' lang='lat' dir='ltr'><strong>Atlib.</strong></span> <span class='ocrx_word' id='word_1_720' title='bbox 1461 5104 1555 5152; x_wconf 88' lang='lat' dir='ltr'><strong>vu,</strong></span> <span class='ocrx_word' id='word_1_721' title='bbox 1607 5105 1660 5143; x_wconf 88' lang='grc' dir='ltr'>ιι.</span> <span class='ocrx_word' id='word_1_722' title='bbox 1711 5087 1804 5155; x_wconf 75' lang='lat'><strong>22,</strong></span> <span class='ocrx_word' id='word_1_723' title='bbox 1853 5103 1974 5144; x_wconf 87' lang='lat' dir='ltr'><strong>cum</strong></span> <span class='ocrx_word' id='word_1_724' title='bbox 2022 5091 2230 5146; x_wconf 68' lang='lat' dir='ltr'><strong>cwtcris</strong></span> 
     </span>
    </p>
   </div>
   <div class='ocr_carea' id='block_1_85' title="bbox 629 5162 998 5216">
    <p class='ocr_par' dir='ltr' id='par_1_85' title="bbox 629 5162 998 5216">
     <span class='ocr_line' id='line_1_87' title="bbox 629 5162 998 5216; baseline -0.014 0"><span class='ocrx_word' id='word_1_725' title='bbox 629 5162 998 5216; x_wconf 79' lang='lat' dir='ltr'><strong>consentiunt.</strong></span> 
     </span>
    </p>
   </div>
   <div class='ocr_carea' id='block_1_86' title="bbox 726 5231 1658 5305">
    <p class='ocr_par' dir='ltr' id='par_1_86' title="bbox 726 5231 1658 5305">
     <span class='ocr_line' id='line_1_88' title="bbox 726 5231 1658 5305; baseline -0.001 -20"><span class='ocrx_word' id='word_1_726' title='bbox 726 5233 786 5305; x_wconf 82' lang='lat' dir='ltr'><strong>d)</strong></span> <span class='ocrx_word' id='word_1_727' title='bbox 806 5231 911 5305; x_wconf 58' lang='lat' dir='ltr'><strong>Yat</strong></span> <span class='ocrx_word' id='word_1_728' title='bbox 939 5231 1056 5305; x_wconf 76' lang='lat' dir='ltr'><strong>bas.</strong></span> <span class='ocrx_word' id='word_1_729' title='bbox 1089 5246 1192 5286; x_wconf 90' lang='lat' dir='ltr'><strong>ms.</strong></span> <span class='ocrx_word' id='word_1_730' title='bbox 1219 5248 1328 5305; x_wconf 74' lang='lat' dir='ltr'><strong>non</strong></span> <span class='ocrx_word' id='word_1_731' title='bbox 1358 5231 1658 5305; x_wconf 79' lang='lat' dir='ltr'><strong>denegatur.</strong></span> 
     </span>
    </p>
   </div>
   <div class='ocr_carea' id='block_1_87' title="bbox 725 5301 2232 5375">
    <p class='ocr_par' dir='ltr' id='par_1_87' title="bbox 725 5301 2232 5375">
     <span class='ocr_line' id='line_1_89' title="bbox 725 5301 2232 5375; baseline 0.001 -17"><span class='ocrx_word' id='word_1_732' title='bbox 725 5301 776 5375; x_wconf 86' lang='lat' dir='ltr'><strong>e)</strong></span> <span class='ocrx_word' id='word_1_733' title='bbox 804 5301 920 5375; x_wconf 79' lang='lat' dir='ltr'><strong>Er._,</strong></span> <span class='ocrx_word' id='word_1_734' title='bbox 949 5301 1096 5375; x_wconf 85' lang='lat' dir='ltr'><strong>Lips.</strong></span> <span class='ocrx_word' id='word_1_735' title='bbox 1129 5303 1337 5375; x_wconf 18' lang='lat' dir='ltr'><strong>etiPar.</strong></span> <span class='ocrx_word' id='word_1_736' title='bbox 1368 5301 1644 5358; x_wconf 66' lang='lat' dir='ltr'><strong>natiuitatis</strong></span> <span class='ocrx_word' id='word_1_737' title='bbox 1670 5321 1682 5356; x_wconf 90' lang='lat'><strong>:</strong></span> <span class='ocrx_word' id='word_1_738' title='bbox 1716 5301 2034 5375; x_wconf 87' lang='lat' dir='ltr'><strong>refelluntur</strong></span> <span class='ocrx_word' id='word_1_739' title='bbox 2067 5304 2150 5358; x_wconf 89' lang='lat' dir='ltr'><strong>vel</strong></span> <span class='ocrx_word' id='word_1_740' title='bbox 2165 5320 2232 5360; x_wconf 82' lang='lat' dir='ltr'><strong>ex</strong></span> 
     </span>
    </p>
   </div>
   <div class='ocr_carea' id='block_1_88' title="bbox 623 5373 2233 5444">
    <p class='ocr_par' dir='ltr' id='par_1_88' title="bbox 623 5373 2233 5444">
     <span class='ocr_line' id='line_1_90' title="bbox 623 5373 2233 5444; baseline 0 -14"><span class='ocrx_word' id='word_1_741' title='bbox 623 5373 996 5442; x_wconf 77' lang='lat' dir='ltr'><strong>superioribus</strong></span> <span class='ocrx_word' id='word_1_742' title='bbox 1026 5374 1136 5436; x_wconf 89' lang='lat' dir='ltr'><strong>his,</strong></span> <span class='ocrx_word' id='word_1_743' title='bbox 1173 5374 1325 5440; x_wconf 85' lang='lat' dir='ltr'><strong>Quod</strong></span> <span class='ocrx_word' id='word_1_744' title='bbox 1355 5391 1515 5429; x_wconf 85' lang='lat' dir='ltr'><strong>unum</strong></span> <span class='ocrx_word' id='word_1_745' title='bbox 1543 5385 1692 5438; x_wconf 87' lang='lat' dir='ltr'><strong>sunt,</strong></span> <span class='ocrx_word' id='word_1_746' title='bbox 1724 5374 2012 5444; x_wconf 87' lang='lat' dir='ltr'><strong>proprietas</strong></span> <span class='ocrx_word' id='word_1_747' title='bbox 2039 5392 2102 5430; x_wconf 73' lang='lat' dir='ltr'><strong>ea:</strong></span> <span class='ocrx_word' id='word_1_748' title='bbox 2141 5393 2233 5430; x_wconf 86' lang='lat' dir='ltr'><strong>ua-</strong></span> 
     </span>
    </p>
   </div>
   <div class='ocr_carea' id='block_1_89' title="bbox 620 5445 2234 5517">
    <p class='ocr_par' dir='ltr' id='par_1_89' title="bbox 620 5445 2234 5517">
     <span class='ocr_line' id='line_1_91' title="bbox 620 5445 2234 5517; baseline 0 -16"><span class='ocrx_word' id='word_1_749' title='bbox 620 5446 819 5501; x_wconf 81' lang='lat' dir='ltr'><strong>tivitate</strong></span> <span class='ocrx_word' id='word_1_750' title='bbox 857 5456 1057 5498; x_wconf 78' lang='lat' dir='ltr'><strong>naturte</strong></span> <span class='ocrx_word' id='word_1_751' title='bbox 1080 5455 1172 5500; x_wconf 83' lang='lat' dir='ltr'><strong>est.</strong></span> <span class='ocrx_word' id='word_1_752' title='bbox 1211 5445 1328 5500; x_wconf 82' lang='lat' dir='ltr'><strong>Mox</strong></span> <span class='ocrx_word' id='word_1_753' title='bbox 1373 5447 1583 5517; x_wconf 84' lang='lat' dir='ltr'><strong>Lipsius</strong></span> <span class='ocrx_word' id='word_1_754' title='bbox 1611 5460 1675 5500; x_wconf 80' lang='lat' dir='ltr'><strong>ex</strong></span> <span class='ocrx_word' id='word_1_755' title='bbox 1708 5446 1821 5498; x_wconf 86' lang='lat' dir='ltr'><strong>sola</strong></span> <span class='ocrx_word' id='word_1_756' title='bbox 1863 5446 2067 5500; x_wconf 87' lang='lat' dir='ltr'><strong>Erasmi</strong></span> <span class='ocrx_word' id='word_1_757' title='bbox 2101 5461 2234 5501; x_wconf 89' lang='lat' dir='ltr'><strong>con-</strong></span> 
     </span>
    </p>
   </div>
   <div class='ocr_carea' id='block_1_90' title="bbox 611 5517 2224 5588">
    <p class='ocr_par' dir='ltr' id='par_1_90' title="bbox 611 5517 2224 5588">
     <span class='ocr_line' id='line_1_92' title="bbox 611 5517 2224 5588; baseline -0.001 -17"><span class='ocrx_word' id='word_1_758' title='bbox 611 5519 847 5588; x_wconf 87' lang='lat' dir='ltr'><strong>jectura,</strong></span> <span class='ocrx_word' id='word_1_759' title='bbox 892 5529 988 5584; x_wconf 88' lang='lat' dir='ltr'><strong>pro</strong></span> <span class='ocrx_word' id='word_1_760' title='bbox 1013 5517 1190 5571; x_wconf 82' lang='lat' dir='ltr'><strong>verbis</strong></span> <span class='ocrx_word' id='word_1_761' title='bbox 1232 5518 1582 5574; x_wconf 85' lang='lat' dir='ltr'><strong>subtitutionis</strong></span> <span class='ocrx_word' id='word_1_762' title='bbox 1611 5525 1665 5570; x_wconf 86' lang='lat' dir='ltr'><strong>et</strong></span> <span class='ocrx_word' id='word_1_763' title='bbox 1692 5517 1980 5570; x_wconf 78' lang='lat' dir='ltr'><strong>substitutio</strong></span> <span class='ocrx_word' id='word_1_764' title='bbox 2003 5558 2018 5582; x_wconf 84' lang='lat'><strong>,</strong></span> <span class='ocrx_word' id='word_1_765' title='bbox 2065 5533 2224 5586; x_wconf 86' lang='lat' dir='ltr'><strong>repo-</strong></span> 
     </span>
    </p>
   </div>
   <div class='ocr_carea' id='block_1_91' title="bbox 610 5587 2213 5658">
    <p class='ocr_par' dir='ltr' id='par_1_91' title="bbox 610 5587 2213 5658">
     <span class='ocr_line' id='line_1_93' title="bbox 610 5587 2213 5658; baseline 0.003 -17"><span class='ocrx_word' id='word_1_766' title='bbox 610 5587 728 5658; x_wconf 68' lang='lat' dir='ltr'><strong>suit</strong></span> <span class='ocrx_word' id='word_1_767' title='bbox 749 5587 1088 5658; x_wconf 65' lang='lat' dir='ltr'><strong>subsistentiis</strong></span> <span class='ocrx_word' id='word_1_768' title='bbox 1109 5599 1164 5642; x_wconf 91' lang='lat' dir='ltr'><strong>et</strong></span> <span class='ocrx_word' id='word_1_769' title='bbox 1184 5589 1512 5650; x_wconf 78' lang='lat' dir='ltr'><strong>subsistentia</strong></span> <span class='ocrx_word' id='word_1_770' title='bbox 1539 5604 1558 5643; x_wconf 90' lang='lat'><strong><em>:</em></strong></span> <span class='ocrx_word' id='word_1_771' title='bbox 1577 5589 1718 5656; x_wconf 88' lang='lat' dir='ltr'><strong>quod</strong></span> <span class='ocrx_word' id='word_1_772' title='bbox 1753 5598 1936 5658; x_wconf 87' lang='lat' dir='ltr'><strong>postea</strong></span> <span class='ocrx_word' id='word_1_773' title='bbox 1961 5590 2213 5646; x_wconf 85' lang='lat' dir='ltr'><strong>obtinuit.</strong></span> 
     </span>
    </p>
   </div>
   <div class='ocr_carea' id='block_1_92' title="bbox 601 5656 2218 5729">
    <p class='ocr_par' dir='ltr' id='par_1_92' title="bbox 601 5656 2218 5729">
     <span class='ocr_line' id='line_1_94' title="bbox 601 5656 2218 5729; baseline 0.006 -23"><span class='ocrx_word' id='word_1_774' title='bbox 601 5656 727 5729; x_wconf 85' lang='lat' dir='ltr'><strong>Non</strong></span> <span class='ocrx_word' id='word_1_775' title='bbox 768 5657 902 5714; x_wconf 86' lang='lat' dir='ltr'><strong>nihil</strong></span> <span class='ocrx_word' id='word_1_776' title='bbox 934 5664 1112 5729; x_wconf 71' lang='lat' dir='ltr'><strong>tamen</strong></span> <span class='ocrx_word' id='word_1_777' title='bbox 1151 5657 1291 5729; x_wconf 77' lang='lat' dir='ltr'><strong>aliud</strong></span> <span class='ocrx_word' id='word_1_778' title='bbox 1334 5672 1499 5724; x_wconf 66' lang='lat' dir='ltr'><strong>sonat</strong></span> <span class='ocrx_word' id='word_1_779' title='bbox 1538 5656 1867 5729; x_wconf 80' lang='lat' dir='ltr'><strong>sttbstittttio.</strong></span> <span class='ocrx_word' id='word_1_780' title='bbox 1906 5674 2064 5729; x_wconf 87' lang='lat' dir='ltr'><strong>quam</strong></span> <span class='ocrx_word' id='word_1_781' title='bbox 2096 5661 2218 5716; x_wconf 85' lang='lat' dir='ltr'><strong>sub-</strong></span> 
     </span>
    </p>
   </div>
   <div class='ocr_carea' id='block_1_93' title="bbox 593 5724 2214 5798">
    <p class='ocr_par' dir='ltr' id='par_1_93' title="bbox 593 5724 2214 5798">
     <span class='ocr_line' id='line_1_95' title="bbox 593 5724 2214 5798; baseline 0.009 -23"><span class='ocrx_word' id='word_1_782' title='bbox 593 5728 866 5798; x_wconf 55' lang='lat' dir='ltr'><strong>pistentia;</strong></span> <span class='ocrx_word' id='word_1_783' title='bbox 900 5724 1037 5798; x_wconf 84' lang='lat' dir='ltr'><strong>sicut</strong></span> <span class='ocrx_word' id='word_1_784' title='bbox 1074 5742 1107 5794; x_wconf 91' lang='lat' dir='ltr'><strong>_a</strong></span> <span class='ocrx_word' id='word_1_785' title='bbox 1139 5725 1460 5798; x_wconf 66' lang='grc' dir='ltr'><strong>εηρείειιιενε,</strong></span> <span class='ocrx_word' id='word_1_786' title='bbox 1498 5724 1992 5798; x_wconf 53' lang='grc' dir='ltr'><strong>ὀίῇειιςειιὺεὶδιὲνε</strong></span> <span class='ocrx_word' id='word_1_787' title='bbox 2037 5732 2098 5786; x_wconf 70' lang='lat' dir='ltr'><strong>in,</strong></span> <span class='ocrx_word' id='word_1_788' title='bbox 2129 5735 2214 5789; x_wconf 86' lang='lat' dir='ltr'><strong>his</strong></span> 
     </span>
    </p>
   </div>
   <div class='ocr_carea' id='block_1_94' title="bbox 586 5789 2212 5875">
    <p class='ocr_par' dir='ltr' id='par_1_94' title="bbox 586 5789 2212 5875">
     <span class='ocr_line' id='line_1_96' title="bbox 586 5789 2212 5875; baseline 0.003 -25"><span class='ocrx_word' id='word_1_789' title='bbox 586 5789 685 5850; x_wconf 67' lang='lat' dir='ltr'><strong>lib.</strong></span> <span class='ocrx_word' id='word_1_790' title='bbox 723 5807 845 5860; x_wconf 54' lang='lat' dir='ltr'><strong>vttli</strong></span> <span class='ocrx_word' id='word_1_791' title='bbox 880 5808 930 5846; x_wconf 84' lang='grc' dir='ltr'><strong>η.</strong></span> <span class='ocrx_word' id='word_1_792' title='bbox 975 5796 1043 5852; x_wconf 75' lang='grc'>56</span> <span class='ocrx_word' id='word_1_793' title='bbox 1067 5792 1088 5850; x_wconf 76' lang='lat'><strong>.‘</strong></span> <span class='ocrx_word' id='word_1_794' title='bbox 1130 5804 1182 5846; x_wconf 76' lang='grc' dir='ltr'>ιιι</span> <span class='ocrx_word' id='word_1_795' title='bbox 1205 5789 1495 5875; x_wconf 50' lang='grc' dir='ltr'><strong>ρειγθςάᾖνι</strong></span> <span class='ocrx_word' id='word_1_796' title='bbox 1542 5795 1710 5858; x_wconf 71' lang='lat' dir='ltr'><strong>Deum</strong></span> <span class='ocrx_word' id='word_1_797' title='bbox 1734 5799 2067 5860; x_wconf 63' lang='lat' dir='ltr'><strong>substituerit&#39;</strong></span> <span class='ocrx_word' id='word_1_798' title='bbox 2096 5804 2212 5869; x_wconf 56' lang='lat' dir='ltr'><strong>per:</strong></span> 
     </span>
    </p>
   </div>
   <div class='ocr_carea' id='block_1_95' title="bbox 2327 3307 3924 3378">
    <p class='ocr_par' dir='ltr' id='par_1_95' title="bbox 2327 3307 3924 3378">
     <span class='ocr_line' id='line_1_97' title="bbox 2327 3307 3924 3378; baseline -0.002 -15"><span class='ocrx_word' id='word_1_799' title='bbox 2327 3307 2491 3363; x_wconf 89' lang='lat' dir='ltr'><strong>fessio</strong></span> <span class='ocrx_word' id='word_1_800' title='bbox 2538 3308 2636 3362; x_wconf 90' lang='lat' dir='ltr'><strong>ista</strong></span> <span class='ocrx_word' id='word_1_801' title='bbox 2672 3324 2780 3362; x_wconf 91' lang='lat' dir='ltr'><strong>non</strong></span> <span class='ocrx_word' id='word_1_802' title='bbox 2811 3309 2953 3364; x_wconf 88' lang='lat' dir='ltr'><strong>servi</strong></span> <span class='ocrx_word' id='word_1_803' title='bbox 2985 3309 3072 3373; x_wconf 90' lang='lat' dir='ltr'><strong>sit,</strong></span> <span class='ocrx_word' id='word_1_804' title='bbox 3109 3318 3162 3363; x_wconf 92' lang='lat' dir='ltr'><strong>et</strong></span> <span class='ocrx_word' id='word_1_805' title='bbox 3193 3307 3259 3361; x_wconf 89' lang='lat' dir='ltr'><strong>ad</strong></span> <span class='ocrx_word' id='word_1_806' title='bbox 3305 3323 3424 3362; x_wconf 92' lang='lat' dir='ltr'><strong>eam</strong></span> <span class='ocrx_word' id='word_1_807' title='bbox 3459 3307 3630 3378; x_wconf 75' lang='lat' dir='ltr'><strong>magis</strong></span> <span class='ocrx_word' id='word_1_808' title='bbox 3676 3315 3924 3361; x_wconf 91' lang='lat' dir='ltr'><strong>naturam</strong></span> 
     </span>
    </p>
   </div>
   <div class='ocr_carea' id='block_1_96' title="bbox 2326 3398 3924 3470">
    <p class='ocr_par' dir='ltr' id='par_1_96' title="bbox 2326 3398 3924 3470">
     <span class='ocr_line' id='line_1_98' title="bbox 2326 3398 3924 3470; baseline -0.001 -16"><span class='ocrx_word' id='word_1_809' title='bbox 2326 3415 2449 3470; x_wconf 72' lang='lat' dir='ltr'><strong>qum</strong></span> <span class='ocrx_word' id='word_1_810' title='bbox 2476 3416 2581 3456; x_wconf 91' lang='lat' dir='ltr'><strong>non</strong></span> <span class='ocrx_word' id='word_1_811' title='bbox 2629 3401 2680 3454; x_wconf 92' lang='lat' dir='ltr'><strong>in</strong></span> <span class='ocrx_word' id='word_1_812' title='bbox 2711 3411 2898 3455; x_wconf 89' lang='lat' dir='ltr'><strong>natura</strong></span> <span class='ocrx_word' id='word_1_813' title='bbox 2928 3401 3068 3456; x_wconf 89' lang='lat' dir='ltr'><strong>servi</strong></span> <span class='ocrx_word' id='word_1_814' title='bbox 3119 3402 3210 3468; x_wconf 90' lang='lat' dir='ltr'><strong>sit,</strong></span> <span class='ocrx_word' id='word_1_815' title='bbox 3243 3401 3635 3464; x_wconf 89' lang='lat' dir='ltr'><strong>transferetur;</strong></span> <span class='ocrx_word' id='word_1_816' title='bbox 3685 3413 3807 3454; x_wconf 91' lang='lat' dir='ltr'><strong>cum</strong></span> <span class='ocrx_word' id='word_1_817' title='bbox 3848 3398 3924 3465; x_wconf 90' lang='lat' dir='ltr'><strong>ei,</strong></span> 
     </span>
    </p>
   </div>
   <div class='ocr_carea' id='block_1_97' title="bbox 2329 3492 3925 3565">
    <p class='ocr_par' dir='ltr' id='par_1_97' title="bbox 2329 3492 3925 3565">
     <span class='ocr_line' id='line_1_99' title="bbox 2329 3492 3925 3565; baseline -0.002 -16"><span class='ocrx_word' id='word_1_818' title='bbox 2329 3495 2500 3565; x_wconf 83' lang='lat' dir='ltr'><strong>qni&#39;iu</strong></span> <span class='ocrx_word' id='word_1_819' title='bbox 2533 3493 2706 3550; x_wconf 87' lang='lat' dir='ltr'><strong>forma</strong></span> <span class='ocrx_word' id='word_1_820' title='bbox 2750 3496 2844 3551; x_wconf 89' lang='lat' dir='ltr'><strong>Dei</strong></span> <span class='ocrx_word' id='word_1_821' title='bbox 2891 3511 3115 3551; x_wconf 91' lang='lat' dir='ltr'><strong>manens</strong></span> <span class='ocrx_word' id='word_1_822' title='bbox 3147 3495 3372 3550; x_wconf 90' lang='lat' dir='ltr'><strong>formam</strong></span> <span class='ocrx_word' id='word_1_823' title='bbox 3423 3495 3564 3549; x_wconf 84' lang='lat' dir='ltr'><strong>servi</strong></span> <span class='ocrx_word' id='word_1_824' title='bbox 3611 3492 3925 3564; x_wconf 89' lang='lat' dir='ltr'><strong>assumpsit,</strong></span> 
     </span>
    </p>
   </div>
   <div class='ocr_carea' id='block_1_98' title="bbox 2327 3586 3929 3657">
    <p class='ocr_par' dir='ltr' id='par_1_98' title="bbox 2327 3586 3929 3657">
     <span class='ocr_line' id='line_1_100' title="bbox 2327 3586 3929 3657; baseline 0 -19"><span class='ocrx_word' id='word_1_825' title='bbox 2327 3587 2476 3657; x_wconf 88' lang='lat' dir='ltr'><strong>quasi</strong></span> <span class='ocrx_word' id='word_1_826' title='bbox 2501 3601 2659 3642; x_wconf 85' lang='lat' dir='ltr'><strong>servo</strong></span> <span class='ocrx_word' id='word_1_827' title='bbox 2689 3587 2755 3642; x_wconf 90' lang='lat' dir='ltr'><strong>ad</strong></span> <span class='ocrx_word' id='word_1_828' title='bbox 2786 3602 2979 3642; x_wconf 89' lang='lat' dir='ltr'><strong>servos</strong></span> <span class='ocrx_word' id='word_1_829' title='bbox 3004 3587 3313 3642; x_wconf 89' lang='lat' dir='ltr'><strong>communio</strong></span> <span class='ocrx_word' id='word_1_830' title='bbox 3345 3601 3449 3640; x_wconf 90' lang='lat' dir='ltr'><strong>non</strong></span> <span class='ocrx_word' id='word_1_831' title='bbox 3477 3586 3582 3640; x_wconf 90' lang='lat' dir='ltr'><strong>nisi</strong></span> <span class='ocrx_word' id='word_1_832' title='bbox 3615 3599 3681 3639; x_wconf 85' lang='lat' dir='ltr'><strong>ex</strong></span> <span class='ocrx_word' id='word_1_833' title='bbox 3709 3598 3776 3640; x_wconf 92' lang='lat' dir='ltr'><strong>eo</strong></span> <span class='ocrx_word' id='word_1_834' title='bbox 3809 3592 3929 3638; x_wconf 90' lang='lat' dir='ltr'><strong>tan-</strong></span> 
     </span>
    </p>
   </div>
   <div class='ocr_carea' id='block_1_99' title="bbox 2327 3675 3928 3752">
    <p class='ocr_par' dir='ltr' id='par_1_99' title="bbox 2327 3675 3928 3752">
     <span class='ocr_line' id='line_1_101' title="bbox 2327 3675 3928 3752; baseline -0.002 -18"><span class='ocrx_word' id='word_1_835' title='bbox 2327 3688 2440 3734; x_wconf 90' lang='lat' dir='ltr'><strong>tum</strong></span> <span class='ocrx_word' id='word_1_836' title='bbox 2473 3682 2644 3750; x_wconf 90' lang='lat' dir='ltr'><strong>possit</strong></span> <span class='ocrx_word' id='word_1_837' title='bbox 2686 3695 2828 3749; x_wconf 90' lang='lat' dir='ltr'><strong>esse,</strong></span> <span class='ocrx_word' id='word_1_838' title='bbox 2859 3682 3002 3752; x_wconf 89' lang='lat' dir='ltr'><strong>quod</strong></span> <span class='ocrx_word' id='word_1_839' title='bbox 3052 3695 3242 3736; x_wconf 88' lang='lat' dir='ltr'><strong>servus</strong></span> <span class='ocrx_word' id='word_1_840' title='bbox 3271 3680 3397 3734; x_wconf 86' lang='lat' dir='ltr'><strong>est?</strong></span> <span class='ocrx_word' id='word_1_841' title='bbox 3446 3677 3609 3734; x_wconf 88' lang='lat' dir='ltr'><strong>Pater</strong></span> <span class='ocrx_word' id='word_1_842' title='bbox 3635 3675 3799 3748; x_wconf 80' lang='lat' dir='ltr'><strong>igitur</strong></span> <span class='ocrx_word' id='word_1_843' title='bbox 3822 3676 3928 3731; x_wconf 88' lang='lat' dir='ltr'><strong>sibi</strong></span> 
     </span>
    </p>
   </div>
   <div class='ocr_carea' id='block_1_100' title="bbox 2329 3771 3930 3845">
    <p class='ocr_par' dir='ltr' id='par_1_100' title="bbox 2329 3771 3930 3845">
     <span class='ocr_line' id='line_1_102' title="bbox 2329 3771 3930 3845; baseline -0.001 -18"><span class='ocrx_word' id='word_1_844' title='bbox 2329 3773 2402 3827; x_wconf 89' lang='lat' dir='ltr'><strong>ita</strong></span> <span class='ocrx_word' id='word_1_845' title='bbox 2430 3784 2484 3827; x_wconf 90' lang='grc' dir='ltr'><strong>ιιι</strong></span> <span class='ocrx_word' id='word_1_846' title='bbox 2517 3773 2823 3829; x_wconf 88' lang='lat' dir='ltr'><strong>hominibus</strong></span> <span class='ocrx_word' id='word_1_847' title='bbox 2853 3783 3004 3844; x_wconf 88' lang='lat' dir='ltr'><strong>pater</strong></span> <span class='ocrx_word' id='word_1_848' title='bbox 3028 3785 3126 3839; x_wconf 86' lang='lat' dir='ltr'><strong>est,</strong></span> <span class='ocrx_word' id='word_1_849' title='bbox 3161 3783 3215 3828; x_wconf 93' lang='lat' dir='ltr'><strong>et</strong></span> <span class='ocrx_word' id='word_1_850' title='bbox 3241 3773 3384 3829; x_wconf 89' lang='lat' dir='ltr'><strong>Deus</strong></span> <span class='ocrx_word' id='word_1_851' title='bbox 3416 3772 3494 3845; x_wconf 86' lang='lat'><strong>(5)</strong></span> <span class='ocrx_word' id='word_1_852' title='bbox 3523 3772 3624 3826; x_wconf 88' lang='lat' dir='ltr'><strong>sibi</strong></span> <span class='ocrx_word' id='word_1_853' title='bbox 3671 3779 3728 3825; x_wconf 90' lang='lat' dir='ltr'><strong>ut</strong></span> <span class='ocrx_word' id='word_1_854' title='bbox 3753 3771 3930 3826; x_wconf 87' lang='lat' dir='ltr'><strong>servis</strong></span> 
     </span>
    </p>
   </div>
   <div class='ocr_carea' id='block_1_101' title="bbox 2331 3863 3928 3924">
    <p class='ocr_par' dir='ltr' id='par_1_101' title="bbox 2331 3863 3928 3924">
     <span class='ocr_line' id='line_1_103' title="bbox 2331 3863 3928 3924; baseline -0.002 -2"><span class='ocrx_word' id='word_1_855' title='bbox 2331 3867 2472 3922; x_wconf 89' lang='lat' dir='ltr'><strong>Deus</strong></span> <span class='ocrx_word' id='word_1_856' title='bbox 2502 3876 2604 3924; x_wconf 88' lang='lat' dir='ltr'><strong>est.</strong></span> <span class='ocrx_word' id='word_1_857' title='bbox 2637 3868 2704 3922; x_wconf 86' lang='lat' dir='ltr'><strong>Et</strong></span> <span class='ocrx_word' id='word_1_858' title='bbox 2733 3883 2852 3923; x_wconf 93' lang='lat' dir='ltr'><strong>cum</strong></span> <span class='ocrx_word' id='word_1_859' title='bbox 2886 3869 3004 3924; x_wconf 76' lang='lat' dir='ltr'><strong>haec</strong></span> <span class='ocrx_word' id='word_1_860' title='bbox 3032 3867 3097 3921; x_wconf 89' lang='lat' dir='ltr'><strong>ad</strong></span> <span class='ocrx_word' id='word_1_861' title='bbox 3149 3866 3398 3921; x_wconf 88' lang='lat' dir='ltr'><strong>homines</strong></span> <span class='ocrx_word' id='word_1_862' title='bbox 3440 3879 3629 3920; x_wconf 89' lang='lat' dir='ltr'><strong>servos</strong></span> <span class='ocrx_word' id='word_1_863' title='bbox 3669 3863 3830 3918; x_wconf 91' lang='lat' dir='ltr'><strong>homo</strong></span> <span class='ocrx_word' id='word_1_864' title='bbox 3872 3864 3928 3919; x_wconf 93' lang='lat' dir='ltr'><strong>in</strong></span> 
     </span>
    </p>
   </div>
   <div class='ocr_carea' id='block_1_102' title="bbox 2329 3957 3927 4031">
    <p class='ocr_par' dir='ltr' id='par_1_102' title="bbox 2329 3957 3927 4031">
     <span class='ocr_line' id='line_1_104' title="bbox 2329 3957 3927 4031; baseline -0.004 -15"><span class='ocrx_word' id='word_1_865' title='bbox 2329 3961 2471 4016; x_wconf 87' lang='lat' dir='ltr'><strong>servi</strong></span> <span class='ocrx_word' id='word_1_866' title='bbox 2504 3959 2676 4016; x_wconf 90' lang='lat' dir='ltr'><strong>forma</strong></span> <span class='ocrx_word' id='word_1_867' title='bbox 2704 3961 2862 4017; x_wconf 87' lang='lat' dir='ltr'><strong>Jesus</strong></span> <span class='ocrx_word' id='word_1_868' title='bbox 2885 3962 3135 4017; x_wconf 85' lang='lat' dir='ltr'><strong>Christus</strong></span> <span class='ocrx_word' id='word_1_869' title='bbox 3165 3961 3448 4031; x_wconf 89' lang='lat' dir='ltr'><strong>loquatur;</strong></span> <span class='ocrx_word' id='word_1_870' title='bbox 3480 3975 3586 4014; x_wconf 89' lang='lat' dir='ltr'><strong>non</strong></span> <span class='ocrx_word' id='word_1_871' title='bbox 3612 3957 3927 4030; x_wconf 72' lang='lat' dir='ltr'><strong>ambigitur,</strong></span> 
     </span>
    </p>
   </div>
   <div class='ocr_carea' id='block_1_103' title="bbox 2409 4077 3474 4223">
    <p class='ocr_par' dir='ltr' id='par_1_103' title="bbox 2409 4077 3474 4223">
     <span class='ocr_line' id='line_1_105' title="bbox 2409 4077 3474 4223; baseline 0 -90"><span class='ocrx_word' id='word_1_872' title='bbox 2409 4077 2490 4223; x_wconf 61' lang='grc' dir='ltr'><strong>(Δ)</strong></span> <span class='ocrx_word' id='word_1_873' title='bbox 2521 4079 2655 4134; x_wconf 88' lang='lat' dir='ltr'><strong>Deus</strong></span> <span class='ocrx_word' id='word_1_874' title='bbox 2686 4079 2847 4148; x_wconf 82' lang='lat' dir='ltr'><strong>filius,</strong></span> <span class='ocrx_word' id='word_1_875' title='bbox 2885 4094 2988 4134; x_wconf 91' lang='lat' dir='ltr'><strong>non</strong></span> <span class='ocrx_word' id='word_1_876' title='bbox 3027 4079 3163 4134; x_wconf 84' lang='lat' dir='ltr'><strong>Deus</strong></span> <span class='ocrx_word' id='word_1_877' title='bbox 3191 4077 3283 4133; x_wconf 88' lang='lat' dir='ltr'><strong>Dei</strong></span> <span class='ocrx_word' id='word_1_878' title='bbox 3312 4079 3474 4149; x_wconf 85' lang='lat' dir='ltr'><strong>ﬁlius.</strong></span> 
     </span>
     <span class='ocr_line' id='line_1_106' title="bbox 2409 4150 3002 4222; baseline -0.002 -16"><span class='ocrx_word' id='word_1_879' title='bbox 2409 4151 2464 4222; x_wconf 76' lang='grc' dir='ltr'><strong>(ε)</strong></span> <span class='ocrx_word' id='word_1_880' title='bbox 2520 4150 2631 4207; x_wconf 86' lang='lat' dir='ltr'><strong>Sibi</strong></span> <span class='ocrx_word' id='word_1_881' title='bbox 2657 4152 2730 4206; x_wconf 89' lang='lat' dir='ltr'><strong>ita</strong></span> <span class='ocrx_word' id='word_1_882' title='bbox 2757 4162 2802 4206; x_wconf 88' lang='lat' dir='ltr'><strong>et</strong></span> <span class='ocrx_word' id='word_1_883' title='bbox 2823 4153 3002 4206; x_wconf 84' lang='lat' dir='ltr'><strong>servis.</strong></span> 
     </span>
    </p>
   </div>
   <div class='ocr_carea' id='block_1_104' title="bbox 2409 4150 3002 4222">
    <p class='ocr_par' dir='ltr' id='par_1_104' title="bbox 2409 4150 3002 4222">
     <span class='ocr_line' id='line_1_107' title="bbox 2409 4150 3002 4222; baseline -0.002 -16"><span class='ocrx_word' id='word_1_884' title='bbox 2409 4150 2490 4222; x_wconf 76' lang='grc'><strong>(5)</strong></span> <span class='ocrx_word' id='word_1_885' title='bbox 2520 4150 2631 4207; x_wconf 86' lang='lat' dir='ltr'><strong>Sibi</strong></span> <span class='ocrx_word' id='word_1_886' title='bbox 2657 4152 2730 4206; x_wconf 89' lang='lat' dir='ltr'><strong>ita</strong></span> <span class='ocrx_word' id='word_1_887' title='bbox 2757 4162 2802 4206; x_wconf 88' lang='lat' dir='ltr'><strong>et</strong></span> <span class='ocrx_word' id='word_1_888' title='bbox 2823 4153 3002 4206; x_wconf 84' lang='lat' dir='ltr'><strong>servis.</strong></span> 
     </span>
    </p>
   </div>
   <div class='ocr_carea' id='block_1_105' title="bbox 2331 4307 3929 4435">
    <p class='ocr_par' dir='ltr' id='par_1_105' title="bbox 2331 4307 3929 4435">
     <span class='ocr_line' id='line_1_108' title="bbox 2331 4307 3929 4435; baseline -0.001 -71"><span class='ocrx_word' id='word_1_889' title='bbox 2331 4314 2468 4435; x_wconf 58' lang='lat' dir='ltr'><strong>{ecta</strong></span> <span class='ocrx_word' id='word_1_890' title='bbox 2524 4309 2764 4363; x_wconf 82' lang='lat' dir='ltr'><strong>uativitas</strong></span> <span class='ocrx_word' id='word_1_891' title='bbox 2796 4324 2816 4364; x_wconf 90' lang='lat'><strong><em>:</em></strong></span> <span class='ocrx_word' id='word_1_892' title='bbox 2844 4310 2916 4363; x_wconf 84' lang='lat' dir='ltr'><strong>ita</strong></span> <span class='ocrx_word' id='word_1_893' title='bbox 2943 4319 3110 4364; x_wconf 89' lang='lat' dir='ltr'><strong>autem</strong></span> <span class='ocrx_word' id='word_1_894' title='bbox 3139 4313 3365 4380; x_wconf 80' lang='lat' dir='ltr'><strong>perfecta</strong></span> <span class='ocrx_word' id='word_1_895' title='bbox 3394 4309 3633 4364; x_wconf 78' lang='lat' dir='ltr'><strong>nativitas</strong></span> <span class='ocrx_word' id='word_1_896' title='bbox 3661 4307 3929 4363; x_wconf 84' lang='lat' dir='ltr'><strong>subsistat.</strong></span> 
     </span>
     <span class='ocr_line' id='line_1_109' title="bbox 2360 4380 3929 4435; baseline 0.001 -1"><span class='ocrx_word' id='word_1_897' title='bbox 2360 4381 2412 4435; x_wconf 83' lang='lat' dir='ltr'><strong>bi</strong></span> <span class='ocrx_word' id='word_1_898' title='bbox 2449 4381 2592 4435; x_wconf 91' lang='lat' dir='ltr'><strong>enim</strong></span> <span class='ocrx_word' id='word_1_899' title='bbox 2641 4380 2957 4435; x_wconf 84' lang='lat' dir='ltr'><strong>substituerit</strong></span> <span class='ocrx_word' id='word_1_900' title='bbox 3005 4381 3227 4435; x_wconf 87' lang='lat' dir='ltr'><strong>oerinde</strong></span> <span class='ocrx_word' id='word_1_901' title='bbox 3275 4390 3360 4435; x_wconf 90' lang='lat' dir='ltr'><strong>est</strong></span> <span class='ocrx_word' id='word_1_902' title='bbox 3383 4422 3396 4435; x_wconf 94' lang='lat'><strong>.</strong></span> <span class='ocrx_word' id='word_1_903' title='bbox 3427 4395 3490 4435; x_wconf 88' lang='lat' dir='ltr'><strong>ac</strong></span> <span class='ocrx_word' id='word_1_904' title='bbox 3541 4381 3929 4435; x_wconf 89' lang='lat' dir='ltr'><strong>subsistentem</strong></span> 
     </span>
    </p>
   </div>
   <div class='ocr_carea' id='block_1_106' title="bbox 2360 4380 3930 4452">
    <p class='ocr_par' dir='ltr' id='par_1_106' title="bbox 2360 4380 3930 4452">
     <span class='ocr_line' id='line_1_110' title="bbox 2360 4380 3930 4452; baseline 0 -16"><span class='ocrx_word' id='word_1_905' title='bbox 2360 4381 2412 4436; x_wconf 77' lang='lat' dir='ltr'><strong>lii</strong></span> <span class='ocrx_word' id='word_1_906' title='bbox 2449 4381 2592 4436; x_wconf 91' lang='lat' dir='ltr'><strong>enim</strong></span> <span class='ocrx_word' id='word_1_907' title='bbox 2641 4380 2957 4436; x_wconf 84' lang='lat' dir='ltr'><strong>substituerit</strong></span> <span class='ocrx_word' id='word_1_908' title='bbox 3005 4381 3227 4452; x_wconf 88' lang='lat' dir='ltr'><strong>perinde</strong></span> <span class='ocrx_word' id='word_1_909' title='bbox 3275 4390 3396 4445; x_wconf 88' lang='lat' dir='ltr'><strong>est,</strong></span> <span class='ocrx_word' id='word_1_910' title='bbox 3427 4395 3490 4437; x_wconf 88' lang='lat' dir='ltr'><strong>ac</strong></span> <span class='ocrx_word' id='word_1_911' title='bbox 3541 4381 3930 4436; x_wconf 87' lang='lat' dir='ltr'><strong>subsistentem</strong></span> 
     </span>
    </p>
   </div>
   <div class='ocr_carea' id='block_1_107' title="bbox 2333 4453 2592 4507">
    <p class='ocr_par' dir='ltr' id='par_1_107' title="bbox 2333 4453 2592 4507">
     <span class='ocr_line' id='line_1_111' title="bbox 2333 4453 2592 4507; baseline -0.008 0"><span class='ocrx_word' id='word_1_912' title='bbox 2333 4453 2592 4507; x_wconf 73' lang='lat' dir='ltr'><strong>effecerit.</strong></span> 
     </span>
    </p>
   </div>
   <div class='ocr_carea' id='block_1_108' title="bbox 2406 4520 3931 4594">
    <p class='ocr_par' dir='ltr' id='par_1_108' title="bbox 2406 4520 3931 4594">
     <span class='ocr_line' id='line_1_112' title="bbox 2406 4520 3931 4594; baseline -0.001 -15"><span class='ocrx_word' id='word_1_913' title='bbox 2406 4524 2482 4594; x_wconf 69' lang='grc' dir='ltr'><strong>(ί)</strong></span> <span class='ocrx_word' id='word_1_914' title='bbox 2531 4523 2641 4578; x_wconf 89' lang='lat' dir='ltr'><strong>Sic.</strong></span> <span class='ocrx_word' id='word_1_915' title='bbox 2695 4536 2796 4577; x_wconf 87' lang='lat' dir='ltr'><strong>ms.</strong></span> <span class='ocrx_word' id='word_1_916' title='bbox 2842 4521 3054 4577; x_wconf 81' lang='lat' dir='ltr'><strong>Martia.</strong></span> <span class='ocrx_word' id='word_1_917' title='bbox 3099 4521 3200 4577; x_wconf 76' lang='lat' dir='ltr'><strong>Alii</strong></span> <span class='ocrx_word' id='word_1_918' title='bbox 3231 4538 3360 4578; x_wconf 89' lang='lat' dir='ltr'><strong>vero</strong></span> <span class='ocrx_word' id='word_1_919' title='bbox 3391 4522 3547 4586; x_wconf 87' lang='lat' dir='ltr'><strong>libri,</strong></span> <span class='ocrx_word' id='word_1_920' title='bbox 3579 4520 3747 4577; x_wconf 86' lang='lat' dir='ltr'><strong>Deum</strong></span> <span class='ocrx_word' id='word_1_921' title='bbox 3785 4521 3931 4594; x_wconf 75' lang='lat' dir='ltr'><strong>fecit.</strong></span> 
     </span>
    </p>
   </div>
   <div class='ocr_carea' id='block_1_109' title="bbox 2337 4593 3935 4662">
    <p class='ocr_par' dir='ltr' id='par_1_109' title="bbox 2337 4593 3935 4662">
     <span class='ocr_line' id='line_1_113' title="bbox 2337 4593 3935 4662; baseline 0 -14"><span class='ocrx_word' id='word_1_922' title='bbox 2337 4593 2813 4661; x_wconf 84' lang='lat' dir='ltr'><strong>Nondispensatio</strong></span> <span class='ocrx_word' id='word_1_923' title='bbox 2844 4594 2969 4647; x_wconf 86' lang='lat' dir='ltr'><strong>fecit</strong></span> <span class='ocrx_word' id='word_1_924' title='bbox 3011 4603 3216 4662; x_wconf 90' lang='lat' dir='ltr'><strong>patrem</strong></span> <span class='ocrx_word' id='word_1_925' title='bbox 3248 4613 3260 4648; x_wconf 91' lang='lat'><strong>:</strong></span> <span class='ocrx_word' id='word_1_926' title='bbox 3295 4596 3390 4649; x_wconf 84' lang='lat' dir='ltr'><strong>sed</strong></span> <span class='ocrx_word' id='word_1_927' title='bbox 3423 4609 3570 4654; x_wconf 83' lang='lat' dir='ltr'><strong>eum,</strong></span> <span class='ocrx_word' id='word_1_928' title='bbox 3603 4595 3689 4662; x_wconf 89' lang='lat' dir='ltr'><strong>qui</strong></span> <span class='ocrx_word' id='word_1_929' title='bbox 3719 4593 3935 4652; x_wconf 89' lang='lat' dir='ltr'><strong>ratione</strong></span> 
     </span>
    </p>
   </div>
   <div class='ocr_carea' id='block_1_110' title="bbox 2335 4665 3936 4736">
    <p class='ocr_par' dir='ltr' id='par_1_110' title="bbox 2335 4665 3936 4736">
     <span class='ocr_line' id='line_1_114' title="bbox 2335 4665 3936 4736; baseline 0.001 -16"><span class='ocrx_word' id='word_1_930' title='bbox 2335 4665 2700 4730; x_wconf 60' lang='lat' dir='ltr'><strong>generationis</strong></span> <span class='ocrx_word' id='word_1_931' title='bbox 2740 4672 2958 4719; x_wconf 75' lang='lat' dir='ltr'><strong>:eternae</strong></span> <span class='ocrx_word' id='word_1_932' title='bbox 3006 4673 3158 4734; x_wconf 84' lang='lat' dir='ltr'><strong>pater</strong></span> <span class='ocrx_word' id='word_1_933' title='bbox 3195 4675 3346 4732; x_wconf 87' lang='lat' dir='ltr'><strong>erat,</strong></span> <span class='ocrx_word' id='word_1_934' title='bbox 3393 4666 3655 4736; x_wconf 82' lang='lat' dir='ltr'><strong>assuntpti</strong></span> <span class='ocrx_word' id='word_1_935' title='bbox 3699 4665 3936 4722; x_wconf 89' lang='lat' dir='ltr'><strong>hominis</strong></span> 
     </span>
    </p>
   </div>
   <div class='ocr_carea' id='block_1_111' title="bbox 2337 4737 2942 4791">
    <p class='ocr_par' dir='ltr' id='par_1_111' title="bbox 2337 4737 2942 4791">
     <span class='ocr_line' id='line_1_115' title="bbox 2337 4737 2942 4791; baseline -0.003 -1"><span class='ocrx_word' id='word_1_936' title='bbox 2337 4737 2620 4791; x_wconf 88' lang='lat' dir='ltr'><strong>Dominum</strong></span> <span class='ocrx_word' id='word_1_937' title='bbox 2646 4737 2942 4790; x_wconf 74' lang='lat' dir='ltr'><strong>constituit.</strong></span> 
     </span>
    </p>
   </div>
   <div class='ocr_carea' id='block_1_112' title="bbox 2408 4807 3938 4880">
    <p class='ocr_par' dir='ltr' id='par_1_112' title="bbox 2408 4807 3938 4880">
     <span class='ocr_line' id='line_1_116' title="bbox 2408 4807 3938 4880; baseline 0.002 -19"><span class='ocrx_word' id='word_1_938' title='bbox 2408 4809 2482 4880; x_wconf 80' lang='lat' dir='ltr'><strong>(g)</strong></span> <span class='ocrx_word' id='word_1_939' title='bbox 2517 4808 2587 4861; x_wconf 88' lang='lat' dir='ltr'><strong>Ita</strong></span> <span class='ocrx_word' id='word_1_940' title='bbox 2610 4807 2904 4880; x_wconf 22' lang='lat' dir='ltr'><strong>msssV&#39;at.</strong></span> <span class='ocrx_word' id='word_1_941' title='bbox 2940 4807 3078 4872; x_wconf 89' lang='lat' dir='ltr'><strong>bas.,</strong></span> <span class='ocrx_word' id='word_1_942' title='bbox 3103 4808 3340 4875; x_wconf 78' lang='lat' dir='ltr'><strong>Martin.,</strong></span> <span class='ocrx_word' id='word_1_943' title='bbox 3363 4823 3501 4863; x_wconf 92' lang='lat' dir='ltr'><strong>unus</strong></span> <span class='ocrx_word' id='word_1_944' title='bbox 3531 4808 3684 4864; x_wconf 90' lang='lat' dir='ltr'><strong>Colb.</strong></span> <span class='ocrx_word' id='word_1_945' title='bbox 3714 4816 3769 4862; x_wconf 86' lang='lat' dir='ltr'><strong>et</strong></span> <span class='ocrx_word' id='word_1_946' title='bbox 3797 4807 3938 4880; x_wconf 65' lang='lat' dir='ltr'><strong>alter</strong></span> 
     </span>
    </p>
   </div>
   <div class='ocr_carea' id='block_1_113' title="bbox 2332 4877 3932 4943">
    <p class='ocr_par' dir='ltr' id='par_1_113' title="bbox 2332 4877 3932 4943">
     <span class='ocr_line' id='line_1_117' title="bbox 2332 4877 3932 4943; baseline 0.001 -8"><span class='ocrx_word' id='word_1_947' title='bbox 2332 4877 2570 4935; x_wconf 74' lang='lat' dir='ltr'><strong>Sorbon.</strong></span> <span class='ocrx_word' id='word_1_948' title='bbox 2599 4879 2653 4933; x_wconf 92' lang='lat' dir='ltr'><strong>In</strong></span> <span class='ocrx_word' id='word_1_949' title='bbox 2683 4878 2826 4942; x_wconf 88' lang='lat' dir='ltr'><strong>aliis,</strong></span> <span class='ocrx_word' id='word_1_950' title='bbox 2860 4880 3009 4931; x_wconf 79' lang='lat' dir='ltr'><strong>salvo</strong></span> <span class='ocrx_word' id='word_1_951' title='bbox 3035 4893 3196 4933; x_wconf 71' lang='lat' dir='ltr'><strong>sen~u</strong></span> <span class='ocrx_word' id='word_1_952' title='bbox 3215 4922 3228 4943; x_wconf 91' lang='lat'><strong>,</strong></span> <span class='ocrx_word' id='word_1_953' title='bbox 3261 4881 3528 4934; x_wconf 90' lang='lat' dir='ltr'><strong>omittitur</strong></span> <span class='ocrx_word' id='word_1_954' title='bbox 3557 4882 3778 4935; x_wconf 87' lang='lat' dir='ltr'><strong>verbum</strong></span> <span class='ocrx_word' id='word_1_955' title='bbox 3809 4877 3932 4937; x_wconf 85' lang='lat' dir='ltr'><strong>Dei.</strong></span> 
     </span>
    </p>
   </div>
   <div class='ocr_carea' id='block_1_114' title="bbox 2337 4945 3938 5022">
    <p class='ocr_par' dir='ltr' id='par_1_114' title="bbox 2337 4945 3938 5022">
     <span class='ocr_line' id='line_1_118' title="bbox 2337 4945 3938 5022; baseline 0.002 -18"><span class='ocrx_word' id='word_1_956' title='bbox 2337 4955 2408 5005; x_wconf 82' lang='lat' dir='ltr'><strong>At</strong></span> <span class='ocrx_word' id='word_1_957' title='bbox 2437 4950 2792 5022; x_wconf 12' lang='lat' dir='ltr'><strong>plurisirelert</strong></span> <span class='ocrx_word' id='word_1_958' title='bbox 2827 4951 3135 5020; x_wconf 76' lang='lat' dir='ltr'><strong>prtecedens</strong></span> <span class='ocrx_word' id='word_1_959' title='bbox 3164 4968 3263 5006; x_wconf 87' lang='lat' dir='ltr'><strong>vox</strong></span> <span class='ocrx_word' id='word_1_960' title='bbox 3298 4952 3472 5019; x_wconf 84' lang='lat' dir='ltr'><strong>Deus,</strong></span> <span class='ocrx_word' id='word_1_961' title='bbox 3519 4967 3638 5022; x_wconf 65' lang='lat' dir='ltr'><strong>quae</strong></span> <span class='ocrx_word' id='word_1_962' title='bbox 3682 4945 3750 5006; x_wconf 83' lang='lat' dir='ltr'><strong>in‘</strong></span> <span class='ocrx_word' id='word_1_963' title='bbox 3784 4952 3938 5021; x_wconf 89' lang='lat' dir='ltr'><strong>prius</strong></span> 
     </span>
    </p>
   </div>
   <div class='ocr_carea' id='block_1_115' title="bbox 2336 5021 2797 5092">
    <p class='ocr_par' dir='ltr' id='par_1_115' title="bbox 2336 5021 2797 5092">
     <span class='ocr_line' id='line_1_119' title="bbox 2336 5021 2797 5092; baseline 0 -18"><span class='ocrx_word' id='word_1_964' title='bbox 2336 5022 2566 5092; x_wconf 83' lang='lat' dir='ltr'><strong>vulgatis</strong></span> <span class='ocrx_word' id='word_1_965' title='bbox 2594 5021 2797 5076; x_wconf 91' lang='lat' dir='ltr'><strong>deerat.</strong></span> 
     </span>
    </p>
   </div>
   <div class='ocr_carea' id='block_1_116' title="bbox 2413 5092 3939 5164">
    <p class='ocr_par' dir='ltr' id='par_1_116' title="bbox 2413 5092 3939 5164">
     <span class='ocr_line' id='line_1_120' title="bbox 2413 5092 3939 5164; baseline 0.005 -21"><span class='ocrx_word' id='word_1_966' title='bbox 2413 5092 2490 5164; x_wconf 80' lang='grc' dir='ltr'><strong>(Ιι)</strong></span> <span class='ocrx_word' id='word_1_967' title='bbox 2519 5093 2607 5147; x_wconf 86' lang='lat' dir='ltr'><strong>Sic</strong></span> <span class='ocrx_word' id='word_1_968' title='bbox 2628 5107 2819 5147; x_wconf 88' lang='lat' dir='ltr'><strong>omnes</strong></span> <span class='ocrx_word' id='word_1_969' title='bbox 2843 5107 2974 5147; x_wconf 91' lang='lat' dir='ltr'><strong>mss.</strong></span> <span class='ocrx_word' id='word_1_970' title='bbox 3007 5107 3101 5162; x_wconf 91' lang='lat' dir='ltr'><strong>per</strong></span> <span class='ocrx_word' id='word_1_971' title='bbox 3123 5093 3531 5150; x_wconf 89' lang='lat' dir='ltr'><strong>l-lelleuismum.</strong></span> <span class='ocrx_word' id='word_1_972' title='bbox 3561 5095 3630 5150; x_wconf 79' lang='lat' dir='ltr'><strong>At</strong></span> <span class='ocrx_word' id='word_1_973' title='bbox 3655 5093 3808 5160; x_wconf 91' lang='lat' dir='ltr'><strong>editi,</strong></span> <span class='ocrx_word' id='word_1_974' title='bbox 3831 5111 3939 5151; x_wconf 84' lang='lat' dir='ltr'><strong>non</strong></span> 
     </span>
    </p>
   </div>
   <div class='ocr_carea' id='block_1_117' title="bbox 2340 5164 3150 5234">
    <p class='ocr_par' dir='ltr' id='par_1_117' title="bbox 2340 5164 3150 5234">
     <span class='ocr_line' id='line_1_121' title="bbox 2340 5164 3150 5234; baseline -0.001 -15"><span class='ocrx_word' id='word_1_975' title='bbox 2340 5180 2606 5234; x_wconf 72' lang='lat' dir='ltr'><strong>possumus</strong></span> <span class='ocrx_word' id='word_1_976' title='bbox 2635 5164 2756 5227; x_wconf 84' lang='lat' dir='ltr'><strong>nisi,</strong></span> <span class='ocrx_word' id='word_1_977' title='bbox 2789 5164 2999 5218; x_wconf 89' lang='lat' dir='ltr'><strong>sublato</strong></span> <span class='ocrx_word' id='word_1_978' title='bbox 3028 5181 3150 5218; x_wconf 84' lang='lat' dir='ltr'><strong>non.</strong></span> 
     </span>
    </p>
   </div>
   <div class='ocr_carea' id='block_1_118' title="bbox 2409 5233 3935 5306">
    <p class='ocr_par' dir='ltr' id='par_1_118' title="bbox 2409 5233 3935 5306">
     <span class='ocr_line' id='line_1_122' title="bbox 2409 5233 3935 5306; baseline 0.004 -20"><span class='ocrx_word' id='word_1_979' title='bbox 2409 5233 2472 5306; x_wconf 88' lang='lat' dir='ltr'><strong>(i)</strong></span> <span class='ocrx_word' id='word_1_980' title='bbox 2503 5235 2724 5306; x_wconf 81' lang='lat' dir='ltr'><strong>Ariani,</strong></span> <span class='ocrx_word' id='word_1_981' title='bbox 2757 5243 2814 5290; x_wconf 89' lang='lat' dir='ltr'><strong>ut</strong></span> <span class='ocrx_word' id='word_1_982' title='bbox 2839 5251 2906 5290; x_wconf 79' lang='lat' dir='ltr'><strong>ex</strong></span> <span class='ocrx_word' id='word_1_983' title='bbox 2933 5235 3230 5304; x_wconf 83' lang='lat' dir='ltr'><strong>Augustino</strong></span> <span class='ocrx_word' id='word_1_984' title='bbox 3261 5235 3355 5291; x_wconf 92' lang='lat' dir='ltr'><strong>lib.</strong></span> <span class='ocrx_word' id='word_1_985' title='bbox 3390 5253 3426 5292; x_wconf 89' lang='grc' dir='ltr'><strong>ιι</strong></span> <span class='ocrx_word' id='word_1_986' title='bbox 3455 5247 3602 5293; x_wconf 87' lang='lat' dir='ltr'><strong>cont.</strong></span> <span class='ocrx_word' id='word_1_987' title='bbox 3655 5236 3935 5293; x_wconf 81' lang='lat' dir='ltr'><strong>Maximin.</strong></span> 
     </span>
    </p>
   </div>
   <div class='ocr_carea' id='block_1_119' title="bbox 2336 5305 3939 5370">
    <p class='ocr_par' dir='ltr' id='par_1_119' title="bbox 2336 5305 3939 5370">
     <span class='ocr_line' id='line_1_123' title="bbox 2336 5305 3939 5370; baseline 0.003 -10"><span class='ocrx_word' id='word_1_988' title='bbox 2336 5321 2385 5360; x_wconf 91' lang='lat' dir='ltr'><strong>c.</strong></span> <span class='ocrx_word' id='word_1_989' title='bbox 2405 5305 2494 5370; x_wconf 83' lang='grc'><strong>16,</strong></span> <span class='ocrx_word' id='word_1_990' title='bbox 2513 5323 2565 5358; x_wconf 88' lang='grc' dir='ltr'>ιι.</span> <span class='ocrx_word' id='word_1_991' title='bbox 2598 5308 2650 5369; x_wconf 84' lang='grc'><strong>1,</strong></span> <span class='ocrx_word' id='word_1_992' title='bbox 2674 5305 2954 5369; x_wconf 82' lang='lat' dir='ltr'><strong>discimus,</strong></span> <span class='ocrx_word' id='word_1_993' title='bbox 2985 5309 3384 5363; x_wconf 84' lang='lat' dir='ltr'><strong>centeudebant</strong></span> <span class='ocrx_word' id='word_1_994' title='bbox 3411 5310 3524 5362; x_wconf 63' lang='lat' dir='ltr'><strong>haec</strong></span> <span class='ocrx_word' id='word_1_995' title='bbox 3547 5307 3747 5363; x_wconf 83' lang='lat' dir='ltr'><strong>Christi</strong></span> <span class='ocrx_word' id='word_1_996' title='bbox 3772 5310 3939 5365; x_wconf 84' lang='lat' dir='ltr'><strong>verba</strong></span> 
     </span>
    </p>
   </div>
   <div class='ocr_carea' id='block_1_120' title="bbox 2337 5376 3938 5447">
    <p class='ocr_par' dir='ltr' id='par_1_120' title="bbox 2337 5376 3938 5447">
     <span class='ocr_line' id='line_1_124' title="bbox 2337 5376 3938 5447; baseline 0.003 -16"><span class='ocrx_word' id='word_1_997' title='bbox 2337 5376 2390 5431; x_wconf 91' lang='lat' dir='ltr'><strong>in</strong></span> <span class='ocrx_word' id='word_1_998' title='bbox 2423 5378 2645 5431; x_wconf 81' lang='lat' dir='ltr'><strong>formam</strong></span> <span class='ocrx_word' id='word_1_999' title='bbox 2689 5379 2829 5432; x_wconf 79' lang='lat' dir='ltr'><strong>servi</strong></span> <span class='ocrx_word' id='word_1_1000' title='bbox 2860 5380 3151 5434; x_wconf 87' lang='lat' dir='ltr'><strong>convenire</strong></span> <span class='ocrx_word' id='word_1_1001' title='bbox 3197 5395 3304 5434; x_wconf 92' lang='lat' dir='ltr'><strong>non</strong></span> <span class='ocrx_word' id='word_1_1002' title='bbox 3353 5395 3527 5447; x_wconf 85' lang='lat' dir='ltr'><strong>posse.</strong></span> <span class='ocrx_word' id='word_1_1003' title='bbox 3579 5379 3704 5434; x_wconf 71' lang='lat' dir='ltr'><strong>lltnc</strong></span> <span class='ocrx_word' id='word_1_1004' title='bbox 3741 5381 3887 5436; x_wconf 90' lang='lat' dir='ltr'><strong>enim</strong></span> <span class='ocrx_word' id='word_1_1005' title='bbox 3921 5423 3938 5446; x_wconf 92' lang='lat'><strong>,</strong></span> 
     </span>
    </p>
   </div>
   <div class='ocr_carea' id='block_1_121' title="bbox 2337 5449 3937 5520">
    <p class='ocr_par' dir='ltr' id='par_1_121' title="bbox 2337 5449 3937 5520">
     <span class='ocr_line' id='line_1_125' title="bbox 2337 5449 3937 5520; baseline 0.004 -19"><span class='ocrx_word' id='word_1_1006' title='bbox 2337 5449 2578 5512; x_wconf 86' lang='lat' dir='ltr'><strong>aiebant,</strong></span> <span class='ocrx_word' id='word_1_1007' title='bbox 2608 5449 2741 5502; x_wconf 87' lang='lat' dir='ltr'><strong>dixit</strong></span> <span class='ocrx_word' id='word_1_1008' title='bbox 2769 5461 2888 5518; x_wconf 87' lang='lat' dir='ltr'><strong>post</strong></span> <span class='ocrx_word' id='word_1_1009' title='bbox 2911 5453 3355 5504; x_wconf 78' lang='lat' dir='ltr'><strong>resurrectionem</strong></span> <span class='ocrx_word' id='word_1_1010' title='bbox 3384 5470 3397 5506; x_wconf 91' lang='lat'>:</span> <span class='ocrx_word' id='word_1_1011' title='bbox 3424 5455 3567 5520; x_wconf 90' lang='lat' dir='ltr'><strong>atqui</strong></span> <span class='ocrx_word' id='word_1_1012' title='bbox 3600 5462 3725 5506; x_wconf 88' lang='lat' dir='ltr'><strong>tunc</strong></span> <span class='ocrx_word' id='word_1_1013' title='bbox 3755 5449 3937 5508; x_wconf 86' lang='lat' dir='ltr'><strong>forma</strong></span> 
     </span>
    </p>
   </div>
   <div class='ocr_carea' id='block_1_122' title="bbox 2339 5521 3939 5590">
    <p class='ocr_par' dir='ltr' id='par_1_122' title="bbox 2339 5521 3939 5590">
     <span class='ocr_line' id='line_1_126' title="bbox 2339 5521 3939 5590; baseline 0.001 -15"><span class='ocrx_word' id='word_1_1014' title='bbox 2339 5521 2480 5575; x_wconf 89' lang='lat' dir='ltr'><strong>servi</strong></span> <span class='ocrx_word' id='word_1_1015' title='bbox 2512 5533 2614 5590; x_wconf 85' lang='lat' dir='ltr'><strong>non</strong></span> <span class='ocrx_word' id='word_1_1016' title='bbox 2637 5522 2868 5587; x_wconf 80' lang='lat' dir='ltr'><strong>amplius</strong></span> <span class='ocrx_word' id='word_1_1017' title='bbox 2892 5529 3027 5586; x_wconf 88' lang='lat' dir='ltr'><strong>erat,</strong></span> <span class='ocrx_word' id='word_1_1018' title='bbox 3061 5521 3157 5576; x_wconf 90' lang='lat' dir='ltr'><strong>sed</strong></span> <span class='ocrx_word' id='word_1_1019' title='bbox 3188 5537 3408 5590; x_wconf 82' lang='lat' dir='ltr'><strong>prorsus</strong></span> <span class='ocrx_word' id='word_1_1020' title='bbox 3431 5532 3745 5588; x_wconf 89' lang='lat' dir='ltr'><strong>consumpta</strong></span> <span class='ocrx_word' id='word_1_1021' title='bbox 3784 5523 3939 5576; x_wconf 83' lang='lat' dir='ltr'><strong>defe-</strong></span> 
     </span>
    </p>
   </div>
   <div class='ocr_carea' id='block_1_123' title="bbox 2325 5589 3937 5664">
    <p class='ocr_par' dir='ltr' id='par_1_123' title="bbox 2325 5589 3937 5664">
     <span class='ocr_line' id='line_1_127' title="bbox 2325 5589 3937 5664; baseline 0.003 -19"><span class='ocrx_word' id='word_1_1022' title='bbox 2325 5599 2475 5645; x_wconf 85' lang='lat' dir='ltr'><strong>cerat</strong></span> <span class='ocrx_word' id='word_1_1023' title='bbox 2527 5589 2690 5656; x_wconf 80' lang='lat' dir='ltr'><strong>Quasi</strong></span> <span class='ocrx_word' id='word_1_1024' title='bbox 2725 5607 2873 5657; x_wconf 89' lang='lat' dir='ltr'><strong>vero,</strong></span> <span class='ocrx_word' id='word_1_1025' title='bbox 2907 5593 3119 5659; x_wconf 79' lang='lat' dir='ltr'><strong>reponit</strong></span> <span class='ocrx_word' id='word_1_1026' title='bbox 3149 5589 3514 5664; x_wconf 84' lang='lat' dir='ltr'><strong>Augustinus,</strong></span> <span class='ocrx_word' id='word_1_1027' title='bbox 3547 5599 3769 5664; x_wconf 78' lang='lat' dir='ltr'><strong>formam</strong></span> <span class='ocrx_word' id='word_1_1028' title='bbox 3797 5597 3937 5650; x_wconf 74' lang='lat' dir='ltr'><strong>servi</strong></span> 
     </span>
    </p>
   </div>
   <div class='ocr_carea' id='block_1_124' title="bbox 2324 5665 3935 5735">
    <p class='ocr_par' dir='ltr' id='par_1_124' title="bbox 2324 5665 3935 5735">
     <span class='ocr_line' id='line_1_128' title="bbox 2324 5665 3935 5735; baseline 0.002 -19"><span class='ocrx_word' id='word_1_1029' title='bbox 2324 5673 2689 5735; x_wconf 76' lang='lat' dir='ltr'><strong>resurrerttoue</strong></span> <span class='ocrx_word' id='word_1_1030' title='bbox 2729 5665 3126 5733; x_wconf 82' lang='lat' dir='ltr'><strong>consumpserit,</strong></span> <span class='ocrx_word' id='word_1_1031' title='bbox 3175 5683 3233 5717; x_wconf 90' lang='lat' dir='ltr'><strong>ac</strong></span> <span class='ocrx_word' id='word_1_1032' title='bbox 3280 5684 3384 5720; x_wconf 86' lang='lat' dir='ltr'><strong>non</strong></span> <span class='ocrx_word' id='word_1_1033' title='bbox 3433 5667 3602 5735; x_wconf 86' lang='lat' dir='ltr'><strong>potius</strong></span> <span class='ocrx_word' id='word_1_1034' title='bbox 3651 5665 3707 5717; x_wconf 85' lang='lat' dir='ltr'><strong>in</strong></span> <span class='ocrx_word' id='word_1_1035' title='bbox 3745 5667 3935 5720; x_wconf 78' lang='lat' dir='ltr'><strong>melius</strong></span> 
     </span>
    </p>
   </div>
   <div class='ocr_carea' id='block_1_125' title="bbox 2325 5734 3936 5814">
    <p class='ocr_par' dir='ltr' id='par_1_125' title="bbox 2325 5734 3936 5814">
     <span class='ocr_line' id='line_1_129' title="bbox 2325 5734 3936 5814; baseline 0.001 -25"><span class='ocrx_word' id='word_1_1036' title='bbox 2325 5734 2702 5814; x_wconf 74' lang='lat' dir='ltr'><strong>commutaverit</strong></span> <span class='ocrx_word' id='word_1_1037' title='bbox 2728 5750 2745 5787; x_wconf 87' lang='lat'><strong><em>:</em></strong></span> <span class='ocrx_word' id='word_1_1038' title='bbox 2775 5735 2921 5804; x_wconf 83' lang='lat' dir='ltr'><strong>quasi</strong></span> <span class='ocrx_word' id='word_1_1039' title='bbox 2957 5751 3059 5787; x_wconf 86' lang='lat' dir='ltr'><strong>non</strong></span> <span class='ocrx_word' id='word_1_1040' title='bbox 3099 5740 3296 5805; x_wconf 74' lang='lat' dir='ltr'><strong>forma,</strong></span> <span class='ocrx_word' id='word_1_1041' title='bbox 3325 5734 3442 5808; x_wconf 61' lang='lat' dir='ltr'><strong>qua!</strong></span> <span class='ocrx_word' id='word_1_1042' title='bbox 3480 5738 3648 5791; x_wconf 84' lang='lat' dir='ltr'><strong>occisa</strong></span> <span class='ocrx_word' id='word_1_1043' title='bbox 3673 5746 3780 5801; x_wconf 69' lang='lat' dir='ltr'><strong>est,</strong></span> <span class='ocrx_word' id='word_1_1044' title='bbox 3817 5738 3936 5808; x_wconf 73' lang='lat' dir='ltr'><strong>ipsa</strong></span> 
     </span>
    </p>
   </div>
   <div class='ocr_carea' id='block_1_126' title="bbox 2324 5809 2577 5864">
    <p class='ocr_par' dir='ltr' id='par_1_126' title="bbox 2324 5809 2577 5864">
     <span class='ocr_line' id='line_1_130' title="bbox 2324 5809 2577 5864; baseline -0.04 0"><span class='ocrx_word' id='word_1_1045' title='bbox 2324 5809 2577 5864; x_wconf 67' lang='lat' dir='ltr'><strong>feriatum.</strong></span> 
     </span>
    </p>
   </div>
  </div>
