4322 6248
400 261 508 318 60)

1640 259 1728 316 DF.
1771 255 2160 316 TRINITATE
2206 262 2410 320 LIBER
2450 263 2540 319 Xl.

3656 272 3766 329 ΗΟ

402 376 532 449 quin
562 385 712 447 pater
732 375 830 432 sibi
847 384 902 430 ut
918 375 1117 433 caeteris
1140 377 1207 432 sit
1231 390 1294 431 ex
1317 378 1395 423 ea
1424 379 1588 439 parte
1609 387 1712 443 qua
1729 371 1893 426 homo
1921 377 2026 437 cst,
2059 371 2124 436 Α
2148 384 2266 431 est:
2295 384 2449 447 pater
2491 375 2634 432 enim
2665 387 2748 434 est
2793 379 2859 435 ad
2908 380 2986 446 id,
3017 375 3166 450 quod
3213 377 3266 431 in
3317 378 3592 454 principio
3621 390 3764 458 apud

403 479 459 524 et
479 469 626 524 Deus
647 467 748 522 sibi
770 476 826 522 ut
846 469 1044 524 cunctis
1061 470 1132 524 sit
1147 485 1210 525 ex
1225 482 1282 524 ea
1296 467 1510 520 natura
1539 481 1642 538 qua
1674 479 1864 521 servus
1913 471 2020 518 est.

485 563 574 618 l5.
620 559 685 615 In
716 577 773 616 ea
797 561 926 615 dixit
956 564 1118 630 {arma
1142 578 1239 632 qua
1265 573 1358 615 nos
1395 569 1553 614 vocat
1598 560 1808 628 fratres.
1870 556 2022 611 Citri-

404 665 517 710 stus
542 669 705 725 quare
742 655 1021 708 vermis.-—-
1051 655 1287 723 Denique
1318 652 1477 704 hunc
1503 652 1757 707 eumdem
1805 663 2019 705 sermo-

403 763 531 804 nem
583 742 890 817 hujusmodi
917 744 1268 814 professionis
1299 742 1470 811 ccepit
1501 743 1752 807 exordio,
1811 744 1883 797 ita
1931 741 2016 795 di-

403 854 590 896 cens:
636 835 779 890 Vade
824 845 989 890 autem
1037 837 1104 892 ad
1160 838 1344 907 fratres
1393 851 1556 901 meos,
1607 846 1654 890 et
1701 836 1841 890 dices
1889 833 2018 900 illis,

405 931 687 988 Adscendo
713 930 780 984 ad
803 940 998 999 patrem
1024 947 1192 985 meum
1217 940 1263 986 et
1288 929 1355 984 ad
1383 939 1584 1001 patrem
1611 939 1862 996 vestrum,
1889 937 1936 983 et
1954 928 2022 981 ad

400 1022 584 1080 Deum
623 1038 786 1076 meum
812 1031 858 1075 et
882 1021 949 1074 ad
977 1020 1144 1076 Deum
1185 1031 1407 1077 vestrum
1460 1020 1638 1094 (Joan.
1717 1037 1810 1083 xx,
1899 1020 2006 1091 l7).

402 1117 479 1174 Et
532 1132 721 1188 quzrro
767 1130 928 1182 nunc,
1005 1115 1205 1172 fratres
1294 1116 1342 1171 ei
1408 1115 1702 1172 secundum
1787 1114 2019 1169 fortnam

412 1212 541 1279 Dei,
573 1227 714 1267 anne
767 1210 1063 1266 secundum
1110 1209 1336 1265 formam
1365 1210 1506 1264 servi
1529 1224 1651 1265 esse
1681 1206 2024 1278 intelligendi

399 1304 516 1359 sint
562 1321 576 1357 :
627 1302 928 1373 habeatque
992 1301 1212 1373 aliquod
1275 1301 1341 1355 ad
1394 1317 1515 1357 eum
1565 1300 1861 1356 secundum
1906 1299 2022 1370 ple-

399 1394 715 1452 nitudinem
767 1394 1054 1449 habitantis
1120 1396 1172 1450 in
1222 1409 1287 1450 eo
1340 1394 1633 1450 divinitatis
1683 1394 1760 1465 (1)
1794 1391 1870 1464 (u)
1903 1407 2024 1448 cor-

404 1490 629 1563 poratio
686 1498 876 1544 nostra
916 1490 1273 1552 consortium,
1315 1497 1375 1543 ut
1434 1488 1486 1542 in
1532 1489 1724 1543 fratres
1755 1487 1805 1542 ei
1848 1486 1914 1540 ad
1968 1486 2020 1540 id

399 1585 552 1653 quod
588 1584 734 1640 Deus
757 1590 840 1638 est
881 1581 1242 1652 deputemur?
1273 1581 1382 1637 Sed
1432 1597 1539 1636 non
1575 1581 1784 1651 ignorat
1807 1591 1863 1636 et
1895 1595 2021 1650 pro-

400 1677 660 1749 pheticus
690 1675 913 1745 spiritus
937 1717 951 1741 ,
983 1675 1258 1745 unigenito
1309 1675 1419 1729 Deo
1463 1689 1564 1744 qua
1613 1689 1677 1728 ex
1727 1683 1880 1743 parte
1910 1673 2021 1728 sint

2139 469 2309 525 Deum
2341 477 2464 525 erat
2483 470 2624 527 Deus
2655 472 2908 530 Verbum.
2937 473 3051 530 Sed
3075 487 3199 528 cum
3230 471 3468 530 Verbum
3493 492 3627 536 caro
3651 481 3766 540 fac-

2138 571 2248 619 tum
2273 573 2384 630 est;
2419 576 2597 620 manet
2623 579 2675 622 et
2703 567 2756 622 in
2791 569 2948 624 Verbi
2993 567 3096 624 Dei
3126 564 3438 635 nativitate,
3466 580 3523 627 et
3553 575 3605 630 in
3638 592 3763 636 car.

2137 655 2220 710 nis
2247 656 2632 713 constitutione
2655 660 2794 728 quod
2829 669 2981 730 pater
3025 667 3136 714 est.
3191 656 3353 713 Pater
3397 663 3548 721 enim
3580 673 3761 730 omnis

2134 751 2315 805 carnis
2345 760 2428 805 est
2455 752 2628 817 Deus;
2657 752 2751 807 sed
2783 769 2887 808 non
2917 751 3228 809 secundum
3258 753 3405 822 quod
3441 756 3624 817 Verbo
3651 765 3760 823 Deo

2133 853 2287 911 pater
2314 851 2416 898 est.
2450 841 2686 899 Verbum
2714 855 2892 901 autem
2944 848 3118 910 Deus,
3150 858 3328 914 active
3369 844 3617 912 Verbum
3645 874 3767 918 esse

2131 935 2312 1002 desiit,
2349 952 2524 1006 neque
2547 951 2672 992 caro
2702 954 2806 992 non
2835 939 2956 994 fuit.
2991 937 3137 994 Nam
3175 934 3440 1006 Verbum,
3467 948 3612 1016 quod
3635 965 3764 1008 caro

2133 1027 2332 1084 factum
2375 1040 2455 1084 est
2482 1038 2536 1084 ct
2576 1029 2830 1086 habitavit
2855 1033 2906 1087 in
2940 1031 3133 1096 nobis,
3179 1043 3354 1099 neque
3385 1032 3520 1094 dum
3547 1041 3757 1101 habitat

2134 1139 2241 1178 non
2265 1139 2388 1179 vere
2423 1123 2655 1180 Verbum
2703 1135 2807 1190 est,
2854 1141 3033 1197 neque
3064 1123 3199 1178 dum
3249 1123 3490 1187 Verbum
3519 1149 3648 1192 caro
3676 1148 3762 1194 est

2133 1233 2240 1274 non
2267 1233 2397 1274 vere
2429 1219 2567 1272 Deus
2601 1218 2763 1273 homo
2785 1229 2867 1275 est
2893 1239 2906 1276 :
2936 1219 3067 1291 quia
3100 1225 3160 1273 et
3187 1214 3456 1288 habitare,
3499 1230 3617 1299 ejus
3659 1220 3758 1289 ne;

2131 1323 2284 1366 cesse
2312 1310 2382 1364 sit
2407 1325 2529 1365 esse
2557 1310 2646 1380 qui
2698 1320 2950 1376 maneat;
3004 1319 3061 1366 ct
3089 1323 3315 1364 carnem
3349 1312 3491 1384 fieri,
3525 1321 3644 1392 ejus
3673 1324 3762 1378 in-'

2133 1404 2480 1474 tclligendum
2509 1404 2578 1458 sit
2601 1420 2722 1460 esse
2752 1406 2842 1476 qui
2884 1406 3157 1461 nascitur.
3196 1403 3257 1458 Et
3284 1410 3430 1476 quod
3483 1413 3538 1468 in
3589 1419 3749 1473 nobis

2131 1497 2356 1562 habitat,
2386 1507 2586 1552 nostra:
2613 1498 2790 1553 carnis
2819 1498 3130 1571 assumptio
3148 1506 3231 1551 est
3258 1516 3269 1550 :
3295 1501 3416 1571 quia
3445 1506 3534 1577 (d)
3567 1525 3664 1579 per
3694 1511 3747 1565 id

2128 1589 2344 1658 quodin
2375 1591 2532 1644 nobis
2563 1591 2766 1646 habitat
2790 1592 3032 1648 Verbum
3059 1604 3195 1646 caro
3240 1591 3460 1665 factum,
3498 1601 3636 1658 Deus
3660 1611 3749 1659 est

2129 1683 2180 1736 in
2211 1682 2378 1737 nostri
2409 1684 2656 1752 corporis
2699 1684 2861 1757 385
2891 1685 3145 1739 veritate.
3199 1683 3253 1738 Si
3303 1685 3467 1757 igitur
3495 1702 3742 1749 naturam

399 1769 606 1826 fratres
635 1787 648 1824 :
685 1768 799 1823 haec
830 1770 972 1824 enim
1005 1784 1109 1822 non
1155 1779 1260 1821 tam
1287 1767 1448 1822 homo
1494 1783 1654 1837 quam
1697 1768 1896 1822 vermis
1927 1768 2007 1820 lo-

2133 1775 2354 1831 letrahit
2387 1775 2498 1828 Deo
2525 1774 2697 1830 Verbo
2729 1777 2890 1831 homo
2913 1774 3217 1832 secundum
3245 1791 3464 1836 carnem
3489 1782 3740 1840 Christus

398 1871 564 1918 cutus
593 1871 703 1928 est,
761 1860 1002 1915 Narrabo
1025 1877 1209 1915 nomen
1239 1873 1380 1914 tuum
1406 1860 1649 1930 fratribus
1673 1863 1796 1915 meis
1840 1860 2010 1934 (Psal.

399 1970 516 2018 nt,
550 1955 675 2024 25).
706 1953 774 2008 Et
799 1955 914 2008 hsce
943 1953 1162 2018 vermis,
1201 1953 1284 2007 vel
1319 1968 1423 2006 non
1453 1967 1521 2007 ex
1567 1963 1828 2022 conceptu
1854 1969 2013 2006 com-

397 2051 655 2108 munium
687 2048 860 2121 384
887 2049 1151 2120 originum
1198 2047 1405 2115 vivens,
1436 2048 1518 2103 vel
1547 2065 1576 2102 e
1608 2047 1888 2118 profundis
1913 2058 2019 2103 ter-

399 2161 482 2202 ra!
511 2144 671 2200 vivus
701 2158 1008 2214 emergens,
1042 2143 1109 2198 ad
1150 2143 1609 2212 significationem
1643 2152 1934 2212 assumpta:
1964 2151 2019 2197 et

402 2238 706 2293 viviticattc
738 2251 837 2306 per
882 2249 942 2292 se
971 2236 1134 2291 etiam
1169 2235 1242 2307 (ιι)
1275 2251 1340 2290 ex
1390 2234 1606 2290 inferno
1651 2236 1858 2302 carnis,
1896 2250 2020 2306 pro-

401 2335 587 2388 fessus
616 2339 743 2386 est:
777 2337 996 2400 totoque
1048 2331 1098 2384 in
1129 2331 1337 2399 psalmo
1379 2329 1646 2398 passionis
1691 2344 1802 2383 sum
1841 2342 2021 2383 sacra-

402 2434 592 2481 menta
627 2423 946 2494 prophetico
975 2423 1164 2492 Spiritu
1210 2422 1560 2491 praelocutus,
1590 2438 1655 2477 ex
1701 2437 1762 2478 ea
1797 2436 2022 2477 necesse

401 2530 494 2576 est
525 2520 724 2575 fratres
757 2515 1398 2585 habentdispensatione.
1432 2531 1534 2586 qua
1566 2531 1757 2585 passus
1785 2524 1888 2570 est.
1918 2513 2021 2568 No-

403 2617 489 2672 vit
537 2621 944 2670 sacramentum
993 2612 1044 2666 in
1103 2627 1169 2667 eo
1221 2610 1446 2665 fratrum
1499 2611 1660 2666 etiam
1735 2609 2023 2680 Apostolus

411 2709 596 2781 (Rom.
628 2722 750 2770 vin,
780 2704 898 2772 29).
942 2713 1000 2758 ut
1044 2701 1462 2774 primogenitum
1507 2717 1628 2756 eum
1671 2718 1737 2757 ex
1770 2700 2022 2764 mortuis,

408 2803 486 2858 ita
515 2797 938 2872 primogenitum
968 2797 1020 2850 in
1064 2796 1247 2850 multis
1282 2793 1542 2849 fratribus
1571 2794 1898 2865 przedicans.
1922 2792 2024 2848 Se-

409 2894 654 2952 cundum
683 2891 737 2947 id
769 2905 898 2960 ergo
927 2897 1012 2945 est
1039 2890 1092 2944 in
1120 2889 1305 2943 multis
1333 2887 1589 2942 fratribus
1610 2887 2024 2957 primogenitus,

410 2985 716 3045 secundum
747 2982 890 3055 quod
916 2993 996 3037 est
1023 2981 1412 3052 primogenitus
1437 2995 1501 3035 ex
1529 2980 1790 3047 mortuis;
1825 2988 2026 3036 etcum

411 3086 818 3136 sacramentum
871 3075 1058 3130 mortis
1087 3075 1138 3128 in
1188 3087 1418 3143 corpore
1467 3072 1574 3133 sit.
1627 3083 2026 3128 sacramentum

2126 1867 2309 1932 .lesus,
2340 1867 2421 1922 vel
2451 1881 2556 1921 non
2589 1867 2885 1923 secundum
2911 1878 3315 1924 sacramentum
3349 1873 3566 1941 pietatis
3594 1875 3742 1932 Deus

2127 1958 2366 2015 Verbum
2399 1958 2562 2014 homo
2582 1960 2825 2016 Christus
2855 1960 3011 2016 Jesus
3039 1970 3162 2026 est;
3197 1961 3268 2015 sit
3288 1963 3340 2017 in
3371 1973 3576 2021 natura:
3605 1982 3739 2023 con-

2129 2053 2426 2118 tumeliam,
2460 2053 2599 2122 quod
2630 2053 2681 2109 ei
2711 2055 3007 2110 secundum
3059 2069 3159 2110 nos
3203 2065 3256 2111 et
3283 2056 3443 2113 Pater
3474 2069 3646 2127 pater,
3680 2071 3740 2117 et

2129 2147 2271 2203 Deus
2301 2147 2444 2202 Deus
2469 2157 2572 2202 est.
2606 2147 2758 2216 Quod
2785 2149 2828 2202 si
2857 2149 3001 2204 Deus
3029 2147 3268 2204 Verbum
3297 2150 3461 2206 homo
3483 2149 3737 2209 Christus

2127 2241 2283 2296 .lesus
2315 2242 2456 2297 Deus
2509 2241 2743 2297 Verbum
2785 2257 2908 2298 esse
2961 2257 3067 2297 non
3117 2243 3362 2310 destitit;
3417 2249 3734 2303 communio

2129 2335 2288 2390 nobis
2314 2336 2463 2390 etilli
2493 2336 2557 2391 ad
2588 2348 2792 2406 patrem
2818 2347 2872 2392 et
2899 2337 3068 2392 Deum
3101 2353 3166 2392 ex
3195 2354 3255 2393 ea
3282 2347 3490 2392 tantum
3521 2347 3604 2393 est
3635 2355 3735 2394 na—

2130 2440 2272 2494 tura,
2324 2431 2523 2502 (e)qua
2577 2431 2742 2486 frater
2777 2439 2903 2485 est:
2932 2432 3056 2501 quia
3105 2431 3364 2484 adscendo
3409 2431 3477 2484 ad
3524 2441 3721 2500 patrem

2127 2539 2297 2577 meum
2323 2532 2369 2575 et
2414 2523 2482 2576 ad
2523 2534 2717 2591 patrem
2747 2533 2990 2588 vestrum,
3017 2533 3063 2575 et
3092 2522 3160 2574 ad
3189 2521 3352 2574 Deum
3396 2537 3566 2574 meum
3589 2532 3636 2574 et
3661 2525 3731 2576 ad

2131 2613 2296 2668 Deum
2345 2625 2585 2682 vestrum,
2635 2630 2739 2670 non
2775 2630 2869 2684 per
2901 2614 2974 2682 id,
3025 2613 3166 2684 quod
3217 2611 3544 2684 unigenitns
3582 2613 3730 2669 Deus

2134 2628 2296 2668 Deum
2345 2628 2585 2682 vestrum,
2635 2630 2739 2670 non
2775 2630 2869 2684 POI‘
2901 2628 2974 2682 Itl,
3025 2628 3166 2684 quod
3217 2628 3498 2682 umgenun
3585 2628 3729 2669 UOIIS

2134 2709 2369 2765 Verbum
2409 2716 2514 2772 est,
2563 2708 2658 2764 sed
2693 2725 2786 2777 per
2813 2706 2888 2772 id,
2913 2704 3056 2775 quod
3090 2703 3323 2759 Verbum
3372 2628 3729 2762 carogactum

2130 2814 2232 2872 est,
2267 2804 2337 2857 sit
2376 2801 2634 2858 fratribus
2664 2801 2986 2856 nuntiatum.

2205 2897 2293 2951 l7.
2316 2895 2521 2951 Christo
2545 2903 2600 2948 ut
2639 2892 2802 2949 Verbo
2827 2894 2914 2964 qui
2941 2901 3086 2961 pater
3101 2900 3198 2957 est,
3223 2900 3268 2944 et
3291 2900 3348 2945 ut
3367 2890 3492 2945 Jesn
3518 2900 3565 2946 et
3590 2908 3736 2948 serra

2134 2994 2278 3049 Deus
2308 3002 2477 3047 est.—
2497 2989 2611 3045 Non
2637 2989 2864 3044 incautis
2893 2998 3070 3042 autem
3101 3001 3274 3056 neque
3299 2985 3364 3039 ad
3388 2987 3733 3042 occasionem

2133 3083 2427 3156 impietatis
2449 3082 2672 3137 incertis
2691 3080 3172 3152 signiﬁcationibus
3198 3094 3378 3134 sermo
3401 3079 3735 3147 apostolicus

413 3187 634 3245 quoque
657 3168 1007 3225 fraternitatis
1050 3168 1101 3220 in
1133 3181 1296 3221 carne
1349 3174 1451 3220 est.
1501 3164 1716 3220 Fratres
1749 3168 1926 3235 itaque
1961 3181 2024 3219 ex
2057 3178 2102 3241 ρ
2136 3177 2390 3248 loquitur,
2422 3175 2492 3231 Ut
2522 3190 2662 3229 nunc
2691 3171 3031 3243 Evangelism
3063 3172 3263 3226 dictum
3296 3171 3508 3226 Domini
3538 3186 3565 3223 ει
3600 3186 3730 3240 pro-

415 3282 582 3325 Carne
609 3276 732 3319 sunt
762 3263 907 3325 Deo;
939 3261 1063 3331 quia
1094 3269 1148 3314 ct
1179 3258 1417 3314 Verbum
1448 3272 1575 3313 caro
1609 3258 1803 3314 factum
1834 3269 1940 3322 est,
1970 3269 2026 3313 et

419 3357 682 3416 habitavit
703 3357 754 3411 in
787 3355 942 3409 nobis
969 3373 983 3410 :
1013 3363 1273 3408 caeterum
1299 3351 1609 3420 unigenitus
1633 3351 1795 3418 Deus,
1829 3354 1879 3407 in
1905 3353 2027 3407 uni-

418 3453 587 3526 geniti
607 3450 947 3520 exceptione,
978 3447 1096 3502 sine
1127 3445 1383 3500 fratribus
1407 3451 1508 3498 est.

499 3545 584 3602 16.
629 3546 763 3600 Deus
791 3553 837 3598 et
880 3543 1099 3613 propria
1130 3551 1176 3595 et
1207 3540 1469 3595 communi
1509 3541 1710 3597 ratione
1734 3543 1926 3598 Christi
1953 3552 2026 3597 est

420 3650 590 3714 pater.
621 3666 691 3680 ——
723 3638 839 3708 Ipse
865 3645 1069 3700 autem,
1105 3634 1474 3690 univcrsitatis
1502 3643 1702 3689 nostra:
1735 3638 1785 3691 in
1810 3652 1870 3692 se
1896 3653 2028 3690 con-

421 3738 601 3793 tinens
625 3752 688 3791 ex
719 3734 898 3790 carnis
920 3732 1296 3801 assumptione
1321 3739 1589 3792 naturam,
1615 3740 1734 3786 erat
1755 3730 1899 3803 quod
1930 3746 2026 3786 nos

422 3845 631 3895 sumus,
663 3843 834 3899 neque
861 3827 1117 3883 amiserat
1142 3839 1263 3880 esse
1293 3823 1435 3894 quod
1479 3833 1790 3890 manserat;
1825 3824 2028 3879 habens

423 3940 496 3981 ex
546 3923 816 3978 nativitate
867 3919 944 3992 (c)
997 3931 1142 3984 tunc,
1199 3929 1254 3973 ct
1306 3933 1373 3972 ex
1427 3916 1815 3974 constitutione
1863 3935 2023 3986 nunc,

423 4018 595 4074 Deum
624 4025 848 4087 patrem.
885 4013 1190 4070 Secundum
1223 4010 1670 4068 constitutionem
1705 4027 1867 4077 nunc,
1902 4013 2024 4083 quia

423 4125 494 4167 ex
525 4117 671 4180 patre
703 4110 810 4165 Deo
834 4109 1037 4164 omnia.
1072 4106 1334 4162 Omnibus
1381 4102 1524 4159 enim
1555 4103 1698 4159 Deus
1738 4116 1892 4178 pater
1919 4116 2025 4172 est,

426 4202 556 4258 dum
584 4217 652 4258 ex
677 4216 742 4258 eo
767 4211 820 4257 et
862 4202 914 4256 in
941 4216 1008 4257 eo
1033 4199 1213 4254 omnia
1244 4207 1390 4253 sunt.
1427 4196 1532 4254 Sed
1586 4199 1864 4268 unigenito
1897 4200 2024 4266 Deo,

425 4296 552 4369 quia
582 4294 816 4350 Verbum
849 4309 977 4348 caro
1003 4293 1198 4347 factum
1225 4301 1330 4359 est,
1364 4305 1470 4344 non
1497 4288 1622 4345 hinc
1643 4299 1848 4346 tantum
1881 4302 2030 4363 pater

491 4410 569 4483 (Ι)
597 4409 890 4482 Corruptio.

2132 3268 2370 3325 fessione
2398 3265 2622 3320 fratrum
2656 3266 2947 3334 incipiens,
2979 3266 3142 3320 totius
3179 3263 3304 3319 dicti
3340 3261 3733 3332 professionem

2132 3361 2200 3415 ad
2234 3359 2346 3430 ejus
2374 3368 2578 3414 natura:
2604 3358 2932 3412 consortium
2960 3357 3175 3421 docuit,
3215 3355 3292 3428 ff)
3325 3370 3390 3409 ex
3431 3370 3533 3426 qua
3567 3354 3734 3411 frater

2132 3464 2216 3510 est
2238 3496 2251 3519 ,
2281 3454 2574 3524 pertinere,
2609 3453 2730 3523 quia
2763 3465 2941 3506 sermo
2971 3459 3052 3505 cst
3080 3450 3382 3506 destinatus
3407 3450 3472 3502 ad
3499 3449 3731 3504 fratres:

2134 3563 2202 3604 ne
2240 3547 2306 3601 ad
2342 3545 2638 3601 divinitatis
2676 3543 3058 3600 contumeliam
3099 3551 3460 3612 reputaretur,
3492 3539 3633 3610 quod
3663 3540 3730 3596 ad

2133 3649 2532 3696 sacramentum
2568 3638 2780 3707 pietatis
2817 3635 3240 3706 przcdicahatur;
3271 3649 3391 3687 cum
3423 3634 3733 3687 communio

2132 3731 2200 3787 ad
2227 3747 2348 3786 eum
2382 3741 2564 3785 nostra
2585 3771 2599 3794 ,
2631 3745 2731 3800 qua
2763 3738 2912 3798 pater
2941 3729 3094 3782 nobis
3137 3741 3191 3782 et
3220 3727 3320 3781 sibi
3357 3732 3508 3794 pater
3537 3733 3614 3778 est
3635 3766 3650 3788 ,
3678 3736 3733 3781 et

2132 3825 2275 3879 Deus
2306 3825 2462 3878 nobis
2488 3834 2541 3878 et
2572 3823 2673 3878 sibi
2713 3823 2855 3876 Deus
2883 3830 2996 3885 est,
3035 3819 3330 3878 secundum
3371 3817 3732 3888 dispensatio-

2133 3934 2253 3974 nem
2275 3919 2455 3972 carnis
2497 3918 2812 3980 exsisteret,
2848 3915 3098 3971 fratribus
3141 3915 3296 3970 nobis
3337 3912 3403 3968 ad
3439 3927 3561 3992 eum
3595 3915 3731 3968 nati-

2131 4010 2294 4064 vitate
2313 4009 2555 4080 corporis
2569 4009 2907 4080 deputandis.
2931 4008 3101 4063 Nemo
3119 4009 3278 4078 igitur
3297 4005 3535 4077 ambigit,
3558 4007 3728 4064 Deum

2134 4115 2338 4176 patrem
2371 4119 2493 4159 esse
2519 4103 2680 4159 etiam
2712 4104 2881 4158 Deum
2905 4103 3117 4158 Dotnini
3144 4101 3309 4158 nostri
3335 4099 3462 4155 .lesu
3492 4097 3692 4154 Christi
3715 4119 3727 4154 :

2131 4198 2226 4253 sed
2257 4197 2372 4252 lucc
2403 4197 2486 4268 pia
2516 4206 2696 4251 nostra
2740 4196 3002 4265 professio
3032 4212 3136 4252 non
3170 4205 3318 4267 patet
3343 4192 3408 4246 ad
3439 4191 3732 4262 impietatis

2131 4292 2494 4349 occasionem.
2530 4292 2670 4346 Deus
2699 4291 2815 4362 ejus
2857 4300 2940 4347 e~t
2971 4309 2982 4345 :
3019 4305 3124 4344 non
3173 4289 3406 4353 idcirco,
3435 4294 3495 4341 ut
3532 4284 3730 4341 diversi

501 4504 580 4576 (a)
615 4503 747 4558 Editi
770 4518 889 4557 cum
923 4501 1165 4576 pluribus
1192 4499 1745 4576 scriptichorIuptio.
1780 4497 2028 4576 Au_ctori-
2053 4503 2107 4564 1)
2131 4499 2354 4576 cundum
2401 4499 2838 4576 constitutionem,
2887 4501 3009 4576 quia
3049 4515 3146 4576 ea:_
3161 4499 3314 4576 Patre
3362 4496 3472 4552 Deo
3514 4499 3686 4552 omnia
3715 4516 3729 4552 :

426 4569 538 4631 tate
553 4569 682 4629 mss.
703 4569 1074 4644 eptimtenotm
1090 4574 1294 4626 Martia.
1306 4613 1321 4637 ,
1339 4571 1517 4636 Colb.,
1540 4570 1749 4644 Remig.
1774 4581 1827 4624 et
1839 4569 2022 4644 Germ.

427 4642 764 4719 praeferimus
784 4646 1075 4719 corporalia
1096 4661 1114 4697 :
1138 4659 1258 4698 num
1281 4658 1382 4697 vox
1396 4642 1719 4719 csadverso
1739 4643 2028 4719 apponitur

427 4712 642 4787 Spiritus
667 4712 947 4782 vocabulo,
976 4730 1082 4786 quo
1105 4725 1348 4768 naturam
1376 4713 1612 4768 divinam
1636 4715 1773 4767 solet
1797 4712 2027 4767 Hilarius

427 4790 670 4860 significa
681 4804 756 4860 re.

504 4854 584 4932 (ὁ)
611 4859 743 4914 lllud
769 4860 1081 4932 exinferno,
1115 4872 1219 4912 non
1251 4856 1316 4912 ad
1351 4855 1669 4909 vocabulum
1700 4857 1901 4932 carnis,
1930 4854 2025 4932 sed

427 4927 521 4988 ad'
555 4927 643 4999 per
675 4947 728 4984 se
775 4927 1118 4986 referendum
1171 4937 1286 4990 est;
1322 4937 1379 4982 ut
1402 4941 1506 4981 non
1531 4941 1681 4991 caro,
1712 4927 1806 4999 sed
1834 4929 1946 4999 ipse
1971 4927 2022 4978 in

429 4995 645 5060 inferno
674 5002 851 5057 fuerit.
884 5001 951 5056 Ut
975 5002 1117 5054 enim
1151 5000 1377 5067 legimus
1404 4999 1496 5054 lib.
1533 5013 1584 5053 χ.
1621 5014 1676 5050 n.
1708 4997 1778 5052 65
1807 5016 1820 5050 :
1856 4995 2027 5050 Num-

426 5076 554 5145 quid
583 5073 902 5127 descendisse
929 5072 998 5126 ad
1039 5074 1232 5140 inferos
1269 5087 1486 5138 corpus,
1533 5067 1682 5145 quod
1705 5071 1760 5122 in
1793 5067 2024 5145 sepulcro

417 5139 609 5222 iacuit,
646 5145 840 5198 dicetur
861 5145 886 5197 ?
907 5145 1077 5222 Antea
1098 5139 1265 5197 voces
1298 5159 1387 5209 per
1408 5157 1462 5194 se
1483 5154 1590 5222 utin
1615 5139 1786 5222 ῃιξριις
1811 5139 1876 5191 ad
1901 5154 2024 5222 'ver-

428 5208 558 5274 'bnm
591 5208 866 5281 assumpta:
913 5216 1215 5284 pertinent,
1265 5208 1424 5282 quam
1457 5210 1538 5284 ad
1589 5210 1873 5284 viviﬁcatte.
1901 5208 2026 5263 Ideo

428 5289 577 5345 enim
602 5287 856 5340 Christus
885 5282 1083 5340 vermis
1121 5286 1337 5345 dicitur,
1379 5282 1500 5352 quia
1547 5296 1675 5352 caro
1707 5282 1872 5352 ipsius
1903 5294 2025 5346 pro-

430 5361 548 5432 pria
571 5359 770 5412 virtute
789 5358 855 5432 de
874 5358 1078 5432 virgine
1095 5351 1526 5432 conceptapipsn
1549 5367 1612 5406 ex
1640 5351 1825 5407 inferis
1850 5366 2027 5407 emer-

429 5427 594 5504 gente
611 5430 840 5504 propria
869 5431 1029 5482 etiam
1060 5427 1255 5504 virtute
1282 5428 1546 5479 viviticata
1575 5434 1676 5477 est.

503 5499 777 5574 (c)iEditi,
807 5511 1034 5574 excepto
1063 5499 1216 5564 Bad.,
1247 5509 1368 5574 tunc
1391 5507 1585 5566 patrem
1603 5504 1878 5549 tantumea:
1897 5511 2024 5548 con-

427 5569 698 5629 stitutione
727 5586 745 5623 :
791 5581 902 5623 tum
941 5569 1032 5624 Er.
1067 5586 1203 5623 nunc
1243 5570 1406 5623 Deum
1434 5578 1482 5623 et
1514 5576 1708 5631 patrem
1737 5578 1936 5619 tantum
1964 5582 2028 5619 ea:

430 5644 815 5701 constitutione.
847 5658 986 5694 nunc
1011 5639 1200 5703 Deum,
1241 5643 1362 5710 quia
1407 5656 1469 5692 ea:
1499 5638 1601 5710 Deo
1631 5649 1776 5707 patre
1815 5640 1984 5690 omnia
2008 5652 2027 5690 :

433 5717 583 5786 gips.
615 5710 842 5786 anulatis
867 5714 1138 5786 pliorihtts
1177 5714 1356 5786 verbis
1400 5709 1638 5786 retinuit,
1659 5714 2027 5786 tantmn‘nune

436 5768 606 5842 Nam
633 5768 756 5854 quia
786 5768 848 5837 ei:
868 5768 987 5836 "Deo
1015 5789 1158 5846 patre
1187 5768 1358 5836 cauda
1389 5786 1405 5834 ξ
1442 5784 1558 5834 t‘nr.
1594 5783 1727 5833 ntuir
1765 5773 1922 5832 "tum
1949 5789 2027 5831 ue-

2133 4572 2284 4624 valde
2335 4571 2676 4640 perturbate,
2724 4581 2779 4625 et
2826 4572 3069 4625 confuse.
3107 4570 3440 4626 Emendatur
3482 4585 3552 4623 ex
3597 4585 3728 4624 mss.

2132 4641 2255 4696 Vult
2301 4657 2463 4711 porro
2517 4642 2770 4702 Ililarius.
2804 4642 3074 4696 Cllt'iS'lltn
3123 4641 3374 4696 habuisse
3417 4651 3563 4699 tunc.
3608 4641 3727 4700 scil.

2131 4726 2255 4768 ante
2279 4729 2438 4784 quam
2460 4727 2587 4767 caro
2611 4714 2786 4778 fieret,
2815 4730 2879 4767 ex
2911 4717 3214 4773 nativitate.
3243 4727 3402 4785 quem
3437 4727 3577 4765 nunc
3602 4726 3732 4785 care

2130 4785 2304 4839 factus
2323 4801 2389 4840 ex
2416 4785 2803 4841 cmustitutinue
2831 4787 3008 4840 carnis
3028 4786 3186 4841 habet
3215 4784 3348 4838 nova
3379 4793 3433 4838 et
3452 4784 3725 4836 communi

2130 4858 2414 4911 nobiscum
2446 4857 2653 4911 ratione
2695 4857 2863 4911 Deum
2909 4867 3136 4926 patrem.
3168 4858 3331 4912 Paulo
3361 4855 3516 4908 aliter
3545 4855 3594 4906 in
3625 4869 3726 4908 ms.

2133 4927 2249 4981 Vat.
2285 4929 2398 4981 bas.
2434 4929 2511 4980 sic
2542 4929 2720 4995 legere
2751 4941 2854 4990 est,
2887 4929 3074 4981 habens
3103 4946 3167 4984 ea:
3201 4929 3464 4981 nativitate
3487 4937 3608 4977 tunc
3637 4940 3731 4992 pa-

2131 5008 2258 5052 trem
2293 5009 2522 5059 tantum.
2555 5015 2619 5052 ea:
2645 5001 3005 5053 constitutione
3036 5017 3169 5053 nunc
3201 4998 3366 5052 Deum
3405 5006 3451 5051 et
3489 5005 3687 5068 putrem
3711 5010 3730 5068 ξ

2132 5078 2331 5122 tantum
2378 5087 2441 5124 ea:
2484 5070 2843 5124 constitutione
2873 5087 3008 5122 nunc
3036 5069 3234 5133 Deum,
3279 5070 3423 5139 quia,
3473 5066 3603 5126 etc..
3638 5066 3730 5119 ubi

2131 5151 2462 5208 postremum
2495 5142 2792 5194 membrum
2841 5141 3083 5194 nonnihil
3135 5149 3332 5209 pugnat
3361 5155 3479 5193 cum
3530 5151 3726 5209 pra'ce-

2129 5211 2294 5267 dente
2321 5231 2332 5266 :
2363 5212 2500 5266 sicut
2525 5222 2571 5264 et
2600 5215 2829 5280 primum
2855 5226 2976 5264 cum
3001 5208 3180 5265 verbis
3205 5208 3353 5264 ninn.
3389 5211 3476 5266 15.
3509 5210 3594 5260 ubi
3616 5208 3727 5278 jam

2128 5285 2435 5338 audivimus
2464 5279 2740 5352 unigenito
2773 5283 2881 5336 Deo
2920 5292 3042 5336 ante
3072 5297 3288 5336 carnem
3318 5297 3439 5337 esse
3481 5279 3648 5333 Deum
3677 5287 3731 5333 et

2130 5364 2340 5426 patrem
2370 5354 2661 5409 nativitatis
2689 5369 2823 5407 sum.

2200 5448 2285 5519 (d)
2331 5448 2408 5502 Ita
2456 5461 2555 5500 ms.
2602 5445 2670 5500 At
2699 5445 2850 5519 editi,
2879 5462 2969 5519 per
2997 5445 3051 5498 id
3078 5447 3127 5500 iu
3160 5445 3326 5510 nobis,
3357 5459 3477 5498 mox
3511 5443 3726 5514 pradiva

2131 5514 2391 5589 particula
2419 5519 2541 5570 dum
2563 5528 2685 5570 ante
2715 5514 2852 5569 Deus
2879 5514 2982 5572 est.

2203 5615 2277 5685 (ε)
2303 5613 2426 5668 Vat.
2459 5611 2571 5665 bas.
2599 5619 2656 5664 et
2683 5609 2885 5679 aliquot
2915 5613 2999 5667 alii
3031 5627 3156 5664 tnss.
3201 5626 3299 5678 qzta
3323 5609 3472 5662 homo
3497 5619 3593 5663 est.

2203 5704 2269 5777 (ι’)
2302 5706 2356 5761 In
2385 5701 2632 5776 vulgatis,
2656 5718 2719 5758 ex
2737 5719 2861 5772 quo.
2894 5706 3110 5764 Rectius
3133 5709 3189 5758 in
3213 5718 3344 5764 mss.
3371 5718 3435 5760 ea:
3464 5719 3584 5774 qua.
3610 5701 3732 5760 acili

2129 5780 2343 5832 Μυκη.
