4322 6248
554 169 603 178 ἢ

610 300 710 356 Mi

1814 297 2060 358 SANCTI
2102 297 2357 355 HIIABII
2401 297 2709 359 EPISCOPI

3812 307 3920 362 419.

612 420 680 475 ab
707 434 773 475 eo
797 420 1014 491 generis
1040 421 1182 476 Deus
1223 422 1313 476 sit.
1347 422 1452 478 Sed
1491 422 1615 492 quia
1653 420 1734 495 (τι)
1777 435 1842 477 es
1887 419 2046 476 Patre
2076 419 2220 475 Deus
2247 417 2301 480 Α
2325 419 2529 476 «Non
2570 420 2803 479 alierum
2843 431 3026 479 autem
3056 431 3302 494 tempora
3340 422 3423 480 vel
3455 431 3640 478 aetates
3687 424 3940 496 Spiritus

617 523 774 570 natus
800 525 913 581 est,
945 526 1001 570 et
1029 529 1096 570 ex
1126 512 1526 584 dispensatione
1566 529 1758 573 servus
1787 525 1906 582 est;
1939 515 2132 570 habeat
2162 514 2218 569 et

616 605 700 680 (it)
731 615 974 678 patrem,
1020 605 1148 663 dum
1179 622 1244 663 ett
1274 623 1340 664 eo
1381 609 1524 666 Deus
1567 619 1680 675 est;
1711 619 1766 665 et
1805 609 1974 664 Deum
2021 622 2178 663 suum
2199 641 2216 674 ,-

616 701 742 756 dum
769 716 836 756 ex
870 700 1088 771 Virgine
1118 713 1248 757 caro
1271 711 1374 758 est.
1409 704 1566 772 Quod
1600 704 1752 760 brevi
1779 714 1938 774 atque
1967 703 2220 757 absoluto

615 791 910 862 Apostolus
935 807 1184 849 sermnne
1211 797 1509 866 consignat,
1543 797 1768 853 dicens:
1802 796 2222 851 Conmemorans

616 889 671 943 in
693 888 1014 942 orationibus
1041 891 1186 956 meis,
1205 901 1262 946 ut
1279 888 1420 946 Deus
1443 890 1649 946 Domini
1672 892 1832 947 nostri
1859 889 1986 945 Jesu
2008 889 2218 956 Christi,

619 992 768 1051 pater
792 982 1077 1049 claritatis,
1113 983 1196 1037 det
1228 985 1367 1039 vobis
1391 985 1626 1058 spiritum
1651 986 1915 1055 sapientite
1943 994 1990 1039 et
2029 983 2220 1037 revrta-

620 1074 774 1128 tionis
805 1072 1025 1145 (Ephes.
1057 1090 1108 1141 ι,
1145 1075 1210 1129 lii
1253 1088 1301 1130 et
1345 1077 1456 1147 17).
1491 1075 1593 1134 Ubi
1623 1079 1765 1132 enim
1795 1076 1952 1133 Jesus
1974 1074 2222 1131 Christus

623 1177 723 1235 est,
761 1167 833 1222 ibi
855 1168 998 1223 Deus
1019 1170 1135 1238 ejus
1165 1178 1248 1224 est
1273 1187 1287 1219 :
1322 1171 1412 1224 ubi
1442 1185 1571 1225 vero
1593 1171 1811 1224 claritas
1840 1179 1943 1236 est,
1976 1169 2046 1223 ibi
2069 1178 2222 1238 pater

622 1264 727 1314 est.
774 1257 874 1325 Qui
917 1260 1094 1330 itaque
1137 1259 1356 1316 Christo
1395 1261 1688 1318 secundum
1731 1261 1895 1333 386
1922 1260 2221 1316 claritatem

623 1357 780 1420 pater
811 1362 913 1416 est,
947 1352 1089 1405 idem
1121 1351 1338 1407 Christo
1378 1354 1670 1409 secundum
1701 1352 1882 1408 Jesum
1931 1352 2071 1406 Deus
2115 1359 2216 1406 est.

622 1443 804 1499 Jesutn
826 1445 970 1499 enim
995 1447 1232 1515 Angelus
1248 1445 1520 1501 Christum
1539 1447 1844 1512 Dominum,
1873 1461 2030 1513 quem
2060 1445 2222 1501 Maria

623 1547 768 1593 esset
803 1538 1044 1609 paritura
1069 1579 1082 1604 ,
1113 1540 1456 1610 cognominat
1489 1539 1704 1612 (Matth.
1739 1555 1778 1604 ι,
1809 1538 1923 1610 21).
1951 1539 2222 1592 Caeterum

621 1631 896 1686 Christum
923 1633 1210 1687 Dominum
1246 1631 1320 1706 (c)
1360 1631 1618 1702 Spiritum
1652 1633 1932 1703 prophetia
1967 1630 2220 1702 loquitur.

623 1727 690 1782 Et
747 1727 1018 1797 plerisque
1075 1725 1156 1798 (tt)
1213 1727 1508 1782 secundum
1563 1725 1882 1782 latinitatem
1941 1724 2224 1781 obscurius

2321 513 2710 581 diversitatem,
2737 525 2794 570 ut
2821 527 2926 572 non
2949 517 3066 586 ipse
3088 525 3250 587 atque
3278 514 3420 571 idem
3447 513 3694 572 Christus
3722 516 3774 572 in
3799 531 3916 570 ror-

2320 621 2453 680 pore
2481 609 2570 677 sit,
2601 610 2692 679 qui
2719 611 2918 666 mansit
2941 609 3010 683 (e)
3031 609 3234 680 Spiritu
3262 609 3316 664 in
3343 609 3641 680 prophetis.
3668 611 3917 682 Loquens

2317 701 2462 758 enim
2491 716 2586 772 per
2611 715 2673 757 os
2701 703 2870 757 ancti
2895 700 3213 772 patriarcha:
3237 701 3402 756 David
3430 718 3440 754 :
3470 701 3630 758 Utts‘it
3658 710 3726 766 te,
3751 700 3914 768 Deus,

2320 794 2463 851 Deus
2485 806 2602 851 tuus
2631 795 2742 851 oleo
2772 797 3126 852 exsuttationis
3147 795 3225 868 (1)
3244 798 3432 868 prtem
3456 798 3791 868 participibus
3819 800 3918 852 tuis

2324 887 2499 960 (Psat.
2532 903 2674 954 xuv,
2707 889 2796 959 8),
2830 903 2940 944 non
2976 887 3272 944 secundum
3299 901 3694 946 sacramentum
3727 891 3874 946 aliud
3897 933 3910 956 ,

2321 993 2480 1049 quam
2529 980 2824 1035 secundum
2872 981 3328 1050 dispensationem
3369 985 3630 1054 assumpti
3672 986 3916 1054 corporis

2320 1077 2405 1126 est
2432 1069 2660 1126 locutus.
2696 1073 2777 1144 (α)
2820 1064 2955 1128 Nam
2984 1073 3075 1144 qui
3120 1085 3260 1130 nunc
3308 1073 3561 1131 fratribus
3611 1076 3913 1142 mandans,

2321 1173 2528 1233 patrem
2575 1175 2760 1219 eorum
2808 1175 3016 1236 patrem
3061 1181 3214 1221 suum
3244 1175 3296 1221 et
3331 1167 3500 1223 Deum
3529 1183 3714 1224 eorum
3748 1170 3920 1226 Deum

2323 1269 2480 1312 suum
2509 1272 2652 1324 esse,
2697 1268 2822 1315 tunc
2865 1271 3080 1330 quoque
3112 1267 3330 1316 anetum
3362 1275 3422 1318 se
3453 1275 3481 1316 a
3525 1263 3637 1318 Deo
3677 1275 3775 1320 suo
3806 1277 3918 1333 prae

2325 1350 2673 1419 participibus
2689 1353 2800 1406 suis
2817 1353 3164 1423 loquebatur:
3182 1362 3240 1408 ut
3259 1354 3386 1409 dum
3408 1356 3680 1425 unigenito
3702 1356 3918 1413 Christo

2323 1443 2438 1499 Deo
2469 1442 2648 1498 Verho
2693 1446 2962 1514 particeps
2988 1462 3092 1500 non
3124 1455 3206 1501 est
3229 1489 3242 1510 ,
3278 1448 3544 1518 particeps
3573 1455 3744 1504 tamen
3771 1452 3818 1504 ei
3848 1463 3918 1505 ex

2324 1549 2385 1591 ea
2415 1545 2730 1591 nosceretur
2758 1538 3130 1608 assumptione
3142 1551 3245 1611 qua
3265 1552 3397 1594 caro
3421 1547 3523 1594 est.
3553 1539 3746 1597 Unctio
3773 1542 3922 1597 enim

2326 1629 2414 1685 illa
2444 1645 2549 1684 nou
2580 1631 2748 1686 beatae
2778 1632 2854 1686 illi
2882 1643 2936 1687 et
2964 1633 3289 1704 incorruptae
3311 1641 3366 1690 et
3389 1635 3442 1689 lu
3467 1641 3654 1690 natura
3683 1635 3778 1690 Dei
3805 1641 3926 1690 ms-

2324 1724 2471 1779 nenti
2505 1723 2770 1778 natlvitati
2800 1723 3054 1794 profecit,
3086 1726 3180 1780 sed
3221 1726 3465 1797 corporis
3505 1735 3843 1783 sacramento
3869 1738 3926 1783 et

624 1818 726 1872 hoc
754 1819 956 1872 dictum
991 1817 1202 1874 videtur
1228 1835 1241 1872 :
1273 1819 1396 1889 quia
1420 1818 1656 1874 latinitas
1681 1818 2091 1888 pronominibus
2115 1832 2220 1872 non
2252 1814 2300 1872 ii
2325 1816 2738 1870 sanctiiicatioui
2771 1816 3001 1872 hominis
3028 1820 3314 1889 assumpti,
3347 1819 3508 1875 Petro
3537 1821 3782 1890 apostolo
3813 1827 3928 1876 tes-

621 1911 812 1975 utitur,
836 1925 958 1980 quin
977 1910 1225 1982 grtecitas
1247 1925 1346 1964 usu
1370 1910 1600 1967 honesto
1618 1920 1670 1966 et
1686 1910 1992 1966 necessario
2005 1923 2221 1980 semper

621 2014 864 2074 usurpat.
909 2004 986 2058 ita
1031 2004 1174 2058 enim
1218 2004 1512 2058 scribitur:
1544 2005 1570 2059 ὁ
1599 2006 1706 2065 θεὸς
1734 2011 1824 2060 τοῦ
1866 2005 2052 2082 κυρίου
2080 2005 2220 2076 ἡμῶν

623 2095 788 2156 Ἰησοῦ
813 2096 1093 2175 maeotia
1117 2103 1290 2175 πατὴρ
1308 2113 1402 2162 τῆς
1423 2096 1890 2165 ditius-Quomodo
1916 2098 2218 2166 nobiscum,

623 2192 667 2246 si
697 2203 912 2260 semper
941 2191 1316 2260 pronominum
1343 2192 1675 2246 consuetudo
1698 2200 1860 2257 esset,
1891 2192 1962 2246 ita
1987 2205 2224 2262 pronum

620 2285 849 2339 tiaretur
880 2301 893 2338 :
927 2284 1028 2339 ιιιε
1063 2281 1206 2338 Deus
1240 2284 1384 2339 illius
1423 2283 1631 2338 Domini
1657 2285 1819 2339 nostri
1856 2283 1982 2338 Jesu
2012 2284 2220 2349 Christi,

620 2379 714 2433 itte
737 2387 882 2449 pater
907 2379 1054 2432 illius
1079 2379 1348 2434 claritatis.
1385 2379 1488 2434 Per
1517 2378 1570 2433 id
1597 2380 1762 2444 enim,
1790 2379 1928 2448 quod
1960 2379 2051 2434 ille
2080 2378 2223 2434 Deus

621 2469 764 2524 illius
803 2469 932 2524 Jesu
973 2469 1170 2525 Christi
1199 2480 1312 2536 est,
1342 2481 1398 2526 et
1439 2471 1528 2525 ille
1571 2480 1724 2540 pater
1749 2471 1890 2526 illius
1917 2471 2180 2526 claritatis
2201 2511 2216 2536 ,

621 2561 864 2632 quaedam
890 2561 1186 2616 secundum
1215 2564 1572 2632 capacitatem
1599 2578 1792 2618 sensus
1819 2563 1990 2618 nostri
2018 2563 2220 2618 intellia

619 2653 812 2722 gentia:
835 2651 1143 2723 proprietas
1163 2668 1417 2723 expressa
1441 2663 1520 2708 est
1547 2672 1560 2708 :
1586 2666 1642 2708 ut
1660 2653 1860 2710 Christi
1885 2655 1973 2709 ubi
1999 2653 2219 2710 claritas

620 2758 722 2813 est,
755 2745 1002 2802 iliTDeus
1033 2755 1187 2817 pater
1213 2746 1332 2816 ejus
1361 2747 1466 2813 sit;
1498 2747 1588 2802 ubi
1619 2761 1746 2802 vero
1774 2745 2022 2803 Christus
2060 2747 2218 2804 lesu's

619 2847 723 2902 est,
753 2836 824 2892 ibi
859 2847 1008 2907 pater
1050 2837 1192 2892 Deus
1234 2852 1363 2892 suus
1391 2840 1488 2904 sit;
1523 2837 1729 2895 habens
1766 2839 1938 2894 Deum
1963 2851 2120 2896 suum
2160 2839 2218 2896 in

618 2928 1021 2998 dispensatione
1062 2945 1184 2986 cum
1215 2945 1408 2986 servus
1435 2940 1537 2995 est,
1569 2939 1625 2986 et
1656 2941 1862 3002 patrem
1895 2932 1948 2987 in
1971 2931 2216 2989 claritate

619 3034 742 3076 cuin
777 3021 918 3076 Deus
945 3021 1036 3075 sit.

2323 1916 2492 1974 tante,
2519 1923 2641 1962 cum
2668 1909 2786 1963 ait:
2812 1909 3166 1965 Cannensi-unt
3191 1913 3321 1966 enim
3347 1912 3426 1982 (tt)
3459 1913 3512 1966 in
3539 1915 3749 1967 ueritate
3774 1914 3828 1966 in
3857 1915 3928 1968 ci-

2324 2001 2475 2054 vitate
2502 2001 2602 2054 ista
2630 2001 2899 2056 adversum
2924 2012 3156 2056 sanctum
3186 2003 3346 2076 3.7
3375 2013 3519 2057 tuum
3549 2005 3714 2075 ﬁlium
3743 2001 3926 2061 Iesum

2323 2109 2472 2164 quem
2496 2093 2688 2148 tinxisti
2713 2095 2847 2165 (Act.
2883 2109 2956 2162 tv,
2977 2094 3091 2166 27).
3119 2096 3186 2151 Et
3213 2109 3453 2152 rursum:
3493 2091 3600 2155 Vss
3623 2101 3767 2154 scitis
3785 2102 3930 2172 quod

2322 2185 2514 2254 factum
2544 2195 2617 2239 est
2642 2185 2849 2240 uerbum
2879 2193 2969 2257 pe‘r
2994 2187 3282 2242 uniuersam
3315 2187 3589 2258 Judaeum,
3612 2192 3867 2258 incipiens
3892 2205 3929 2246 ιι

2329 2277 2547 2334 Gaiilwa
2573 2289 2692 2350 post
2715 2280 3026 2351 baptismum
3060 2282 3198 2353 quod
3222 2283 3521 2354 prtedicarit
3546 2284 3795 2350 Joannes,
3825 2285 3921 2339 Je-

2323 2389 2435 2428 sum
2461 2371 2543 2446 (2)
2567 2373 2617 2428 Ν
2623 2389 2903 2440 azarteunt,
2926 2377 3179 2446 quomodo
3201 2379 3348 2431 unxit
3373 2377 3524 2432 illum
3553 2375 3696 2433 Deus
3722 2379 3924 2444 Spit-int

2323 2475 2498 2520 sancto
2529 2475 2574 2520 et
2595 2467 2778 2520 virtute
2804 2465 2941 2537 (Act.
2974 2482 3033 2534 ι,
3062 2469 3129 2522 37
3156 2477 3201 2522 et
3227 2465 3345 2539 58).
3373 2467 3532 2522 Jesus
3553 2481 3681 2540 ergo
3709 2469 3928 2540 ungitur

2324 2557 2391 2612 ad
2421 2568 2822 2613 sacramentum
2849 2560 3028 2614 carnis
3067 2558 3134 2630 (i)
3170 2571 3525 2630 regeneratus.
3574 2559 3638 2618 Et
3665 2563 3928 2633 quemad-r

2323 2654 2542 2707 modum
2572 2653 2762 2723 spiritu
2801 2653 2896 2708 Dei
2925 2663 2982 2709 ot
3004 2654 3201 2710 virtute
3237 2661 3435 2710 unctus
3474 2657 3575 2722 sit,
3607 2670 3712 2711 non
3740 2656 3920 2711 amiti-

2324 2761 2487 2816 gunm
2525 2754 2609 2802 est
2628 2787 2644 2814 ,
2676 2755 2788 2802 tum
2833 2763 2956 2802 cum
2981 2747 3344 2804 adscendente
3367 2763 3432 2804 eo
3459 2749 3526 2804 de
3551 2748 3782 2804 Jordane
3809 2765 3919 2806 vos

2325 2840 2424 2896 Dei
2454 2841 2622 2912 patris
2646 2841 2826 2896 audita
2851 2851 2965 2896 eet:
2998 2839 3168 2896 Filias
3198 2857 3337 2896 meus
3359 2857 3412 2896 es
3440 2851 3514 2908 tu,
3539 2857 3630 2913 ego
3655 2840 3802 2896 hodie
3831 2857 3916 2912 qe-

2323 2935 2416 2988 nui
2442 2943 2491 2989 te
2519 2933 2694 3008 (Psat.
2732 2949 2786 3001 ιι,
2821 2931 2915 3006 6);
2947 2941 3004 2988 ιιι
3031 2947 3128 3004 per
3156 2933 3257 2989 hoc
3286 2935 3653 2989 testimonium
3677 2935 3922 2990 sanctiil-

2324 3037 2458 3082 cata:
2486 3027 2540 3082 in
2568 3042 2635 3084 eo
2658 3027 2858 3096 carnis,
2886 3027 3070 3082 unctio
3092 3027 3348 3097 spiritalis
3373 3027 3587 3084 virtutis
3611 3026 3686 3101 (j)
3710 3041 3920 3097 cogno-

691 3113 782 3169 18.
814 3111 894 3169 De
921 3114 1126 3170 Christo
1154 3124 1209 3170 ut
1235 3116 1442 3171 homins
1466 3116 1660 3171 dictum
1682 3125 1796 3171 est:
1825 3114 1992 3173 Unsit
2015 3125 2088 3184 to,
2112 3128 2212 3175 etc.
2242 3103 2289 3168 C
2319 3128 2585 3176 sceretur.

691 3252 772 3325 (1)
811 3252 934 3308 Prae
962 3253 1237 3326 participes
1283 3264 1419 3322 tuos,
1463 3263 1515 3310 et
1547 3257 1623 3311 sic
1651 3255 1906 3326 deinceps
1951 3249 2208 3326 particula

617 3341 726 3395 pra:
752 3339 871 3380 cum
901 3325 1186 3381 accusandi
1212 3339 1338 3381 casn
1361 3331 1705 3394 construitur,
1738 3325 1897 3400 paulo
1929 3325 2068 3399 post,
2094 3339 2212 3384 nam

695 3464 770 3532 (α)
799 3463 959 3520 Solus
979 3463 1146 3520 codex
1179 3465 1299 3518 Vat.
1324 3465 1437 3520 bas.
1471 3483 1532 3521 ex
1565 3465 1672 3532 Deo
1701 3465 1880 3522 Patre.
2039 3523 2064 3532 ,,

693 3523 944 3610 (ὺγίίίρς.
985 3543 1039 3589 et
1079 3535 1202 3610 Par.
1238 3551 1498 3610 cum__tns.
1531 3531 1742 3610 Martia.
1791 3547 1988 3610 pot-rem
2026 3523 2214 3592 Deum.

618 3603 757 3660 Tuin
787 3603 923 3660 idem
951 3621 1049 3660 ms.
1083 3607 1327 3676 aliusque
1351 3608 1468 3662 Vat.
1497 3611 1608 3662 has.
1637 3609 1756 3663 dum
1780 3603 1843 3664 ea:
1863 3625 1921 3664 eo
1950 3617 2054 3664 toto
2087 3617 2218 3664 totus

619 3677 758 3731 Deus
785 3687 878 3732 est.
909 3678 966 3733 in
998 3679 1272 3733 nonnullis
1293 3679 1430 3744 aliis,
1461 3679 1584 3733 dum
1608 3697 1670 3735 ea:
1697 3680 1806 3735 Deo
1829 3681 1966 3735 Deus
1984 3691 2078 3736 est.

692 3750 762 3824 (ς)
812 3749 901 3804 Sic
951 3764 1080 3824 mss.
1123 3749 1372 3824 At_Bad.
1435 3752 1646 3824 spiritus
1687 3755 1989 3824 prop/ictuc.
2050 3753 2216 3824 Porro

615 3819 886 3896 Clit-istum
921 3821 1174 3892 spiritum,
1197 3819 1316 3896 ἐξιυο
1346 3819 1645 3887 θει,’1)θιιιιι
1679 3819 1799 3896 esse
1828 3841 1894 3896 ex
1933 3823 2211 3896 prophetia

619 3893 900 3962 probatum
933 3891 1010 3944 est
1045 3901 1156 3946 toto
1197 3891 1333 3946 libro
1375 3908 1446 3960 tv,
1481 3901 1536 3948 ct
1582 3895 1892 3949 nominatim
1934 3891 2002 3950 ex
2033 3891 2210 3950 'verbis

620 3963 808 4037 David,
841 3963 1035 4037 quibus
1061 3979 1166 4018 non
1200 3973 1402 4019 tantum
1434 3979 1658 4035 angens,
1690 3967 1783 4021 sed
1810 3975 1864 4022 et
1894 3978 2086 4022 unctus
2116 3981 2212 4037 ap-

617 4034 850 4104 pellatur
883 4033 1039 4090 Deus.

695 4104 775 4180 (tt)
810 4101 940 4159 Batl.
964 4121 1101 4180 cum
1143 4107 1448 4180 antiquiore
1485 4107 1638 4165 Colb.
1673 4123 1736 4164 ac
1777 4109 2049 4164 nonnullis
2089 4109 2210 4164 aliis

618 4178 750 4230 mss.
781 4178 1058 4230 secundum
1089 4179 1420 4232 nativitatem.

693 4247 764 4318 (ο)
789 4247 975 4320 Edlti,
1021 4250 1281 4320 spiritus:
1309 4249 1700 4320 refragantibus
1740 4265 1872 4307 mss.
1908 4252 2009 4320 Qui
2052 4261 2209 4306 man-

618 4321 752 4391 serit
777 4319 982 4385 Spiritu
1002 4357 1015 4378 .
1049 4319 1306 4375 continuo
1331 4319 1660 4386 declaratur,
1687 4337 1808 4377 cum
1838 4319 2018 4391 peros
2041 4322 2214 4378 David

620 4389 829 4443 locutus
860 4405 980 4445 esse
1006 4391 1335 4458 perhibetur.
1362 4393 1477 4460 Quo
1505 4402 1712 4460 spectat
1735 4389 1865 4448 illud
1897 4394 2215 4450 Tertulliani

618 4460 711 4514 lii).
744 4469 1001 4516 utcontra
1030 4461 1286 4517 Marcion.
1327 4480 1380 4518 n.
1406 4464 1439 4518 6
1467 4482 1477 4516 :
1515 4465 1624 4518 Nos
1645 4465 1851 4535 quidem
1898 4466 2022 4520 certi
2057 4465 2212 4519 Citri-

618 4540 750 4614 stum
772 4544 968 4614 semper
992 4535 1047 4588 in
1079 4537 1341 4614 prophetis
1367 4536 1611 4614 locutum,
1647 4537 1899 4614 {spiritum
1919 4536 2218 4614 scitLCIea-

620 4612 765 4656 ιονιι.

618 4673 849 4798 ritunltin
868 4673 1143 4746 prophetis
1163 4677 1396 4733 locutum
1413 4679 1622 4732 tertiam
1639 4676 1917 4732 Trinitatis
1929 4673 2214 4748 personam

621 4759 748 4798 nrart
774 4757 895 4798 teat.
1784 4797 1789 4798 ,

621 4750 895 4814 prattlicat.
1783 4797 1790 4804 .

695 4815 767 4889 (ι’)
797 4816 854 4892 In
894 4833 1029 4892 mss.
1067 4833 1259 4888 magno
1288 4834 1556 4874 consensu
1579 4861 1592 4885 ,
1634 4835 1742 4892 prae
1767 4819 2046 4892 participes
2077 4829 2212 4875 tuos.

619 4884 792 4943 Sit-Yet
819 4887 1076 4962 deinceps
1106 4884 1417 4962 constanter
1447 4884 1706 4958 particula
1742 4884 1849 4957 πίνω
1873 4884 2218 4962 coniungitur

609 4971 740 5030 cum
771 4960 1059 5015 accusandi
1094 4977 1243 5016 casu.
1277 4961 1407 5016 item
1432 4962 1571 5030 quod
1595 4963 1704 5029 jam
1736 4960 2209 5027 ohserratrnm‘cst,

622 5029 886 5105 Hilarium
916 5047 1020 5086 non
1053 5032 1245 5102 legisse
1284 5051 1463 5105 ungo,
1484 5033 1578 5105 sed
1609 5051 1831 5104 ungueo,
1864 5033 2217 5091 conﬁrmatur

620 5115 683 5154 ex
714 5103 829 5175 hoc
873 5103 1018 5168 loco,
1063 5105 1148 5157 ubi
1197 5107 1246 5159 in
1272 5103 1654 5159 vetustioribus
1686 5103 1819 5160 mss.
1855 5121 1952 5175 pro
1983 5108 2212 5173 ungitur,

618 5173 876 5247 scriptum
907 5187 989 5230 est
1022 5187 1312 5247 unguatur;
1344 5187 1390 5230 ei
1416 5187 1722 5245 ungtteatur,
1754 5173 2090 5246 pro—ungatur
2138 5180 2212 5234 El

620 5245 918 5312 Augustino
951 5249 1044 5302 lib.
1074 5245 1109 5302 ιι
1156 5260 1342 5304 contra
1368 5248 1642 5303 Maximin.
1673 5265 1722 5304 c.
1749 5248 1837 5312 16,
1863 5266 1915 5302 ιι.
1942 5245 2002 5315 5,
2027 5251 2218 5306 obser-

617 5329 804 5392 yatnns
833 5319 1028 5381 obiter.
1058 5318 1336 5392 haereticos
1367 5320 1487 5374 ideo
1509 5321 1746 5392 notuisse
1769 5321 1908 5376 hunc
1936 5321 2216 5392 propheta

618 5385 795 5460 locum
841 5391 1018 5444 servili
1061 5388 1259 5445 Christi
1302 5391 1488 5446 format
1529 5391 1702 5456 aptari
1739 5385 2214 5460 possm-quoniam

615 5458 862 5535 scriptum
896 5471 995 5535 est,
1033 5461 1194 5518 Unxit
1225 5472 1293 5528 te,
1326 5475 1457 5530 elc.,
1490 5462 1639 5534 longe
1681 5458 1954 5535 antequam
1981 5458 2215 5535 Christus

614 5529 668 5581 in
696 5544 852 5584 carne
880 5534 1113 5588 venisset.
1148 5535 1353 5602 Quibus
1385 5529 1475 5590 ille
1506 5529 1825 5604 respondet,
1858 5534 1910 5590 in
1943 5534 2213 5603 pmphetia

610 5615 727 5654 esse
757 5603 1080 5680 prtedt'rtum,
1107 5615 1344 5680 tanquam
1386 5608 1545 5680 fuerit
1573 5603 1766 5680 factum
1789 5650 1802 5673 ,
1833 5605 1971 5677 quod
2002 5617 2106 5660 erat
2134 5609 2218 5680 fu-

611 5679 841 5751 turum:
869 5681 921 5751 et
963 5673 1086 5742 hoc,
1133 5673 1254 5746 quia
1297 5679 1350 5730 in
1387 5673 1855 5748 'prtedestinatione
1885 5681 1998 5751 jam
2029 5673 2220 5748 factum

601 5749 751 5818 "ut,
779 5743 921 5818 quae!
932 5759 1035 5818 suo
1062 5743 1290 5818 [corpore
1311 5743 1547 5818 futurum
1567 5757 1695 5802 erat.

680 5808 757 5882 (9)
789 5808 943 5866 'Editi
979 5833 1110 5882 cum
1162 5808 1394 5886 pluribus
1428 5808 1584 5892 pass.
1616 5834 1835 5899 namque
1860 5836 2015 5879 nunc.
2058 5821 2224 5894 Magis

2317 3275 2444 3324 quas
2474 3273 2626 3311 nunc.

2393 3329 2472 3401 (2)
2507 3327 2820 3384 Nazareum‘.

2323 3466 2497 3536 placet
2531 3481 2654 3522 cum
2690 3465 2877 3522 codice
2919 3463 3035 3522 Vat.
3066 3466 3180 3521 bas.
3213 3480 3276 3520 ac
3317 3465 3589 3521 nonnullis
3617 3465 3764 3529 aliis,
3797 3484 3920 3521 nam

2320 3539 2408 3622 qui
2433 3555 2590 3622 tutuo.
2613 3539 2780 3616 Antea
2805 3537 2981 3622 verbis
3002 3537 3284 3622 secundum
3309 3547 3686 3620 sacramentum
3710 3549 3920 3608 tempus

2322 3605 2452 3663 illud
2478 3607 2810 3678 designatur,
2835 3610 2975 3679 quod
3000 3607 3196 3664 Cili‘iSli
3227 3611 3658 3679 corporationem
3687 3605 3920 3678 princes-

2320 3681 2414 3743 sit,
2447 3695 2673 3751 eamque
2703 3680 3073 3745 adumbrat-it,
3107 3680 3324 3750 quando
3351 3696 3402 3732 ν.
3433 3695 3488 3750 ε.
3523 3679 3779 3734 Abraham
3814 3680 3923 3746 Ded.

2323 3752 2518 3806 ntiuttm
2561 3751 2830 3820 adoravit,
2887 3761 3262 3807 sacramentum
3305 3754 3498 3820 futuris
3547 3752 3922 3820 carporatiottis

2321 3839 2624 3895 agnoscens,
2658 3831 2714 3876 ut
2742 3817 2935 3895 dicitur
2963 3823 3062 3895 iii).
3092 3838 3165 3888 tv,
3199 3817 3376 3895 ιιηΞἹ.

2393 3893 2472 3967 (Ιι)
2506 3887 2636 3967 Bad.
2668 3897 2721 3948 et
2752 3893 2842 3948 Er.
2876 3894 2988 3967 viri.
3010 3887 3157 3962 Lips.
3179 3904 3232 3947 et
3265 3889 3382 3948 Par.
3411 3889 3760 3967 uere.AVerins
3783 3901 3914 3947 mss.

2319 3965 2559 4038 potiores
2577 4003 2591 4029 ,
2620 3965 2674 4038 in
2700 3967 2941 4038 ueritate,
2970 3966 3126 4038 juxta
3155 3975 3387 4034 grtccum
3419 3965 3497 4019 ta‘
3520 3965 3770 4038 ᾲληοιίας.

2391 4035 2452 4109 (i)
2483 4037 2594 4092 Hoc
2624 4037 2833 4109 videtur
2861 4035 3268 4109 intelligendum
3297 4052 3363 4092 ex
3401 4035 3578 4109 verbis
3604 4051 3722 4104 cap.
3775 4052 3812 4090 ιι
3861 4037 3916 4091 in

2318 4105 2504 4164 Matth.
2536 4124 2589 4162 ιι.
2620 4108 2675 4172 5,
2710 4107 2796 4162 ubi
2830 4108 2947 4162 ait:
2984 4105 3104 4179 Ipse
3143 4105 3350 4174 quidem
3390 4107 3580 4179 ltwacri
3627 4124 3777 4176 egens
3815 4125 3918 4163 non

2317 4189 2446 4236 erat.
2477 4179 2582 4234 Sed
2599 4180 2721 4248 quia
2741 4175 3060 4249 assumptum
3081 4179 3142 4231 ab
3165 4191 3221 4232 eo
3248 4175 3520 4233 creationis
3541 4175 3728 4232 nostrte
3751 4179 3920 4249 fuerat

2319 4262 2365 4306 et
2403 4260 2588 4322 corpus
2610 4259 2657 4302 et
2684 4261 2866 4322 nomen
2895 4261 2916 4304 :
2947 4251 3070 4305 ideo
3095 4263 3244 4322 omne
3267 4251 3322 4303 in
3351 4261 3407 4303 ss
3432 4258 3810 4304 sacramentum
3832 4261 3922 4303 sa-

2321 4323 2443 4378 lutis
2465 4319 2649 4376 nostris
2670 4319 2908 4390 explevit.
2925 4322 3077 4390 Quod
3097 4319 3295 4376 ibidem
3314 4324 3574 4388 repetitur
3593 4322 3674 4375 his
3697 4321 3877 4376 verbis
3899 4341 3914 4376 ι

2321 4395 2486 4462 Atque
2514 4394 2586 4446 ita
2619 4403 2665 4446 et
2697 4391 2958 4461 prophettc
2998 4393 3282 4446 testimonio
3316 4394 3518 4446 lavacro
3555 4409 3658 4446 non
3698 4403 3838 4461 eget,
3871 4404 3917 4446 et

2321 4467 2541 4534 erempli
2587 4465 2668 4518 sui
2724 4473 3026 4516 auctoritate
3074 4465 3310 4517 humanae
3357 4465 3544 4519 salutis
3597 4471 3918 4518 sacranteitta

2320 4545 2670 4601 consummat,
2719 4534 2975 4590 hominem
3011 4543 3064 4589 et
3113 4535 3463 4605 assumptione
3503 4535 3830 4602 sanctiﬁcata
3870 4546 3920 4588 et

797 4597 1130 4674 Quamquam
1166 4597 1398 4661 ililarius
1430 4607 1522 4661 lib.
1555 4597 1608 4661 tt'
1637 4597 1705 4660 de
1743 4606 1893 4661 Trin.
1937 4624 1992 4662 ιι.
2025 4608 2059 4661 '5
2090 4607 2212 4676 Spi--
2241 4597 2294 4665 Ι)
2321 4610 2548 4662 lauacro.

2393 4681 2468 4754 (ᾔ)
2493 4678 2550 4733 id
2580 4685 2690 4754 est,
2715 4685 2788 4754 ut
2802 4677 3175 4754 sanctificatio,
3206 4691 3366 4754 quam
3405 4675 3610 4731 homini
3641 4686 3925 4747 assumpto

2320 4747 2541 4820 praistat
2562 4748 2820 4820 spiritalis
2841 4747 3024 4804 Virtus
3044 4764 3108 4804 ac
3130 4748 3362 4803 Verbum
3391 4757 3694 4820 assumens,
3718 4763 3924 4818 cogitu-

2318 4819 2580 4876 scerctttr.
2620 4820 2674 4874 In
2707 4819 2956 4888 baptismi
2988 4830 3165 4875 autem
3198 4819 3472 4874 ablatione
3509 4819 3736 4874 habetur
3764 4821 3920 4876 testi-

2321 4893 2560 4948 monium
2619 4890 2967 4947 sanctiﬁcatio
3020 4893 3240 4948 carnis:
3295 4891 3390 4945 sed
3444 4891 3698 4960 spiritalis
3761 4890 3922 4946 istius

2319 4965 2589 5020 unctionis
2620 4962 2856 5032 cognitio
2883 4979 2946 5019 es
2977 4963 3148 5018 Patris
3189 4961 3356 5028 ipsius
3385 4962 3748 5018 declarationis
3779 4975 3922 5024 prta.

2321 5045 2510 5090 statur.
2543 5037 2761 5100 Sicque,
2792 5045 2849 5090 ut
2875 5051 2994 5104 cap.
3018 5052 3054 5090 ιι
3083 5036 3136 5089 in
3163 5034 3344 5089 Matth.
3375 5051 3428 5087 ιι.
3457 5033 3510 5093 6.
3534 5032 3754 5099 dicitur,
3780 5036 3921 5088 testi-

2322 5110 2550 5163 monium
2573 5111 2635 5162 de
2661 5106 2883 5161 Domino
2905 5108 3124 5162 mittitur
3145 5116 3191 5160 et
3211 5105 3648 5174 contemplationis
3677 5117 3724 5157 et
3746 5106 3920 5160 uocis:

2322 5181 2447 5233 dum
2494 5179 2664 5235 Filius
2691 5177 2790 5234 Dei
2826 5181 3007 5234 auditu
3037 5188 3409 5248 conspectuque
3451 5184 3785 5239 monstratur,
3821 5178 3914 5231 ho-

2320 5251 2522 5305 minem
2563 5253 2681 5306 scii.
2727 5263 2782 5306 et
2819 5247 3187 5318 assumptione
3217 5249 3556 5304 sanctiiicare
3593 5257 3647 5300 et
3679 5247 3914 5318 iayacro.

2321 5321 2578 5394 Eatndem
2601 5338 2814 5394 quoque
2837 5316 3235 5394 Psalm'ugraplti
3269 5319 3603 5394 prophetiam
3625 5319 3690 5394 ad
3712 5316 3918 5394 Christi

2321 5389 2644 5463 baptismum
2662 5389 2824 5448 refert
2841 5389 3171 5463 Augustinus
3190 5393 3224 5445 l.
3257 5407 3292 5445 ιι
3309 5400 3493 5445 contra
3511 5389 3722 5463 yasim.
3744 5392 3839 5463 c.‘i
3854 5391 3912 5454 6,

2320 5459 2442 5520 ιιίὸ
2473 5482 2487 5518 :
2524 5465 2563 5518 Α
2591 5464 2699 5518 Deo
2742 5459 3146 5534 Patrefinquit,
3177 5473 3360 5517 unctus
3399 5471 3470 5516 est
3500 5459 3691 5534 Filius,
3722 5459 3811 5534 qui
3842 5463 3917 5516 sic

2321 5535 2472 5591 homo
2502 5537 2666 5605 factus
2691 5548 2784 5598 est,
2817 5547 2870 5592 ut
2892 5532 3116 5590 maneret
3146 5535 3308 5596 Deus;
3333 5550 3436 5604 qua
3463 5533 3703 5605 unctione
3731 5532 3916 5605 plenus

2323 5619 2450 5671 erat,
2479 5603 2533 5660 id
2561 5619 2633 5663 est
2675 5607 2875 5680 Spiritu
2905 5615 3105 5661 sancto.
3137 5603 3356 5680 Bropter
3384 5604 3522 5674 quod
3543 5604 3602 5656 de
3633 5603 3727 5657 illo
3751 5603 3920 5668 scrip-

2325 5690 2430 5733 tum
2461 5689 2552 5742 est,
2582 5679 2735 5734 .trsas
2755 5695 2923 5734 autem
2949 5679 3126 5750 plenus
3153 5679 3354 5750 Spiritu
3381 5685 3556 5750 sancto
3580 5687 3812 5750 reversus
3843 5685 3919 5729 est

2322 5767 2355 5806 a
2383 5749 2633 5824 Iordane.
2669 5750 2876 5809 Videsis
2911 5746 3066 5808 tract.
3108 5746 3244 5824 psal.
3277 5763 3334 5816 ιι,
3367 5765 3422 5806 ιι.
3453 5746 3548 5814 29,
3589 5755 3646 5802 et
3673 5746 3766 5802 lib.
3798 5759 3917 5813 vut,

2329 5841 2384 5884 ιι.
2412 5823 2503 5882 35.
