4322 6248
694 271 804 328 415

1910 267 2159 327 SANCTI
2199 268 2458 328 ιιιιδΑῐιιι
2497 267 2805 328 El’ISCOPl

3895 276 4001 331 416

694 386 908 444 ratione
927 386 1169 458 exposita
1183 384 1501 458 atqueedita
1526 426 1542 453 ,
1559 385 1884 441 sacramenti
1899 384 2062 441 totius
2073 399 2299 457 capaces
2325 388 2380 449 Α
2404 385 2506 459 tige
2530 376 2646 457 quis
2682 387 2826 454 dico,
2866 383 3009 441 dabit
3037 385 3173 441 enim
3200 385 3292 442 tibi
3333 384 3475 442 Deus
3498 387 3553 443 in
3574 389 3811 446 omnibus
3852 392 4006 449 intel-

698 492 798 551 per
837 476 915 553 (α)
961 477 1327 534 universitatis
1367 476 1774 549 intelligentiam
1822 477 2178 550 praebeantur.
2209 480 2300 535 Ait

694 572 877 643 itaque
901 589 917 627 :
948 571 1208 638 Quoniam
1244 572 1381 626 enim
1407 588 1500 644 per
1534 571 1793 627 hominem
1818 588 1986 640 mors,
2013 582 2063 628 et
2090 588 2179 644 per
2207 573 2301 628 ho-

693 670 885 726 ntinem
921 668 1227 725 resurrectio
1250 668 1338 740 (1)
1380 664 1721 724 mortuorum.
1769 668 2036 736 Quomodo
2075 669 2211 724 enim
2244 669 2301 724 in

694 759 864 816 Adam
893 775 1071 816 omnes
1095 759 1406 839 moriamur,
1435 762 1509 819 sic
1531 762 1661 816 etin
1683 759 1888 817 Christo
1915 776 2091 817 omnes
2122 760 2196 833 (b)
2226 761 2302 816 vi-

692 850 989 921 uiﬁcantur.
1010 850 1376 923 Unusquisque
1390 862 1561 907 autem
1581 852 1666 922 (2)
1682 853 1737 908 in
1752 870 1847 908 suo
1864 853 2065 922 ordine,
2089 851 2161 925 (ο)
2192 852 2301 923 pri-

692 941 852 999 miliat
878 940 1137 1008 Christus,
1166 943 1352 999 deinde
1392 945 1447 998 hi
1472 945 1560 1016 qui
1587 955 1705 1001 sunt
1726 943 1917 1002 Christi
1941 984 1959 1012 ,
1989 943 2072 1019 (τι)
2115 946 2204 1016 qui
2246 945 2302 999 in

692 1034 918 1091 adventu
945 1040 1056 1109 ejus
1085 1053 1105 1092 :
1134 1036 1318 1092 deinde
1343 1037 1486 1107 ﬁnis,
1517 1054 1636 1093 cum
1661 1038 1929 1093 tradiderit
1956 1054 2169 1110 regnum
2196 1037 2303 1093 Deo

696 1137 743 1184 et
768 1126 939 1197 Patri,
965 1146 1085 1185 cum
1102 1132 1420 1186 euacuauerit
1438 1147 1639 1186 omnem
1661 1130 2019 1202 magistratum
2037 1140 2087 1183 et
2105 1144 2304 1184 omnem

699 1229 1021 1294 potestatem.
1056 1220 1267 1295 Oportet
1306 1223 1443 1278 enim
1486 1223 1633 1278 illum
1668 1239 1916 1294 regnare,
1948 1223 2110 1277 donec
2148 1229 2305 1292 ponat

696 1332 871 1371 omnes
912 1317 1147 1372 inimicos
1171 1316 1264 1372 sub
1288 1317 1502 1388 pedibus
1528 1317 1653 1373 suis.
1676 1314 1818 1371 Deus
1839 1317 1973 1370 enim
1997 1315 2170 1370 omnia
2188 1315 2309 1370 sub-

688 1411 822 1483 jecit
864 1409 958 1467 sub
1004 1409 1216 1484 pedibus
1255 1414 1389 1485 ejus.
1429 1410 1721 1467 Nouissima
1760 1410 1971 1464 inimica
1999 1407 2070 1481 (e)
2113 1409 2309 1465 deuicta

707 1512 781 1560 est
819 1503 883 1559 ab
922 1518 981 1559 eo
1010 1520 1170 1560 mors.
1198 1502 1326 1560 Cum
1355 1514 1526 1559 autem
1564 1503 1780 1568 dixerit,
1833 1501 2020 1557 Omnia
2072 1500 2305 1575 subjecta

707 1611 861 1666 sunt,
906 1597 1095 1669 absque
1139 1614 1200 1653 eo
1243 1598 1334 1668 qui
1362 1597 1441 1653 illi
1485 1596 1699 1670 subjecit
1728 1596 1921 1651 omnia.
1965 1593 2047 1667 (5)
2076 1594 2147 1668 (ι’)
2178 1592 2307 1649 Cum

694 1700 865 1747 autem
892 1690 1121 1764 subjecta
1146 1690 1336 1761 fuerint
1359 1690 1405 1745 ei
1429 1689 1624 1758 omnia,
1654 1700 1775 1744 tunc
1793 1690 1903 1763 ipse
1928 1687 2188 1769 subjectus
2212 1688 2309 1743 erit

2402 479 2591 534 lectum
2620 478 2688 552 (li
2712 478 2849 535 Tim.
2879 494 2950 544 ιι,
2981 476 3061 550 7).
3093 478 3411 535 Admonitio
3441 480 3775 553 intelligendi
3802 501 3871 540 ex
3897 484 4005 541 dif-

2401 570 2640 627 ﬁcultate
2680 571 3050 643 intelligentiae
3089 580 3193 627 est.
3244 569 3618 642 intelligentia:
3646 588 3777 630 vero
3811 590 3843 631 a
3887 576 4004 634 Deo

2402 668 2626 731 donum,
2656 665 2781 722 ﬁdei
2814 679 3009 721 munus
3034 673 3147 730 cst,
3184 679 3281 736 per
3307 678 3467 735 quam
3499 665 3785 723 inﬁrmitas
3815 662 4010 728 sensus

2402 759 2629 830 gratiam
2680 757 3028 814 revelationis
3082 766 3337 812 meretur.
3394 756 3449 814 Si
3513 772 3646 829 ergo
3691 758 4009 819 Timotheus

2404 849 2704 918 apostolico
2743 848 3057 905 testimonio
3102 847 3265 904 homo
3298 848 3389 904 Dei
3434 847 3495 923 (l
3525 848 3660 905 Tim.
3699 866 3781 918 v1,
3814 852 3926 923 11),
3955 861 4014 910 et

2406 941 2677 1013 legitimus
2723 940 2888 995 Paulo
2918 939 3212 1017 secundum
3246 939 3404 996 ﬁdem
3439 939 3616 1008 ﬁlius,
3663 952 3721 997 ut
3748 942 4015 1017 intelligat

2405 1034 2749 1100 admonetur,
2782 1033 2905 1104 quia
2933 1033 2983 1089 ci
3016 1016 3278 1087 Dominus
3309 1032 3718 1104 intelligentiam
3749 1034 3802 1089 in
3825 1037 4009 1099 omni-

2408 1125 2508 1181 bus
2537 1123 2610 1180 sit
2655 1123 2915 1190 daturus;
2948 1139 3048 1180 nos
3089 1138 3302 1195 quoque
3342 1125 3623 1181 admoneri
3653 1141 3749 1197 per
3774 1125 4016 1199 Aposto-

2409 1217 2518 1273 lum
2569 1217 2638 1273 ad
2687 1218 3096 1288 intelligentiam
3145 1218 3588 1286 meminerimus,
3627 1219 3862 1278 scientes
3909 1222 4020 1278 Do—

2409 1313 2616 1369 minum
2646 1313 2803 1367 nobis
2832 1312 3245 1383 intelligentiam
3271 1313 3512 1369 omnium
3540 1316 3923 1386 praestitnrum.

2481 1407 2575 1463 21.
2619 1406 2745 1463 Non
2787 1408 2978 1474 pudeat
3023 1423 3236 1479 prauum
3281 1425 3487 1466 sensum
3519 1411 3733 1466 'ueritate
3771 1421 4018 1483 percepta

2411 1502 2695 1557 demutare.
2730 1530 2805 1543 —
2828 1502 2897 1558 Et
2923 1502 2968 1558 si
3012 1501 3151 1559 forte
3182 1501 3431 1559 humana:
3474 1504 3796 1560 conditionis
3825 1520 4021 1562 errore

2409 1602 2796 1668 praesumptum
2820 1595 3025 1667 aliquid
3055 1609 3217 1651 sensu
3246 1595 3572 1664 tenebimus,
3605 1597 3904 1667 profectum
3928 1597 4020 1653 in-

2413 1687 2726 1759 telligentiae.
2752 1702 2851 1759 per
2880 1687 3226 1744 revelationis
3254 1689 3479 1759 gratiam
3506 1704 3613 1745 non
3653 1704 3975 1747 recusemus
4000 1709 4017 1748 :

693 1782 812 1849 illi,
838 1783 925 1851 qui
970 1781 1183 1856 subjecit
1212 1782 1260 1837 ei
1304 1782 1510 1850 omnia,
1539 1792 1594 1837 ut
1623 1781 1689 1836 sit
1719 1777 1869 1836 Deus.
1900 1780 2075 1836 omnia
2098 1779 2155 1835 in
2178 1795 2289 1834 om-
2316 1787 2365 1849 B
2392 1782 2470 1839 Ne
2500 1780 2568 1856 (i)
2600 1780 2934 1838 intellexisse
2984 1780 3185 1853 aliquid
3212 1782 3381 1838 semel
3422 1796 3522 1838 suo
3559 1797 3720 1838 sensu
3746 1783 3809 1839 ad
3838 1783 3894 1839 id
3925 1799 4025 1841 ra-

696 1875 844 1931 nibus
872 1875 918 1947 (l
947 1874 1071 1931 Cor.
1106 1892 1199 1942 xv,
1229 1874 1297 1930 21
1331 1884 1382 1930 et
1401 1875 1587 1948 seqq.).

767 1969 861 2025 25.
907 1968 1158 2037 Quadam
1201 1984 1309 2023 esse
1338 1984 1454 2039 quae
1481 1968 1634 2023 homo
1662 1968 1833 2023 statim
1872 1984 1976 2023 non
2015 1967 2206 2040 capiat.
2234 1994 2306 2007 ~—

698 2062 1016 2122 leestium
1044 2061 1121 2136 (g)
1150 2061 1616 2134 dispensationem
1644 2078 1838 2119 arcana
1876 2062 2169 2133 Apostolus
2196 2075 2303 2117 ιιοιι

700 2157 771 2212 ab
798 2156 1144 2222 hominibus,
1174 2171 1349 2229 neque
1378 2171 1475 2228 per
1522 2158 1829 2223 hominem,
1860 2155 1955 2212 sed
1988 2170 2083 2228 per
2118 2155 2304 2213 Jesum

702 2249 976 2306 Christum
1013 2250 1221 2307 electus
1264 2251 1504 2321 gentium
1552 2250 1837 2323 magister,
1881 2259 2080 2323 quanta
2126 2258 2307 2324 p0test

703 2345 939 2404 absoluti
986 2347 1151 2420 390
1196 2346 1464 2403 sermonis
1504 2344 1901 2418 signiﬁcatione
1943 2347 2304 2403 demonstrat.

702 2440 774 2499 Et
811 2441 903 2514 qui
932 2441 1294 2498 inenarranda
1324 2456 1494 2512 usque
1520 2442 1590 2498 ad
1634 2442 1852 2499 tertium
1879 2444 2077 2500 coelum
2121 2452 2310 2514 raptus

700 2538 940 2594 audisset
959 2579 976 2604 ,
1007 2553 1070 2593 ea
1114 2545 1319 2593 tantum
1339 2578 1355 2605 ,
1384 2551 1614 2608 quorum
1655 2544 1848 2593 natura
1878 2535 2112 2593 humana
2140 2551 2308 2606 capax

700 2638 883 2696 esset,
928 2629 1116 2686 sensui
1164 2627 1415 2685 humanae
1456 2628 1825 2701 intelligentia:
1868 2629 2124 2685 revelavit
2158 2646 2173 2683 :
2204 2643 2310 2686 non

702 2720 960 2793 ignorans
988 2731 1170 2777 tamen
1196 2720 1445 2792 quoidam
1476 2736 1584 2775 non
1610 2720 1795 2777 statim
1828 2735 1987 2790 posse
2019 2729 2182 2791 atque
2208 2735 2307 2776 au-

702 2814 925 2871 diuntur
955 2813 1204 2885 intelligi,
1228 2814 1355 2886 quia
1382 2815 1669 2871 inﬁrmitas
1699 2825 1883 2870 nostra
1913 2814 1996 2887 (i)
2027 2813 2106 2888 (h)
2131 2814 2310 2871 serius

704 2906 760 2962 in
792 2921 976 2962 verum
1007 2914 1175 2977 atque
1199 2905 1505 2962 absolutum
1548 2907 1745 2963 mentis
1768 2908 2032 2978 judicium
2063 2923 2158 2977 ea,
2190 2923 2310 2980 qua!

703 2999 758 3056 in
805 3014 968 3056 aures
1012 2997 1554 3079 transfundere-utar,
1603 3003 1905 3073 acciperet;
1953 3004 2196 3074 longiore
2241 3001 2308 3060 ad

706 3092 1072 3148 cunctandum
1116 3107 1267 3148 mora
1305 3095 1488 3149 sensui
1516 3095 1695 3165 potius
1717 3110 1877 3166 quam
1915 3096 2118 3152 auditui
2157 3097 2312 3154 dere-

706 3184 856 3249 licta,
884 3198 1007 3239 cum
1050 3191 1107 3239 et
1132 3183 1348 3240 audisse
1378 3186 1527 3241 vocis
1555 3187 1659 3253 sit,
1691 3195 1748 3241 et
1790 3187 2121 3245 intellexisse
2148 3191 2315 3245 ratio-

706 3276 824 3344 nis,
860 3276 973 3333 Deo
1019 3284 1196 3333 tamen
1246 3276 1616 3349 intelligentia:
1643 3279 1854 3350 cupidis
1898 3281 2309 3354 intelligentiam

707 3367 1009 3424 revelante.
1039 3366 1284 3438 Namque
1325 3368 1393 3423 ad
1418 3370 1760 3426 'l‘imoxbeum
1798 3386 1895 3442 per
1932 3374 2069 3428 avito
2097 3389 2159 3429 ac
2196 3389 2310 3431 ma-

709 3459 807 3515 tris
831 3458 1123 3531 gloriosam
1164 3459 1323 3515 ﬁdem
1355 3461 1527 3525 sacris
1552 3461 1621 3517 ab
1655 3460 1881 3519 infantia
1919 3463 2114 3520 litteris
2150 3465 2308 3522 insti~

707 3559 879 3610 tutum
920 3554 1167 3611 scribens
1197 3553 1424 3626 plurima
1443 3595 1459 3622 ,
1492 3554 1599 3612 hoc
1623 3570 1838 3629 quoque
1864 3557 2070 3616 addidit
2100 3579 2114 3617 :
2147 3559 2311 3617 Intel-

704 3779 711 3786 δ
775 3714 856 3786 (1)
897 3714 1015 3772 Non
1043 3723 1220 3773 exstat
1247 3724 1588 3775 mortuorum.

797 3788 855 3843 2)
896 3789 1064 3843 Abest
1088 3788 1163 3843 in.

800 3858 858 3929 5)
897 3857 1024 3915 Haec
1052 3873 1268 3915 rursum
1290 3857 1487 3915 desunt
1511 3860 1564 3915 in
1595 3857 1781 3917 codice
1807 3871 2015 3918 nostro.

804 3932 859 3999 4)
895 3930 1059 3985 Aliter
1082 3931 1138 3986 in
1157 3946 1354 3986 verum.

799 4001 854 4073 5)
894 3999 957 4058 Si
978 4002 1086 4074 qui.

772 4137 854 4224 (α)
876 4136 950 4224 _ln
980 4136 1235 4224 vulgatis,
1262 4136 1760 4224 ueritat‘isLliectins
1800 4137 1854 4224 in
1884 4151 2017 4194 mss.
2059 4139 2306 4195 universi-

703 4208 846 4277 tatis,
876 4211 977 4265 ltoc
1002 4208 1095 4265 est
1110 4208 1275 4264 totius
1298 4209 1582 4279 apostolici
1600 4210 1892 4266 sermonis.

771 4279 976 4407 (Sinti?
1004 4279 1251 4351 plerique
1274 4294 1338 4336 ac
1362 4280 1598 4352 potiores
1625 4296 1755 4339 mss.
1786 4281 1933 4338 Editi
1962 4297 2116 4351 vero,
2144 4284 2312 4355 viviﬁ-

803 4368 869 4405 un
893 4368 927 4405 ιι
962 4390 977 4405 .

705 4360 977 4408 eabuntur.

783 4423 855 4494 (e)
892 4422 1020 4478 Mss.
1049 4420 1263 4477 Martia.
1296 4432 1352 4479 et
1373 4422 1495 4480 Vat.
1520 4423 1637 4480 bas.
1662 4425 1871 4481 initium
1889 4423 2148 4493 Christus,
2178 4441 2308 4483 con-

706 4495 976 4551 sentiente
999 4494 1307 4567 exemplari
1332 4494 1518 4552 Germ.
1561 4496 1821 4566 epistolas
1851 4496 2000 4552 Pauli
2035 4512 2215 4567 graec
2252 4506 2308 4553 et

705 4567 874 4624 latine
935 4566 1315 4637 complectcnti
1379 4566 1448 4624 ab
1498 4568 1655 4622 annis
1708 4568 1925 4624 circiter
1980 4569 2128 4627 mille
2180 4583 2305 4626 exa-

707 4647 848 4695 rato.

684 4712 691 4717 ”
781 4709 861 4784 (tt)
900 4707 1033 4764 Bad.
1064 4709 1119 4763 in
1148 4707 1364 4763 aduentu
1386 4711 1523 4784 ejus,
1547 4709 1664 4784 sine
1687 4709 1776 4784 qui
1800 4725 1821 4784 ς
1849 4708 1935 4765 cui
1959 4711 2230 4784 consentit
2255 4721 2309 4768 et

706 4778 974 4857 graecum,
1007 4785 1057 4837 ἐν
1080 4788 1144 4857 τῇ
1176 4778 1460 4857 παροιιᾳίᾶ.
1493 4782 1566 4837 At
1757 4778 1907 4857 Lips.
1937 4789 1993 4836 et
2029 4781 2179 4857 Par.1
2221 4785 2310 4857 qui

707 4842 762 4909 in
785 4842 1057 4924 adventum
1076 4842 1189 4924 ejus
1212 4842 1558 4924 crediderunt,
1580 4842 1802 4924 quodet
1820 4842 1975 4924 habet
2009 4867 2108 4924 ms.
2139 4842 2303 4910 Cori).

707 4938 738 4979 a
784 4922 1018 4979 secunda
1051 4921 1212 4986 manu
1241 4938 1255 4976 :
1290 4922 1650 4978 renitentibus
1676 4921 1796 4977 aliis
1834 4922 2225 4980 sincerioribus
2253 4936 2309 4983 et

745 5010 906 5051 rtrco.

706 5009 906 5067 grtrco.

783 5064 856 5140 (e)
896 5065 981 5140 Er.
1013 5074 1069 5122 et
1090 5064 1240 5140 Lips.
1270 5066 1556 5121 destruetur
1578 5080 1734 5120 mors.

807 5068 856 5140 e)
896 5068 981 5122 Er.
1013 5074 1069 5122 et
1090 5068 1240 5137 Lips.
1270 5068 1556 5121 destruetur
1578 5080 1734 5120 mors.

780 5068 856 5212 δ’)
900 5137 1270 5212 Rursumbic
1315 5152 1446 5212 mss.
1500 5151 1694 5212 magno
1728 5150 2003 5212 consensu
2047 5141 2302 5196 omittunt

708 5208 1022 5282 cantantem
1052 5208 1276 5282 subjecta
1306 5210 1497 5282 fuerint
1511 5210 1573 5282 ei
1601 5209 1791 5282 quinia.

781 5279 858 5355 (g)
896 5281 963 5355 in
980 5296 1087 5355 _ms.
1132 5279 1441 5355 Martiti._ac
1476 5279 1716 5355 pluribus
1759 5281 1921 5355 aliis,
1938 5283 2301 5355 mysteriorum

711 5347 921 5407 arcana.
946 5353 1066 5426 Mox
1090 5362 1211 5422 post
1230 5369 1319 5426 per
1342 5347 1522 5407 Jesuin
1552 5347 1836 5426 Christum,
1860 5347 2152 5426 addii_Vat.
2181 5355 2296 5426 bas.

712 5438 841 5490 ms.,
871 5434 920 5481 et
944 5423 1110 5478 Deum
1137 5422 1333 5495 patrem
1357 5438 1376 5478 :
1404 5439 1525 5492 qua:
1552 5422 1712 5495 verba
1737 5424 1789 5478 in
1814 5426 1965 5479 nullo
1989 5424 2097 5495 alio
2118 5424 2306 5482 codice

710 5505 1030 5569 occurrunt,
1055 5493 1297 5567 quamvis
1336 5504 1551 5552 eXStent
1580 5493 1731 5550 initio
1755 5496 1913 5567 epist.
1946 5495 2013 5551 ad
2050 5493 2171 5552 Gal.
2200 5510 2307 5569 quo

704 5564 796 5621 hic
815 5564 1122 5625 respicitur.

774 5638 857 5712 (h)
897 5636 1063 5712 C_0_rb.
1103 5636 1793 5712 aliique__posterioris_:e_yi
1824 5653 1955 5712 mss.
1996 5653 2119 5712 cum
2148 5638 2304 5712 Bad.,

700 5697 798 5777 Eri.
829 5697 889 5772 et
931 5705 1075 5777 Lips.
1106 5697 1277 5777 aliter.
1310 5697 1429 5763 V'at.
1466 5711 1611 5775 bas.,
1654 5707 1833 5771 Colb..
1878 5707 2094 5777 Martia.
2128 5721 2183 5777 et
2203 5697 2309 5768 alia

707 5722 798 5763 ur.
829 5722 889 5772 et
931 5722 1075 5828 “£3.
1106 5722 1277 5775 puter.
1317 5722 1429 5763 vat.
1466 5722 1611 5775 bas.,
1654 5722 1833 5771 ιιοιιι..
1878 5722 2094 5764 marttn.
2128 5722 2309 5777 ctana

707 5774 914 5838 setasta
951 5785 980 5826 ρ
1017 5776 1274 5851 emptnrta
1321 5786 1441 5833 cum
1490 5778 1650 5845 Par.)
1694 5779 1899 5839 maius.
1953 5776 2191 5851 Formm,
2237 5788 2314 5836 rei

2414 1876 2542 1941 leat,
2577 1884 2635 1930 ιιι
2656 1874 2851 1946 pudeat
2881 1875 3080 1931 rectius
3108 1874 3308 1946 aliquid
3328 1874 3661 1931 demutando
3682 1878 3900 1933 sentire.
3926 1877 4020 1934 Ob

2413 1968 2556 2040 quod
2615 1968 2907 2039 prudenter
2948 1967 3301 2039 consulteque
3357 1968 3744 2024 moderandum
3788 1969 3903 2025 haec
3951 1970 4028 2027 ad

2413 2060 2790 2133 Philippenses
2818 2076 3036 2132 quoque
3064 2061 3207 2117 idem
3237 2062 3430 2118 beatus
3453 2062 3750 2134 Apostolus
3784 2063 3979 2120 scribit
4007 2082 4025 2121 :

2416 2154 2676 2227 Quotquot
2700 2172 2821 2227 ergo
2843 2156 3055 2227 perfecti
3079 2173 3276 2224 sumus,
3300 2158 3410 2214 hth
3426 2158 3705 2217 sentianms
3723 2178 3742 2215 :
3779 2170 3827 2216 et
3860 2160 3945 2236 (5)
3977 2162 4028 2216 si

2412 2252 2537 2323 quid
2565 2256 2640 2330 (j)
2664 2257 2816 2314 aliter
2840 2258 3055 2323 sentitis,
3087 2260 3247 2333 391
3284 2258 3341 2313 id
3357 2276 3558 2332 quoque
3570 2259 3712 2316 Deus
3724 2262 4020 2317 vobisreue-

2414 2349 2561 2406 labit.
2600 2351 2788 2407 Verum
2810 2354 2868 2407 in
2892 2369 2995 2424 quo
3016 2355 3401 2426 festinemus,
3437 2357 3495 2412 in
3524 2356 3638 2428 ipso
3664 2355 4027 2428 ingrediantur

2415 2441 2639 2515 (Philip.
2670 2459 2754 2511 ill,
2785 2444 2854 2499 15
2877 2454 2926 2501 et
2946 2444 3059 2513 16).
3083 2445 3200 2501 Non
3230 2446 3546 2516 praejudicat
3559 2462 3752 2505 sensus
3779 2449 4032 2505 anterior

2416 2534 2516 2591 Dei
2540 2536 2879 2593 revelationi.
2907 2536 3041 2594 Nam
3068 2538 3363 2609 Apostolus
3388 2540 3473 2611 (6)
3502 2540 3579 2614 (lt)
3606 2545 3812 2599 monuit
3834 2543 3887 2598 in
3910 2559 4027 2614 quo

2416 2631 2663 2700 sapiant,
2701 2631 2791 2700 qui
2828 2632 3043 2701 sapiunt
3086 2632 3321 2701 perfecte
3354 2651 3369 2688 :
3399 2642 3455 2689 et
3493 2633 3576 2691 his
3604 2635 3691 2706 qui
3728 2634 3889 2691 aliter
3931 2651 4031 2692 sa-

2418 2722 2574 2794 piant
2595 2720 2983 2779 revelationem
3019 2723 3134 2790 Dei,
3161 2734 3219 2780 ut
3248 2724 3300 2780 id
3329 2724 3473 2796 quod
3500 2724 3790 2798 perfectum
3818 2738 3907 2784 est
3934 2742 4033 2785 sa-

2422 2819 2601 2889 piant,
2647 2828 2945 2889 exspectat.
2992 2819 3050 2877 Si
3079 2822 3170 2891 qui
3201 2834 3332 2892 ergo
3376 2819 3691 2893 profundam
3742 2820 3884 2877 hanc
3929 2837 4033 2879 ar-

2418 2924 2571 2967 canae
2617 2913 2859 2969 scientiae
2904 2912 3368 2982 dispensationem
3414 2913 3570 2970 aliter
3608 2913 4030 2985 intellexerunt,

2418 3014 2474 3061 et
2499 3020 2596 3076 per
2618 3021 2719 3062 nos
2751 3016 2959 3063 rectum
2980 3007 3182 3079 aliquid
3209 3016 3263 3064 et
3291 3008 3570 3079 probabile
3596 3007 3880 3077 atl‘eretnr;
3914 3025 4029 3069 non

2421 3098 2621 3168 pudeat
2646 3112 2744 3156 cos
2790 3099 3088 3156 secundum
3130 3101 3448 3170 Apostolum
3494 3115 3591 3172 per
3632 3100 4028 3160 revelationem

2422 3189 2517 3246 Dei
2562 3206 2755 3263 sapere
2795 3191 3075 3263 perfecte:
3106 3192 3291 3265 Neque
3318 3193 3489 3265 magis
3515 3203 3697 3248 ament
3734 3194 4029 3253 veritatem

2417 3282 2661 3339 nescisse
2682 3281 2762 3357 (7)
2791 3283 2857 3357 (ι)
2894 3299 3056 3354 quam
3079 3284 3299 3341 oderint
3325 3286 3691 3357 permansisse
3718 3302 3823 3342 non
3852 3289 4024 3344 veris.

2416 3373 2529 3430 Eos
2548 3378 2717 3443 enim,
2745 3377 2835 3446 qui
2856 3377 3014 3433 aliter
3031 3378 3268 3449 sapiunt,
3283 3388 3340 3435 et
3361 3378 3556 3450 quibus
3586 3378 3637 3433 id
3669 3379 3808 3435 Deus
3835 3379 3917 3453 (8)
3936 3397 4027 3439 re-

2418 3470 2616 3526 velavit
2648 3513 2663 3536 ,
2718 3481 2903 3527 monet
2932 3472 2989 3528 in
3020 3472 3072 3529 id
3104 3471 3382 3540 festinare,
3416 3474 3469 3530 in
3499 3488 3607 3545 quo
3630 3474 3856 3545 ingrcssi
3884 3474 4010 3533 fue-

2418 3565 2567 3622 rint:
2601 3574 2660 3622 ut
2688 3567 2879 3624 relicto
2906 3566 3095 3638 prima:
3133 3567 3453 3639 ignorantiae
3489 3582 3684 3636 sensu,
3716 3569 4024 3627 secundum

2483 3728 2562 3803 (ﬁ)
2601 3726 2783 3803 obit.

2484 3801 2565 3868 (7)
2608 3801 2775 3866 Quam
2797 3817 2898 3855 non
2923 3802 3144 3857 oderint.

2488 3872 2573 3948 (8A)
2593 3870 2872 3948 ⁸ιίίευςειιιιιῑι
2895 3889 2915 3927 :
2947 3873 3171 3948 melius;
3204 3881 3271 3948 ut
3290 3875 3572 3948 superiora
3600 3878 3826 3948 apostoli
3848 3879 4019 3937 verba

2409 3943 2686 4015 respiciat,
2718 3944 2774 3999 id
2796 3960 2995 4016 quoque
3022 3943 3162 4000 Deus
3188 3945 3329 4001 nobis
3356 3943 3614 4004 reuelabit.

2414 4143 2581 4198 deius.
2609 4142 2774 4199 Nobis
2796 4143 2867 4199 ita
2892 4152 3103 4200 constat
3127 4144 3410 4221 legendum
3433 4160 3558 4204 esse
3582 4150 3769 4213 serius.
3799 4157 3858 4206 ut
3883 4165 4018 4221 prm-

2414 4228 2497 4287 ter
2537 4228 2743 4287 morem
2784 4224 2986 4283 textum
3030 4232 3099 4273 ex
3143 4216 3452 4287 conjectura
3498 4216 4015 4281 attendemus—Cui

2372 4342 2379 4353 ,
2410 4284 2556 4362 favet
2574 4286 2867 4362 ms._.(}_arn.
2898 4289 2949 4342 in
2973 4302 3081 4358 quo
3105 4284 3282 4362 scius;
3294 4289 3380 4362 sic
3405 4292 3551 4362 enim
3572 4293 3736 4347 serius
3764 4308 4011 4362 pronun-

2412 4356 2567 4421 tiant,
2602 4356 2701 4429 qui
2726 4359 2919 4429 lingua:
2955 4356 3080 4413 sunt
3106 4359 3482 4428 impeditioris.
3510 4356 3780 4418 Eamdem'
3802 4367 4013 4423 conﬁr-

2412 4437 2526 4485 mat
2553 4430 2697 4499 quod
2726 4430 2887 4495 infra,
2919 4447 2972 4486 ιι.
3005 4429 3096 4498 30,
3124 4430 3351 4501 legimus
3372 4448 3542 4489 seram
3568 4434 3913 4506 obsequeIam.

2485 4520 2550 4649 (ὅ)
2588 4520 2647 4577 id
2671 4530 2778 4589 est,
2808 4539 2928 4594 quae
2952 4523 3398 4593 excogitavimus,
3429 4532 3487 4580 et
3504 4527 3880 4584 existimamus
3911 4546 4015 4587 nos

2485 4608 2524 4647 Le
2549 4592 2779 4649 texisse.
2809 4610 2879 4649 ne
2906 4595 3103 4649 animis
3129 4595 3199 4649 ita
3228 4596 3476 4649 haereant
3495 4638 3512 4649 .
3552 4604 3610 4649 ιιι
3631 4607 3889 4649 excutere
3917 4602 4010 4649 illa

2332 4589 2387 4649 D
2413 4589 2779 4657 intellexisse,
2809 4589 2879 4650 ne
2906 4589 3112 4649 animis
3129 4595 3199 4649 ita
3228 4596 3476 4652 haereant
3495 4638 3512 4663 ,
3552 4604 3610 4653 ut
3631 4607 3889 4655 excutere
3917 4602 4014 4660 illa

2412 4678 2513 4747 nos
2535 4666 2771 4757 pudeat.
2821 4664 3297 4757 Ρθέξίηιιιιιινιιιιιιο
3323 4666 3605 4757 .pu'dorem
3634 4670 4011 4757 Augustinus,

2412 4736 2576 4803 epist.
2606 4750 2732 4791 xcut
2754 4777 2769 4801 ,
2802 4752 2857 4793 ιι.
2890 4736 2982 4801 51,
3016 4738 3067 4791 in
3093 4735 3375 4795 Vincentio
3409 4737 3685 4809 Rogatista
3718 4735 3896 4810 arguit
3929 4735 4015 4800 his

2415 4807 2594 4888 verbis
2614 4825 2638 4890 σε
2673 4806 2811 4890 Quid
2834 4809 2989 4890 igitur
3013 4808 3185 4863 adhuc
3213 4810 3429 4890 dubitas.
3446 4819 3618 4890 tenere
3817 4818 4012 4881 sentis,

2528 4878 2739 4966 (quidlid
2757 4878 2903 4966 quod
2917 4895 3083 4966 ‘n-unc.
3093 4951 3103 4963 .
3120 4880 3275 4936 sentis
3294 4921 3311 4946 ,
3330 4880 3429 4966 ‘uel
3440 4878 3738 4966 aliquando
3755 4900 3869 4966 non
3897 4878 4018 4942 seu;

2411 4949 2572 5016 sisse,
2603 4949 2685 5004 uel
2716 4949 2859 5006 aliud
2896 4950 3187 5023 defendisse
3222 4949 3594 5024 confunderis?
3620 4951 3691 5008 Et
3732 4955 3857 5010 dum
3892 4974 4016 5013 eru-

2410 5017 2571 5073 bescis
2604 5024 2857 5093 corrigere
2884 5038 3156 5094 errorem,
3202 5040 3303 5077 non
3345 5023 3600 5079 erubescis
3627 5041 3930 5094 permanere
3958 5034 4013 5085 in

2408 5107 2581 5146 errore
2607 5109 2628 5148 :
2655 5062 2794 5167 quid
2814 5093 2989 5163 utique
3009 5062 3179 5167 potiu’s
3206 5094 3598 5150 erubescendum
3622 5062 3737 5159 ἧιιι.

2479 5182 2554 5258 (j)
2591 5187 2784 5259 Plures
2810 5187 2998 5256 probae
3041 5197 3183 5241 noue
3209 5203 3341 5243 mss.
3373 5190 3419 5243 si
3446 5189 3533 5259 qui
3557 5188 3751 5245 aliter:
3776 5192 3865 5247 cui
3893 5192 4008 5249 lec-

2409 5255 2540 5311 tioni
2566 5260 2733 5331 prima
2759 5255 2919 5327 hujus
2939 5258 3150 5314 numeri
3171 5261 3360 5327 verba,
3386 5255 3657 5331 postrema
3680 5272 3863 5318 autem
3888 5266 4013 5320 vul-

2405 5335 2547 5398 gata:
2577 5327 2775 5384 favent.

2482 5397 2560 5469 (It)
2604 5400 2747 5478 Editi
2794 5410 2850 5478 et
2878 5400 3096 5478 aliquot
3143 5402 3363 5478 scripti,
3410 5403 3567 5457 norit.
3618 5403 3784 5477 Magis
3831 5407 4011 5478 placet

2408 5484 2532 5527 cum
2563 5473 2998 5543 castigatioribus
3026 5486 3157 5527 mss.
3183 5475 3398 5527 "tonuit.

2486 5563 2555 5641 (ι)
2589 5561 2648 5617 in
2673 5579 2804 5641 mss_.
2831 5562 2954 5641 vat.
2981 5564 3123 5629 bas.,
3148 5564 3364 5641 Martia.
3388 5574 3443 5641 et
3464 5565 3702 5641 Remig.,
3726 5585 3885 5641 quam
3907 5589 4009 5628 nou

2411 5634 2614 5693 oderint
2639 5648 2659 5688 :
2688 5635 2847 5691 male.
2880 5634 3017 5693 Tum
3045 5638 3401 5706 permansisse,
3428 5638 3477 5692 id
3506 5648 3618 5706 est,
3650 5634 3759 5694 tam
3790 5642 3882 5697 diu
3914 5645 4011 5700 ad-

2414 5706 2660 5781 haesisse.
2687 5706 2890 5781 Deinde
2917 5704 3354 5781 praepositionem
3382 5707 3467 5781 in,
3498 5704 3620 5764 ante
3648 5720 3749 5766 non
3779 5713 3910 5770 ueris
3937 5715 4007 5770 ab

2414 5768 2643 5837 Erasini)
2670 5768 2938 5849 additum;
2952 5768 3262 5833 sustulisti“!
3284 5780 3353 5832 et!
3384 5768 3486 5833 ητιιι
3510 5784 3638 5835 mat.
