4322 6248
310 331 423 388 M7

1548 324 1633 379 DE
1671 315 2059 379 TRINITATE
2100 321 2312 378 LIBER
2353 323 2447 379 XI.

3565 310 3673 368 M8

315 444 616 519 proposita:
663 437 1029 496 festinationis
1067 437 1394 508 ingressum,
1429 439 1502 510 (a)
1544 437 1935 494 revelationcm
1965 438 2018 496 Α
2116 438 2209 494 28.
2243 438 2484 509 Eripitur
2523 436 2594 490 eis
2623 434 2779 502 ﬁnem
2821 447 2930 486 esse
2961 433 3313 489 abolitionem.
3368 427 3516 484 Finis
3555 425 3681 498 quid

316 539 581 612 perfectae
655 531 1033 604 intelligentia:
1089 541 1512 602 consequantur.
1570 529 1940 600 lngrediantur

314 636 506 706 itaque
534 631 588 687 in
619 643 730 701 quo
764 625 1164 682 fe5tittarimus.
1194 625 1257 680 Et
1285 623 1331 678 si
1373 623 1510 680 forte
1536 621 1939 679 feStinationem

316 737 566 786 nostram
600 723 744 778 devii
776 721 988 776 itineris
1026 733 1181 773 error
1208 727 1481 784 moratur;
1523 734 1616 789 per
1646 711 1942 773 revelatio-

317 839 447 879 nem
495 829 674 874 tamen
710 816 801 870 Dei
850 814 904 868 in
933 812 982 866 id
1016 813 1158 882 qttod
1200 812 1572 868 festinavimus
1611 825 1824 867 rursum
1856 807 1941 863 itt-

317 915 534 991 gressi,
577 907 943 968 festinationis
975 915 1175 960 nostrae
1225 921 1330 960 non
1366 905 1704 961 demutemus
1735 904 1944 973 ingres-

319 1025 471 1065 sum.
504 1002 906 1062 Festinavimus
935 998 1080 1054 enim
1118 997 1184 1053 ad
1229 997 1505 1053 Christum
1539 996 1720 1053 Jesum
1760 994 1942 1051 Domi-

322 1119 458 1158 num
492 1097 683 1170 gloriae
712 1104 769 1149 et
790 1107 970 1162 regem
1005 1099 1334 1145 aeternorum
1370 1089 1691 1144 smeulorum
1712 1129 1726 1154 ,
1760 1089 1811 1143 in
1838 1102 1945 1157 quo

321 1199 645 1251 restaurata
687 1195 810 1242 sunt
835 1183 1014 1238 omnia
1044 1183 1098 1236 itt
1142 1183 1296 1238 (telis
1323 1194 1376 1237 et
1409 1182 1460 1236 in
1491 1190 1666 1247 terra,
1701 1179 1786 1234 cui
1816 1194 1946 1234 con-

321 1293 481 1342 stant
510 1280 713 1340 omnia,
747 1277 800 1332 in
837 1290 942 1346 qtto
969 1282 1172 1328 etcum
1206 1290 1313 1344 quo
1340 1287 1555 1343 semper
1583 1271 1941 1326 manebimus.

324 1379 385 1434 ln
419 1377 508 1431 his
544 1389 674 1444 ergo
705 1367 928 1441 ingressi
957 1366 1198 1436 sapimus
1230 1367 1462 1438 perfecte
1491 1383 1503 1417 :
1537 1374 1591 1419 et
1621 1364 1664 1418 si
1690 1361 1816 1434 quid
1850 1363 1948 1416 ali-

328 1483 412 1528 ter
441 1471 688 1537 sapimus
708 1507 723 1532 ,
757 1466 896 1520 Deus
925 1461 1084 1516 nobis
1113 1460 1163 1515 id
1197 1461 1340 1532 quod
1372 1458 1607 1531 perfecte
1630 1457 1839 1527 sapitur
1862 1471 1949 1511 re-

325 1567 554 1634 velabit.
608 1564 787 1624 Itaque
828 1555 1122 1614 secundum
1170 1556 1529 1627 apostolicam
1570 1552 1730 1607 fidem
1762 1563 1948 1605 sacra-

326 1672 577 1719 mentum
628 1653 886 1708 dictorum
938 1648 1297 1719 prmsentium
1345 1655 1732 1708 retractemus;
1783 1651 1837 1695 et
1883 1655 1950 1695 co

327 1755 499 1812 modo
521 1795 536 1818 ,
569 1767 675 1822 quo
711 1747 954 1819 superius
981 1759 1009 1797 a
1037 1743 1202 1798 nobis
1233 1751 1460 1815 tractata
1495 1749 1618 1793 sunt
1653 1733 1857 1801 omnia,
1892 1743 1948 1788 ut

331 1862 558 1904 omnem
589 1843 760 1912 impia:
794 1835 1080 1894 voluntatis
1111 1849 1351 1890 sensum
1385 1831 1485 1887 sub
1527 1829 1686 1886 dictis
1724 1836 1948 1897 apostu-
1979 1829 2028 1890 Β
2057 1825 2321 1880 hortatur
2360 1841 2373 1876 :

330 1943 463 1999 licis
495 1936 574 2012 (b)
609 1941 927 2008 pncceptum
963 1945 1025 1986 ex
1056 1929 1181 1998 ipsa
1227 1923 1353 1981 fidei
1384 1921 1692 1993 apostolicae
1715 1918 1943 1974 veritate

331 2037 650 2112 prodamus.

406 2130 505 2186 25.
551 2125 673 2182 Tria
712 2124 764 2178 in
792 2118 1116 2193 qmestionent
1167 2122 1380 2168 vocata.
1414 2107 1630 2164 -—Tria
1671 2103 1830 2175 igitur
1859 2115 1948 2157 se-

338 2226 584 2285 cundum
620 2219 881 2276 dictorum
909 2213 1154 2269 ordinem
1190 2207 1252 2262 in
1281 2201 1633 2276 quaestionem
1666 2204 1950 2261 vocantur,

2048 531 2134 585 sit.
2169 561 2238 571 ——-
2272 531 2422 585 Finis
2475 529 2662 597 itaque
2712 523 2848 594 legis
2899 523 3153 582 Christus
3201 536 3338 582 cSL:
3388 531 3444 578 et
3497 512 3686 590 quer

2049 634 2226 678 utrmn
2259 622 2492 677 abolitio
2521 619 2660 690 legis
2680 617 2938 674 Christus
2960 617 3052 686 sit,
3078 634 3224 676 anne
3253 613 3554 690 perfectio?
3579 609 3691 668 Sed

2047 715 2094 768 si
2124 715 2304 784 legem
2337 713 2595 768 Christus
2619 753 2634 779 ,
2677 709 2772 781 qui
2803 711 2926 767 linis
2953 712 3072 782 eius
3102 723 3221 781 est,
3253 725 3365 766 non
3407 705 3693 771 dissolvit,

2047 806 2141 862 sed
2173 805 2493 875 adimplet,
2537 803 2842 860 secundum
2885 805 3030 878 quod
3066 807 3139 862 ait
3174 825 3188 861 :
3227 805 3356 862 Non
3385 804 3499 858 veni
3538 801 3702 874 legem

2046 898 2280 960 solvere,
2320 895 2422 948 sed
2463 895 2754 968 adimplere
2791 895 3008 969 (Matth.
3043 915 3094 966 v,
3132 898 3260 971 1'7);
3295 896 3426 953 linis
3471 909 3578 950 non
3607 893 3706 951 de-

2049 991 2208 1048 fectio
2232 996 2360 1053 est,
2408 988 2510 1042 sed
2543 1001 2920 1046 consummata
2952 993 3234 1062 perfectio.
3263 989 3530 1048 Tendunt
3557 990 3702 1044 enim

2048 1084 2113 1140 ad
2145 1083 2323 1137 linem
2376 1082 2570 1136 omnia
2591 1124 2606 1148 ,
2642 1098 2747 1139 nou
2779 1091 2836 1137 ut
2866 1098 2970 1138 non
3001 1085 3129 1151 sint,
3165 1086 3262 1142 sed
3300 1083 3377 1139 uti
3408 1081 3464 1136 in
3508 1096 3604 1148 eo,
3636 1081 3706 1137 ad

2049 1177 2189 1250 quod
2221 1173 2614 1243 tetenderint,
2648 1190 2920 1232 maneant.
2951 1178 3012 1233 Et
3039 1188 3264 1250 promer
3287 1177 3460 1230 linem
3490 1173 3702 1241 omnia;

2049 1279 2322 1326 caeterum
2354 1260 2492 1321 ﬁnis
2522 1267 2588 1321 ad
2619 1267 2764 1323 aliud
2786 1269 2990 1340 aliquid
3019 1285 3123 1325 non
3149 1272 3414 1326 refertur.
3446 1263 3551 1319 Sed
3578 1279 3702 1320 cum

2053 1365 2176 1420 linis
2221 1356 2315 1435 (tl)
2367 1360 2556 1414 omnia
2603 1361 2704 1429 sit,
2741 1378 2961 1418 manens
2993 1363 3109 1432 ipse
3136 1364 3240 1419 sibi
3286 1371 3442 1416 totus
3487 1366 3588 1412 est.
3631 1357 3704 1412 Et

2053 1460 2174 1529 quia
2207 1471 2321 1513 non
2353 1455 2630 1512 excedens
2655 1473 2720 1512 ex
2763 1473 2884 1514 sese
2927 1457 3022 1512 ttlli
3065 1458 3156 1512 alii
3204 1451 3450 1525 tempori
3500 1459 3591 1505 aut
3616 1452 3694 1508 rei

2056 1551 2236 1619 potius
2263 1562 2432 1620 quam
2461 1549 2563 1604 sibi
2591 1551 2832 1621 proficit;
2859 1551 2926 1606 ad
2953 1550 3113 1605 finem
3145 1552 3326 1614 ipsum
3357 1558 3584 1612 semper
3606 1545 3693 1598 itt-

2057 1645 2229 1698 tentio
2249 1639 2374 1710 spei
2403 1642 2578 1696 omnis
2607 1645 2937 1699 extenditur.
2969 1643 3031 1698 Et
3066 1643 3270 1697 ideirco
3300 1639 3577 1694 Dominus
3606 1651 3694 1693 re-

2055 1733 2270 1804 ιίείοεω
2301 1731 2428 1786 ﬁdei
2459 1737 2766 1802 patientiam
2793 1737 2884 1790 lini
2917 1752 2976 1792 se
3017 1744 3398 1792 reservantem
3421 1771 3437 1794 ,
3473 1729 3551 1784 ita
3595 1730 3688 1786 ad-

2423 1825 2608 1884 Bcatus
2662 1831 2749 1899 qui
2799 1830 3133 1901 permanserit
3196 1845 3358 1900 usque
3417 1825 3476 1878 in
3530 1823 3686 1893 liuent

2051 1917 2290 1988 (Matth.
2327 1917 2520 1990 x,2-2.),
2564 1937 2668 1977 non
2696 1924 2876 1994 utique
2902 1931 2963 1977 ιιι
3008 1923 3078 1977 sit
3110 1922 3265 1977 beata
3308 1916 3586 1984 defectio,
3635 1929 3691 1976 et

2051 2024 2160 2064 non
2199 2023 2335 2064 esse
2359 2012 2425 2066 sit
2451 2013 2650 2070 fructus
2671 2057 2684 2081 ,
2717 2024 2769 2070 et
2797 2029 3006 2070 merces
3027 2014 3154 2069 tidei
3195 2012 3270 2084 (ε)
3301 2011 3387 2068 sui
3418 2010 3686 2081 cujusque

2050 2100 2441 2160 constituatur
2467 2106 2682 2164 abolitio
2711 2125 2725 2161 :
2756 2109 2849 2165 sed
2878 2109 3002 2180 quia
3033 2108 3155 2162 finis
3183 2104 3492 2175 proposita:
3515 2104 3689 2160 beati-

2053 2195 2282 2253 tudinis
2313 2199 2626 2259 inexcessus
2651 2202 2843 2259 modus
2879 2211 2991 2269 est,
3039 2201 3182 2257 beati
3211 2208 3338 2256 sunt
3366 2196 3466 2270 qui
3517 2213 3690 2269 usque

340 2325 587 2398 primum
621 2315 762 2381 linis,
802 2310 998 2370 deinde
1023 2303 1281 2368 tradiliO.
1328 2297 1523 2356 deinde
1551 2290 1817 2363 subiectio
1847 2306 1860 2342 ε
1894 2297 1954 2342 ut
2057 2291 2123 2346 ad
2159 2290 2341 2350 finem
2371 2295 2807 2354 consummando:
2835 2295 3182 2352 beatitudinis
3216 2293 3544 2361 manserint,
3582 2306 3692 2348 non

343 2392 450 2496 per
486 2419 606 2474 tunc
631 2419 723 2469 aut
746 2409 958 2465 desinat
983 2401 1239 2460 Christus
1299 2395 1354 2496 iu
1395 2392 1538 2496 .line,
1590 2397 1682 2442 aut
1704 2399 1959 2496 “regnulm

347 2477 625 2570 iradendo
653 2519 757 2560 non
785 2507 993 2565 teneat,
1013 2502 1104 2550 aut
1129 2498 1288 2547 extra
1315 2485 1408 2542 Dei
1435 2492 1680 2540 naturam
1704 2479 1816 2534 Deo
1836 2477 1965 2532 sub-

345 2609 536 2681 jectus
559 2601 800 2658 exsistat.

428 2663 525 2755 26.
577 2695 903 2765 Objectortun
953 2683 1114 2740 Pauli
1171 2677 1438 2734 uerborum
1492 2669 1761 2726 connexio.
1794 2693 1866 2706 --
1893 2663 1971 2718 Ac

361 2793 608 2866 primum
640 2783 970 2842 noscendum
1002 2788 1086 2833 est
1107 2817 1120 2840 ,
1163 2787 1270 2826 non
1300 2769 1444 2823 hunc
1471 2765 1972 2866 ordineulaposto-

358 2851 484 2944 iicm
510 2897 635 2938 esse
665 2877 946 2934 doctrinm.
975 2869 1219 2928 Primum
1247 2861 1390 2918 enim
1422 2857 1571 2929 regni
1603 2851 1819 2910 traditio
1851 2859 1972 2917 est,

363 2941 566 3037 tleinde
610 2970 909 3043 subjectio,
955 2972 1234 3034 postremo
1275 2953 1416 3008 linis.
1461 2949 1566 3006 Sed
1597 2944 1824 3014 singulis
1850 2941 1972 3012 qui-

362 3073 579 3141 busque
620 3062 801 3120 causis
835 3055 1056 3131 propria
1087 3061 1422 3121 quarumque
1461 3053 1741 3098 causarum
1773 3048 1974 3141 gettera

367 3126 612 3233 subiecta
641 3168 768 3214 sunt
797 3174 811 3212 :
835 3126 904 3210 ut
928 3126 1060 3207 dum
1086 3160 1175 3201 res
1215 3139 1440 3210 singulae
1470 3137 1641 3233 iit-res
1665 3131 1799 3185 alias
1829 3126 1977 3182 desi-

2061 2385 2205 2440 ultra
2236 2401 2304 2442 se
2331 2387 2505 2446 ﬁdelis
2530 2391 2641 2460 spei
2673 2391 3072 2462 exspectatione
3101 2387 3370 2444 tendente.
3399 2385 3554 2442 Finis
3581 2385 3682 2440 ita-

2066 2497 2171 2552 que
2199 2492 2285 2538 est
2321 2485 2572 2542 manendi
2602 2486 2894 2541 immobilis
2919 2484 2985 2539 ad
3027 2499 3184 2554 quem
3217 2482 3460 2538 tenditur
3485 2489 3684 2534 status.

2069 2574 2322 2644 Denique
2351 2576 2646 2647 Apostolus
2666 2577 2958 2650 impietatis
2985 2576 3146 2630 tinem
3171 2575 3235 2630 ad
3265 2574 3554 2629 desinendi
3577 2587 3692 2628 me-

2073 2679 2185 2725 tum
2227 2686 2610 2740 praemonens,
2663 2675 2738 2728 ait
2779 2693 2792 2727 :
2843 2672 3070 2739 Quorum
3120 2671 3236 2738 ﬁnis
3286 2677 3364 2724 est
3413 2668 3690 2731 interitus,

2076 2772 2251 2817 nostra
2281 2774 2450 2818 autent
2479 2765 2554 2835 (Γ)
2585 2766 2897 2837 exspectatio
2943 2766 2998 2818 in
3042 2763 3178 2818 cwlis
3223 2770 3296 2817 est
3327 2761 3561 2832 (Philip.
3598 2775 3692 2826 ιιι,

2079 2857 2146 2912 l9
2173 2867 2218 2912 et
2247 2854 2368 2924 20).
2417 2855 2474 2912 Si
2514 2858 2696 2929 itaque
2733 2869 2789 2914 et
2829 2858 3005 2914 beatis
3038 2868 3091 2913 et
3124 2857 3305 2927 impiis
3339 2856 3462 2912 linis
3487 2865 3610 2921 est,
3643 2860 3697 2910 et

2079 2953 2200 3008 linis
2227 2951 2551 3022 intelligitur
2577 2967 2702 3008 esse
2731 2953 2999 3009 defectio:
3039 2951 3352 3022 religionem
3397 2959 3561 3020 atque
3593 2949 3695 3004 im-

2080 3049 2334 3118 pietatem
2373 3044 2491 3099 linis
2521 3055 2789 3116 exaequat,
2822 3046 2982 3118 393
3009 3046 3131 3116 quia
3158 3045 3233 3118 (g)
3265 3052 3556 3115 utrumque
3602 3057 3699 3112 per

2081 3140 2430 3196 constitutum
2465 3137 2624 3192 linem
2671 3139 2740 3192 sit
2779 3139 2829 3192 itt
2871 3154 3158 3194 commune
3192 3153 3296 3194 non
3327 3151 3467 3193 esse.
3506 3137 3570 3191 Et
3603 3134 3696 3192 ubi

370 3220 536 3321 itan't,
567 3254 761 3308 habeat
798 3258 1017 3314 semper
1045 3236 1411 3306 διιυὶῖιεθηιθιη
1441 3227 1544 3283 Sibi
1573 3237 1790 3280 causam
1815 3234 1976 3321 (ξίξιξεει
2005 3220 2049 3284 C
2081 3229 2416 3302 exspectatio
2443 3240 2628 3284 nostra
2659 3229 2712 3283 itt
2749 3229 2899 3285 cmlis
2929 3239 3035 3296 est,
3067 3229 3112 3284 si
3139 3245 3236 3300 per
3265 3229 3428 3286 liuent
3457 3242 3582 3285 esse
3610 3242 3698 3284 se—

373 3311 711 3422 prtcccdens.
740 3341 892 3397 Finis
919 3333 1068 3391 enim
1101 3328 1236 3393 erit;
1268 3325 1430 3395 392
1455 3319 1548 3376 sed
1575 3333 1696 3374 cum
1739 3311 1977 3422 il‘fldidc-

373 3407 445 3501 rit
492 3453 716 3511 regnum
751 3435 882 3490 Deo.
915 3424 1122 3484 Tradet
1169 3429 1346 3473 autem
1397 3425 1655 3484 regnum;
1709 3407 1802 3463 sed
1853 3421 1977 3460 cum

373 3509 719 3593 evacuavcrit
757 3537 979 3580 omnem
1016 3514 1392 3585 magistratum
1421 3516 1475 3564 ct
1501 3519 1714 3561 omnem
1745 3509 1981 3571 potesta-

378 3638 512 3684 tem.
547 3619 840 3679 Evacuabit
866 3622 1055 3670 autem
1077 3620 1295 3663 onmem
1318 3600 1688 3671 magistratum
1710 3604 1772 3650 .et
1801 3601 1981 3664 potes-

378 3731 576 3786 tatem,
610 3717 733 3788 quia
776 3716 997 3782 oportet
1039 3718 1160 3759 eum
1193 3711 1445 3770 regnare.
1476 3690 1742 3788 Regnahit
1769 3696 1975 3788 autem,

379 3779 748 3882 dottec'ponat
772 3779 964 3860 omnes
995 3795 1244 3854 inimicos
1272 3791 1372 3847 sub
1400 3788 1624 3860 pedibus
1648 3781 1780 3882 suis.
1812 3779 1980 3882 Ponet

379 3872 514 3966 vero
551 3872 795 3962 inimicos
825 3897 928 3955 sub
971 3891 1198 3964 pedibus
1225 3886 1370 3952 suis;
1404 3884 1526 3954 quia
1560 3880 1700 3934 Deus
1725 3876 1775 3933 ei
1805 3872 1983 3942 subje-

487 3998 667 4056 outnia
692 3994 793 4050 sub
823 3988 1054 4062 pedibus
1083 3981 1223 4053 ejus.
1251 3976 1493 4046 Subjecit
1519 3981 1695 4028 autem
1721 3965 1979 4062 Deusita,

489 4089 776 4150 novissima
809 4057 876 4139 ab
923 4095 991 4137 eo
1033 4091 1180 4132 mors
1225 4071 1440 4128 inimica
1469 4067 1730 4122 vincatur.
1782 4057 1984 4116 Dehine

387 4186 648 4260 subjectis
678 4180 927 4238 omnibus
975 4174 1058 4239 ei,
1107 4177 1304 4240 prmtcr
1350 4181 1472 4220 eum
1515 4161 1609 4260 qui.
1655 4153 1982 4260 subjecitei

387 4246 605 4344 omnia;
639 4285 764 4332 tunc
793 4268 1109 4340 subjicietur
1151 4263 1265 4332 ipse
1308 4253 1610 4327 subjicienti
1644 4249 1748 4306 sibi
1777 4246 1980 4304 omnia.

389 4340 922 4446 Subjectionis'vero
963 4373 1125 4417 causa
1169 4369 1275 4410 non
1317 4351 1423 4408 alia
1453 4356 1568 4413 est,
1611 4359 1770 4417 quam
1815 4353 1875 4446 ut
1917 4340 1988 4396 sit

391 4437 538 4526 Deus
565 4464 742 4522 omnia
773 4463 824 4516 in
853 4455 1124 4514 omnibus.
1154 4449 1305 4505 Finis
1335 4443 1516 4515 itaque
1537 4448 1639 4509 est,
1671 4451 1792 4495 esse
1815 4437 1985 4492 Deum

393 4563 571 4623 omnia
594 4561 648 4616 in
674 4556 943 4614 omnibus.

2082 3325 2314 3382 cundum
2375 3321 2570 3392 impios
2625 3321 2713 3391 (ad
2745 3322 2918 3378 instar
2962 3323 3294 3394 impiorum)
3349 3321 3700 3378 desinamus?

2081 3416 2233 3486 Quod
2262 3415 2306 3469 si
2334 3414 2534 3468 sanctis
2561 3414 2918 3484 exspectatio,
2955 3413 3137 3485 impiis
3161 3429 3291 3471 vero
3323 3415 3448 3470 linis
3475 3413 3694 3471 debitus

2081 3525 2202 3566 esse
2225 3508 2422 3564 dicitur
2446 3524 2458 3560 :
2491 3518 2666 3561 tamen
2693 3523 2760 3561 ne
2787 3507 2866 3561 sic
2893 3505 3112 3577 quidem
3142 3509 3264 3564 linis
3293 3508 3538 3564 creditur
3567 3523 3694 3566 esse

2081 3603 2346 3666 defectio;
2377 3601 2500 3671 quia
2524 3617 2643 3669 quze
2671 3615 2829 3671 ptena
2863 3602 3158 3671 impietatis
3183 3613 3287 3669 est,
3320 3603 3543 3657 omnino
3578 3619 3690 3661 non

2081 3711 2201 3752 esse
2223 3695 2288 3750 ad
2321 3709 2600 3764 poenarum
2635 3693 2909 3749 ultricium
2936 3709 3181 3760 sensum,
3215 3709 3376 3750 causa
3402 3695 3454 3747 in
3483 3693 3568 3748 his
3591 3710 3694 3766 per

2083 3786 2438 3844 defectionem
2473 3785 2554 3840 sui
2585 3799 2690 3839 non
2722 3792 2972 3841 exstante
3015 3785 3296 3855 patiendi?
3324 3783 3474 3839 Finis
3515 3785 3702 3858 itaque

2083 3892 2166 3938 est
2202 3879 2599 3935 iudemutanda:
2630 3878 3036 3934 constitutionis
3079 3893 3329 3933 mansura
3379 3877 3650 3946 perfectio
3683 3896 3699 3938 :

2083 3989 2201 4046 quae
2231 3980 2284 4026 ct
2323 3969 2642 4026 beatitudini
2689 3977 2997 4040 reservata,
3030 3981 3083 4026 et
3126 3970 3391 4043 impietati
3423 3979 3506 4026 est
3550 3985 3702 4042 prte-

2085 4073 2265 4136 parata
2276 4102 2288 4116 .

2155 4156 2247 4212 29.
2274 4152 2437 4226 Regni
2460 4153 2786 4210 traditionem
2806 4169 2910 4208 non
2927 4169 3036 4210 esse
3058 4158 3310 4228 regnandi
3333 4155 3695 4227 defectionem.

2085 4281 2158 4294 -—
2183 4250 2334 4306 Nunc
2364 4250 2528 4320 igitur
2556 4249 2680 4319 quia
2725 4249 2836 4319 jam
2867 4248 3063 4321 ambigi
3095 4267 3199 4305 non
3249 4258 3468 4323 potest,
3503 4250 3556 4306 in
3589 4252 3698 4310 line

2089 4362 2200 4402 non
2240 4343 2598 4400 defectionem
2626 4385 2640 4409 ,
2672 4342 2767 4399 sed
2813 4356 2918 4396 non
2949 4357 3296 4400 excessuram
3346 4343 3696 4403 constitutio-

2092 4455 2215 4495 nem
2243 4453 2364 4494 esse
2395 4437 2798 4508 intelligendam
2825 4478 2840 4504 ,
2871 4451 3196 4509 quamquam
3229 4440 3406 4495 adhuc
3443 4441 3695 4510 quasdam

2091 4533 2146 4588 in
2177 4533 2292 4604 ipsa
2321 4531 2454 4588 dicti
2490 4530 2830 4589 absolutione
2876 4529 2987 4586 sint
3038 4543 3349 4588 reservata:
3396 4540 3576 4590 tamen
3609 4535 3698 4591 his

593 4609 1017 4721 inid—obtendant
1039 4637 1278 4697 liter-elici.
1300 4666 1371 4676 —-
1387 4635 1459 4690 Et
1477 4629 1825 4706 quaerendum
1848 4641 1989 4684 nunc
2013 4609 2068 4670 Ῑ)
2098 4635 2303 4682 tantum
2328 4624 2395 4681 ad
2435 4623 2882 4696 signiﬁcationem
2928 4637 3119 4680 sensus
3162 4623 3548 4680 demonstratis
3572 4667 3586 4689 .
3619 4626 3700 4682 vi-

395 4764 520 4810 ante
563 4747 737 4804 omnia
783 4753 897 4810 est,
950 4755 1016 4793 an
1066 4735 1188 4790 linis
1228 4730 1460 4788 defeetio
1502 4728 1603 4794 sit,
1651 4741 1720 4781 an
1773 4722 1989 4779 traditio

397 4844 619 4902 amissio
644 4841 750 4903 sit,
787 4852 852 4891 an
896 4830 1157 4901 subiectio
1200 4823 1486 4880 infirmitas
1530 4819 1618 4877 sit.
1663 4819 1794 4886 Quae
1824 4817 1871 4872 si
1903 4816 1988 4871 bis

399 4939 501 4996 sibi
544 4931 828 4992 contrariis
865 4941 972 4982 non
998 4919 1351 4991 subjacebunt
1373 4959 1388 4986 ,
1420 4923 1581 4970 erunt
1622 4913 1673 4968 in
1703 4925 1764 4968 ea
1795 4908 1992 4966 intelli-

398 5032 599 5107 gentia:
628 5027 850 5083 veritate
880 5014 952 5092 (ὸ)
987 5032 1090 5089 qua
1118 5013 1255 5070 dicta
1287 5017 1431 5066 sunt.

477 5194 552 5291 lo)
585 5217 744 5275 Solus
771 5208 938 5291 codex
961 5203 1085 5291 V'at,
1108 5202 1221 5291 bas.
1243 5193 1610 5291 ,μιίςιιςίιιιξριιιξξ
1640 5189 1882 5262 perfectae
1906 5187 1990 5241 in-

403 5275 749 5361 ιειὶεάεηιίαηις
782 5283 914 5361 Ἑυη)
959 5275 1696 5361 ρέειὲαυθνξίέτέξξῖἔέἐέιωειῗ..,ι

485 5332 753 5435 ἷῖἴῖὗὶἱῖὶ
796 5332 925 5408 i353?
958 5332 1012 5403 εει
1194 5332 1888 5435 Εξξένίξλῗτεηὲβ¹ἐξ¹η¹λίέῗς
1938 5338 1994 5435 ἓξ

403 5405 561 5500 ρπὶῖί
589 5405 890 5503 ῥῑιὲἓὲριῐιηι
914 5439 932 5503 -:
959 5434 1063 5503 no."
1095 5405 1164 5471 ίιεί
1194 5405 1994 5503 ιιξιιξί·-Ιεξ-πξιξξ.·,.ῐηιοςξ’³ἱ;ξι

406 5475 976 5574 ilyr.tinr.',wprieccptis.
1019 5483 1351 5574 Incautetjs,
1381 5490 1751 5574 prtleceptttnt,1
1770 5475 1821 5530 id
1869 5481 1987 5538 est,

405 5551 870 5654 Ergo-(inceptum:
888 5563 1018 5618 Cum
1044 5554 1333 5654 Itisdconfer
1357 5551 1516 5654 verba
1540 5566 1687 5606 num.
1720 5551 1772 5603 7.

505 5630 806 5717 eiiMartin.
842 5651 943 5717 ms.
971 5630 1246 5717 qqutlic‘ta
1276 5633 1492 5717 stfnl.___
1549 5709 1641 5717 Mn
1699 5710 1719 5717 Δ
1759 5710 1772 5717 μ
1819 5693 1830 5704 ⁸
1915 5693 1926 5703 _

505 5701 562 5775 di
601 5701 744 5772 Editi
765 5752 780 5775 ,
809 5708 1029 5762 omnium
1053 5703 1138 5757 sit.
1170 5701 1494 5754 Concinnius
1534 5709 1661 5775 mss.
1693 5701 1864 5775 ontnia
1881 5701 1952 5775 sit
1971 5707 1990 5745 :

483 5728 538 5792 (ά
608 5728 744 5772 ιςιιιιι
765 5752 780 5775 ,
809 5728 1029 5762 omnium
1053 5728 1138 5757 tm.
1170 5728 1494 5754 uuuuuutua
1534 5728 1661 5750 suam
1693 5728 1864 5778 Υιηιηιι
1881 5728 1944 5748 σι.
1971 5731 1985 5745 .

406 5728 562 5866 quod)
592 5791 646 5846 in
659 5784 820 5840 Corb.
845 5787 1184 5845 corrumpere
1212 5781 1490 5840 perperam
1515 5774 1736 5823 tentavit
1755 5763 1990 5822 secunda

405 5879 620 5925 manus.

2098 4719 2320 4776 deamus
2350 4733 2418 4774 an
2450 4717 2665 4773 traditio
2697 4715 2847 4788 regni
2873 4715 3103 4772 defectio
3129 4719 3199 4773 sit
3245 4715 3588 4788 intelligenda
3614 4733 3700 4775 re-

2094 4813 2332 4887 guandi;
2363 4825 2421 4870 ttt
2471 4813 2614 4884 quod
2646 4812 2809 4870 tradit
2854 4811 3026 4868 Filius
3074 4813 3255 4881 Patri,
3287 4811 3547 4868 tradendo
3588 4827 3698 4870 non

2099 4919 2298 4967 teneat.
2332 4909 2484 4977 Quod
2509 4909 2553 4964 si
2575 4909 2695 4980 quis
2725 4908 2903 4964 stultae
2933 4908 3224 4980 impietatis
3253 4908 3437 4965 furore
3469 4918 3697 4964 conten-

2099 5003 2221 5068 det;
2255 5002 2486 5059 fateatur
2514 5016 2740 5058 necesse
2770 5009 2856 5057 est
2891 4999 3107 5057 Patrem
3136 5043 3151 5070 ,
3177 5017 3302 5058 cum
3335 4999 3556 5057 tradidit
3583 5015 3701 5056 om-

2171 5183 2245 5259 (e)
2283 5185 2340 5241 In
2367 5185 2617 5259 vulgatis,
2647 5199 2778 5240 sum.
2808 5184 3029 5259 Rectius
3053 5185 3109 5241 in
3134 5199 3263 5259 mss.
3287 5185 3402 5259 sui,
3435 5185 3556 5242 scil.
3587 5184 3705 5240 abo~

2097 5255 2249 5313 litio':
2278 5272 2398 5328 qua:
2423 5255 2578 5314 beata
2623 5271 2747 5313 esse
2794 5257 3009 5328 nequit,
3040 5259 3165 5327 quia
3205 5255 3442 5313 defectio
3473 5273 3580 5312 non
3620 5265 3706 5312 est

2099 5327 2444 5385 beatitudinis
2471 5343 2662 5398 capax.
2691 5328 2810 5384 Mox
2841 5327 3160 5396 inexcessus,
3193 5328 3244 5383 id
3273 5337 3388 5396 est,
3416 5345 3521 5401 quo
3561 5327 3705 5386 ultra

2099 5401 2266 5457 tendit
2297 5411 2550 5471 nequeat.

2176 5495 2247 5568 (f)
2289 5495 2508 5566 Aliquot
2531 5508 2665 5550 mss.
2692 5491 3046 5562 recentiores,
3074 5498 3413 5550 conversatio.

2176 5615 2254 5687 (g)
2280 5611 2438 5683 Apud
2469 5611 2626 5680 Bad.,
2655 5609 2885 5679 utrique:
2914 5611 3113 5681 probe,
3143 5611 3189 5666 si
3218 5611 3466 5666 faverent
3489 5611 3700 5682 scripti.

2098 5687 2156 5743 In
2187 5686 2409 5743 reliquis
2437 5683 2568 5739 edit.
2618 5683 2891 5743 utrimque.
2942 5685 3012 5738 At
3041 5687 3095 5741 in
3146 5698 3278 5738 mss.
3324 5698 3521 5743 magno
3574 5699 3700 5741 con.

2099 5694 2156 5743 ln
2187 5694 2409 5756 reliquis
2437 5694 2568 5739 edtt.
2618 5694 2891 5750 utrimque.
2942 5694 3012 5738 At
3041 5694 3095 5741 in
3146 5698 3278 5738 mss.
3324 5698 3521 5755 magno
3574 5699 3708 5741 cou-

2099 5772 2282 5822 sensu,
2315 5765 2616 5828 utrumque;
2647 5753 2790 5824 quod
2808 5751 2875 5828 d_e
2897 5754 3164 5827 religione
3189 5763 3247 5809 et
3272 5754 3550 5824 impietate
3571 5771 3713 5828 prae—

2099 5829 2361 5899 dicatum,
2393 5827 2460 5884 ad
2489 5822 2595 5884 non
2620 5822 2728 5883 esse
2757 5822 3030 5886 referatur
3055 5839 3284 5887 necesse
3307 5822 3412 5884 est.
