4286 6264
643 321 748 378 6ἒ5

1856 314 2104 373 SANCTI
2145 314 2400 372 lllLAltll
2433 288 2739 370 EPISCOPI

3846 308 3955 364 ιρι

646 436 772 491 dum
802 451 832 490 a
862 450 921 490 se
969 433 1266 491 secundum
1297 431 1443 504 quod
1483 439 1567 488 est
1596 430 1849 488 desinens
1872 473 1887 498 ,
1930 433 1979 488 ei
2013 431 2230 503 subiici-
2265 437 2315 498 Α
2342 429 2429 501 qui
2459 430 2606 483 habet
2635 444 2787 484 aures
2817 427 2897 500 (1)
2931 426 3015 498 (d)
3043 425 3321 493 audiendi,
3362 426 3541 481 audiat
3577 425 3793 499 (Matth.
3823 441 3953 493 xui,

650 538 765 596 tur,
800 529 957 597 cujus
991 526 1242 583 concedit
1267 526 1321 580 in
1368 526 1620 582 formam.
1668 526 1875 581 Desinit
1898 537 2108 591 autem,
2141 539 2244 580 non

648 627 709 675 ut
736 636 840 673 non
871 619 972 685 sit,
1003 617 1100 674 sed
1137 626 1196 673 ut
1235 616 1479 688 proﬁciat
1504 635 1520 672 :
1550 619 1716 690 lltque
1761 634 1827 673 ex
1873 617 2248 674 deinutatione

646 711 928 779 subditus,
966 710 1019 765 in
1051 710 1287 782 speciem
1313 711 1549 781 suscepti
1576 710 1798 767 alterius
1825 710 2042 782 generis
2069 721 2247 766 trans-

648 803 847 859 eundo.

720 894 809 949 56.
854 893 980 950 Filii
1018 894 1299 969 subjectio,
1344 896 1525 967 gloria:
1552 904 1778 965 paterna:
1821 896 2156 952 consortium.
2179 924 2250 935 —-

648 990 888 1061 Denique
926 997 984 1043 ut
1012 989 1333 1045 sacramenti
1384 990 1542 1059 hujus
1579 1001 1724 1046 esset
1773 990 1910 1046 ratio
1962 988 2243 1055 absoluta,

648 1090 771 1154 post
791 1080 1084 1137 novissime
1110 1080 1378 1138 devictam
1403 1093 1635 1138 mortem
1654 1124 1669 1150 ,
1709 1090 1822 1138 tum
1845 1082 1955 1138 ait:
1985 1082 2113 1138 Cum
2152 1099 2249 1136 auo

647 1182 747 1230 tem
768 1173 954 1229 dixerit
976 1214 990 1239 ,
1026 1172 1213 1228 Omnia
1242 1173 1469 1247 subjecta
1489 1184 1636 1241 sunt,
1663 1173 1849 1244 absque
1873 1192 1932 1230 eo
1960 1176 2049 1245 qui
2077 1173 2253 1242 subje-

654 1268 721 1322 cit
749 1269 795 1322 ei
824 1268 993 1323 omnia
1014 1308 1030 1335 ,
1063 1277 1182 1322 tunc
1208 1267 1317 1338 ipse
1354 1267 1611 1342 subjectus
1643 1268 1738 1322 erit
1776 1268 1892 1335 illi,
1924 1268 2014 1338 qui
2049 1267 2098 1321 ei
2132 1265 2252 1322 sub-

646 1361 775 1434 jecit
815 1361 1017 1424 omnia,
1042 1374 1097 1413 ut
1123 1360 1189 1414 sit
1217 1359 1353 1415 Deus
1375 1361 1548 1415 omnia
1567 1361 1621 1414 in
1643 1359 1877 1414 omnibus
1898 1357 1974 1432 (Ι.
2000 1357 2118 1414 Cor.
2145 1373 2218 1413 xv
2237 1401 2251 1426 ,

650 1453 723 1511 26
739 1465 784 1507 et
804 1450 992 1524 seqq.).
1014 1451 1228 1507 Primus
1250 1452 1412 1523 igitur
1431 1453 1752 1508 sacramenti
1776 1451 1975 1523 gradus
1992 1460 2076 1507 est
2089 1489 2105 1517 ,
2128 1449 2255 1505 sub-

647 1546 790 1618 jecta
818 1562 940 1603 esse
977 1548 1027 1602 ei
1068 1547 1280 1612 omnia;
1306 1556 1362 1603 et
1398 1555 1525 1603 tunc
1563 1548 1737 1618 ipsum
1783 1546 2089 1618 subjectum
2140 1545 2251 1602 tieri

654 1640 963 1711 Subjicienti
990 1641 1091 1696 sibi
1119 1640 1301 1697 omnia
1329 1657 1341 1695 :
1377 1651 1434 1695 ut
1457 1640 1913 1712 quemadmodum
1942 1656 2040 1695 nos
2068 1639 2254 1710 gloriae

652 1735 926 1807 regnantis
953 1734 1199 1805 corporis
1228 1734 1312 1790 siti
1347 1734 1661 1801 subdimnr,
1689 1733 1881 1790 eodem
1913 1748 2127 1788 rursum
2159 1746 2254 1787 sa-

2351 525 2422 582 40
2456 535 2504 580 et
2535 525 2723 598 δίειμι).
2753 522 3021 593 Numquid
3050 538 3155 579 non
3183 522 3438 578 omnibus
3466 521 3737 577 naturales
3753 535 3955 591 corpo-

2352 620 2602 691 ralesque
2630 633 2791 673 aures
2815 617 2882 673 ad
2913 616 3178 673 dictorum
3210 616 3542 673 audientiam
3558 625 3741 687 patent
3759 657 3776 683 ,
3799 626 3858 670 nt
3885 613 3957 671 ad

2350 711 2675 768 audiendum
2707 710 2976 766 dominica
3007 709 3377 767 admonitione
3402 709 3477 782 (e)
3509 708 3668 765 fuerit
3699 723 3955 765 necessa-

2354 804 2532 860 rium?
2556 803 2665 860 Sed
2694 803 3017 859 sacramenti
3044 801 3326 858 scientiam
3357 800 3617 857 Dominus
3642 801 3955 867 insinuans,

2354 897 2685 967 auditionem
2731 898 2991 953 docti-inte
3043 896 3218 952 lidelis
3260 894 3458 968 exegit.
3504 895 3563 951 In
3610 909 3959 952 consumma-

2355 991 2500 1046 tione
2541 991 2721 1060 itaque
2760 989 2945 1045 smcnli
2971 989 3041 1045 de
3070 1003 3238 1059 regno
3264 989 3381 1060 ejus
3411 988 3666 1045 scandala
3698 987 3959 1046 auferun-

2355 1091 2460 1136 tur.
2504 1080 2775 1136 Habemus
2804 1096 2933 1152 ergo
2964 1093 3279 1153 regnantem
3326 1081 3610 1137 Dominum
3654 1081 3955 1139 secundum

2353 1173 2599 1244 corporis
2626 1172 2953 1241 claritatem,
2986 1190 3093 1244 quo
3123 1188 3295 1246 usque
3324 1173 3579 1229 scandala
3610 1172 3953 1229 auferantur.

2358 1264 2632 1321 llabemus
2661 1281 2877 1320 rursum
2909 1263 3218 1321 confnrtues
3246 1280 3345 1320 nos
3375 1263 3561 1336 gloria!
3588 1264 3837 1333 corporis
3871 1263 3956 1319 sui

2357 1358 2411 1413 in
2436 1374 2601 1429 regno
2623 1357 2798 1413 Patris
2816 1399 2831 1425 ,
2858 1368 3129 1428 tamquam
3155 1358 3205 1412 in
3231 1359 3360 1413 solis
3381 1358 3626 1415 claritate
3647 1358 3915 1430 fulgentes
3939 1375 3956 1415 :

2357 1451 2437 1524 (ι’)
2458 1451 2513 1507 in
2535 1469 2640 1524 qua
2669 1452 2908 1507 habitum
2933 1453 3080 1524 regni
3101 1451 3184 1509 sui
3209 1451 3480 1522 Apostulis
3503 1450 3559 1507 in
3579 1461 3759 1508 monte
3781 1461 3958 1507 trans-

2358 1545 2620 1603 formatus
2650 1546 2904 1602 ostendit.

2428 1637 2517 1694 39.
2549 1636 2779 1694 Gloriam
2808 1638 3134 1707 impertiens,
3168 1639 3325 1693 tradit
3353 1654 3446 1692 nos
3479 1654 3691 1710 regnum
3713 1636 3825 1694 Deo
3846 1637 3958 1694 sine

2357 1730 2500 1802 regni
2521 1731 2601 1785 sui
2632 1733 2835 1785 damno.
2866 1730 3095 1803 Regnum
3125 1729 3392 1799 traditum,
3420 1746 3533 1785 nos.
3561 1729 3791 1785 Tradens
3811 1730 3963 1786 Chri-

653 1839 932 1886 cramento
968 1826 1044 1900 (a)
1080 1827 1196 1898 ipse
1232 1842 1467 1899 regnans
1506 1827 1562 1883 in
1592 1827 1765 1898 gloria
1808 1827 2055 1896 corporis
2084 1824 2254 1896 subji-
2285 1835 2335 1898 Β
2360 1835 2488 1893 stus,
2512 1835 2558 1880 et
2580 1826 2675 1879 hoc
2692 1836 2943 1897 quatenus
2964 1826 3135 1880 homo.
3154 1825 3434 1881 -1‘radet
3451 1839 3581 1897 ergo
3603 1840 3824 1897 regnum
3850 1825 3962 1881 Deo

652 1922 819 1979 cienti
849 1921 951 1977 sibi
981 1920 1233 1978 universa
1260 1921 1543 1977 subdatur.
1586 1920 1878 1978 Subdimur
1906 1929 2089 1974 autem
2133 1918 2257 1990 glo-

653 2016 750 2072 l'it'ﬁ
776 2017 1023 2089 corporis
1065 2014 1189 2083 sui,
1217 2024 1277 2072 ut
1314 2016 1367 2071 in
1399 2031 1464 2073 ea
1514 2016 1685 2072 simus
1726 2015 1804 2089 (b)
1831 2015 2111 2083 claritate,
2154 2028 2259 2086 qua

651 2119 841 2181 regnat
869 2110 922 2166 in
953 2125 1218 2180 corpore:
1249 2110 1375 2181 quia
1404 2110 1624 2182 corpori
1655 2110 1774 2181 ejus
1809 2109 2118 2165 conformes
2147 2110 2255 2165 eri-

654 2217 796 2259 mus.

727 2293 814 2350 57.
860 2292 1104 2366 Corporis
1137 2293 1329 2351 Christi
1369 2296 1557 2368 gloria.
1599 2325 1670 2337 —-—
1700 2293 1769 2350 Et
1792 2293 2010 2364 quidem
2035 2294 2257 2366 gloriam

657 2388 934 2460 regnantis
970 2403 1115 2445 nunc
1139 2390 1384 2460 corporis
1423 2391 1506 2446 sui
1552 2390 1872 2463 Evangelica
1912 2405 2018 2445 non
2058 2400 2257 2446 tacent.

654 2480 731 2536 Ita
802 2481 946 2537 enim
995 2481 1286 2549 scribitur,
1335 2482 1561 2539 Domino
1613 2482 1827 2538 dicente
1875 2500 1888 2537 :
1928 2482 2087 2535 Amen
2145 2481 2263 2535 dico

655 2572 828 2641 vobis,
857 2575 1101 2641 quoniam
1142 2583 1262 2628 sunt
1308 2575 1470 2645 aliqui
1516 2573 1580 2629 de
1630 2572 1952 2629 adstantibus
1987 2575 2129 2640 istis,
2174 2572 2264 2645 qui

655 2681 760 2721 non
796 2666 1072 2737 gustabunt
1127 2676 1342 2721 mortem
1361 2708 1377 2735 ,
1419 2666 1580 2721 donec
1614 2668 1820 2721 uideant
1850 2667 2016 2738 ﬁlium
2044 2666 2263 2721 hominis

654 2758 932 2814 uenientem
951 2760 1007 2813 in
1048 2774 1206 2829 regno
1229 2774 1323 2813 suo
1352 2758 1372 2832 (
1401 2757 1591 2813 Matth.
1642 2774 1729 2814 xvr
1751 2801 1768 2827 ,
1798 2757 1870 2813 28
1892 2757 1932 2829 ).
1981 2757 2049 2812 Et
2072 2762 2263 2829 factum

658 2858 735 2903 est
764 2858 877 2919 post
906 2848 1019 2904 dies
1047 2866 1138 2904 sea:
1156 2889 1172 2916 ,
1204 2850 1486 2919 assumpsit
1510 2848 1666 2906 Iesus
1692 2850 1913 2906 Petrum
1936 2860 1987 2905 et
2011 2848 2265 2905 Iacobum

667 2949 717 2995 et
743 2938 1002 2995 Joannem
1030 2945 1243 3013 fratrem
1283 2944 1425 3012 ejus,
1451 2952 1498 2997 et
1522 2942 1664 2997 ducit
1688 2942 1808 2998 illos
1835 2943 1890 2997 in
1919 2953 2140 2997 montem
2177 2959 2263 2999 ea:-

655 3033 847 3090 celsum
883 3050 1143 3101 seorsum,
1182 3047 1233 3091 et
1256 3036 1654 3108 transﬁguratus
1684 3046 1758 3093 est
1793 3036 1950 3092 Iesus
1990 3047 2109 3092 ante
2136 3053 2222 3093 eos
2245 3079 2259 3105 ,

660 3133 709 3179 et
737 3126 1055 3197 resplenduit
1081 3128 1243 3199 facies
1264 3131 1377 3201 ejus
1399 3136 1452 3181 ut
1481 3128 1561 3183 sol
1581 3169 1597 3197 ,
1625 3130 1928 3184 uestimenta
1955 3140 2126 3184 autem
2154 3130 2265 3202 ejus

2364 1920 2503 1991 patri
2530 1939 2544 1976 :
2569 1935 2676 1975 non
2702 1921 2804 1984 ita,
2834 1927 3103 1990 tamquam
3134 1918 3351 1975 tradens
3374 1906 3644 1989 potestate
3666 1916 3961 1984 concedat,

2363 2015 2457 2071 sed
2486 2014 2628 2085 quod
2657 2028 2756 2070 nos
2785 2014 3097 2070 contui-mes
3121 2014 3304 2084 gloria:
3333 2013 3576 2084 corporis
3611 2012 3693 2067 sui
3724 2010 3849 2067 lacti
3878 2026 3968 2068 re-

2361 2124 2524 2181 gnum
2549 2108 2642 2165 Dei
2686 2105 2908 2163 erimus.
2938 2106 3057 2162 Non
3099 2106 3243 2161 enim
3285 2106 3356 2160 ait
3391 2123 3407 2160 :
3444 2104 3648 2160 Tradet
3687 2119 3843 2160 suum
3879 2118 3961 2160 re-

2366 2216 2573 2273 gnum;
2619 2199 2715 2256 sed
2741 2197 2933 2253 Tradet
2972 2214 3185 2271 regnum
3219 2197 3263 2271 (ι
3291 2197 3412 2254 Cor.
3440 2213 3541 2265 xv,
3576 2197 3669 2267 24)
3690 2239 3706 2265 ,
3743 2197 3965 2254 effectos

2368 2310 2469 2352 nos
2493 2310 2589 2363 per
2616 2293 3062 2365 glorificationem
3092 2292 3337 2364 corporis
3364 2292 3450 2348 sui
3478 2306 3702 2363 regnum
3726 2291 3835 2347 Deo
3859 2300 3968 2345 tra-

2363 2387 2594 2444 diturus.
2617 2386 2727 2442 Nos
2754 2387 2933 2456 itaque
2960 2385 3137 2440 tradet
3167 2386 3217 2440 in
3241 2400 3499 2456 regnum,
3537 2382 3831 2440 secundum
3861 2382 3963 2438 hoc

2365 2482 2419 2537 in
2444 2481 2750 2553 Evangeliis
2762 2479 2962 2535 dictum
2986 2495 3001 2536 :
3041 2478 3231 2543 Venite,
3263 2479 3508 2534 benedicti
3530 2478 3691 2550 patris
3713 2477 3833 2541 mei,
3850 2493 3967 2547 pos-

2364 2575 2523 2632 sidete
2551 2584 2898 2648 praeparatum
2923 2573 3061 2629 vobis
3098 2588 3312 2644 regnum
3333 2589 3365 2626 a
3392 2572 3752 2626 constitutione
3786 2569 3967 2625 mundi

2368 2668 2580 2741 (Matth.
2605 2682 2710 2723 xxv
2727 2709 2741 2735 ,
2765 2665 2881 2737 54).
2907 2664 3212 2737 Fulgebunt
3231 2679 3362 2734 ergo
3378 2663 3508 2735 juSti
3530 2671 3590 2718 ut
3613 2664 3692 2718 sol
3723 2663 3775 2717 in
3799 2675 3968 2733 regno

2376 2762 2543 2833 patris
2566 2776 2775 2817 eorum.
2809 2760 3008 2816 Tradet
3045 2759 3187 2814 enim
3220 2757 3391 2813 Filius
3427 2757 3537 2812 Deo
3564 2770 3789 2825 regnum
3832 2769 3964 2821 eos,

2367 2870 2504 2927 quos
2524 2855 2735 2909 vocavit
2753 2854 2807 2910 in
2827 2866 3074 2925 regnum,
3092 2853 3285 2924 quibus
3307 2861 3363 2908 et
3383 2850 3764 2906 beatitudinem
3785 2864 3971 2905 sacra-

2369 2946 2535 3001 menti
2563 2945 2718 3017 hujus
2738 2944 3029 3017 spopondit
3049 2944 3237 3001 dicens
3257 2961 3270 2999 :
3294 2943 3375 3016 (2)
3397 2942 3543 2998 Beati
3568 2942 3755 2997 mundo
3773 2941 3931 2996 corde
3949 2982 3967 3007 ,

2367 3041 2611 3108 quoniam
2642 3038 2745 3109 ipsi
2774 3037 2939 3092 Deum
2975 3037 3212 3091 uidebunt
3255 3035 3472 3108 (Matth.
3507 3051 3571 3098 v.
3604 3034 3681 3106 8).
3718 3034 3971 3104 Regnans

2370 3130 2795 3201 itaquearertet
2819 3128 3105 3196 scandala,
3140 3137 3196 3183 et
3225 3136 3350 3183 tunc
3368 3127 3498 3197 justi
3521 3126 3573 3181 iu
3600 3140 3766 3196 regno
3797 3123 3970 3180 Patris

656 3220 798 3289 facta
821 3228 939 3273 sunt
963 3220 1098 3274 sicut
1127 3220 1218 3275 nia:
1257 3219 1470 3292 (.lfatth.
1498 3236 1610 3276 xvn
1633 3263 1649 3289 ,
1680 3223 1704 3277 l
1738 3231 1785 3276 et
1811 3220 1904 3293 2).
1945 3222 2126 3278 Gloria
2157 3222 2259 3278 ita-
2288 3228 2334 3292 Ο
2369 3232 2639 3295 tamquam
2666 3223 2750 3279 sol
2778 3220 3080 3293 fulgebunt.
3113 3220 3312 3277 Tradet
3339 3230 3521 3276 autem
3561 3218 3671 3274 Deo
3707 3216 3846 3288 patri
3884 3231 3973 3271 re-

655 3324 764 3380 que
792 3311 1061 3367 venientis
1100 3312 1155 3367 in
1194 3328 1420 3383 regnum
1451 3313 1698 3384 corporis
1732 3311 2010 3384 Apostolis
2036 3314 2261 3370 demon-

656 3411 825 3459 SIrata
852 3413 939 3461 est
963 3404 1125 3460 :Nam
1149 3406 1200 3460 in
1230 3405 1417 3461 habitu
1433 3406 1694 3461 Dominus
1719 3405 1968 3477 gloriosa:
2000 3406 2268 3479 (c)trans-

656 3497 1000 3555 tormatiouis
1063 3496 1175 3555 sua:
1245 3499 1526 3565 constitit,
1578 3501 1855 3571 regnantis
1900 3501 2145 3573 corporis
2182 3502 2264 3557 sui

658 3588 904 3645 claritate
936 3590 1220 3661 patefacta.

733 3680 823 3738 58.
864 3679 1195 3740 Consortium
1224 3684 1371 3739 illius
1391 3684 1536 3741 nobis
1567 3684 1901 3757 promissum.
1921 3715 1994 3727 -—
2017 3685 2082 3740 Et
2106 3683 2268 3756 hujus

657 3779 874 3851 quidem
905 3780 1091 3852 gloriae
1132 3796 1247 3837 sua:
1282 3782 1616 3838 consortium
1646 3782 1919 3853 Apostolis
1958 3780 2258 3852 pollicens,

657 3871 771 3927 ait:
804 3871 896 3928 Sic
938 3873 1034 3928 erit
1069 3873 1125 3929 in
1171 3875 1610 3931 consummatione
1659 3876 1855 3930 seaculi.
1908 3874 2075 3929 Mittet
2121 3874 2264 3945 ﬁlius

659 3965 879 4021 hominis
903 3968 1112 4041 angelos
1139 3969 1307 4042 398
1331 3987 1451 4026 suos
1471 4012 1488 4039 ,
1521 3980 1569 4025 et
1608 3969 1849 4041 colligent
1874 3970 1937 4026 de
1960 3987 2117 4041 regno
2147 3972 2260 4043 ejus

658 4060 835 4114 omnia
874 4060 1122 4115 scandala
1165 4072 1213 4117 et
1266 4064 1354 4136 qui
1398 4064 1598 4135 faciunt
1628 4064 1980 4135 iniquitatem,
2011 4073 2059 4118 et
2100 4065 2264 4119 mittet

657 4167 743 4207 eos
770 4151 826 4205 in
854 4154 1107 4208 caminum
1133 4154 1302 4226 ignis;
1331 4155 1402 4210 ibi
1431 4156 1523 4212 erit
1549 4157 1703 4227 ﬂetus
1723 4168 1769 4212 et
1799 4157 1990 4212 stridor
2010 4156 2258 4213 dentium.

663 4242 806 4301 Tunc
825 4245 958 4316 justi
984 4247 1252 4319 fulgebunt
1278 4249 1411 4303 sicut
1437 4248 1516 4304 sol
1553 4249 1608 4304 in
1652 4267 1809 4322 regno
1839 4251 2002 4322 patris
2045 4267 2218 4306 eorum
2243 4265 2264 4305 :

857 4357 973 4413 Non
1004 4367 1153 4414 extat
1181 4360 1426 4416 audiendi
1454 4362 1506 4417 in
1536 4370 1725 4420 nostro
1754 4364 1965 4420 codice.

2370 3332 2574 3389 gnum:
2607 3326 2662 3373 et
2688 3326 2814 3372 tunc
2842 3331 2978 3386 quos
3019 3330 3243 3386 regnum
3292 3314 3400 3369 Deo
3447 3311 3767 3377 tradiderit,
3798 3309 3971 3365 Deum

2375 3411 2652 3466 videbunt.
2684 3409 2762 3482 (g)
2791 3410 2859 3465 Et
2892 3408 3034 3480 quod
3074 3424 3331 3480 regnum,
3371 3407 3485 3477 ipse
3522 3414 3753 3461 testatus
3780 3410 3864 3459 est
3890 3402 3973 3457 di-

2373 3520 2504 3560 cens
2550 3503 2616 3559 ad
2664 3502 2957 3574 Apostolus
2989 3519 3002 3557 :
3038 3501 3104 3557 In
3144 3502 3286 3557 vobis
3320 3501 3455 3557 enim
3499 3510 3574 3556 est
3617 3514 3828 3572 regnum
3874 3494 3973 3550 Dei

2371 3597 2504 3670 (Luc
2541 3613 2682 3664 xvu,
2715 3595 2832 3670 21).
2887 3597 3138 3666 Regnans
3179 3596 3359 3666 itaque
3406 3608 3632 3664 regnum
3677 3589 3871 3647 tradet.
3907 3589 3973 3644 Et

2374 3691 2419 3747 si
2448 3692 2569 3763 quis
2590 3700 2800 3763 quaerat
2831 3689 2953 3762 quis
2976 3690 3076 3745 iste
3096 3691 3165 3745 sit
3214 3687 3431 3744 tradens
3460 3702 3684 3758 regnum
3703 3727 3719 3752 ,
3745 3683 3970 3741 audiet:

2371 3785 2605 3842 Christus
2631 3785 2907 3841 resurrexit
2936 3803 2967 3838 a
2995 3786 3207 3840 mortuis
3227 3827 3239 3851 ,
3265 3783 3428 3855 399
3452 3782 3694 3851 primitiae
3713 3780 3974 3836 dormien-

2369 3880 2792 3951 tium;quoniant
2823 3894 2913 3947 per
2940 3877 3197 3932 hominem
3224 3893 3381 3941 mors,
3408 3887 3455 3932 et
3486 3891 3578 3947 per
3604 3874 3861 3929 hominem
3890 3890 3974 3929 re-

2368 3974 2614 4029 surrectio
2644 3982 2956 4028 mortuorum
2998 3972 3053 4041 (l
3084 3970 3204 4027 Cur.
3252 3987 3339 4037 xv,
3373 3970 3694 4042 21).0mnis
3714 3971 3855 4025 enim
3884 3968 3975 4025 hic

2371 4082 2515 4123 nunc
2543 4067 2823 4138 praesentis
2846 4066 3156 4136 quzcstionis
3182 4079 3363 4120 sermo
3382 4064 3447 4120 de
3477 4072 3825 4119 sacramento
3851 4077 3975 4117 cor-

2373 4160 2521 4231 poris
2548 4169 2631 4216 est
2648 4200 2662 4226 ,
2685 4158 2809 4231 quia
2831 4157 3076 4215 Christus
3106 4157 3356 4228 primitia:
3378 4173 3441 4213 ex
3474 4157 3702 4212 mortuis
3721 4165 3825 4212 est.
3852 4156 3973 4224 Quo

2373 4262 2554 4310 autem
2575 4250 2824 4309 Christus
2839 4252 3097 4325 mysterio
3120 4266 3189 4308 ex
3213 4252 3441 4306 mortuis
3464 4250 3796 4317 resurrexit,
3820 4248 3972 4320 Apo-

735 4357 817 4501 (lg
857 4357 973 4413 Non
1004 4367 1153 4414 extat
1181 4360 1426 4416 audiendi
1454 4362 1506 4417 in
1536 4370 1725 4420 nostro
1754 4364 1965 4420 codice.

735 4428 795 4499 (Ξ
854 4427 1002 4485 Beati
1027 4431 1209 4486 mundi
1235 4433 1389 4488 corde
1427 4449 1550 4491 cum
1586 4450 1798 4507 graeco,
1830 4438 2069 4515 μακάριοι
2098 4436 2145 4491 οἱ
2168 4436 2264 4493 rubi

2369 4436 2375 4488 ἱ
2492 4429 2696 4511 καρδίᾳ.

663 4542 958 4626 essentiam
990 4545 1280 4626 signiﬁcat,
1304 4548 1397 4604 sed
1420 4549 1734 4626 qualitatem
1759 4567 1772 4604 :
1793 4551 1936 4626 quod
1961 4560 2149 4621 aperte
2168 4550 2266 4626 de-
2292 4565 2346 4626 Ῑ)
2373 4551 2557 4626 paucis
2580 4548 2868 4626 hicaperit
2899 4547 3135 4604 Hilarius
3162 4558 3270 4626 :_ut
3307 4547 3759 4626 quemadmodum
3800 4548 3974 4624 subji‘

658 4618 895 4693 claratur
917 4625 1095 4693 tract.
1146 4620 1284 4693 psal.
1328 4636 1397 4693 tt.
1438 4618 1504 4676 'n.
1537 4622 1605 4676 41
1639 4639 1659 4693 εν
1687 4618 1967 4693 Confracta
1999 4618 2264 4692 reparabit

657 4686 968 4764 (corpora),
997 4705 1100 4744 non
1122 4686 1187 4744 ea:
1214 4691 1317 4764 alia
1337 4692 1541 4762 aliqua,
1571 4692 1662 4746 sed
1691 4708 1755 4746 ex
1786 4686 1939 4747 ueteri
1968 4686 2119 4764 atque
2152 4693 2265 4762 ipsa

662 4760 876 4834 originis
917 4760 1027 4815 sua:
1064 4762 1275 4816 materie
1318 4760 1537 4834 speciem
1583 4764 1875 4834 contpluciti
1924 4760 2045 4818 sibi—
2068 4760 2266 4820 decoris

661 4831 958 4905 impertiens
983 4847 1001 4885 :
1023 4842 1080 4886 ut
1108 4833 1515 4905 corruptibilium
1543 4831 1814 4905 corporum
1839 4836 1893 4889 in
1921 4835 2267 4905 incorruptio-

664 4902 747 4957 nis
775 4902 995 4974 gloriam
1021 4902 1323 4957 resurrectio
1338 4945 1354 4970 ,
1384 4922 1487 4958 non
1511 4902 1722 4959 interitu
1745 4914 1987 4959 naturam
2009 4902 2227 4974 perimat
2247 4950 2262 4972 ,

665 4974 756 5029 sed
784 4973 1042 5044 qualitatis
1084 4974 1372 5030 conditione
1403 4978 1644 5030 demutet.
1677 4974 1800 5030 Non
1828 4977 1959 5031 enim
1981 4973 2127 5031 aliud
2154 4994 2269 5032 cor-

706 5061 764 5099 us
789 5044 1018 5119 quamvis
1042 5046 1096 5100 in
1122 5045 1265 5100 aliud
1299 5056 1555 5119 resurget,
1601 5054 1707 5102 etc.
1743 5046 1858 5119 Non
1906 5048 2084 5104 minus
2115 5049 2266 5105 Iucu—

688 5125 846 5172 cntus
876 5129 963 5189 est
992 5117 1139 5172 locus
1170 5125 1325 5189 tract.
1371 5117 1509 5189 psal.
1553 5134 1650 5183 LV,
1686 5135 1740 5173 n.
1766 5118 1853 5175 12.
1881 5118 2005 5175 ldeo
2036 5131 2219 5177 autem
2248 5163 2263 5187 ,

664 5196 825 5313 puto,
856 5185 993 5243 dixit
1017 5196 1235 5245 sanctus
1260 5185 1460 5247 Doctor
1496 5197 1740 5246 naturam
1761 5192 1995 5258 mutari,
2021 5207 2142 5247 eum
2172 5185 2265 5247 soé

689 5274 774 5312 am
804 5261 1121 5313 uualitatum
1149 5265 1439 5313 novitatem
1468 5261 1789 5313 intelligeret
1812 5304 1828 5313 .
1852 5263 1997 5313 atiod
2017 5263 2265 5313 gloriosa:

689 5274 774 5334 am
804 5261 1121 5334 qualitatum
1149 5265 1439 5317 novitatem
1468 5261 1828 5332 intelligeret,
1852 5263 1997 5334 quod
2017 5263 2267 5334 gloriosa:

665 5329 823 5405 dotes
869 5346 976 5385 nun
1011 5331 1447 5405 _sintAnaturales
1490 5329 1781 5401 corporum
1823 5329 2149 5405 qualitates,
2172 5335 2267 5391 sed

666 5401 847 5485 potius
868 5402 1114 5485 quaedam
1135 5402 1330 5485 divina:
1349 5404 1674 5485 conditionis
1697 5401 2084 5485 praerogativae.
2106 5404 2267 5485 _Und_e

664 5473 721 5528 in
759 5473 1008 5530 omnibus
1037 5473 1118 5529 his
1146 5474 1279 5531 locis
1304 5486 1502 5532 natura:
1527 5473 1747 5533 nomine
1777 5473 2072 5533 naturalem
2106 5478 2267 5534 intel-

665 5543 783 5615 ligit
800 5545 1195 5615 conditionem.

739 5613 819 5688 (a)
860 5615 977 5671 Vat.
1018 5617 1134 5674 bas.
1188 5633 1318 5686 ms.,
1369 5635 1508 5678 unus
1558 5620 1738 5687 Colb.,
1779 5620 1919 5678 alter
1942 5620 2174 5678 Sorbon.
2211 5627 2269 5677 et

669 5686 881 5764 Martia.
904 5688 1016 5764 ipse
1048 5691 1145 5764 sibi
1173 5706 1416 5764 regnans.

740 5757 811 5827 (b)
840 5757 901 5813 In
914 5757 1180 5841 fulguris,
1204 5757 1437 5841 c'orporis
1456 5763 1707 5841 claritate.
1730 5764 1847 5821 Vox
1871 5765 2099 5841 corporis
2114 5764 2268 5841 abest

672 5844 701 5887 ει
741 5842 872 5884 mss.
909 5829 1048 5897 Quid
1086 5831 1154 5888 de
1194 5829 1307 5891 toto
1348 5834 1703 5906 subjectionis
1736 5829 1998 5908 mysterio
2035 5837 2266 5907 sentiat,

2369 4620 2542 4693 cimur
2571 4620 2787 4676 Christo
2809 4661 2823 4687 ,
2846 4628 3120 4693 quatenus
3149 4620 3267 4691 ejus
3303 4623 3490 4693 glorise
3527 4622 3867 4688 conformes;
3900 4620 3974 4682 ita

2367 4691 2618 4749 Christus
2647 4693 2755 4747 Deo
2773 4692 3063 4755 subdatur,
3091 4691 3356 4762 quatenus
3379 4694 3674 4748 secundum
3700 4694 3971 4751 hominem

2369 4764 2568 4820 divina:
2595 4764 2859 4819 claritatis
2883 4777 3107 4819 consors
3136 4763 3387 4819 efﬁcitur.
3423 4765 3546 4821 Haec
3574 4768 3791 4833 confer,
3821 4767 3867 4822 si
3892 4769 3975 4823 lu-

2373 4835 2497 4904 bet,
2530 4851 2653 4891 cum
2687 4845 2842 4890 tract.
2873 4835 3011 4903 psal.
3042 4849 3183 4889 van
3211 4876 3224 4901 ,
3256 4852 3309 4890 n.
3344 4836 3433 4893 '57.

2445 4905 2774 4981 (cngurtin.
2809 4914 2864 4961 et
2897 4905 3020 4981 _Vat.
3052 4907 3169 4961 bas.
3202 4923 3331 4962 mss.
3373 4910 3866 4981 transﬁgurationis.
3899 4911 3970 4966 At

2372 4976 2438 5033 ad
2457 4976 2671 5033 calcem
2703 4978 2908 5033 numeri
2939 4978 3158 5048 subseq.
3189 4992 3310 5033 cum
3335 4976 3546 5037 caeteris
3559 4976 3935 5036 consentiunt.

2441 5050 2520 5120 (ά)
2563 5048 2797 5105 Verbum
2822 5049 3067 5103 audiendi
3092 5048 3431 5124 desideratur
3457 5052 3510 5106 in
3533 5053 3782 5108 omnibus
3804 5067 3976 5124 prope

2370 5135 2530 5187 mss.,
2561 5136 2885 5191 quamquam
2906 5131 3083 5191 exstat
3107 5121 3158 5174 in
3181 5121 3478 5179 vetustiore
3504 5123 3659 5180 Colb.

2446 5191 2518 5266 (ᾳ)
2558 5190 2713 5266 Apud
2737 5192 2830 5248 Er.
2856 5202 2911 5247 et
2932 5190 3078 5260 Lips.
3104 5192 3260 5266 fuerit
3284 5210 3413 5266 opus
3433 5210 3453 5249 :
3478 5195 3832 5252 renitentibus
3851 5194 3975 5251 aliis

2370 5263 2559 5346 libris,
2585 5264 2641 5319 in
2669 5266 2865 5335 quibus
2884 5278 3007 5319 cum
3039 5263 3227 5319 eadem
3253 5263 3513 5337 vi‘legere
3537 5277 3620 5324 est
3640 5309 3655 5335 ,
3684 5267 3844 5336 fuerit
3884 5282 3977 5322 ne-

2372 5350 2540 5389 6888οΓ
2542 5351 2557 5386 ι
2565 5351 2649 5387 um
2657 5374 2669 5387 .

2447 5405 2519 5477 (f)
2560 5404 2680 5460 Vat.
2712 5405 2825 5480 has.
2862 5422 2976 5480 ms._
2998 5406 3304 5480 sollertia.
3324 5407 3385 5480 in
3406 5424 3508 5479 quo
3527 5408 3706 5465 habitu
3728 5425 3782 5464 se
3803 5410 3969 5480 regni.

2374 5475 2573 5550 Yoeem
2620 5478 2762 5550 regni
2805 5477 3006 5550 omittit
3042 5476 3223 5550 Colb.;
3266 5475 3656 5550 nil_immutes.
3688 5480 3804 5536 Huc
3846 5475 3977 5535 facit

2372 5546 2508 5621 illud
2533 5564 2653 5618 cap.
2676 5546 2797 5605 'xvn
2841 5549 2894 5604 in
2938 5547 3120 5604 Matth.
3155 5564 3209 5603 ιι.
3234 5550 3306 5604 2;
3348 5548 3477 5605 Post
3516 5552 3625 5607 dies
3653 5569 3765 5620 sex,
3795 5553 3977 5621 gloria:

2373 5619 2642 5761 (ἐθωὶηὶοω
2662 5620 2863 5676 habitus
2884 5621 3232 5677 ostenditur...
3252 5621 3398 5695 regni
3420 5624 3635 5681 calcatis
3654 5619 3819 5679 honor
3841 5640 3977 5695 pra:-

2415 5702 2651 5761 guratur.

2415 5702 2651 5762 guratur.

2446 5764 2526 5839 (gr)
2567 5763 2645 5819 Ex
2688 5779 2819 5822 mss.
2845 5764 3094 5822 addimus
3137 5763 3453 5839 particulam
3485 5776 3553 5823 et.
3603 5767 3810 5827 Deinde
3854 5776 3975 5839 post

2374 5838 2508 5907 quod
2536 5853 2750 5908 regnum
2769 5877 2784 5906 ,
2811 5840 3033 5896 tacitum
3059 5848 3144 5896 est
3168 5838 3393 5896 verbum
3423 5839 3610 5897 tradet.
