4286 6264
381 315 495 374 425

1593 324 1681 384 DE
1713 325 2085 387 TRINITATE
2123 328 2331 389 LIBER
2370 332 2463 390 Xl.

3583 353 3687 410 4‘26

380 433 527 489 stolo
564 431 780 489 dicente
822 446 1112 490 noscamus
1154 451 1167 489 :
1217 433 1476 494 Memento
1521 439 1602 512 (ι)
1651 443 1910 500 Christum
1955 462 1987 500 a
2014 448 2062 508 Α
2091 447 2231 517 quod
2258 445 2422 519 5.00
2459 462 2566 504 non
2595 459 2703 518 est,
2739 465 2844 508 non
2875 452 3079 512 habens
3109 455 3163 512 in
3199 456 3503 519 defectione
3528 463 3600 521 ita
3629 482 3690 523 se

383 528 599 582 mortuis
636 529 980 582 resurrexisse
999 570 1013 593 ,
1043 529 1107 583 de
1128 531 1319 585 semine
1339 529 1509 586 David
1531 533 1598 606 (ll
1623 534 1758 590 Tim.
1784 554 1853 606 ιι,
1883 537 1939 609 8)
1966 556 1980 591 :

381 631 615 677 mortem
654 621 837 693 itaque
867 631 924 677 et
963 624 1417 679 resurrectionem
1447 641 1517 681 ex
1549 643 1612 683 ea
1653 639 1856 684 tantum
1886 631 1986 686 do-

378 726 515 769 cens
542 712 954 782 dispensatione
979 729 1132 779 esse,
1162 731 1262 786 qua
1286 731 1417 772 caro
1446 726 1548 773 est.

448 807 543 864 40.
586 807 938 881 Subjectionis
963 805 1157 862 Christi
1195 826 1386 875 causa,
1427 823 1481 865 ut
1527 813 1592 866 sit
1631 811 1773 869 Deus
1811 815 1984 870 omnia

377 899 434 954 in
457 898 716 955 omnibus.
744 901 846 967 Qui
872 900 930 954 id
958 900 1070 970 ﬁat.
1102 929 1166 942 —
1191 901 1404 974 Regnat
1441 914 1621 962 autem
1653 908 1706 962 in
1749 908 1852 980 hoc
1891 925 1985 964 εο-

377 994 503 1049 dem
529 994 770 1065 glorioso
795 994 908 1064 jam
938 1009 1039 1050 suo
1064 1010 1332 1066 corpore,
1361 997 1536 1054 donec
1562 1000 1835 1055 evacuatis
1865 1015 1982 1055 ma-

375 1086 731 1159 gistratibus,
760 1096 815 1144 et
844 1098 1021 1144 morte
1050 1087 1261 1145 devicta
1296 1089 1547 1161 subjiciat
1575 1091 1678 1147 sibi
1710 1092 1977 1148 inimicos.

379 1179 452 1236 Et
478 1181 692 1252 quidem
739 1181 808 1236 ab
834 1181 1100 1250 Apostolo
1140 1191 1387 1239 servatus
1420 1183 1507 1240 hic
1544 1183 1738 1241 modus
1763 1196 1880 1254 est,
1923 1194 1984 1241 ut

378 1276 786 1346 magistratibus
805 1286 860 1332 et
877 1277 1237 1346 potestatibus
1258 1279 1539 1334 evacuatio
1554 1319 1570 1347 ,
1594 1280 1828 1336 inimicis
1851 1294 1982 1336 vero

374 1368 642 1438 subjectio
681 1370 1054 1440 deputaretur.
1085 1370 1294 1438 Quibus
1337 1371 1630 1442 subjectis,
1663 1374 1982 1442 subjicietur

372 1459 687 1530 subjicienti
728 1461 834 1518 sibi
864 1463 1079 1531 omnia,
1115 1463 1198 1535 (2)
1233 1464 1490 1520 Dominus
1531 1466 1613 1538 (a)
1646 1467 1888 1535 scilicet,
1926 1477 1982 1523 ut

372 1553 438 1610 sit
466 1552 607 1608 Deus
629 1555 804 1608 omnia
826 1555 881 1609 in
903 1554 1133 1609 omnibus
1162 1554 1209 1625 (Ι
1230 1553 1351 1611 Cor.
1377 1572 1484 1625 xv,
1512 1557 1609 1628 28)
1627 1599 1641 1623 ,
1671 1558 1747 1632 (b)
1773 1572 1980 1618 natura:

371 1647 637 1717 assumpti
675 1645 923 1718 corporis
961 1651 1134 1703 nostri
1178 1659 1369 1704 natura
1402 1657 1642 1720 paternae
1681 1652 1982 1711 divinitatis

372 1736 608 1794 invecta.
643 1738 748 1793 Per
779 1739 832 1794 id
872 1739 1017 1794 enim
1063 1739 1171 1794 erit
1209 1742 1394 1795 omnia
1423 1741 1477 1796 in
1508 1743 1757 1800 omnibus
1797 1745 1976 1813 Deus,

2087 554 2301 607 carere,
2338 557 2405 597 ne
2436 559 2542 598 non
2574 544 2660 599 sit.

2155 631 2247 687 41.
2291 632 2552 690 Praedicta
2604 654 2668 692 ea:
2725 638 3021 713 Evangeliis
3073 645 3461 714 conﬁrmantur.
3506 679 3579 692 -—-
3620 651 3690 706 Et

2085 739 2409 797 quamquam
2447 730 2514 784 ad
2545 731 2916 804 intelligentia:
2944 735 3104 806 hujus
3137 738 3447 809 religiosam
3479 745 3687 798 securi-

2087 828 2249 876 tatem
2277 822 2512 878 sufﬁciat
2541 826 2697 881 nobis
2718 829 3010 898 apostolica
3040 832 3334 889 auctoritas
3354 875 3369 901 ,
3400 834 3689 906 subjicien-

2083 912 2212 969 dum
2240 929 2363 971 esse
2387 914 2456 986 (e)
2497 915 2550 970 in
2577 927 2826 990 tempore
2863 929 2919 977 et
2963 936 3061 992 per
3087 923 3544 995 dispensationem
3579 929 3688 985 Do-

2085 1007 2291 1063 minum
2331 1009 2516 1065 Jesum
2555 1009 2828 1068 Christum
2858 1014 3125 1084 primitias
3161 1017 3543 1075 dormientium
3567 1062 3582 1089 ,
3628 1030 3690 1078 ut

2083 1103 2156 1156 sit
2183 1101 2326 1157 Deus
2355 1105 2536 1158 omnia
2563 1104 2616 1158 in
2646 1104 2897 1162 omnibus
2921 1123 2936 1162 :
2969 1123 3064 1178 per
3085 1111 3226 1180 quod
3260 1127 3370 1167 non
3393 1111 3689 1171 divinitatis

2083 1194 2366 1250 inﬁrmitas
2415 1205 2541 1265 est,
2595 1199 2691 1252 scd
2748 1201 3135 1271 assumptionis
3190 1203 3504 1275 profectus,
3557 1209 3688 1264 dum

2085 1286 2246 1343 homo
2276 1297 2331 1344 et
2361 1290 2502 1345 Deus
2523 1332 2538 1358 ,
2585 1290 2697 1360 jam
2727 1293 2869 1349 Deus
2915 1294 2985 1366 (f)
3023 1305 3192 1351 totum
3244 1307 3330 1353 est
3362 1317 3374 1353 :
3408 1307 3586 1356 tamen
3618 1317 3689 1359 ne

2082 1378 2255 1448 forte,
2287 1381 2410 1452 quia
2433 1391 2487 1437 et
2516 1383 2868 1441 clariﬁcatum
2897 1387 2950 1441 in
2979 1401 3213 1458 corpore
3249 1389 3374 1444 dum
3416 1391 3468 1446 in
3507 1408 3572 1448 co
3601 1410 3688 1450 re-

2081 1483 2209 1544 gnat
2232 1515 2246 1541 ,
2279 1483 2334 1530 et
2359 1483 2548 1545 postea
2580 1476 2974 1546 subjiciendum
3005 1489 3067 1535 ut
3096 1481 3238 1537 Deus
3271 1486 3453 1539 omnia
3485 1485 3539 1540 in
3571 1502 3692 1542 om-

2082 1564 2240 1621 nibus
2273 1565 2345 1621 sit
2391 1566 2694 1638 credimus,
2729 1584 2839 1625 non
2881 1572 3044 1628 etiam
3087 1587 3156 1628 ex
3195 1573 3506 1647 Evangeliis
3549 1593 3691 1649 pra:-

2081 1659 2382 1728 sumpsisse
2427 1661 2839 1729 existimemur;
2887 1664 3012 1720 ﬁdei
3062 1676 3263 1722 nostra:
3315 1670 3687 1729 testimonium

2082 1765 2190 1806 non
2238 1752 2412 1808 solum
2443 1755 2901 1824 apostolicorum,
2946 1757 3044 1812 sed
3081 1761 3245 1814 etiam
3292 1760 3685 1820 dominicorum

373 1830 498 1927 quia
538 1830 837 1886 secundum
885 1830 1349 1927 dispensationem
1390 1848 1457 1888 ex
1507 1834 1620 1889 Deo
1654 1845 1710 1892 et.
1757 1837 1979 1895 homine
2007 1841 2056 1900 Β
2082 1845 2351 1902 dictorum
2381 1848 2718 1917 professione
2757 1859 2842 1905 est
2885 1850 3304 1922 adstrucndum;
3339 1865 3396 1910 ut
3435 1857 3578 1927 quod
3610 1860 3691 1915 lo-

375 1922 660 1979 hominum
687 1925 893 1996 Deique
937 1924 1199 1981 Mediator
1217 1966 1233 1991 ,
1267 1925 1472 1981 habens
1499 1927 1551 1982 in
1580 1942 1640 1984 se
1669 1944 1733 1984 ex
1762 1929 1981 2002 dispen-

370 2018 582 2074 satione
623 2020 766 2089 quod
811 2019 988 2075 carnis
1025 2028 1138 2085 est,
1179 2019 1478 2091 adepturus
1514 2022 1567 2078 in
1613 2025 1864 2081 omnibus
1912 2043 1979 2083 ex

371 2109 715 2180 subjectione
743 2109 818 2183 (ε)
843 2110 986 2181 quod
1035 2111 1130 2167 Dei
1171 2122 1286 2178 est,
1315 2128 1384 2168 ne
1412 2129 1479 2168 ex
1507 2125 1660 2184 parte
1690 2116 1832 2172 Deus
1875 2118 1978 2185 sit,

373 2203 471 2260 sed
501 2204 642 2260 Deus
685 2214 851 2260 totus.
885 2203 1002 2259 Non
1045 2207 1150 2260 alia
1198 2207 1377 2276 itaque
1419 2208 1777 2278 subjectionis
1814 2226 1978 2268 causa

375 2307 496 2366 est,
543 2313 704 2369 quam
734 2307 795 2353 ut
829 2300 1011 2355 omnia
1048 2300 1102 2354 in
1137 2301 1388 2357 omnibus
1415 2302 1558 2358 Deus
1599 2303 1701 2373 sit,
1737 2305 1879 2360 nulla
1909 2321 1978 2361 ex

375 2398 532 2461 parte
558 2395 762 2447 terreni
795 2391 849 2447 in
879 2407 948 2449 eo
983 2395 1228 2464 corporis
1249 2395 1526 2451 residente
1556 2404 1766 2466 natura,
1797 2397 1878 2471 (ά)
1923 2407 1981 2454 ιιι

376 2492 504 2540 ante
549 2484 606 2540 in
643 2500 704 2541 se
740 2486 877 2542 duos
917 2488 1228 2557 continens,
1268 2504 1411 2544 nunc
1449 2491 1592 2546 Deus
1625 2500 1831 2547 tantum
1869 2493 1974 2562 sit;

377 2593 486 2633 non
527 2579 740 2650 abjecto
783 2595 1036 2652 corpore,
1069 2585 1165 2638 sed
1204 2597 1270 2637 ex
1303 2582 1639 2653 subjectione
1677 2586 1973 2653 translato;

378 2686 555 2743 neque
585 2688 680 2744 per
707 2673 1068 2730 defectionem
1095 2675 1331 2743 abolito,
1363 2675 1460 2731 sed
1490 2692 1556 2732 ex
1587 2677 1974 2736 clariﬁcatione

376 2776 619 2833 mutato;
658 2767 947 2838 acquirens
971 2768 1072 2823 sibi
1112 2768 1223 2824 Deo
1254 2769 1433 2839 pmius
1463 2770 1736 2827 hominem
1759 2815 1774 2840 ,
1812 2790 1970 2844 quam

378 2858 549 2916 Deum
577 2875 676 2930 per
701 2860 974 2917 hominem
1005 2861 1281 2917 amittens.
1314 2863 1600 2932 Subjectus
1628 2881 1759 2920 vero
1789 2865 1859 2921 ob
1887 2866 1970 2934 id,

376 2965 486 3008 non
523 2962 581 3007 ut
625 2967 734 3009 non
763 2952 862 3019 sit,
895 2953 988 3008 sed
1021 2963 1080 3008 ut
1113 2955 1294 3008 omnia
1323 2954 1378 3008 in
1408 2955 1661 3013 omnibus
1689 2957 1833 3013 Deus
1871 2957 1971 3025 sit;

375 3043 586 3102 habens
630 3047 685 3102 in
725 3056 1064 3104 sacramento
1099 3046 1449 3119 subjectionis
1493 3065 1616 3106 esse
1662 3067 1727 3108 ac
1755 3067 1974 3112 manere

447 3185 528 3260 (ι)
568 3185 828 3260 Christum.
853 3185 1036 3243 Jesum
1064 3202 1185 3245 cum
1215 3203 1414 3260 grazco.

447 3187 498 3242 ll
568 3185 828 3243 Christum
853 3185 928 3242 Jet

446 3185 534 3332 (2)
572 3257 684 3314 Deo
711 3259 928 3316 scilicet.

445 3400 525 3472 (a)
563 3401 785 3474 Aliquot
805 3416 938 3474 mss.
964 3416 1087 3458 cum
1111 3401 1344 3474 vulgatis
1364 3443 1378 3469 ,
1407 3399 1520 3474 Deo
1542 3402 1755 3458 scilicet.
1780 3403 1980 3462 Verius

373 3473 702 3544 sinceriores
722 3474 831 3530 duo
856 3473 1036 3542 Colb.,
1065 3473 1276 3543 Gerni.,
1299 3473 1536 3544 Remig,
1568 3475 1802 3531 Sorbou.
1823 3517 1837 3542 ,
1868 3488 1974 3532 etc.

375 3542 632 3600 Dominus
666 3546 878 3600 scilicet.

446 3616 910 3691 (b)_Remigianus
957 3617 1166 3691 codex,
1217 3626 1404 3691 natura
1447 3619 1698 3691 assumpli
1747 3619 1976 3691 corporis

376 3688 540 3742 nostri
566 3696 798 3753 naturae,
825 3700 932 3743 etc.
956 3689 998 3744 E
1022 3689 1238 3759 regione
1267 3690 1426 3758 hujus
1449 3689 1555 3743 loci
1584 3688 1636 3744 in
1660 3688 1973 3744 Corbeiensi

375 3760 564 3832 codice
592 3775 804 3814 rursum
836 3762 1125 3829 adscripsit
1153 3760 1369 3829 antiqua
1398 3776 1588 3815 manus
1611 3801 1626 3824 ,
1659 3759 1819 3814 Caute
1839 3764 1966 3832 lege.

376 3829 492 3885 lloc
521 3839 724 3885 tantum
767 3832 1061 3887 cavendum
1083 3872 1098 3894 ,
1140 3848 1207 3886 ne
1237 3841 1434 3886 natura:
1466 3832 1782 3885 vocabulum
1813 3829 1972 3886 aliier

377 3902 744 3972 intelligatur,
778 3919 936 3973 quam
969 3902 1237 3958 intellexit
1269 3914 1453 3958 noster
1489 3902 1713 3967 doctor,
1749 3906 1838 3971 qui
1878 3918 1973 3955 na-

377 3982 554 4028 turam
583 3973 757 4028 Patris
781 3974 992 4029 vocavit
1022 3976 1292 4029 naturales
1319 3973 1576 4044 quasdam
1608 3985 1846 4043 paterna:
1887 3973 1969 4026 di-

377 4044 622 4100 vinitatis
673 4045 860 4115 dotes,
917 4045 1412 4116 incorruptionem,
1473 4044 1966 4111 immortalitatem,

373 4131 406 4174 ,ε
414 4123 485 4171 tc.

448 4185 522 4260 (ε)
561 4187 682 4244 Vat.
715 4187 832 4260 bas.
863 4186 1199 4260 codexicum
1247 4187 1459 4260 Martia.
1503 4187 1638 4258 quod
1676 4185 1814 4260 Deus
1859 4196 1970 4260 est:

374 4257 557 4314 minus
585 4259 919 4328 displiceret,
957 4259 1061 4315 nisi
1108 4271 1234 4315 ante
1262 4257 1584 4315 haberemus
1625 4259 1762 4328 quod
1801 4259 1971 4312 carnis

375 4340 468 4385 est.
501 4332 702 4385 Eadem
736 4331 1047 4385 Mediatoris
1076 4331 1215 4385 ratio
1239 4331 1420 4386 verbis
1441 4331 1560 4386 aliis
1589 4330 1887 4400 explicatur
1914 4330 1968 4384 in

375 4401 521 4456 Psal.
553 4417 730 4470 vau,
762 4417 816 4457 ιι.
846 4403 937 4458 57.

447 4471 530 4545 (d)
570 4473 745 4538 Editi,
776 4483 831 4526 ut
858 4475 995 4527 intra
1036 4489 1092 4528 se
1126 4472 1254 4527 duos
1277 4489 1297 4528 :
1325 4481 1512 4528 contra
1546 4472 1703 4527 ﬁdem
1751 4485 1883 4527 mss.
1913 4480 1968 4527 et

373 4546 698 4599 sententiam
721 4545 904 4599 Hilarii
925 4585 940 4606 ,
963 4545 1280 4599 vocabulum
1305 4545 1434 4600 duos
1457 4559 1563 4599 non
1585 4547 1649 4598 ad
1674 4558 1931 4614 personas
1947 4584 1964 4612 ,

372 4615 467 4670 sed
491 4615 558 4670 ad
581 4625 820 4679 naturas,
844 4623 937 4670 aut
961 4617 1136 4685 p0tius
1155 4616 1222 4670 ad
1244 4626 1551 4671 naturarum
1575 4617 1860 4684 qualitates
1884 4630 1968 4670 re-

372 4685 619 4741 ferentis.
654 4687 767 4742 lloc
807 4688 949 4741 enim
981 4688 1081 4741 sibi
1112 4687 1254 4751 vult,
1284 4688 1424 4757 quod
1450 4687 1694 4742 Christus
1738 4694 1856 4738 ante
1885 4701 1968 4740 re-

371 4760 722 4813 surrectionis
751 4757 1009 4828 gloriam,
1051 4759 1105 4811 in
1127 4775 1180 4812 se
1221 4759 1380 4824 duos,
1415 4757 1685 4812 hominem
1719 4757 1970 4812 videlicet

374 4840 426 4884 et
451 4829 620 4883 Deum
639 4871 654 4894 ,
679 4829 961 4883 mortalem
985 4839 1039 4884 et
1060 4831 1419 4884 immortalem
1438 4870 1452 4892 ,
1477 4843 1651 4899 eoque
1673 4830 1822 4894 duos,
1845 4830 1968 4898 quia

370 4902 642 4956 contraria
665 4901 975 4956 conditione
997 4899 1323 4955 dissidentes
1343 4943 1356 4963 ,
1386 4900 1438 4954 in
1463 4915 1568 4953 una
1593 4916 1819 4968 persona
1847 4917 1970 4954 con-

371 4971 537 5026 tinens
580 4971 726 5041 (Vat.
762 4971 878 5026 has.
909 4981 964 5026 et
991 4970 1204 5042 Martin.
1237 4986 1368 5025 mss.
1401 4970 1768 5042 constituens);
1798 4988 1932 5025 nunc
1952 5012 1966 5037 ,

369 5057 494 5097 cum
537 5042 742 5097 fruatur
768 5041 1179 5098 resurrectionis
1219 5043 1420 5112 gloria,
1456 5042 1594 5096 heus
1625 5041 1824 5096 tantum
1869 5043 1968 5108 sit;

370 5115 496 5184 quia
526 5130 622 5184 per
649 5113 882 5184 indultas
915 5114 1113 5168 divina:
1151 5128 1353 5184 natura:
1381 5114 1566 5184 detes,
1597 5113 1969 5184 immortalita-

371 5183 481 5241 tem
506 5183 909 5252 ,teternitatem
931 5226 947 5250 ,
978 5194 1084 5239 etc.
1110 5225 1125 5249 ,
1155 5183 1388 5239 humana
1419 5183 1650 5253 quodam
1681 5183 1843 5238 modo
1868 5183 1966 5236 ab-

369 5267 554 5325 sorpta
581 5266 700 5311 est:
734 5255 960 5326 adeoque
997 5256 1142 5310 nulla
1185 5270 1247 5310 ea:
1269 5265 1415 5326 parte
1455 5254 1677 5326 terreni,
1705 5265 1968 5322 quatenus

371 5324 574 5397 terreni
599 5335 654 5382 ει
674 5324 1036 5397 corruptibilis
1051 5369 1066 5394 ,
1087 5327 1142 5380 iu
1163 5342 1220 5380 eo
1242 5324 1470 5396 corporis
1489 5324 1740 5379 residente
1760 5334 1964 5379 natura.

368 5396 450 5453 Ne
478 5413 606 5452 vero
636 5402 737 5453 hoc
766 5396 987 5468 pravum
1018 5400 1071 5452 in
1113 5412 1329 5453 sensum
1372 5401 1784 5469 detorqueatur;
1814 5408 1971 5452 caute

369 5469 621 5541 subiicit,
653 5485 753 5541 non
775 5470 976 5541 objecta
1004 5485 1243 5537 corpore,
1279 5477 1384 5523 etc.

444 5537 516 5611 (e)
556 5539 737 5595 Codex
772 5537 887 5594 νειί.
917 5541 1034 5595 bas.
1063 5541 1118 5613 in
1158 5551 1383 5613 tempore
1420 5539 1816 5613 dispensationis
1851 5537 1960 5613 ,θος

371 5609 603 5677 minam,
635 5623 740 5682 etc.
760 5653 774 5678 ,
805 5626 872 5667 ex
901 5627 1007 5682 quo
1032 5611 1264 5666 efﬁcitur
1292 5627 1483 5666 sensus
1502 5609 1537 5665 'a
1571 5621 1748 5666 mente
1782 5609 1966 5664 llilarii

370 5683 602 5737 alienus.
628 5681 746 5736 Non
767 5681 1138 5737 enim’Cltristi
1167 5683 1558 5751 subjectiouem
1584 5685 1968 5753 interpretatur

370 5754 440 5808 de
473 5764 714 5824 tempore
741 5768 848 5826 quo
873 5754 1020 5826 degit
1040 5757 1091 5808 in
1119 5768 1282 5809 carne
1304 5757 1554 5822 mortali,
1584 5757 1726 5825 quod
1750 5754 1966 5822 proprie

368 5832 456 5881 est
481 5833 694 5897 tempus
720 5825 1136 5894 dispensationis
1163 5843 1176 5880 :
1205 5826 1300 5881 sed
1321 5826 1478 5884 docet
1505 5828 1652 5883 illum
1678 5825 1967 5896 subjicien-

933 5921 1238 6001 Paruor.”
1255 5920 1338 5982 X.

2005 3207 2052 3271 C

2084 1948 2285 2008 quente
2315 1939 2480 1996 Paulo
2509 1939 2756 1997 Christus
2806 1942 3023 1999 locutus
3050 1955 3167 2013 est,
3211 1946 3264 2002 id
3295 1956 3422 2004 ante
3461 1950 3682 2007 Paulum

2083 2030 2334 2088 Christus
2364 2032 2480 2102 ipse
2509 2035 2580 2088 sit
2603 2035 2713 2104 jam
2746 2035 2975 2091 locutus.

2153 2125 2243 2180 42.
2287 2125 2366 2181 De
2395 2127 2488 2195 ﬁlii
2517 2127 2738 2184 hominis
2761 2129 2950 2200 gloria.
2977 2160 3047 2171 —
3073 2131 3543 2204 Dispensationem
3585 2140 3685 2195 ita-

2082 2232 2187 2288 que
2221 2217 2410 2288 gloria:
2454 2218 2613 2288 huius
2655 2220 2931 2290 Apostolis
2962 2221 3073 2277 suis
3105 2225 3353 2282 absoluta
3397 2230 3682 2286 verborum

2081 2309 2477 2379 signiﬁcatione
2504 2310 2889 2368 demonstrans
2913 2315 2988 2369 ait
3019 2331 3032 2370 :
3069 2315 3225 2372 Nunc
3254 2320 3575 2390 gloriﬁcatus
3613 2332 3688 2378 est

2083 2405 2222 2474 ﬁlius
2249 2404 2469 2459 hominis
2490 2445 2503 2471 ,
2537 2414 2586 2459 et
2612 2403 2753 2460 Deus
2798 2407 3115 2477 gloriﬁcatus
3143 2421 3215 2464 est
3245 2411 3300 2465 in
3345 2429 3423 2468 eo.
3456 2414 3516 2470 Si
3548 2414 3688 2470 Deus

2081 2497 2404 2567 gloriﬁcatus
2448 2507 2522 2552 est
2549 2498 2604 2552 in
2630 2513 2719 2564 eo,
2757 2507 2806 2553 et
2837 2498 2978 2554 Deus
3006 2502 3316 2571 gloriﬁcavit
3342 2521 3456 2558 eum
3503 2507 3556 2559 in
3599 2523 3685 2573 se,

2078 2599 2125 2643 et
2147 2586 2289 2643 Deus
2311 2590 2544 2658 protinus
2573 2589 2652 2662 (5)
2675 2591 2981 2661 glori/ienuit
3008 2591 3086 2663 (g)
3111 2610 3224 2647 eum
3249 2593 3429 2666 (Joan.
3460 2613 3584 2665 xm,
3617 2601 3680 2654 51

2082 2693 2127 2738 ει
2148 2682 2262 2755 52).
2290 2683 2562 2739 Habemus
2585 2684 2818 2754 primum
2843 2685 3069 2754 gloriam
3094 2686 3184 2741 ﬁlii
3212 2688 3466 2754 hominis,
3491 2691 3689 2749 deinde

2080 2774 2136 2831 in
2168 2776 2280 2831 ﬁlio
2311 2777 2546 2832 hominis
2573 2776 2669 2832 Dei
2701 2777 2961 2846 gloriam,
2993 2779 3073 2847 (It)
3116 2779 3168 2834 in
3215 2796 3280 2835 eo
3306 2784 3446 2852 quod
3480 2784 3684 2840 dictum

2082 2881 2163 2927 est
2193 2887 2208 2925 :
2241 2869 2398 2926 Nunc
2447 2871 2816 2942 honoriﬁcatus
2865 2882 2936 2925 est
2980 2873 3121 2941 ﬁlius
3157 2875 3412 2941 hominis,
3451 2884 3500 2929 et
3547 2875 3689 2933 Deus

2082 2965 2450 3035 honoriﬁcatus
2478 2975 2550 3020 est
2579 2967 2631 3020 in
2661 2982 2741 3020 eo.
2772 2964 2888 3020 Hoc
2923 2966 3068 3021 enim
3111 2967 3342 3036 primum
3385 2979 3590 3040 spectat
3619 2971 3684 3026 ad

2082 3057 2328 3130 corporis
2359 3057 2587 3129 gloriam
2608 3099 2621 3123 ,
2662 3058 2725 3130 (ἰ)
2765 3073 2887 3129 quae
2915 3073 2982 3115 ex
3025 3069 3230 3116 naturae
3259 3060 3459 3118 divinae
3494 3077 3696 3120 conso-

2155 3194 2233 3269 (5)
2274 3193 2618 3266 Gloriﬁcabil.

2093 3405 2220 3483 dum
2249 3407 2302 3460 in
2345 3414 2603 3479 teinpore,
2645 3420 2710 3462 ac
2745 3405 2974 3478 proinde
3017 3416 3283 3483 quatenus
3333 3414 3557 3483 tempori
3590 3414 3687 3470 ob-

2089 3481 2284 3556 noxius
2309 3489 2390 3533 est
2409 3523 2422 3547 ,
2458 3495 2564 3533 non
2593 3487 3153 3556 quatenusaternus;
3182 3479 3422 3556 adeoque
3443 3479 3544 3556 per
3573 3488 3683 3540 dis-

2087 3551 2432 3627 pensationem
2447 3593 2473 3627 ,Δ
2492 3559 2546 3604 ει
2563 3622 2574 3627 _
2589 3565 2788 3627 nonnex
2811 3552 3060 3627 _naturali
3089 3551 3428 3627 necessitate.
3451 3551 3551 3610 Ἐκ
3579 3573 3684 3627 quo

2085 3625 2272 3688 sumit,
2311 3622 2607 3695 divinitatis
2629 3620 2991 3695 inﬁrmitatem
3020 3638 3084 3678 et
3115 3639 3176 3677 ea
3199 3625 3537 3695 subjectione
3563 3620 3683 3695 per-

2083 3707 2266 3762 peram
2293 3692 2561 3748 concludi.
2595 3693 2666 3746 Ita
2709 3691 2824 3746 fere
2865 3693 3184 3748 Ambrosius
3222 3691 3318 3749 lib.
3349 3712 3382 3749 v
3417 3697 3482 3751 dc
3513 3691 3682 3760 Fide,

2082 3779 2130 3818 c.
2168 3765 2262 3828 15,
2292 3781 2346 3817 ιι.
2388 3763 2492 3819 164
2518 3783 2530 3818 :
2569 3763 2814 3835 Videmus
2841 3766 2959 3833 quia
2990 3764 3216 3817 nondum
3246 3766 3560 3835 subjectum,
3591 3769 3681 3820 sed

2072 3835 2449 3910 subjiciendum
2472 3851 2580 3910 esse
2602 3834 2883 3910 Scriptura
2920 3834 3350 3910 commemorat...
3388 3835 3552 3890 Nulla
3576 3839 3678 3910 igi-

2074 3916 2158 3959 tur
2182 3908 2376 3961 servilis
2403 3907 2456 3958 in
2487 3904 2677 3959 Christi
2708 3905 2974 3958 divinitate
2997 3905 3267 3977 subjectio.

2149 4000 2218 4070 (f)
2260 3998 2402 4052 ldetn
2437 4012 2538 4052 ms.
2570 3995 2713 4051 Deus
2763 4005 2897 4050 totus
2936 4007 3039 4070 est.
3063 3998 3138 4070 De
3177 3999 3487 4059 discrimine.
3519 4020 3677 4060 voca-

2075 4068 2328 4126 bulorum
2359 4080 2495 4124 totus
2533 4083 2596 4124 ac
2636 4078 2807 4140 totum
2835 4083 2939 4122 non
2971 4068 3101 4123 nihil
3127 4070 3236 4140 jam
3277 4082 3434 4128 antea
3471 4076 3672 4130 dictum

2077 4152 2179 4197 est.
2225 4142 2374 4208 Quod
2441 4155 2572 4194 vero
2631 4139 2701 4193 ibi
2760 4139 3230 4196 oliservatutu’cst
3264 4186 3279 4210 ,
3329 4144 3564 4200 Hilarius
3611 4149 3676 4202 iis

2080 4211 2448 4268 indifferenter
2479 4211 2582 4278 uti,
2616 4210 2967 4264 conﬁrmatur
2997 4228 3062 4266 ex
3110 4212 3213 4268 hoc
3254 4217 3371 4281 ipso
3420 4217 3587 4281 libro,
3625 4220 3676 4271 in

2079 4299 2186 4354 quo
2214 4300 2356 4356 nunc
2388 4282 2613 4353 legimus
2642 4281 2780 4336 Deus
2818 4291 2980 4336 totum
3005 4293 3076 4338 est
3099 4323 3114 4351 ,
3149 4293 3205 4339 et
3249 4287 3531 4356 superiore
3578 4305 3678 4343 nuo

2077 4353 2251 4418 mero,
2283 4353 2423 4409 Deus
2449 4365 2604 4409 totus.

2145 4445 2395 4521 (g)_Bad_..
2417 4447 2532 4521 Er”
2551 4445 2761 4513 Lips.et
2779 4446 3052 4521 recentior
3066 4447 3327 4521 ms.Colh.
3346 4449 3433 4506 hic
3450 4462 3502 4506 ct
3516 4453 3673 4521 infra,

2074 4515 2382 4588 gloriﬁcabit
2402 4558 2416 4582 ,
2446 4515 2657 4592 favente
2685 4530 2863 4585 graeco
2889 4518 3052 4571 verbo
3077 4516 3278 4592 δοξάᾳει
3302 4538 3314 4572 :
3345 4533 3398 4574 at
3428 4515 3674 4592 proxime

2073 4586 2230 4651 ante,
2261 4588 2504 4658 quamvis
2551 4586 2714 4640 etiam
2752 4602 2926 4655 graece
2969 4596 3148 4642 exstet
3189 4588 3388 4656 δοξάσει
3409 4586 3446 4658 ,“
3476 4596 3677 4648 habent

1996 4652 2045 4712 D
2073 4668 2250 4715 tamen
2278 4652 2626 4729 gloriﬁcauit;
2655 4652 2927 4731 quo‘iuodo
2955 4658 3041 4713 hic
3085 4652 3314 4731 habetur
3358 4652 3498 4731 apud
3543 4664 3669 4717 Par.

2072 4742 2127 4787 et
2160 4736 2209 4786 in
2237 4733 2450 4815 cmteris
2481 4745 2615 4786 mss.
2647 4731 2814 4785 immo
2860 4729 2954 4787 lib.
2987 4745 3075 4798 ix,
3108 4746 3163 4785 ιι.
3197 4730 3268 4787 40
3295 4733 3346 4788 in
3377 4729 3592 4804 scriptis
3617 4745 3674 4790 et

2073 4817 2306 4858 CXCUSIS.

2146 4895 2226 4968 (Ιι)
2268 4893 2323 4948 Ιιι
2355 4893 2617 4965 vulgatis,
2650 4894 2801 4968 in_eo
2825 4893 2957 4968 enim
2983 4894 3120 4964 quod
3145 4893 3338 4950 dictum
3367 4906 3440 4953 est
3466 4915 3478 4951 :
3509 4896 3671 4954 lectio

2072 4965 2381 5037 perturbata
2410 4981 2473 5021 ac
2509 4981 2670 5022 sensu
2699 4965 2975 5019 destituta.

2146 5037 2208 5110 (ἱ)
2249 5037 2526 5092 Mallemus
2552 5037 2689 5107 quod
2708 5076 2724 5104 ,
2757 5047 2815 5110 ut
2842 5037 2908 5110 ad
2957 5053 3154 5108 corpus
3187 5039 3532 5110 referretur:
3573 5057 3672 5097 nec

2071 5109 2295 5164 omnino
2325 5111 2502 5177 placet
2527 5110 2667 5175 quod
2694 5109 2890 5162 deinde
2914 5110 2965 5162 in
2997 5125 3126 5164 mss.
3155 5109 3277 5164 Vat.
3309 5111 3426 5166 has.
3452 5123 3508 5167 et
3533 5113 3674 5169 Mar-

2072 5182 2170 5234 tin.
2199 5196 2263 5234 ea;
2292 5190 2480 5232 natura
2515 5181 2700 5232 divina:
2737 5181 3150 5236 consociationis.
3185 5180 3409 5236 Subtilis
3453 5184 3536 5239 hic
3565 5185 3664 5240 ha-

2071 5250 2227 5306 betur
2256 5251 2539 5303 allatorum
2585 5249 2810 5304 Joannis
2838 5252 3123 5307 verborum
3165 5253 3470 5321 expositio:
3503 5265 3558 5310 nt
3599 5257 3667 5314 iis

2072 5323 2408 5395 significetur
2455 5321 2741 5395 lUUminus
2783 5321 2938 5390 plena
2967 5321 3063 5376 ﬁlii
3109 5324 3339 5395 hominis
3379 5327 3546 5395 gloria
3595 5343 3665 5382 ex

2072 5390 2472 5465 co'nsociatio‘ne
2502 5390 2951 5465 divinagnaturaa,
2975 5408 3095 5462 quae
3117 5394 3312 5449 divinis
3332 5390 3582 5465 operibus
3605 5413 3666 5453 se

2075 5464 2335 5534 prodidit,
2381 5463 2438 5534 2"
2466 5462 2636 5531 gloria
2677 5462 2776 5534 Dei
2825 5466 3024 5532 patris,
3074 5480 3232 5534 quam
3276 5467 3325 5518 ei
3369 5462 3666 5523 conciliant

2072 5533 2261 5590 eadem
2292 5533 2410 5587 Filii
2441 5547 2606 5608 opera
2627 5573 2641 5597 ,
2675 5533 2737 5608 ’δέ’
2767 5534 2976 5602 plenior
2999 5533 3098 5608 ﬁlii
3132 5535 3376 5608 hominis
3405 5539 3573 5608 gloria
3614 5540 3667 5594 ei

2070 5621 2166 5676 per
2195 5603 2643 5658 resurrectionem
2671 5603 2740 5658 ob
2763 5615 2972 5673 partum
2999 5605 3107 5659 Deo
3131 5605 3390 5660 honorem
3409 5603 3624 5663 'intlulta
3646 5649 3662 5673 ,

2072 5691 2346 5749 perquam
2391 5676 2856 5749 humana-natura
2897 5691 2964 5730 eo
3004 5691 3108 5749 quo
3150 5681 3259 5746 jam
3307 5681 3664 5749 explicuimus

2071 5745 2231 5801 modo
2260 5756 2496 5799 transeat
2532 5745 2585 5798 iu
2614 5745 2888 5808 divinam;
2919 5761 3002 5799 Clll
3032 5745 3246 5802 demum
3279 5745 3399 5805 cum
3446 5754 3662 5807 confor-

2070 5833 2186 5877 mes
2215 5817 2448 5884 erimus,
2484 5818 2620 5872 Deus
2650 5817 2754 5873 erit
2783 5817 2964 5877 omnia
2992 5817 3046 5872 in
3079 5820 3346 5878 omnibus.

3069 5910 3146 5974 1ἵι
