4286 6264
618 298 722 367 427

1831 298 2077 365 SANGTI
2115 298 2373 367 HILLBH
2401 299 2706 369 West

3817 316 3924 379 428

604 392 855 479 ciatione
876 416 1106 493 gloriam
1130 422 1482 474 mutuaretur.
1518 413 1773 474 Succedit
1799 398 1998 479 deinde
2024 416 2215 491 gloriae
2244 423 2289 486 Α
2321 417 2485 484 istud,
2509 434 2607 477 nec
2637 434 2830 477 sensus
2854 419 3079 479 rationis
3107 435 3276 494 capas
3304 422 3564 496 loquitur,
3602 435 3665 485 ut
3686 435 3921 491 naturali

620 512 879 584 plenioris
905 509 1209 581 profectus,
1240 524 1307 564 ex
1342 509 1681 565 incremento
1707 508 1932 565 indultae
1952 509 2064 579 jam
2090 521 2212 566 cor-‘

618 606 737 681 pori
775 604 964 676 glorise
1005 600 1411 679 capessendus:
1446 600 1508 656 Si
1547 597 1690 657 Deus
1722 602 2095 673 houoriﬁcatus
2140 612 2214 657 est

614 700 671 755 in
709 714 802 765 eo,
836 705 882 751 et
916 695 1058 751 Deus
1086 693 1443 765 honoriﬁcavit
1485 711 1600 753 eum
1636 696 1691 749 in
1719 711 1807 760 se,
1839 704 1891 749 et—
1921 692 2064 750 Deus
2091 711 2213 766 pro-

616 793 752 849 tinus
779 788 1134 854 ltonoriﬁcavit
1160 785 1486 859 eum(Joan.,
1519 803 1637 844 xm.
1660 786 1772 859 52).
1807 788 1909 844 Per
1936 787 2037 844 hoc
2067 789 2210 844 enim

612 882 932 956 gloriﬁcavit
956 897 1082 941 eum
1109 881 1252 939 Deus
1273 882 1328 939 in
1350 898 1431 955 se,
1449 882 1571 954 quia
1586 882 1697 954 jam
1717 882 1770 937 in
1791 897 1858 939 eo
1881 881 2212 953 glorificatus

613 977 686 1032 sit
705 976 866 1031 Deus.
892 973 1025 1033 Nam
1052 973 1194 1045 quod
1219 972 1380 1049 ωι
1408 974 1548 1031 Deus
1574 975 1626 1029 iu
1652 989 1716 1029 eo
1737 972 2069 1039 gloriﬁcatus
2092 982 2176 1031 est
2193 1013 2210 1041 ,

613 1070 683 1125 ad
710 1069 956 1139 corporis
985 1067 1208 1141 gloriam
1238 1075 1477 1139 spectat,
1502 1082 1599 1138 per
1626 1083 1786 1138 quam
1818 1068 1910 1124 Dei
1936 1068 2106 1138 gloria
2128 1069 2212 1125 in-

613 1161 826 1218 tellecta
841 1176 935 1233 per
947 1175 1140 1230 corpus
1156 1170 1262 1228 est,
1273 1160 1445 1233 gloria
1462 1159 1559 1216 Dei
1577 1175 1672 1230 per
1683 1159 1906 1231 gloriam
1924 1160 2016 1216 lilii
2033 1158 2108 1233 (a)
2123 1159 2211 1216 ho-

611 1252 774 1315 minis
820 1250 1189 1322 intelligenda.
1224 1250 1378 1319 Quod
1424 1266 1558 1309 vero
1599 1250 1722 1322 quia
1776 1252 2106 1324 gloriﬁcatus
2155 1252 2209 1309 iu

612 1362 680 1404 eo
710 1347 853 1404 Deus
878 1356 990 1415 est,
1016 1346 1090 1421 (b)
1129 1357 1185 1405 et
1208 1346 1333 1405 ideo
1360 1345 1681 1418 gloriﬁcavit
1707 1362 1830 1403 cum
1858 1348 2004 1403 Deus
2028 1348 2084 1404 in
2111 1362 2208 1417 se;

610 1454 710 1511 per
752 1441 1152 1499 incrementum
1191 1440 1477 1512 gloriﬁcati
1518 1440 1570 1497 in
1607 1455 1673 1495 eo
1722 1440 1843 1502 Dei,
1887 1439 2211 1512 gloriﬁcavit

611 1547 737 1589 eum
765 1532 815 1586 in
856 1512 923 1588 se.
958 1531 1102 1589 Deus
1126 1572 1142 1598 ,
1175 1539 1233 1586 ut
1261 1530 1385 1603 quia
1411 1531 1520 1597 jam
1552 1541 1738 1601 regnat
1765 1531 1819 1586 in
1853 1530 2057 1605 gloria,
2089 1547 2209 1604 quae

610 1639 675 1680 ex
702 1624 798 1685 Dei
826 1624 996 1697 gloria
1023 1632 1139 1693 est,
1169 1623 1286 1693 ipse
1311 1621 1511 1679 exinde
1538 1622 1591 1679 in
1636 1623 1733 1678 Dei
1758 1623 1995 1694 gloriam
2034 1633 2211 1683 trans-

609 1724 717 1774 eat.
749 1714 815 1775 In
864 1731 917 1773 se
948 1715 1093 1773 enim
1132 1729 1256 1771 eum
1296 1714 1440 1771 Deus
1477 1713 1829 1785 glorificavit,
1859 1714 1912 1771 id
1964 1722 2076 1782 est,
2124 1714 2208 1786 (1)

2319 510 2547 579 quadam
2590 514 2910 570 necessitate
2941 514 3007 570 ad
3037 515 3430 573 consulendum
3470 520 3629 577 nobis
3652 523 3922 583 obnoxius

2318 601 2480 671 Deus,
2512 603 2618 661 sibi
2639 604 2771 661 nihil
2797 605 2996 663 aﬂerre
3016 607 3364 665 beatitudinis
3393 611 3567 681 possit
3593 630 3608 669 :
3638 630 3749 671 non
3776 619 3921 688 quod

2318 695 2559 764 profectu
2610 707 2787 769 egeat,
2816 700 2909 770 qui
2968 700 3374 772 imperturbata:
3421 714 3631 763 naturas
3676 710 3923 769 virtutis.

2317 803 2423 859 que
2440 787 2533 854 sit,
2563 790 2662 847 sed
2689 790 2812 861 quia
2836 806 2930 862 per
2942 791 3407 863 dispensationem
3430 804 3493 854 et
3522 811 3923 862 sacramentum

2315 899 2526 956 magna:
2578 886 2816 956 pietatis,
2857 887 2921 961 (i)
2963 889 3054 959 qui
3101 890 3246 947 Deus
3269 902 3377 961 est,
3406 901 3464 950 et
3486 893 3652 953 homo
3676 908 3784 967 est,
3818 901 3925 956 im-

2315 986 2509 1048 potens
2531 979 2634 1035 sibi
2660 979 2731 1037 sit
2757 979 2860 1038 hoe
2888 997 2949 1039 se
2972 991 3143 1043 tutum
3166 995 3448 1055 parentare,
3469 989 3617 1059 quod
3642 991 3784 1049 Dens
3799 1002 3882 1049 est
3903 1011 3920 1062 ;

2314 1085 2436 1136 cum
2460 1072 2615 1128 nobis
2645 1091 2755 1129 non
2795 1074 3049 1147 ambigue
3073 1078 3380 1136 indeitmus
3405 1079 3569 1157 ωε
3597 1085 3668 1140 sit
3708 1085 3763 1142 id
3790 1104 3924 1158 quo-

2313 1179 2421 1233 que
2472 1181 2574 1221 nos
2611 1180 2755 1234 esse.
2785 1169 2929 1239 quod
2960 1186 3067 1227 non
3099 1186 3308 1230 sumus.
3332 1174 3469 1232 Vita:
3492 1180 3636 1233 enim
3668 1179 3923 1238 humanae

2313 1264 2474 1327 atque
2503 1260 2697 1314 mortis
2748 1260 2879 1319 ﬁnis
2916 1271 3001 1319 est
3053 1267 3420 1324 resurrectio:
3450 1277 3507 1325 et
3558 1273 3921 1333 certissimum

2314 1350 2524 1407 militiae
2547 1360 2749 1409 nostra:
2777 1354 3106 1424 stipendium
3148 1365 3234 1413 est
3277 1358 3593 1433 ἱερου-ειμι
3619 1368 3919 1437 saturnius,

2312 1458 2420 1500 non
2448 1443 2519 1500 ad
2546 1460 2720 1516 pinna:
2757 1449 3214 1517 perseverantiam
3243 1466 3491 1520 maneas,
3520 1455 3707 1512 sedad
3725 1474 3920 1531 perpe-

2314 1546 2423 1593 tuae
2445 1537 2634 1610 gloriae
2665 1539 2903 1599 fructum
2945 1542 3448 1617 iucunditatemque
3487 1562 3596 1605 non
3639 1550 3918 1609 desinens.

2311 1632 2451 1691 Cum
2476 1635 2639 1706 igitur
2689 1636 2805 1694 hac
2842 1647 3022 1696 nostra
3053 1649 3394 1700 terrenarum
3437 1660 3729 1717 corporum
3757 1652 3921 1721 origo

2312 1725 2367 1781 in
2398 1725 2641 1785 habitum
2692 1737 2901 1787 natura:
2956 1733 3183 1803 potioris
3224 1735 3479 1803 excedat,
3531 1746 3589 1794 et
3616 1740 3918 1798 conformis

610 1806 663 1861 in
693 1804 762 1878 (c)
795 1820 858 1862 ea
897 1816 1091 1865 natura
1120 1820 1227 1877 qua
1258 1805 1398 1861 Deus
1427 1813 1510 1860 est
1539 1805 1678 1875 quod
1711 1812 1830 1860 est:
1861 1813 1916 1859 ut
1955 1805 2023 1861 sit
2062 1802 2184 1861 Deu

2309 1816 2500 1888 glorise
2522 1817 2780 1877 dominici
2807 1825 3054 1891 corporis
3105 1824 3410 1892 ﬁat;Deus
3448 1802 3505 1883 in
3550 1829 3722 1886 fama
3773 1832 3917 1889 servi

608 1897 780 1952 omnia
809 1898 863 1951 in
904 1896 1172 1962 omnibus,
1202 1895 1284 1967 (ά)
1315 1904 1426 1955 ιοιο
1465 1895 1577 1968 jam
1622 1896 1675 1951 in
1707 1895 1878 1953 Deum
1906 1911 1974 1953 ex
2012 1911 2074 1954 ea
2103 1913 2204 1969 qua

608 1992 772 2049 homo
795 2001 880 2048 est
907 1991 1313 2061 dispensatione
1352 2005 1631 2049 mansuro.
1664 1989 1774 2048 Nec
1802 2005 1932 2047 sane
1962 1990 2030 2047 de
2066 2000 2206 2047 tem-

608 2099 739 2159 pore
773 2085 939 2140 tacuit
960 2084 1145 2140 dicens
1170 2101 1184 2138 :
1221 2081 1292 2137 Et
1322 2082 1459 2141 Deus
1485 2084 1791 2154 gloriﬁcavit
1817 2100 1935 2139 eum
1958 2085 2013 2143 in
2039 2101 2092 2141 se
2112 2126 2128 2153 ,
2161 2095 2209 2140 et

604 2176 747 2232 Deus
777 2178 1012 2248 protinus
1044 2176 1347 2247 gloriﬁcavit
1386 2192 1503 2230 eum
1543 2174 1835 2250 (Ibidem):
1863 2185 1924 2233 ut
1966 2178 2090 2250 quia
2132 2179 2206 2250 (ε)

610 2270 912 2343 prodeunte
951 2270 1018 2325 ad
1063 2268 1421 2339 proditionem
1470 2269 1607 2327 Juda
1649 2271 1875 2342 gloriam
1898 2312 1914 2338 ,
1945 2287 2066 2345 quin
2104 2272 2206 2329 sibi

605 2371 728 2432 post
754 2363 1060 2433 passionem
1091 2361 1163 2436 (f)
1191 2370 1546 2419 consecutura
1585 2364 1983 2419 resurrectione
2026 2363 2203 2421 futura

602 2464 780 2525 esset,
821 2454 1180 2525 signiﬁcasset
1203 2456 1255 2509 in
1283 2469 1556 2524 praisens;
1589 2469 1711 2529 eam
1730 2496 1745 2518 ,
1776 2472 1880 2529 qua
1909 2457 1963 2512 in
1990 2471 2051 2513 se
2078 2472 2202 2515 eum

603 2549 747 2611 Deus
774 2548 1176 2620 gloriticaturus
1220 2557 1399 2612 esset,
1438 2547 1491 2601 in
1540 2556 1819 2617 posterum
1864 2558 2202 2616 reservaret;

590 2641 699 2699 Dei
729 2643 781 2698 in
818 2656 885 2699 eo
908 2624 1079 2714 gloria
1107 2656 1205 2712 per
1227 2640 1479 2697 virtutem
1508 2641 1923 2699 resurrectionis
1949 2652 2162 2701 ostensa
2180 2682 2199 2710 ,

599 2736 718 2806 ipso
747 2749 880 2791 vero
904 2735 957 2791 in
990 2734 1080 2790 Dei
1110 2733 1337 2804 gloriam
1357 2775 1372 2800 ,
1405 2732 1459 2788 id
1493 2741 1606 2800 est,
1651 2733 1705 2789 in
1736 2732 1907 2790 Deum
1934 2733 2116 2791 omnia
2145 2734 2205 2795 in

598 2826 849 2882 omnibus
877 2840 944 2880 ex
973 2823 1329 2896 subiectionis
1355 2822 1759 2895 dispensatione
1789 2839 2065 2882 mansuro.

667 2919 759 2977 45.
793 2920 1171 2992 Subjectionem
1219 2934 1374 2992 prave
1416 2918 1752 2991 intelligentes
1796 2931 2200 2975 coercentur.—

596 3021 664 3078 Et
715 3020 769 3077 in
818 3035 885 3077 eo
925 3019 1142 3090 quidem
1192 3023 1391 3089 quanta
1447 3014 1644 3071 furoris
1689 3015 1925 3072 haeretici
1970 3017 2195 3073 stultitia

598 3125 700 3183 est,
732 3116 811 3187 (g)
838 3113 1128 3185 deSperare
1158 3112 1212 3167 id
1253 3111 1383 3178 Deo,
1406 3110 1551 3181 quod
1578 3108 1830 3164 humanis
1855 3110 1968 3166 suis
1995 3112 2194 3182 spebus

2313 1918 2591 1979 repertus,
2618 1911 2748 1968 licet
2762 1912 2876 1983 jam
2904 1914 3234 1984 gloriﬁcatus
3264 1918 3320 1972 in
3364 1932 3598 1989 corpore
3628 1920 3701 1976 sit
3722 1936 3921 1979 secun-

2311 2001 2440 2059 dum
2474 2003 2621 2075 quod
2664 2005 2717 2060 in
2746 2005 2921 2062 forma
2946 2007 3093 2064 servi
3117 2016 3221 2076 est,
3270 2017 3452 2067 tamen
3478 2013 3774 2071 coniorniis
3802 2015 3919 2072 Deo

2312 2109 2418 2150 non
2449 2094 2554 2151 erit
2579 2112 2596 2163 ;
2620 2105 2680 2152 ut
2699 2099 2789 2168 qui
2812 2098 2972 2156 nobis
2996 2100 3226 2157 fortnam
3248 2102 3534 2173 gloriﬁcati
3560 2106 3808 2176 corporis
3830 2106 3918 2164 sui

2317 2187 2539 2254 tribuet,
2566 2186 2686 2259 ipse
2712 2194 2927 2263 corpori
2964 2208 3069 2250 suo
3089 2194 3226 2251 nihil
3254 2197 3392 2252 ultra
3422 2199 3593 2268 possit
3610 2215 3781 2270 quast
3815 2217 3919 2258 no-

2309 2277 2392 2335 bis
2421 2294 2484 2336 ac
2529 2280 2595 2353 (i)
2647 2283 2752 2341 sibi
2776 2286 2850 2342 sit
2894 2283 2977 2359 (3)
3013 2287 3068 2343 in
3110 2302 3401 2345 commune
3429 2295 3745 2361 praetore?
3795 2294 3912 2352 me

2309 2371 2453 2429 enim
2484 2373 2628 2443 quod
2649 2375 2853 2439 dictum
2879 2385 3001 2434 est:
3024 2378 3170 2435 Tunc
3209 2381 3466 2455 subjectus
3502 2386 3599 2440 erit
3635 2386 3732 2452 illi,
3762 2387 3918 2458 quisi

2307 2463 2521 2534 subjecit
2561 2469 2753 2535 omnia,
2780 2479 2837 2525 ut
2860 2470 2927 2525 sit
2955 2469 3099 2527 Deus
3144 2474 3319 2531 omnia
3343 2475 3398 2528 in
3426 2476 3661 2532 omnibus
3691 2478 3737 2550 (Ι
3761 2476 3914 2548 Car.,

2307 2573 2404 2627 xv,
2434 2559 2527 2629 28)
2564 2577 2580 2627 ;
2608 2561 2854 2632 plerique
2877 2566 3258 2623 barelicorum
3283 2567 3363 2624 ita
3386 2567 3665 2627 afﬁrmant
3695 2590 3710 2628 :
3742 2581 3807 2628 ut
3831 2571 3915 2628 id-

2306 2649 2455 2706 circo
2480 2652 2851 2722 subjiciendus
2877 2656 2947 2711 sit
2975 2656 3088 2714 Deo
3114 2659 3252 2729 patri
3296 2660 3489 2728 Filius,
3519 2671 3579 2719 ut
3623 2663 3785 2720 Pater
3809 2680 3911 2737 per

2302 2744 2692 2815 subjectionem
2706 2746 2829 2805 Filii
2853 2750 2993 2809 Deus
3009 2754 3080 2807 sit
3100 2754 3280 2809 omnia
3304 2754 3357 2809 in
3380 2755 3646 2821 omnibus;
3669 2755 3747 2828 (lt)
3768 2766 3913 2813 tasu-

2303 2851 2462 2908 quam
2489 2848 2545 2895 ct
2568 2840 2747 2897 adhuc
2774 2841 3036 2911 perfectio
3063 2842 3144 2917 (4)
3174 2845 3288 2903 Deo
3309 2846 3471 2914 desit,
3495 2861 3655 2918 quam
3686 2864 3782 2926 per
3813 2848 3911 2906 filii

2302 2931 2692 2999 subjectionem
2713 2933 2785 2989 sit
2806 2935 3098 3005 adepturus
3124 2955 3137 2992 :
3162 2938 3420 2995 absoluta:
3448 2942 3631 3010 itaque
3649 2956 3711 2996 ac
3734 2941 3914 2999 beatas

2301 3024 2599 3082 divinitatis
2624 3027 2782 3098 inops
2822 3028 3232 3101 intelligendus,
3262 3032 3311 3086 si
3339 3032 3483 3089 Deus
3496 3049 3619 3090 esse
3643 3036 3823 3091 omnia
3851 3035 3910 3094 in

2300 3119 2549 3173 omnibus
2579 3134 2675 3189 per
2701 3122 3105 3189 provectionem
3136 3131 3442 3195 temporum
3463 3135 3848 3199 consequetur.

596 3208 902 3263 blandiatur
930 3223 945 3272 ;
975 3205 1054 3279 (2)
1087 3212 1148 3259 ut
1188 3202 1268 3275 (Ii)
1293 3201 1435 3272 quod
1468 3202 1519 3257 in
1567 3202 1786 3257 homine
1835 3202 1975 3257 Deus
2004 3214 2195 3273 potens
2223 3217 2270 3283 ρ
2371 3210 2461 3264 di.
2493 3208 2604 3265 Deo
2631 3212 2782 3281 pleno
2808 3213 2884 3267 nit
2911 3214 3072 3283 deest,
3100 3216 3177 3271 nit
3204 3216 3498 3277 accedit.-—
3524 3222 3600 3274 Ac
3630 3221 3767 3279 mihi
3786 3220 3913 3291 qui-

596 3299 688 3367 sit,
718 3299 770 3353 id
815 3299 871 3353 in
900 3311 961 3354 se
1000 3297 1117 3366 ipso
1144 3293 1433 3352 efﬁciendo
1457 3295 1702 3353 inlirmus
1732 3294 1846 3352 sit?
1874 3294 1984 3353 Nec
2010 3312 2196 3355 sermo

692 3436 749 3493 ll
775 3433 1121 3493 Desideratur
1142 3432 1217 3490 in.

692 3436 715 3492 l
775 3436 1019 3493 Desidere

664 3436 749 3582 ΣΞ)
770 3506 836 3562 Et
862 3507 1019 3579 quod.

665 3645 746 3717 (a)
773 3644 929 3716 Apud
942 3643 1100 3710 Bad.,
1116 3644 1207 3700 Er.
1227 3643 1439 3716 etLips.
1462 3643 1799 3702 desideratur
1821 3660 1925 3704 vox
1954 3646 2194 3709 hominis.

589 3717 725 3773 Tum
783 3718 836 3773 in
868 3717 1057 3789 tribus,
1086 3731 1217 3789 mss.
1265 3730 1548 3789 perperam
1575 3717 1816 3789 additur
1858 3720 2080 3775 verbum
2116 3732 2195 3777 est

589 3799 713 3860 post
760 3788 1111 3861 intelligenda.
1144 3786 1431 3861 Hoc'enim
1485 3786 1596 3861 sibi
1622 3787 1771 3861 vult:
1800 3805 1921 3845 cum
1954 3808 2047 3860 per
2069 3793 2193 3861 glo-

590 3857 730 3934 riosa
763 3859 857 3934 filii
906 3857 1145 3934 hominis
1168 3868 1316 3930 gesta
1371 3857 1600 3931 intelligi
1637 3859 1832 3916 debeat
1859 3857 2034 3934 gloria
2061 3857 2187 3932 Dei,

592 3932 750 4000 cujus
770 3932 971 3985 virtute
1000 3929 1089 3986 illa
1122 3928 1259 3984 facta
1290 3935 1435 3984 sunt.

686 4000 1064 4073 b)l{articulam
1087 4012 1132 4053 et
1154 4002 1487 4056 restituimus
1508 4015 1574 4056 ex
1596 4016 1726 4056 mss.
1751 4000 1904 4058 Colb.
1925 4014 1980 4059 et
2003 4004 2186 4061 Germ.

686 4003 1064 4073 b)Particulam
1087 4012 1132 4053 et
1154 4003 1487 4056 restituimus
1508 4015 1574 4056 ex
1596 4016 1726 4056 mss.
1751 4003 1904 4058 Golb.
1925 4014 1980 4059 et
2003 4004 2182 4061 Germ.

661 4003 738 4143 ξε)
765 4070 1081 4140 Praepositio
1124 4073 1212 4144 in,
1258 4087 1378 4144 qua:
1424 4073 1493 4144 ab
1535 4074 1786 4128 omnibus
1829 4089 1996 4144 prope
2046 4091 2182 4133 mss.

590 4144 763 4214 abest.
790 4156 1045 4213 expressa
1066 4143 1206 4197 tollit
1235 4143 1660 4214 ambiguitatem.

664 4212 743 4286 (ἀ)
773 4214 902 4268 Ball.
924 4226 978 4286 et
1004 4214 1092 4268 Er.
1123 4223 1256 4286 tota.
1288 4212 1421 4286 Tum
1462 4214 1612 4285 Lips.
1642 4216 1757 4284 jam
1778 4217 1835 4271 in
1885 4216 1993 4272 Deo
2025 4235 2045 4273 :
2075 4236 2182 4276 non

589 4283 749 4361 male,
783 4285 1076 4361 secundum
1119 4283 1271 4346 illud,
1304 4285 1398 4361 lib.
1454 4283 1611 4351 tx,'n.
1644 4283 1686 4340 ’7
1716 4305 1737 4361 εξ
1764 4287 1835 4361 Ut
1882 4290 2184 4361 unigenilus

590 4354 730 4409 Deus
746 4356 885 4408 nasci
913 4356 1074 4416 vellet,
1101 4371 1340 4409 mansuro
1358 4357 1411 4409 in
1450 4368 1694 4412 aeternum
1721 4359 1774 4411 in
1802 4359 1931 4423 Deo,
1957 4354 2180 4416 Iiomine.

594 4426 814 4488 Vulgata
842 4434 1019 4480 tamen
1066 4426 1225 4481 lectio
1247 4426 1597 4483 confirmatur
1623 4444 1689 4483 ex
1714 4430 1995 4486 subnexis.
2030 4431 2184 4488 Unde

590 4494 718 4552 illud
743 4497 797 4551 in
821 4494 989 4553 Deum
1032 4514 1271 4554 mansuro
1302 4497 1354 4552 id
1383 4508 1486 4565 est,
1515 4499 1605 4555 ubi
1632 4500 1690 4554 in
1722 4501 1887 4556 Deum
1919 4504 2180 4557 transilir-

589 4581 766 4643 matus
809 4568 1078 4643 fuit,_sic
1116 4584 1338 4643 semper
1381 4586 1639 4625 mansuro
1670 4612 1686 4632 ,
1732 4586 1826 4626 seu
1886 4588 2183 4643 numquam

587 4640 853 4713 amissum
875 4641 1084 4696 divinas
1114 4640 1232 4696 illas
1256 4640 1432 4708 dotes,
1463 4656 1598 4712 quas
1641 4656 1710 4697 ex
1749 4643 1938 4711 glorise
1969 4640 2181 4713 plenio-

587 4711 665 4765 ris
692 4714 932 4781 proiectu
962 4713 1269 4781 capessivit.

658 4783 728 4853 (ρ)
756 4782 961 4855 lieniig.
991 4798 1091 4855 ms.
1134 4782 1434 4855 prodeuntia
1483 4783 1552 4837 ad
1602 4782 1946 4855 proditionem
1975 4782 2132 4841 Iudae
2158 4802 2182 4842 :

588 4853 943 4908 renitentibus
989 4852 1112 4907 aliis
1136 4852 1332 4917 libris,
1380 4868 1536 4908 sacro
1586 4852 1757 4921 textu,
1789 4869 1853 4910 ac
1882 4856 2063 4910 verbis
2090 4874 2183 4914 su-

588 4925 886 4992 perioribus
911 4923 1036 4976 libri
1060 4940 1133 4989 ix,
1166 4940 1219 4976 ιι.
1253 4924 1346 4992 40,
1372 4923 1465 4978 ubi
1483 4925 1632 4981 locus
1654 4924 1795 4979 idem
1818 4934 2099 4982 tractatur.

653 5016 722 5086 (f)
754 5016 890 5071 Editi
932 5024 1169 5092 excepto
1214 5016 1335 5071 Par.
1386 5027 1655 5073 consecuta
1690 5020 2064 5073 resurrectione
2086 5024 2172 5092 fu-

584 5095 698 5141 tura
727 5097 874 5159 esset.
925 5087 978 5159 in
1030 5098 1285 5159 posterum
1312 5098 1635 5143 reservaret:
1681 5097 2055 5145 restaurautur
2086 5087 2171 5149 ἐκ

582 5159 702 5214 aliis
730 5157 1037 5232 libris._Hic'
1058 5160 1208 5232 locus
1235 5162 1414 5215 lavere
1442 5160 1651 5216 videtur
1681 5161 1900 5232 lectioni
1926 5164 2180 5232 superius

581 5237 873 5301 annotnlze,
906 5227 1048 5286 Deus
1072 5230 1306 5296 protinus
1332 5231 1640 5301 glori/icabit
1666 5249 1803 5288 eum.
1829 5227 2175 5291 Arbitramur

583 5309 761 5375 tamen
782 5300 869 5356 hic
899 5303 1090 5375 respici
1116 5309 1171 5356 et
1200 5303 1251 5357 in
1281 5300 1581 5375 proximum
1600 5303 1834 5375 (Joannis
1856 5313 1912 5359 et
1940 5306 1991 5359 in
2011 5321 2172 5375 supe.

580 5371 1027 5444 rioreinnpostoli
1053 5374 1249 5436 locum,
1276 5373 1429 5444 cujus
1480 5372 1784 5430 illustrandi
1824 5390 1985 5432 causa
2008 5371 2179 5431 Joan-

580 5444 668 5507 nis
685 5442 840 5514 verba
856 5443 1014 5499 allata
1031 5453 1155 5499 sunt
1171 5460 1183 5496 :
1207 5454 1261 5498 ut
1284 5442 1355 5501 es
1376 5457 1602 5514 utroque
1617 5447 1719 5501 alia
1733 5445 1987 5501 doceatur
2005 5447 2179 5514 gloria

578 5529 679 5582 qua
712 5511 957 5587 Christus
976 5514 1207 5570 donatur
1234 5516 1287 5571 in
1317 5511 1547 5584 corpore
1570 5519 1807 5586 proprio,
1829 5517 1934 5572 alia
1984 5511 2090 5587 qua
2116 5520 2175 5575 in

579 5584 834 5658 membris
860 5601 874 5650 ;
897 5601 961 5639 ac
981 5586 1153 5654 prima
1182 5588 1398 5657 quidem
1429 5584 1725 5645 secundum
1749 5584 2017 5644 Joannem
2045 5606 2179 5658 pro-

488 5704 500 5713 ,
578 5657 719 5709 tinus
762 5665 882 5723 post
921 5662 1380 5715 resurrectionem
1423 5659 1550 5715 data
1595 5660 1689 5725 sit,
1716 5660 1887 5716 altera
1918 5657 2055 5715 vero
2076 5674 2170 5716 se-

576 5726 809 5799 cundum
851 5726 1077 5799 Paulum
1108 5729 1160 5783 in
1189 5738 1467 5799 posterum
1504 5742 1801 5788 reservata.
1851 5731 1987 5787 Cum
2015 5732 2167 5788 enim

574 5794 842 5866 Christus,
869 5807 927 5854 ut
953 5797 1155 5857 dictum
1180 5794 1266 5857 est
1309 5800 1402 5858 lib.
1426 5816 1489 5868 ιι,
1515 5817 1569 5858 ιι.
1601 5800 1697 5870 25,
1727 5810 1784 5860 et
1821 5800 1969 5867 alibi,
1999 5802 2169 5860 totius

2306 3300 2428 3357 dem
2487 3302 2655 3358 Deum
2683 3304 2801 3359 sola
2832 3307 3185 3364 veneratione
3220 3309 3565 3382 intelligenti,
3595 3326 3703 3368 non
3728 3313 3909 3370 minus

2372 3439 2452 3584 (ὅ)
2477 3441 2591 3526 Sibi
2618 3443 2686 3500 sit
2715 3459 3003 3531 commune.

2372 3512 2425 3584 (4
2480 3512 2574 3569 Dei
2588 3532 2610 3583 ;
2632 3516 2792 3584 paulo
2819 3527 2959 3584 post,
2988 3535 3003 3572 ι

2369 3512 2449 3585 (4)
2480 3512 2610 3583 Dei;
2632 3516 2792 3588 paulo
2819 3527 2959 3588 post,
2988 3519 3349 3594 intelligendus
3370 3522 3457 3590 sit,
3479 3522 3524 3579 si
3552 3522 3715 3583 Deus.

2307 3655 2528 3739 humani
2572 3659 2790 3739 generis
2816 3669 3063 3739 naturam
3102 3666 3479 3739 assumpserit,
3503 3668 3751 3739 sequitur
3777 3685 3905 3728 eum

2307 3728 2543 3811 nondum
2563 3744 2699 3811 esse
2730 3732 2886 3802 plene
2918 3733 3265 3811 perfecteque
3291 3728 3617 3808 gloriosum,
3646 3742 3909 3811 quamdiu

2307 3798 2760 3887 peridetalicuius
2808 3819 2873 3858 ex
2891 3798 3128 3887 genere
3147 3798 3385 3887 b'uma'no
3413 3811 3588 3887 gloria
3601 3798 3628 3864 ἰ
3656 3798 3765 3887 qua
3792 3829 3911 3887 om-

2304 3870 2463 3926 nibus
2513 3870 2734 3929 Christo
2787 3870 3057 3931 mediante
3096 3877 3243 3939 data.
3276 3870 3442 3936 Deus‘
3473 3881 3582 3937 erit
3615 3870 3798 3939 omnia
3850 3884 3907 3941 in

2304 3943 2579 4017 omnibus,
2613 3952 2671 3998 ut
2698 3957 2856 4001 erunt
2882 3948 3062 4017 omnia
3086 3948 3305 4004 Christo
3331 3951 3595 4017 subjecta.
3932 3966 3956 3980 ‘

2376 4012 2613 4095 (Mrs?
2658 4032 2791 4095 .ms‘é:
2828 4016 3088 4095 νδῑὲεείιρίν
3122 4020 3363 4095 Limina
3415 4012 3651 4095 Remis»
3680 4034 3788 4083 etc-
3817 4027 3909 4082 de-

2297 4085 2508 4168 sperare
2551 4086 2606 4138 id
2634 4087 2697 4141 de
2740 4085 2883 4168 Deo;
2927 4085 3103 4168 ϐαιὴ.)
3136 4091 3323 4168 Germ.
3349 4085 3477 4168 cum
3510 4085 3807 4168 ErILips.
3848 4108 3907 4155 et

2298 4156 2420 4240 Par.
2455 4156 2731 4240 desperare
2745 4160 2809 4240 _in
2826 4159 2969 4240 Dea.
2998 4156 3174 4240 Sol—us
3185 4164 3359 4240 codex
3387 4164 3513 4223 Vat.
3540 4156 3663 4240 llas.)
3691 4156 3904 4240 sperare

2293 4227 2349 4279 id
2372 4229 2435 4307 de
2456 4227 2585 4307 Deo.
2620 4228 2965 4307 Pracferimus
2994 4248 3114 4307 cum
3127 4234 3270 4307 _Bad.
3300 4246 3353 4290 et
3384 4251 3516 4292 mss.
3544 4227 3737 4307 Corb.',
3762 4238 3906 4297 Car-

2297 4299 2995 4381 nutl.‘naliisqtte,“desperare
3029 4305 3083 4358 id
3100 4303 3245 4381 ‘Deo,
3277 4307 3380 4381 hoc
3406 4318 3515 4381 est,
3543 4299 3813 4381 denegare
3841 4311 3901 4369 id

2298 4368 2351 4423 in
2383 4367 2656 4425 Christum
2688 4367 2860 4427 Deuin
2884 4377 3198 4444 convenire,
3229 4367 3373 4449 quod
3403 4367 3513 4435 sibi
3551 4367 3794 4451 sperant.

2370 4459 2453 4533 (Ii)
2475 4461 2628 4534 Apud
2660 4461 2817 4528 Bad.,
2843 4464 2933 4519 Er.
2966 4467 3095 4521 etin
3123 4482 3257 4522 mss.
3296 4476 3366 4534 st,
3395 4483 3503 4524 non
3524 4479 3601 4523 ut.
3629 4469 3753 4526 lex
3779 4486 3902 4528 ver-

2299 4532 2723 4611 bumefﬁciendo
2750 4536 3049 4591 omiserant
3094 4538 3251 4611 Lips.
3273 4551 3325 4593 et
3354 4532 3460 4595 'Er.
3492 4552 3616 4611 post
3656 4542 3787 4598 Bad.
3821 4543 3901 4600 Ea

2298 4603 2410 4670 ipsa
2440 4607 2867 4677 sententiamox
2911 4611 3137 4677 repetita
3160 4603 3405 4666 habetur
3427 4603 3509 4667 bis
3536 4613 3716 4668 verbis
3743 4632 3757 4669 :
3784 4614 3904 4668 lm-

2215 4660 2272 4721 D
2294 4660 2473 4751 potens
2520 4674 2615 4729 sibi
2684 4676 2752 4730 sit
2800 4660 2927 4732 hoci
2948 4660 3514 4752 32"iéiuﬁi7r'éiuié

2298 4756 2395 4813 est,
2422 4754 2527 4803 etc.

2369 4836 2434 4909 (i)
2464 4838 2519 4894 ln
2547 4841 2779 4912 esensis,
2822 4843 2911 4912 qui
2938 4839 3081 4897 Deus
3099 4850 3148 4897 et
3175 4843 3327 4898 homo
3353 4854 3445 4900 est.
3471 4844 3810 4904 Conciunius
3839 4849 3893 4904 in

2294 4924 2429 4963 mss.
2463 4912 2546 4986 qui
2573 4909 2713 4986 Deus
2744 4909 2844 4978 est,
2871 4913 2998 4986 scil_.
3048 4929 3112 4969 ex
3163 4923 3375 4978 natura,
3411 4932 3507 4986 per
3528 4918 3895 4986 dispensatio-

2297 4995 2419 5058 nem
2448 4985 2607 5058 etiam
2642 4985 2803 5037 homo
2828 4994 2927 5058 est.
2957 4984 3090 5039 Turn
3119 4986 3270 5058 illud.
3295 4984 3549 5058 impotens
3571 4984 3669 5042 sibi
3696 4992 3781 5055 sit,
3807 5005 3899 5046 re-

2290 5051 2461 5106 fertur
2491 5054 2554 5107 nd
2607 5056 2935 5129 sententiain
2984 5056 3318 5129 superiorem
3349 5051 3509 5114 {Nec
3531 5075 3698 5116 sermo
3726 5051 3891 5129 istud,

2288 5139 2379 5177 nec
2399 5140 2579 5180 sensus
2605 5127 2820 5181 rationis
2849 5143 3015 5200 capax
3031 5128 3258 5198 loquitur
3280 5138 3356 5182 ut.

2363 5214 2429 5288 (1)
2457 5216 2719 5272 Addimus
2769 5219 2821 5273 in
2878 5233 2946 5274 ex
2995 5233 3126 5276 mss.
3162 5219 3280 5274 Vat.
3330 5219 3454 5282 bas.
3484 5236 3591 5275 uno
3644 5222 3803 5280 Coll).
3835 5231 3896 5281 et

2290 5286 2462 5365 altero
2495 5288 2732 5365 Sorbon.
2756 5289 2931 5347 Simili
2985 5289 3236 5360 loquendi
3291 5291 3453 5365 modo
3507 5308 3670 5365 supra
3711 5312 3765 5350 n.
3794 5294 3890 5362 23,

2290 5357 2553 5414 habemus
2580 5377 2594 5414 :
2619 5360 2766 5440 .Quia
2816 5357 3084 5432 utrumque
3120 5379 3212 5433 per
3254 5357 3588 5420 constitutum
3627 5366 3786 5436 ﬁnem
3832 5357 3891 5424 iis

2290 5445 2557 5483 commune
2584 5440 2770 5485 sitnon
2798 5448 2925 5487 esse.

2359 5519 2437 5595 (It),
2464 5521 2554 5578 Sic
2578 5522 2912 5595 antiquiores
2940 5539 3071 5581 mss.
3122 5523 3243 5581 Vat.
3278 5524 3421 5591 bas...
3459 5523 3643 5591 Coll»,
3674 5525 3886 5595 Germ,

2285 5591 2529 5665 Mztl‘lin._,
2560 5591 2748 5665 Corb.,
2774 5606 2880 5650 etc.
2909 5595 3011 5651 nisi
3036 5596 3185 5665 quod
3227 5598 3283 5651 in
3310 5598 3588 5657 nonnullis
3618 5591 3893 5659 «inlinitur

2286 5663 2646 5743 particulae.
2671 5662 2745 5743 At
2772 5666 2903 5722 editi
2935 5662 3070 5743 (ξυιιὶ
3115 5667 3347 5743 lienam,
3378 5672 3733 5743 tamquamei
3761 5687 3889 5743 per-

2280 5734 2438 5816 {estin
2468 5733 2561 5816 Dei
2610 5733 2788 5793 desit:
2825 5737 2973 5809 quod
3015 5746 3066 5795 et
3115 5733 3321 5799 habent
3356 5733 3567 5811 aliquot
3612 5740 3710 5799 alii
3751 5733 3901 5801 inss..

2280 5818 2484 5862 0m|580
2501 5821 2567 5860 81.
3105 5862 3111 5867 .
