4286 6264
412 296 529 365 42‘)

1643 304 1732 365 DE
1761 302 2135 377 TRINI'I‘A'I‘E
2175 305 2375 365 LIBER
2415 302 2512 364 XI.

3608 311 3721 371 430

417 415 505 472 his
532 415 866 488 respondere
908 417 1134 490 impium
1161 419 1396 488 videtur,
1417 434 1578 492 quam
1609 422 1840 490 adesse;
1869 435 1924 480 et
1952 425 2021 482 de
2049 428 2099 489 Α
2127 426 2325 501 (Εεαὶ.,
2364 442 2438 496 ιι,
2472 424 2552 495 6),
2581 424 2673 494 qui
2723 431 2779 482 et
2819 424 2897 481 ait
2925 441 2938 481 :
2993 425 3164 484 Nemo
3201 429 3342 485 novit
3367 428 3588 496 Filium,
3618 434 3720 489 nisi

416 518 627 575 natura,
660 527 787 582 qua:
832 512 1050 568 humani
1087 529 1282 571 sensus
1310 514 1720 585 conceptionem
1763 518 2012 585 excedat,

415 603 597 660 verbis
625 619 854 674 quorum
883 606 1062 661 adhuc
1084 606 1409 673 signiﬁcatio
1438 609 1718 679 augustior
1741 625 1900 681 quam
1939 613 2018 667 in-

418 694 717 764 telligentia
765 696 857 766 sit,
886 699 1175 754 enuntiare
1205 713 1267 755 se
1314 714 1474 768 posse
1518 700 1794 757 conﬁdere
1819 716 1883 756 ac
1910 704 2020 774 pri-

414 802 563 843 mum
588 787 886 859 ambigere,
904 788 1119 848 desitne
1148 791 1275 862 quid
1299 791 1431 858 Deo,
1458 807 1530 846 an
1564 793 1752 861 plenus
1778 793 1893 864 ipse
1922 794 2019 861 sit,

412 881 501 936 vt-l
534 882 695 951 pleno
719 884 827 949 jam
867 881 1164 951 pleniorem
1190 898 1311 939 esse
1339 883 1416 953 (1)
1447 884 1710 956 reliquum
1741 889 1829 940 sit.
1863 886 2017 953 Quod

414 973 459 1027 si
490 973 651 1036 Deus,
677 972 764 1027 cui
791 988 899 1028 non
930 973 1151 1029 aliunde
1189 982 1276 1029 est
1315 974 1458 1045 quod
1482 975 1626 1030 Deus
1668 992 1883 1046 semper
1911 986 2017 1046 est,

415 1065 716 1136 profectum
761 1067 979 1133 habeat,
1011 1075 1071 1122 ut
1097 1068 1212 1137 plus
1242 1069 1311 1123 sit
1351 1069 1680 1137 aliquando;
1711 1088 1816 1126 non
1840 1080 2021 1142 potest

416 1166 596 1214 tamen
617 1158 685 1215 ad
713 1159 764 1213 id
792 1160 1097 1231 pervenire,
1128 1175 1196 1217 ne
1223 1160 1327 1216 sibi
1359 1159 1488 1216 nihil
1518 1160 1868 1235 milesit:
1894 1165 2017 1236 quia

416 1252 505 1307 cui
552 1260 758 1313 natura!
791 1253 1064 1322 prolectus
1104 1262 1187 1307 est
1225 1252 1488 1323 reliquus,
1520 1268 1815 1327 numquam
1858 1256 2020 1313 intel-

423 1345 607 1416 ligitur
634 1347 752 1402 sine
778 1346 965 1417 aliqua
1011 1347 1351 1405 incremento
1404 1346 1621 1403 residuo
1678 1350 2015 1421 profecisse;

414 1438 543 1493 dum
574 1446 763 1497 natura
796 1438 862 1495 ad
921 1438 1216 1510 proiectum
1265 1448 1549 1512 spectans,
1578 1441 1866 1509 proﬁciens
1893 1441 2019 1496 licet

413 1545 652 1599 semper,
700 1546 917 1598 semper
967 1538 1144 1587 tamen
1186 1539 1363 1601 pateat
1403 1530 1469 1586 ad
1493 1530 1812 1601 proiectum.
1864 1530 2017 1601 Quod

416 1628 597 1676 autem
629 1623 682 1677 in
712 1622 1046 1693 plenitudine
1072 1622 1308 1694 perfecta
1340 1624 1882 1696 manct,semporque
1911 1633 2014 1694 est,

420 1729 530 1769 non
558 1715 655 1771 sibi
710 1715 930 1786 reliquit
975 1724 1033 1770 ut
1079 1715 1288 1784 plenius
1323 1714 1434 1771 sit:
1481 1715 1602 1783 quia
1647 1716 2015 1772 accessionem

2124 517 2284 575 Pater
2328 535 2541 590 ;neque
2581 516 2794 575 Patrem
2842 521 2957 590 quis
3004 522 3161 587 novit,
3194 524 3294 578 nisi
3333 523 3526 595 Filius,
3567 537 3614 580 et
3635 528 3721 581 cui

2118 612 2335 668 voluerit
2367 608 2534 666 Filius
2558 613 2781 667 revelare
2803 611 3126 683 (Matt/tun,
3151 615 3270 688 25).
3292 616 3401 673 Sed
3430 619 3716 675 adversum

2119 705 2419 761 imbecillas
2460 714 2669 762 mentes
2716 715 2950 771 nostras,
2975 716 3032 764 et
3069 724 3127 764 se
3156 709 3223 765 ad
3253 710 3573 773 deﬁnienda:
3610 714 3718 769 cir-

2118 798 2655 870 cumscribendreque
2696 808 2906 855 natura:
2956 800 3152 857 divinae
3179 801 3555 874 demergentes
3587 821 3716 874 pro-

2120 889 2364 955 fundum,
2398 890 2740 946 confessione
2782 892 3097 960 apostolica:
3137 895 3539 965 protestationis
3563 894 3737 955 uten?

2118 983 2244 1038 dum
2276 994 2360 1041 est
2391 999 2404 1039 :
2436 998 2506 1040 ne
2537 985 2818 1047 temeraria
2855 985 2933 1059 (5)
2973 986 3157 1057 opinio
3186 987 3265 1059 (ά)
3289 988 3489 1059 aliquid
3517 990 3617 1046 sibi
3646 991 3716 1049 de

2119 1076 2254 1143 Deo,
2275 1085 2470 1146 printer
2494 1092 2654 1148 quam
2687 1077 2933 1144 docetur,
2965 1086 3212 1148 usurpet.

2190 1172 2279 1227 46.
2310 1170 2438 1236 Quo:
2457 1172 2512 1226 in
2554 1171 2835 1227 humanum
2876 1174 3064 1229 cadant
3108 1174 3438 1231 intellectum.
3465 1206 3537 1217 —-
3558 1175 3717 1232 Com‘

2120 1263 2296 1317 munis
2323 1272 2503 1317 autem
2546 1262 2662 1318 haec
2690 1265 3013 1321 naturalium
3045 1281 3329 1321 causarum
3364 1267 3717 1339 intelligentia

2120 1361 2224 1420 est,
2257 1353 2391 1409 nihil
2439 1353 2493 1409 in
2526 1369 2743 1410 sensum
2792 1355 3010 1421 cadere,
3056 1358 3155 1411 nisi
3187 1358 3329 1427 quod
3361 1357 3545 1413 sensui
3591 1359 3720 1414 sub-

2116 1446 2283 1518 jaeet,
2310 1454 2369 1503 ut
2393 1458 2486 1503 aut
2513 1447 2585 1518 (e)
2615 1446 2879 1522 Mres
2909 1450 3085 1519 aliqua
3110 1450 3384 1522 proposita
3405 1450 3597 1518 oculis,
3627 1461 3720 1509 aut.

2120 1555 2257 1609 Opus
2275 1541 2527 1612 quodque
2558 1542 2676 1610 ipso
2702 1557 2867 1598 sensu
2897 1553 3086 1601 nostro
3108 1559 3174 1600 ac
3198 1554 3380 1601 mente
3405 1546 3673 1614 posterius
3701 1565 3713 1601 :

2120 1648 2350 1704 quorum
2384 1651 2574 1703 unum,
2603 1634 2682 1709 (4)
2715 1636 2857 1706 quod
2883 1636 2952 1710 (fl
3000 1646 3094 1693 aut
3122 1646 3440 1695 attrectatur
3481 1647 3577 1694 aut
3604 1655 3721 1696 cer-

2121 1725 2287 1790 nitur,
2331 1728 2583 1784 concedit
2636 1728 2778 1784 intra
2830 1729 3100 1799 opinionis
3151 1740 3351 1787 [105le
3371 1734 3717 1800 sententiam,

419 1808 768 1882 plenitudinis
794 1807 870 1882 (ιι)
901 1808 1158 1880 plenioris
1211 1807 1446 1877 perlecta
1484 1808 1758 1879 plenitudo
1787 1825 1894 1865 non
1923 1826 2013 1866 ca-
2040 1810 2088 1875 Β
2117 1818 2234 1888 ipso
2254 1828 2401 1875 tactu
2421 1820 2644 1891 visuque
2666 1821 3085 1890 moderandum;
3119 1823 3262 1879 aliud
3291 1839 3439 1891 vero,
3468 1824 3546 1897 (5)
3577 1826 3721 1896 quod

418 1903 550 1974 piat.
585 1901 653 1957 Et
682 1901 798 1955 hatc
837 1900 1053 1970 quidem
1086 1900 1155 1955 de
1184 1897 1296 1955 Deo
1328 1901 1398 1957 ita
1446 1900 1698 1971 opinandi
1727 1901 1829 1972 pia:
1864 1903 2023 1958 intel-

418 1994 654 2065 ligentia:
667 1994 878 2064 species
894 2004 998 2059 εει,
1022 1993 1133 2047 Deo
1154 1992 1281 2048 nihil
1299 1992 1511 2058 deesse,
1534 1994 1856 2065 plenumque
1879 2010 2019 2051 esse.

491 2088 587 2144 45.
614 2086 681 2140 In
707 2086 994 2160 oogitandis
1026 2083 1120 2139 Dei
1147 2086 1293 2140 rebus
1335 2086 1571 2155 Apostoli
1617 2087 1926 2159 exemplum.
1955 2117 2024 2127 -—

422 2177 694 2234 Caeterum
743 2193 848 2234 non
885 2181 1093 2247 ignorat
1135 2176 1445 2248 Apostolus,
1488 2178 1787 2248 otijusmodi
1818 2178 1885 2234 dc
1912 2179 2025 2235 Deo

422 2273 786 2329 confessionis
829 2289 960 2329 voce
991 2272 1293 2327 testandum
1346 2273 1436 2339 sit,
1466 2273 1653 2330 dicens
1684 2291 1696 2330 :
1734 2274 1779 2328 0
1810 2279 2028 2349 profun-

421 2369 551 2422 dunt
590 2367 888 2422 divitiarum
933 2376 980 2422 et
1026 2367 1292 2438 sapientia:
1336 2375 1385 2420 et
1425 2367 1651 2422 scientiw
1677 2364 1775 2423 Dei
1807 2368 1828 2424 !
1873 2386 2026 2435 quam

425 2461 964 2532 incomprehensibilia
1024 2470 1144 2515 sunt
1175 2460 1380 2533 judicia
1417 2462 1551 2532 ejus.
1578 2472 1626 2516 et
1655 2463 2027 2534 investigabiles

425 2554 523 2609 vita
539 2552 694 2624 ejus!
726 2552 856 2615 Quis
877 2555 1011 2607 enim
1039 2553 1274 2625 cognovit
1295 2568 1498 2607 sensum
1524 2551 1776 2609 Domini?
1798 2563 1885 2608 out
1913 2557 2026 2627 quis

427 2644 757 2699 consiliarius
778 2646 891 2717 ejus
914 2644 1010 2714 fuit
1043 2642 1178 2699 ?uut
1205 2644 1318 2714 quis
1345 2644 1486 2714 prior
1511 2642 1584 2716 (b)
1610 2645 1766 2711 dedit,
1800 2656 1848 2700 et
1876 2648 2025 2701 retri-

427 2737 611 2791 buetur
638 2737 763 2793 illi?
790 2737 1045 2805 Quoniam
1087 2755 1154 2794 ea:
1181 2740 1317 2810 ipso,
1343 2749 1389 2795 et
1416 2759 1507 2813 per
1533 2743 1726 2813 ipsum,
1757 2752 1806 2797 et
1837 2744 1888 2797 in
1914 2744 2026 2813 ipso

424 2839 544 2884 sunt
583 2830 798 2887 omnia:
854 2830 956 2900 ipsi
998 2830 1164 2903 gloria
1213 2833 1266 2887 in
1336 2833 1525 2888 saecula
1568 2835 1895 2891 swculorum.
1949 2835 2027 2905 (ἓ)

420 2919 642 2991 (Rom,
666 2937 740 2984 XI.
771 2922 861 2988 55,
893 2922 1025 2994 etc.)
1053 2922 1168 2979 Non
1192 2926 1649 2981 circumscribitur
1678 2926 1820 2983 Deus
1848 2934 2028 2982 mente

425 3028 641 3073 terrena
672 3014 771 3089 (V.
792 3017 881 3072 lib.
913 3033 986 3083 tv,
1028 3035 1082 3073 n.
1121 3017 1231 3089 14),
1266 3036 1439 3088 neque
1480 3019 1581 3074 hoc
1611 3022 1887 3090 sapientiae
1915 3036 2029 3075 sum

424 3108 753 3179 profundum
782 3123 944 3165 sensu
970 3108 1338 3181 intelliget)!th
1363 3113 1700 3181 penetrantis
1722 3112 2026 3183 attingitur,

421 3217 527 3260 nec
552 3201 753 3273 judicia
800 3204 1245 3259 constitutionum
1295 3220 1513 3260 suarum
1570 3205 2022 3274 perscrutantium
2051 3193 2096 3255 C

425 3297 645 3367 ingenio
693 3296 1193 3367 apprehenduntur,
1225 3312 1325 3353 nec
1373 3298 1472 3353 ria:
1530 3298 1853 3369 cognitionis
1905 3301 2024 3369 ejus

425 3390 837 3461 investigabiles
907 3405 969 3447 se
1044 3393 1467 3449 consectantium
1524 3393 1717 3448 studiis
1788 3393 2024 3448 derelin-

426 3494 620 3553 quunt.
672 3482 741 3555 (ε)
787 3484 844 3540 lo
892 3486 1345 3555 comprehensum
1392 3485 1719 3556 profundum
1773 3487 2025 3541 demersa

421 3574 539 3645 ejus
566 3577 746 3631 omnia
792 3586 939 3645 sunt,
970 3577 1211 3649 nihilque
1250 3580 1318 3634 de
1365 3579 1528 3636 rebus
1554 3579 1670 3651 ejus
1701 3581 2019 3651 reperietur,

422 3667 556 3722 nihil
577 3670 999 3724 consectabitur.
1030 3669 1264 3727 Sensum
1312 3671 1459 3726 enim
1491 3671 1610 3740 ejus
1642 3688 1800 3726 nemo
1822 3686 2023 3741 cogno-

424 3759 541 3815 vit:
574 3770 627 3815 et
656 3761 885 3816 consilio
931 3776 1036 3817 non
1068 3765 1216 3833 eguit
1242 3774 1487 3818 externo.
1520 3763 1597 3818 De
1643 3763 1799 3818 nobis
1840 3771 2019 3819 autem

398 3866 565 3911 .nmtc
611 3855 787 3910 omnis
829 3853 917 3909 hic
943 3870 1126 3911 sermo
1178 3866 1301 3923 est,
1347 3871 1452 3911 non
1499 3855 1660 3911 etiam
1692 3855 1761 3912 de
1788 3871 1877 3922 eo,
1925 3870 2023 3924 per

417 3960 582 4016 quem
638 3945 820 4001 omnia
861 3958 1026 4014 sunt,
1057 3948 1153 4019 qui
1178 3956 1263 4004 est
1306 3948 1484 4020 magni
1525 3947 1738 4004 consilii
1778 3946 2022 4019 Angelus

492 4105 571 4178 (Ι)
592 4104 661 4162 Ei
686 4107 942 4177 reliquum
962 4107 1048 4162 sit.

491 4175 576 4251 (2)
603 4175 802 4234 Codex'
830 4178 1031 4234 Veron.
1064 4179 1151 4235 hic
1196 4177 1381 4248 adjicit
1443 4194 1593 4234 amen
1618 4195 1637 4233 :
1665 4175 1807 4250 quod
1837 4185 2019 4234 exstat

419 4258 477 4305 et
497 4250 549 4304 in
578 4266 753 4319 graeco
778 4260 948 4305 textu.

490 4321 575 4391 (ὃ)
612 4322 890 4393 Opinione.

486 4462 569 4537 (α)
599 4462 753 4537 Apud
784 4460 940 4527 Bad.,
969 4459 1061 4515 Er.
1095 4468 1151 4516 et
1190 4460 1339 4532 Lips.
1385 4459 1582 4518 desunt
1609 4474 1792 4526 voces,
1817 4458 2017 4530 plenio-
2045 4458 2093 4517 Ι)

412 4533 760 4661 ἠδ’ρένιξεια.
1824 4600 1856 4612 υ
1962 4600 1974 4611 ο

486 4608 567 4661 ιω
710 4619 840 4659 mss.
872 4602 1036 4658 Corh.
1092 4619 1198 4658 uno
1242 4602 1391 4659 Colb.
1439 4618 1502 4657 ac
1541 4602 1723 4661 paucis
1767 4602 1891 4657 alits
1922 4600 1973 4654 ht

486 4608 567 4678 (b)
594 4600 652 4661 In
710 4619 840 4659 mss.
872 4602 1036 4678 Corb.
1092 4619 1198 4658 uno
1242 4602 1391 4678 Golb.
1439 4618 1502 4678 ac
1541 4602 1723 4678 paucis
1767 4600 1891 4657 aliis
1922 4600 2010 4678 hic

415 4678 562 4733 insta

594 4690 830 4747 grmcttm
859 4685 912 4729 et
937 4673 1238 4747 Vulgatam,
1268 4674 1407 4728 dedit
1444 4670 1795 4747 ei._}\titiira.
1829 4689 1883 4726 n.
1913 4670 2005 4735 47,

413 4744 471 4804 in
499 4744 659 4802 nullis
682 4746 910 4802 habetur
938 4746 1001 4800 ei.
1031 4744 1197 4800 Paulo
1227 4754 1354 4800 ante
1384 4752 1439 4797 ιιι
1460 4745 1593 4798 inira
1626 4744 1881 4799 Erasmus
1912 4756 2009 4812 pro

412 4836 568 4879 more
594 4819 873 4873 substituit
902 4816 1352 4883 ininvestigabiles,
1381 4832 1477 4885 pro
1507 4814 1897 4884 investigribiles.

488 4889 563 4962 (ε)
596 4889 916 4962 Praepositio
942 4889 1023 4962 in,
1043 4904 1070 4940 a
1118 4886 1300 4955 Lipsio
1328 4890 1559 4957 primum
1588 4895 1872 4957 expuncto,
1907 4886 2009 4939 huc

408 4958 699 5023 revocatur
719 4958 783 5014 ex
808 4959 961 5022 Bad,
987 4958 1078 5014 Er.
1112 4966 1167 5014 et
1189 4974 1317 5014 mss.

489 5033 568 5106 (ά)
601 5033 656 5087 ιιι
687 5047 820 5087 mss.
851 5032 1111 5100 Opinione.
1162 5030 1355 5085 Postea
1384 5028 1555 5084 codex
1586 5028 1708 5085 Vat.
1742 5029 1855 5083 bas.
1887 5029 2005 5106 alii-

412 5100 521 5176 que
548 5100 677 5176 duo,
707 5114 895 5176 printer
946 5118 1101 5171 quam
1125 5110 1344 5176 Oportet,
1373 5117 1486 5176 non
1507 5110 1692 5169 praeter
1719 5117 1894 5176 quam_
1912 5100 2003 5176 do-

406 5170 577 5232 c'stur.
596 5175 732 5230 Tum
757 5171 920 5228 Corh.
953 5170 1073 5228 cum
1105 5173 1380 5227 nonnullis
1401 5171 1542 5232 aliis,
1568 5180 1837 5240 usurpem.
1865 5170 2005 5228 Satis

412 5248 705 5318 placeret,
759 5245 1069 5316 opinione...
1119 5254 1306 5315 prwter
1358 5257 1512 5313 quam
1560 5242 2002 5306 docentur,usur-

410 5328 554 5391 Pen}:

394 5382 425 5451 ,’
487 5387 560 5461 ιι)
590 5388 664 5447 lla
698 5404 827 5453 mss.
881 5384 989 5461 nisi
1028 5384 1170 5454 quod
1213 5383 1500 5461 iu_cod_ice
1549 5382 1671 5461 Vat.
1722 5382 1837 5461 bas.
1889 5394 2010 5453 post

394 5454 694 5536 proposita.
723 5460 1086 5536 exstat_etiaiii
1115 5457 1369 5529 opposita.
1396 5454 1462 5509 Et
1485 5454 1538 5510 in
1564 5454 1817 5525 vulgatis,
1838 5464 1893 5508 ut
1918 5466 2011 5509 aut

409 5530 494 5587 'res
516 5534 749 5587 apposito
785 5530 964 5584 oculis.

491 5550 546 5584 ιο
620 5550 749 5585 οδιια
785 5550 964 5584 ocnus.

491 5550 616 5672 (Ῑξρ
608 5598 810 5672 Omnes
863 5616 1030 5672 prope
1084 5599 1269 5669 scripti
1315 5597 1529 5672 codices
1591 5611 1717 5672 cum
1772 5596 2005 5672 exclusis,

407 5666 572 5743 unum
601 5674 755 5743 quid.
778 5666 1090 5743 Lugendum
1116 5666 1336 5726 oninino
1366 5669 1504 5740 quod
1528 5668 2004 5743 cum_Tellcrian_n.

408 5740 622 5801 Deinde
672 5742 801 5801 editi
848 5740 1164 5813 particulam
1224 5743 1348 5796 dum
1400 5741 1783 5814 praeponebant
1841 5740 2004 5796 verba

397 5808 641 5871 'concedit
672 5832 689 5869 :
720 5808 1116 5885 refragantibus
1142 5829 1269 5868 mss.

2126 1910 2182 1964 lit
2232 1910 2311 1984 (g)
2364 1912 2416 1967 in
2473 1922 2758 1985 tempore,
2814 1924 2870 1970 et
2913 1915 3145 1986 quodam
3198 1916 3414 1989 juniore
3475 1933 3506 1973 a
3560 1919 3721 1976 nobis

2126 2011 2220 2057 aut
2265 2005 2504 2076 gignitur
2546 2017 2641 2062 aut
2678 2008 3027 2064 constituitur
3053 2009 3279 2065 exordio
3301 2049 3318 2075 ,
3345 2010 3467 2083 quia
3496 2025 3719 2068 sensum

2127 2094 2498 2168 intelligentia:
2550 2114 2658 2154 non
2715 2101 2994 2170 praevenit,
3032 2099 3242 2170 judicio
3268 2116 3483 2173 quoque
3530 2119 3723 2175 sensus

2127 2187 2474 2259 dijudicantis
2498 2191 2795 2263 obnoxium
2828 2202 2933 2248 est.
2990 2191 3105 2249 Non
3136 2193 3279 2248 enim
3322 2202 3416 2249 aut
3467 2205 3722 2266 aspectus

2126 2283 2619 2340 nosteriuvisibili't
2648 2285 2927 2357 dijudicat.
2961 2285 3054 2355 qui
3082 2302 3190 2343 non
3221 2287 3322 2343 nisi
3355 2297 3559 2347 tantum
3592 2304 3725 2347 con-

2127 2387 2309 2449 specta
2340 2376 2615 2433 discernat
2645 2395 2657 2433 :
2691 2386 2785 2433 aut
2829 2393 2982 2435 mens
3012 2388 3196 2434 nostra
3227 2395 3286 2435 se
3309 2380 3362 2435 in
3413 2380 3489 2442 id.
3518 2382 3599 2454 (Il)
3620 2399 3727 2453 quo

2131 2484 2238 2526 non
2291 2469 2487 2535 estitit,
2526 2478 2737 2540 tempus
2776 2471 3100 2539 exstendet,
3148 2479 3204 2525 et
3253 2472 3557 2542 antiquiora
3602 2483 3727 2531 ortu

2128 2578 2231 2618 suo
2253 2563 2654 2635 pervestigabit,
2687 2578 2807 2618 cum
2833 2578 2938 2618 non
2962 2562 3063 2615 nisi
3088 2578 3273 2617 earum
3300 2581 3480 2620 rerum
3507 2565 3569 2636 (i)
3605 2576 3726 2622 tan-

2132 2664 2242 2709 tum
2271 2655 2452 2724 opinio
2481 2652 2558 2725 (6)
2590 2654 2662 2719 ci,
2690 2669 2914 2722 quarunt
2944 2652 3062 2724 ipse
3118 2656 3186 2709 sit
3217 2656 3421 2722 senior,
3454 2658 3728 2730 relinqua—

2133 2755 2222 2801 tur
2254 2763 2265 2797 :
2292 2761 2411 2817 qua)
2438 2746 2761 2817 plerumque
2785 2746 2898 2815 ipsa
2933 2761 3029 2815 per
3054 2748 3434 2803 necessitatem
3467 2750 3729 2805 naturalis

2131 2856 2242 2897 sum
2266 2838 2592 2895 inﬁrmitatis
2626 2841 2849 2903 incerta,
2878 2839 3176 2893 absolutam
3208 2839 3484 2896 scientiam
3518 2842 3569 2897 in
3602 2858 3733 2898 cau-

2136 2951 2318 2991 sarum
2374 2933 2680 3004 cognitione
2721 2949 2828 2989 non
2859 2940 3069 2998 teneat;
3106 2930 3177 3005 (j)
3206 2932 3404 2988 nedum
3451 2934 3613 2989 modo
3639 2952 3732 2990 ea-

2133 3044 2275 3091 rum,
2304 3042 2424 3097 quin
2471 3035 2595 3079 ante
2642 3039 2701 3079 se
2731 3025 2839 3078 sint
2881 3034 3081 3079 aitet-na
3132 3022 3364 3091 ratione,
3398 3039 3558 3080 sensu
3592 3025 3728 3082 ultra

2134 3117 2467 3173 nativitatem
2494 3130 2644 3170 suam
2693 3114 2951 3169 redeunte
2980 3114 3260 3186 percipiat.

2202 3209 2290 3264 47.
2318 3206 2459 3261 Deus
2480 3205 2920 3275 impersorulobile
2945 3209 3280 3277 profundum.
3307 3203 3504 3262 Nullus
3524 3215 3731 3281 eget.—-
3829 3258 3832 3271 γ

2128 3300 2193 3357 Et
2240 3298 2444 3355 idcirco
2500 3298 2816 3369 Apostolus,
2844 3298 2968 3368 quia
3014 3313 3306 3369 numquam
3332 3298 3433 3354 nisi
3461 3314 3524 3355 ea
3559 3301 3610 3354 in
3638 3316 3730 3356 co-

2124 3392 2421 3466 gnitionem
2469 3391 2749 3459 caderent,
2798 3407 2917 3463 qttzc
2974 3392 3156 3447 sensui
3188 3393 3485 3464 posteriora
3535 3409 3728 3450 succe-

2127 3487 2357 3551 derent,
2401 3491 2827 3541 commemorato
2871 3481 3150 3554 sapientia:
3190 3481 3285 3539 Dei
3335 3484 3623 3556 profundo,
3673 3493 3731 3543 et

2132 3580 2629 3638 inexscrutabilium
2668 3577 2992 3649 judiciorum
3025 3576 3309 3644 inﬁnitate,
3335 3587 3389 3632 et
3436 3579 3729 3651 investiga-

2122 3672 2312 3729 bilium
2358 3671 2563 3725 viarum
2618 3656 2853 3733 sécreto,
2900 3679 2950 3723 et
2997 3668 3251 3739 incogniti
3295 3684 3487 3723 sensus
3515 3671 3729 3741 ignora-

2128 3764 2295 3829 tione,
2322 3773 2375 3818 et
2405 3761 2617 3816 consilii
2674 3776 2779 3814 non
2821 3758 3199 3814 communicati
3234 3758 3307 3830 (Ic)
3360 3758 3728 3832 inintelligen-

2124 3857 2216 3919 lia,
2248 3854 2525 3924 subjecit:
2585 3852 2711 3918 Quis
2739 3852 2873 3904 enim
2921 3850 3063 3921 prior
3116 3849 3274 3916 dedit,
3325 3860 3372 3904 et
3417 3851 3727 3908 retribuetur

2121 3949 2251 4004 illi?
2288 3949 2545 4016 Quoniam
2595 3962 2659 4001 ea:
2707 3946 2821 4015 ipso
2869 3954 2916 4000 et
2969 3960 3059 4014 per
3087 3944 3256 4015 ipsum
3288 3953 3335 4000 et
3383 3945 3437 4000 in
3466 3945 3578 4018 ipso
3605 3957 3723 4004 sunt

2215 4105 2267 4177 ι)
2307 4108 2465 4175 Quid.

2214 4179 2271 4245 5)
2304 4178 2455 4245 Quod
2479 4178 2568 4233 sit.

2215 4108 2267 4177 ι)
2307 4108 2465 4175 Quid.

2214 4179 2271 4245 5)
2304 4178 2455 4245 Quod
2479 4178 2568 4233 sit.

2189 4108 2271 4323 i6)
2294 4248 2477 4306 Codex
2513 4247 2709 4305 Veron.
2742 4246 2940 4305 omittit
2961 4246 3030 4301 ei.

2296 4453 2422 4509 Mss.
2445 4452 2583 4509 quod
2598 4453 2685 4506 sit.

2191 4452 2269 4597 (ᾳῖ
2296 4453 2422 4509 Mss.
2445 4452 2583 4524 quod
2598 4453 2685 4506 sit.
2744 4521 2755 4532 .
3452 4526 3462 4537 .

2191 4526 2245 4596 (Ιι
2297 4524 2437 4580 Editi
2468 4540 2591 4597 cum,
2621 4521 2867 4597 pluribus
2888 4534 3019 4574 mss.
3048 4520 3186 4597 quod
3210 4537 3313 4576 non
3331 4527 3522 4580 exstitit
3545 4542 3565 4580 .°
3594 4541 3715 4585 cor-

2118 4591 2366 4668 riguntur
2392 4613 2455 4649 ex
2488 4591 2692 4665 optimo
2716 4592 2867 4668 Coll).
2898 4606 3108 4668 necnon
3131 4591 3314 4668 G‘erm.

2191 4668 2253 4741 (i)
2286 4669 2456 4723 Verba
2487 4661 2683 4721 tantum
2709 4676 2764 4719 et
2788 4665 2831 4741 ei
2850 4706 2867 4741 ,_
2898 4661 2951 4741 in
2986 4662 3214 4741 vulgatis
3244 4663 3464 4723 omissa.
3495 4668 3711 4739 supple-

2118 4733 2245 4795 tntis
2270 4756 2330 4794 ex
2362 4753 2492 4792 mss.
2523 4752 2753 4805 quormn
2784 4733 2979 4790 deinde
3000 4736 3342 4801 auctoritate,
3369 4751 3466 4805 pro
3486 4733 3706 4803 quorum

2116 4813 2250 4879 ipsa.
2282 4812 2591 4879 reponimus
2639 4823 2859 4879 quorum
2892 4807 3021 4871 ipse,
3052 4805 3211 4879 videl.
3243 4818 3393 4862 ortus
3434 4826 3447 4861 :
3473 4812 3706 4868 maxime

2117 4877 2236 4937 cum
2260 4877 2507 4951 superius
2531 4877 2736 4949 lcgaiur
2756 4879 2962 4950 jnniore
2985 4877 3217 4931 exordio.

2184 4956 2257 5028 (j)
2288 4952 2449 5017 liditi,
2484 4953 2902 5028 ne_dum_eoru_m
2947 4963 3065 5028 quq;
3082 4960 3200 5028 ante
3219 4965 3274 5003 se
3302 4951 3426 5028 sint,
3457 4961 3704 5028 internum

2111 5018 2383 5087 rationem,
2416 5038 2519 5079 etc.
2547 5023 2672 5077 Mss.
2703 5024 2914 5077 Martio.
2945 5028 2999 5073 et
3020 5018 3145 5074 Vat.
3176 5020 3290 5074 bas.
3322 5023 3510 5076 nedum
3550 5026 3702 5080 modo

2111 5113 2287 5151 eorum
2315 5113 2431 5166 qua:
2456 5106 2605 5150 cauta
2645 5111 2747 5166 non
2775 5096 2875 5146 sint
2926 5099 3116 5166 acterna
3157 5094 3354 5146 ratione
3382 5095 3607 5166 :Atninus
3633 5095 3701 5149 ad

2114 5184 2247 5223 rem.
2280 5160 2472 5224 Verius
2493 5167 2607 5231 alii,
2636 5165 2819 5219 nedum
2860 5160 3009 5215 modo
3036 5176 3214 5233 eorum
3248 5164 3479 5233 tsupple.
3506 5181 3698 5219 causa-

2112 5255 2230 5294 rum
2261 5235 2564 5307 scientiam)
2615 5252 2727 5305 qua:
2754 5242 2868 5307 ante
2882 5247 2945 5307 se
3000 5232 3101 5284 sint
3133 5240 3323 5287 (eterna
3380 5232 3613 5291 ratione:
3647 5237 3699 5293 id

2112 5319 2215 5374 est,
2248 5310 2292 5364 si
2351 5325 2455 5363 non
2505 5305 2921 5373 coinprehondit
2965 5317 3118 5355 mens
3146 5319 3266 5374 qum
3316 5315 3441 5359 ante
3486 5323 3543 5360 se
3572 5317 3701 5361 sunt

2112 5382 2287 5451 aliqua
2315 5380 2545 5444 ratione,
2570 5376 2734 5451 inuno
2755 5391 2899 5444 saepe
2921 5375 3121 5451 incerta
3155 5373 3381 5451 llucluat
3407 5376 3458 5431 in
3489 5376 3553 5431 iis
3579 5393 3701 5448 qua:

2114 5466 2174 5507 se
2204 5442 2505 5521 posteriora
2527 5442 2646 5521 eunt
2671 5464 2685 5511 ;
2720 5442 2876 5516 [cogo
2900 5442 3073 5498 minus
3102 5448 3330 5515 attinget
3351 5462 3473 5517 qum
3498 5442 3698 5504 aeterna

2113 5519 2320 5579 ratione
2345 5537 2404 5577 se
2431 5519 2754 5591 pratccdaut.

2183 5593 2258 5665 (lt)
2295 5585 2446 5657 Lips:
2474 5590 2784 5665 ignorantia.
2816 5585 3097 5665 Editionei
3144 5586 3265 5665 alia:
3295 5603 3416 5642 cum
3450 5590 3692 5665 scriptis,

2110 5657 2466 5733 intelligentia.
2495 5657 2846 5733 Reponimus
2878 5657 3290 5729 inintelligeutia,
3326 5657 3596 5733 quomodo
3627 5660 3702 5716 le-

2109 5727 2342 5807 gendum
2393 5732 2771 5807 suspicabatur
2808 5727 3115 5807 Erasmtls,
3144 5742 3209 5784 ac
3258 5727 3363 5785 non
3418 5731 3536 5789 sine
3567 5747 3700 5789 mss.

2111 5798 2433 5863 auctoritate
2461 5798 2689 5875 [ﬁgimus
2720 5800 2810 5858 lib.
2845 5815 2900 5871 κ,
2933 5817 2988 5855 n.
3017 5798 3107 5855 '50.
