4286 6264
570 322 676 381 431

1794 315 2041 378 SANCTI
2068 311 2325 374 HILARII
2362 311 2668 375 EPISCOPI

3775 314 3893 374 ὅδε

575 440 768 506 omnia,
798 438 901 510 ipsi
953 438 1121 513 gloria
1164 437 1219 491 in
1250 435 1438 491 saccata
1490 434 1797 490 seculorum
1829 433 2029 506 (Rom,
2054 449 2168 499 xxt,
2198 433 2255 495 Α
2278 431 2371 488 sed
2397 446 2457 489 se
2486 433 2659 504 ipsum
2690 428 3028 496 exinaniens,
3053 437 3107 486 et
3133 429 3270 485 intra
3307 440 3369 486 se
3406 428 3606 496 latens,
3647 437 3704 486 et
3739 430 3877 485 intra

578 534 650 590 55
674 542 723 588 et
754 531 870 606 56).
893 532 1059 597 Deus,
1090 530 1178 600 qui
1206 543 1422 601 semper
1468 536 1573 594 est,
1628 543 1735 583 non
1790 527 2065 598 subjectus
2092 533 2180 582 est

574 624 951 693 modo,nequc
977 623 1044 677 ab
1067 621 1338 676 anteriore
1358 621 1440 676 sui
1471 620 1651 691 aliquo
1677 627 1827 675 motu
1860 619 2057 674 mentis
2085 627 2177 674 aut

574 716 953 787 intelligentia:
1000 713 1351 787 prtevenitur.
1384 713 1451 770 Et
1497 712 1701 769 idcirco
1732 711 2101 782 investigabile
2121 719 2177 768 et

575 807 1047 879 imperscrutabile
1076 809 1192 881 ipse
1218 817 1361 864 totus
1388 806 1714 879 profundum
1760 816 1860 862 est.
1886 804 2057 861 Totus
2080 819 2178 861 au-

573 908 685 958 tem
714 900 808 969 ita,
826 909 884 957 ut
906 915 1010 957 non
1029 918 1125 972 per
1151 900 1255 957 hoc
1281 900 1530 957 definitus
1554 900 1633 973 (l)
1660 899 1713 954 in
1734 898 1809 971 (α)
1837 899 2055 954 modum
2080 898 2172 968 sit,

470 1051 477 1057 .
574 995 673 1053 sed
700 994 1006 1051 intellectus
1031 994 1101 1050 sit
1118 995 1172 1049 in
1198 994 1483 1051 immenso:
1509 993 1631 1065 quia
1653 1006 1684 1047 a
1700 991 1915 1048 nemine
1931 992 2075 1063 quod
2093 1000 2179 1048 est

573 1085 831 1157 sumpsit,
859 1101 962 1143 nec
986 1086 1136 1157 prior
1163 1087 1214 1144 ei
1254 1086 1405 1143 dedit
1450 1086 1665 1157 aliquis,
1689 1097 1749 1142 ut
1802 1085 2029 1143 retribui
2055 1083 2178 1141 offi-

573 1176 717 1233 cium
746 1175 897 1233 danti
924 1186 1192 1250 oporteat.
1210 1177 1291 1233 Ex
1312 1177 1433 1249 ipso
1462 1177 1605 1235 enim
1630 1187 1687 1234 ει
1716 1193 1811 1249 per
1839 1179 2014 1249 ipsum
2038 1185 2096 1233 et
2120 1177 2174 1232 in

567 1269 690 1341 ipso
723 1270 906 1327 omnia
945 1280 1089 1327 sunt.
1116 1270 1234 1328 Non
1261 1280 1385 1344 eget
1403 1286 1470 1328 ex
1491 1287 1551 1329 se
1572 1280 1628 1328 et
1653 1286 1752 1344 per
1781 1286 1841 1328 se
1866 1280 1921 1327 ct
1950 1271 2090 1327 intra
2115 1286 2177 1329 se

571 1363 960 1430 manentibus;
990 1379 1091 1422 nec
1118 1365 1209 1436 qui
1250 1365 1424 1437 origo,
1458 1380 1559 1422 nec
1595 1365 1685 1437 qui
1737 1363 1914 1435 opifex
1935 1374 2043 1432 est,
2074 1378 2177 1421 nec

576 1458 669 1531 qui
699 1459 986 1516 continens
1008 1467 1093 1515 est
1113 1502 1127 1528 ,
1152 1457 1236 1532 (2)
1265 1469 1321 1516 ει
1346 1460 1574 1516 internis
1602 1456 1679 1531 (ὁ)
1705 1465 1984 1525 externus,
2012 1455 2175 1532 405

575 1561 633 1610 ει
659 1551 866 1610 effectis
903 1551 1153 1610 conditor
1184 1570 1197 1606 :
1222 1561 1278 1609 et
1295 1567 1517 1610 suorum
1549 1553 1666 1623 ipse
1694 1568 1859 1624 egens
1879 1568 2174 1622 numquam

572 1653 675 1703 εει.
704 1645 847 1702 Nihil
872 1655 997 1703 ante
1025 1655 1127 1714 est,
1155 1644 1295 1701 nihil
1321 1646 1560 1715 aliunde,
1588 1644 1666 1719 (5)
1696 1646 1827 1702 nihil
1852 1655 2002 1702 extra
2024 1644 2099 1718 (c)
2115 1661 2176 1703 se

568 1744 672 1794 est.
704 1736 824 1807 Quo
869 1737 1032 1808 igitur
1081 1746 1232 1795 caret
1277 1737 1632 1810 plenitudinis
1680 1738 1946 1807 profectu,
1978 1748 2036 1794 ut
2078 1753 2177 1809 per

2278 542 2430 583 suam
2458 527 2573 598 ipse
2604 526 2947 583 vacuefactus
2989 532 3308 596 potestatem
3345 541 3357 576 :
3382 522 3509 578 dum
3537 537 3597 579 se
3620 538 3789 594 usque
3809 523 3878 579 ad

2278 620 2504 677 formam
2534 627 2801 690 temperat
2827 618 3042 673 habitus
3077 617 3316 684 humani,
3350 631 3417 671 nc
3453 625 3733 688 potentem
3772 617 3877 671 im-

2275 729 2626 785 mensamque
2653 722 2900 768 naturam
2942 719 3234 781 assumpta:
3269 708 3584 764 humilitatis
3606 722 3730 775 .non
3770 707 3882 762 fer-

2276 817 2362 864 ret
2390 808 2713 874 infirmitas;
2761 804 2858 862 sed
2902 806 2956 861 in
2997 813 3204 860 tantum
3257 817 3319 860 se
3364 800 3534 858 virtus
3583 801 3879 857 incircum-

2276 901 2477 971 scripta
2526 900 2923 966 moderaretur,
2977 897 3033 953 in
3099 906 3359 969 quantum
3427 902 3707 965 oporteret
3757 908 3877 951 eam

2279 1008 2450 1065 usque
2479 993 2545 1049 ad
2576 993 2891 1063 patientiam
2915 991 3147 1047 connexi
3193 988 3299 1045 sibi
3348 986 3594 1059 corporis
3633 986 3875 1045 obedire.

2277 1086 2432 1157 Quod
2457 1096 2637 1142 autem
2680 1101 2740 1142 se
2782 1085 2958 1154 ipsum
3004 1084 3143 1140 intra
3181 1098 3243 1139 se
3278 1081 3652 1139 vacuefaciens
3705 1080 3880 1137 conti-

2279 1179 2413 1252 nuit,
2443 1179 2827 1235 detrimentum
2855 1193 2966 1234 non
2996 1176 3174 1232 attulit
3222 1176 3510 1247 potestati;
3559 1191 3686 1231 cum
3734 1175 3878 1231 intra

2279 1273 2417 1329 hanc
2433 1273 2790 1329 exinanientis
2813 1288 2873 1329 se
2889 1271 3272 1338 humilitatem,
3291 1271 3491 1328 virtute
3512 1280 3688 1326 tamen
3711 1268 3877 1342 ωε

2277 1366 2454 1423 omnis
2478 1365 2768 1424 exinanitae
2792 1366 2933 1421 intra
2960 1379 3021 1422 se
3046 1378 3177 1421 usus
3201 1365 3273 1421 sit
3298 1363 3602 1436 potestatis.

2349 1458 2441 1516 49.
2483 1458 2637 1528 Quod
2666 1458 2849 1530 itaque
2868 1458 3010 1516 Deus
3050 1458 3156 1514 erit
3182 1457 3365 1514 omnia
3395 1457 3465 1513 in‘
3481 1453 3752 1522 omnibus,
3783 1467 3877 1509 as-

2278 1552 2603 1625 sumptionis
2655 1560 2856 1608 nostra:
2902 1551 3177 1624 profectus
3215 1558 3318 1608 est.
3363 1549 3467 1618 Qui
3518 1549 3695 1616 enim,
3751 1562 3880 1604 cum

2280 1656 2428 1703 esset
2456 1646 2510 1702 in
2531 1646 2705 1703 forma
2737 1646 2855 1713 Dei,
2884 1653 3131 1717 repertus
3156 1652 3243 1702 est
3267 1644 3322 1700 in
3349 1644 3520 1700 forma
3546 1642 3710 1709 servi,
3749 1657 3880 1716 rur-

2284 1756 2403 1797 sum
2426 1739 2765 1796 conﬁtendus
2794 1745 2878 1795 est
2902 1738 2955 1794 in
2978 1738 3148 1811 gloria
3173 1739 3265 1794 Dei
3297 1736 3462 1810 patris
3492 1753 3503 1790 :
3533 1744 3719 1792 utnon
3765 1749 3878 1789 am-

570 1837 788 1903 tempus
813 1830 989 1888 adhuc
1015 1831 1161 1889 Deus
1186 1833 1370 1888 omnia
1402 1833 1454 1888 in
1484 1832 1737 1888 omnibus
1765 1832 1869 1888 sit?
1898 1831 1993 1889 Vel
2027 1832 2170 1889 unde
2200 1818 2247 1881 Β
2276 1834 2434 1905 bigue
2474 1834 2530 1888 in
2565 1833 2681 1904 ejus
2716 1832 2886 1888 forma
2936 1846 3162 1889 manens
3210 1832 3573 1906 intelligatur,
3625 1837 3678 1892 in
3722 1836 3878 1908 cujus

568 1931 768 1992 sumet,
792 1933 944 1980 extra
969 1938 1130 1996 quem
1152 1923 1288 1980 nihil
1309 1925 1435 1981 est?
1463 1923 1593 1979 nihil
1620 1935 1798 1981 autem
1830 1923 1926 1992 ita,
1944 1932 2001 1980 ut
2027 1938 2175 1980 sem-

570 2031 668 2086 per
688 2016 808 2088 ipse
854 2018 943 2072 sit.
978 2017 1047 2072 Et
1073 2018 1167 2089 qui
1217 2017 1333 2089 ipse
1380 2026 1721 2088 semperest,
1754 2026 1979 2074 etcxtra
2010 2032 2171 2089 quem

572 2109 709 2166 nihil
764 2118 870 2179 est,
901 2125 1007 2181 quo
1045 2110 1383 2168 incremento
1433 2111 1734 2182 explendus
1785 2119 1888 2178 est,
1931 2112 2019 2168 vel
2063 2127 2171 2184 quo

570 2210 863 2274 augmento
913 2202 1271 2260 demutandus
1301 2211 1407 2272 est,
1437 2202 1627 2261 dicens
1653 2200 1803 2276 :Ego
1831 2219 1966 2270 sum,
1996 2211 2042 2257 et
2067 2183 2171 2258 ηοῖι

569 2295 808 2352 demutor
831 2293 1074 2366 (Matuta,
1102 2311 1183 2365 ιιι,
1212 2297 1308 2369 6):
1341 2311 1465 2353 cum
1487 2311 1596 2353 non
1624 2294 1963 2366 relinquatur
1992 2296 2072 2351 vel
2101 2294 2170 2351 ad

568 2389 997 2447 demutationem
1026 2390 1201 2458 locus,
1233 2390 1318 2446 vel
1343 2390 1409 2445 ad
1441 2388 1739 2460 profectum
1779 2403 1964 2457 causa,
1995 2389 2077 2444 vel
2101 2387 2170 2444 ad

568 2483 925 2540 aeternitatem
966 2482 1244 2550 anterius,
1296 2482 1383 2538 vel
1429 2482 1497 2538 ad
1547 2483 1718 2539 Deum
1778 2483 1923 2537 aliud
1970 2490 2170 2553 praeter

568 2591 729 2649 quam
760 2576 903 2633 Deus
934 2575 1016 2649 (d)
1038 2575 1153 2647 ipse
1189 2575 1316 2632 est?
1342 2573 1460 2631 Non
1494 2590 1625 2647 ergo
1654 2590 1752 2647 per
1780 2575 2167 2646 subjcctionem

566 2667 695 2726 Filii
720 2671 866 2726 Deus
905 2670 1011 2725 erit
1063 2668 1247 2725 omnia
1274 2667 1329 2724 in
1384 2667 1638 2725 omnibus
1669 2685 1682 2721 :
1713 2682 1890 2738 neque
1919 2683 2014 2738 per
2040 2681 2169 2722 cau-

567 2777 686 2819 sam
738 2761 1228 2827 consummabitur,
1262 2776 1329 2818 ex
1355 2777 1461 2833 quo
1504 2771 1560 2817 ct
1608 2775 1706 2831 per
1734 2775 1893 2831 quem
1925 2767 1981 2814 ct
2027 2759 2168 2816 intra

566 2869 729 2926 quem
779 2852 956 2909 omnis
993 2867 1155 2908 causa
1199 2852 1480 2909 consistat.
1538 2853 1719 2908 Manet
1764 2852 1947 2924 itaque
1999 2861 2057 2908 ut
2083 2861 2169 2909 est

562 2962 780 3018 semper
808 2945 973 3010 Deus,
1004 2960 1105 3001 nec
1176 2944 1420 3017 profectu
1451 2954 1575 3017 eget
1606 2944 1677 3016 (ε)
1727 2944 1818 3016 qui
1845 2944 1914 3001 ad
1939 2943 1993 3001 id
2020 2944 2166 3016 quod

568 3048 671 3105 est,
703 3053 769 3094 ex
795 3052 857 3094 se
883 3052 948 3093 ac
974 3036 1077 3093 sibi
1105 3049 1321 3107 semper
1341 3045 1445 3092 est.

637 3129 731 3187 48.
771 3128 943 3185 Filius
967 3127 1369 3186 indemutabilis.
1401 3128 1717 3184 Exinaniens
1745 3145 1799 3185 se
1832 3146 1936 3186 non
1973 3138 2048 3185 est
2076 3130 2169 3185 de-

2276 1926 2379 1981 erit
2406 1925 2576 1996 gloria
2622 1924 2980 1981 conﬁtendus.
3039 1924 3383 1996 Dispensatio
3443 1925 3625 1999 itaque
3666 1934 3876 1985 tantum

2275 2024 2379 2084 est,
2413 2031 2521 2073 non
2548 2016 2848 2073 demutatio
2897 2033 2911 2071 :
2945 2016 2999 2072 in
3025 2030 3092 2072 eo
3144 2017 3288 2073 enim
3335 2026 3440 2084 est,
3492 2019 3544 2074 in
3585 2035 3692 2091 quo
3737 2028 3877 2077 erat.

2273 2108 2382 2165 Sed
2402 2124 2526 2165 cum
2548 2109 2782 2165 medium
2813 2119 2897 2165 est
2923 2110 3067 2180 quod
3090 2124 3210 2165 csse
3232 2110 3416 2180 «epit,
3460 2110 3513 2166 id
3560 2123 3665 2174 est,
3716 2112 3878 2170 homo

2275 2216 2467 2273 natus;
2500 2214 2669 2261 totum
2693 2205 2741 2261 ei
2760 2212 2987 2269 natura),
3013 2218 3136 2275 quae
3160 2213 3316 2260 antea
3343 2204 3483 2260 Deus
3515 2221 3622 2261 non
3646 2205 3769 2273 fuit,
3788 2221 3879 2263 ac-

2273 2299 2535 2369 quiritur,
2580 2314 2704 2354 cum
2725 2298 2867 2355 Deus
2896 2311 3019 2354 esse
3046 2299 3224 2353 omnia
3253 2297 3306 2352 in
3335 2298 3587 2355 omnibus
3637 2298 3710 2372 (f)
3757 2308 3879 2371 post

2272 2397 2670 2447 sacramentum
2696 2388 3119 2460 dispensationis
3156 2388 3478 2445 ostenditur.
3534 2389 3727 2447 Nostra
3761 2391 3876 2450 haec

2271 2484 2453 2557 itaque
2499 2484 2647 2539 lucra
2700 2493 2861 2551 sunt,
2921 2493 2976 2539 et
3018 2486 3187 2540 nostri
3241 2485 3560 2555 profectus,
3621 2502 3720 2541 nos
3772 2487 3881 2542 sci-

2271 2576 2399 2633 licet
2437 2576 2746 2633 conformes
2780 2574 2855 2649 (g)
2912 2574 3183 2633 efﬁciendi
3225 2576 3414 2647 gloriae
3455 2578 3700 2649 corporis
3756 2578 3873 2636 Dei.

2269 2665 2535 2724 Caeterum
2558 2668 2864 2740 unigenitus
2886 2667 3051 2736 Deus,
3100 2669 3226 2725 licet
3273 2678 3329 2724 et
3366 2668 3531 2725 homo
3572 2679 3732 2726 natus
3778 2670 3872 2740 sit,

2270 2775 2377 2817 non
2409 2770 2585 2818 tamen
2611 2760 2755 2817 aliud
2785 2776 2945 2831 qttam
2969 2761 3113 2817 Deus
3150 2762 3329 2818 omnia
3371 2761 3424 2817 in
3463 2761 3711 2819 omnibus
3759 2770 3866 2819 est.

2269 2851 2543 2924 Snbjectio
2583 2853 2727 2909 enim
2770 2852 2862 2909 illa
2903 2853 3169 2924 corporis,
3213 2868 3311 2924 per
3359 2868 3518 2925 quam
3546 2853 3699 2926 quod
3746 2869 3868 2910 car-

2272 2946 2393 3002 nale
2417 2946 2494 3018 (Ιι)
2520 2946 2570 3003 ei
2617 2956 2721 3014 est,
2778 2948 2829 3001 in
2863 2955 3106 3001 naturam
3156 2946 3379 3017 spiritus
3407 2945 3716 3014 devoratur,
3748 2960 3872 3004 esse

2270 3042 2438 3098 Deum
2482 3042 2659 3097 omnia
2692 3041 2745 3097 in
2776 3041 3026 3097 omnibus
3054 3056 3199 3107 eum,
3241 3040 3333 3113 qui
3365 3050 3562 3112 praeter
3599 3041 3768 3098 Deum
3814 3050 3873 3098 et

2271 3133 2434 3190 homo
2459 3143 2562 3200 est,
2605 3133 2897 3188 constituet
2930 3149 2943 3186 :
2973 3142 3160 3189 noster
3182 3139 3360 3189 autem
3393 3132 3488 3188 ille
3518 3131 3683 3188 homo
3716 3132 3783 3204 (i)
3816 3132 3871 3189 in

566 3233 814 3280 mutatus.
844 3222 1135 3280 Deumesse
1156 3223 1329 3279 omnia
1379 3225 1434 3279 in
1463 3224 1696 3279 omnibus
1742 3225 2002 3295 profectus
2041 3243 2163 3282 nos-
2193 3213 2238 3276 C
2271 3225 2324 3280 id
2375 3225 2605 3295 proﬁcit.
2655 3225 2925 3281 Catterum
2971 3241 3070 3282 nos
3116 3226 3173 3281 in
3228 3225 3465 3282 hominis
3520 3225 3695 3282 nostri
3743 3241 3875 3282 con-

568 3326 645 3371 ter
670 3324 762 3372 est.
787 3344 857 3358 —
875 3313 983 3372 Sed
1012 3330 1080 3371 ne
1106 3314 1162 3370 in
1186 3316 1517 3387 unigenitum
1540 3314 1756 3388 quidem
1784 3317 1949 3372 Deum
1981 3316 2170 3374 demu-

570 3408 749 3465 tandac
776 3418 982 3465 natura:
1003 3408 1150 3465 cadit
1180 3411 1496 3467 necessitas.
1531 3411 1673 3467 Deus
1700 3410 1845 3466 enim
1888 3418 1993 3479 est,
2024 3410 2167 3482 quod

564 3503 743 3577 plenae
782 3517 846 3560 ac
897 3502 1153 3575 perfecta:
1196 3503 1501 3559 divinitatis
1545 3512 1631 3561 est
1668 3519 1888 3560 nomen.
1934 3502 2067 3559 Nam
2108 3513 2168 3560 ut

569 3595 821 3669 superius
858 3595 1164 3663 docuimus,
1201 3605 1258 3653 et
1298 3595 1544 3667 repetita:
1590 3597 1775 3668 gloriae
1817 3595 2161 3668 signiﬁcatio,

571 3697 629 3745 et
696 3687 1046 3754 subiectionis
1107 3702 1269 3744 causa
1325 3698 1426 3757 est,
1472 3698 1529 3743 ut
1573 3689 1643 3744 sit
1688 3689 1832 3745 Deus
1891 3686 2072 3745 omnia
2110 3689 2166 3745 in

566 3780 854 3848 omnibus;
894 3797 1019 3839 esse
1066 3790 1248 3839 autem
1300 3781 1469 3838 Deum
1519 3783 1702 3838 omnia
1751 3783 1809 3838 in
1866 3766 2118 3839 omnibus
2146 3823 2164 3851 ,

564 3885 962 3933 sacramentum
1025 3886 1131 3944 est,
1173 3891 1281 3933 non
1315 3878 1631 3933 necessitas.
1695 3876 1754 3932 In
1804 3877 1976 3933 forma
2020 3877 2164 3933 enim

564 3966 666 4025 Dei
693 3981 921 4026 manens
944 3967 1171 4025 formam
1194 3967 1337 4027 servi
1357 3969 1671 4040 assumpsit,
1691 3982 1799 4026 non
1830 3968 2164 4039 demutatus,

641 4126 1010 4214 {illamc-
1261 4209 1272 4214 Α
1339 4200 1372 4214 ..
1437 4201 1467 4214 λ.
1628 4200 1641 4214 .

645 4178 1028 4273 lé'ftieésfa';
1061 4215 1192 4258 mox
1222 4209 1273 4257 et
1300 4200 1467 4269 effecti
1493 4200 1746 4274 cognitor.

636 4342 715 4415 (a)
738 4343 815 4398 Ita
852 4358 985 4399 mss.
1017 4345 1088 4399 At
1118 4342 1268 4407 editi,
1297 4342 1352 4397 in
1402 4345 1572 4399 modo.

637 4412 716 4485 (ὁ)
749 4416 802 4468 1η
828 4429 929 4469 ms.
958 4415 1169 4470 Martin.
1217 4415 1431 4470 internis
1486 4416 1730 4483 exterior,
1757 4415 1811 4469 in
1839 4412 2031 4482 effectis
2062 4429 2153 4468 co-

565 4487 749 4558 gnitor
783 4500 802 4539 :
827 4486 987 4542 male.
1020 4485 1098 4542 Ita
1153 4486 1455 4556 intelligere
1482 4498 1566 4558 est
1594 4487 1786 4553 e/I'ectis
1814 4488 2069 4558 conditor,
2096 4493 2156 4540 ut

564 4556 711 4615 Deus
739 4557 805 4628 iis
830 4574 938 4613 non
967 4566 1119 4628 egeat
1143 4574 1264 4627 qua:
1288 4557 1548 4626 condidit,
1574 4559 1663 4615 vel
1685 4559 1846 4614 etiam
1880 4566 1938 4611 ut
1965 4556 2154 4614 eﬁecta

562 4629 736 4686 Deum
763 4627 1373 4686 habeant’conditorem.

635 4699 705 4773 (c)
748 4698 1006 4756 Voculam
1048 4716 1123 4769 se,
1172 4701 1226 4755 in
1283 4700 1513 4771 vulgatis
1570 4701 1848 4767 omissam,
1904 4698 2157 4770 supplent

458 4762 461 4763 ⁷
564 4762 697 4829 ιιιέεξ

637 4841 720 4915 (d)
752 4842 809 4898 ln
837 4841 1060 4912 antiquo
1082 4857 1185 4896 ms.
1210 4839 1367 4896 Colb.
1397 4842 1508 4913 ipse
1533 4842 1618 4897 sit.

2273 3317 2501 3374 formem
2533 3318 2760 3391 gloriam
2791 3318 3160 3389 proﬁciemus,
3208 3318 3346 3375 etin
3395 3319 3723 3391 agnitionem
3772 3318 3870 3376 Dei

2272 3412 2537 3475 renovati,
2580 3410 2648 3464 ad
2691 3408 2968 3466 Creatoris
3000 3410 3290 3481 imaginem
3318 3410 3757 3481 reformabimur,
3784 3426 3873 3467 se-

2271 3504 2504 3559 cundum
2524 3501 2770 3574 Apostoli
2786 3502 2987 3558 dictum
3025 3519 3039 3557 :
3065 3502 3227 3558 Επειιὶ
3240 3513 3453 3559 veterem
3480 3504 3870 3578 Itomincchum

2270 3596 2466 3651 actibus
2486 3596 2618 3662 suis,
2650 3606 2697 3651 et
2724 3596 2892 3651 induti
2914 3613 3101 3652 novum
3127 3614 3264 3668 eum,
3292 3599 3379 3669 qui
3399 3599 3673 3655 innovatur
3703 3600 3781 3674 (4)
3816 3601 3872 3655 in

2273 3692 2582 3765 agnitionem
2603 3688 2704 3747 Dei
2722 3692 3004 3747 secundum
3031 3691 3306 3765 imaginem
3328 3696 3439 3766 ejus
3457 3695 3544 3765 qui
3573 3695 3765 3749 creavit
3795 3693 3874 3769 (j)

2262 3800 2390 3864 (eum
2421 3782 2644 3856 (Coloss.
2672 3799 2752 3850 nt,
2778 3784 2813 3841 9
2844 3794 2890 3839 et
2914 3783 3028 3857 10).
3054 3782 3473 3841 Consummatur
3509 3787 3687 3858 itaque
3706 3785 3872 3843 homo

2274 3877 2451 3948 imago
2478 3877 2594 3933 Dei.
2617 3876 2859 3949 Namque
2886 3875 3181 3934 conformis
3209 3877 3433 3936 effectus
3460 3879 3650 3951 gloriae
3674 3893 3872 3951 corpo-

2274 3969 2350 4026 ris
2383 3970 2499 4040 Dei,
2545 3971 2599 4027 in
2631 3969 2920 4043 imaginem
2971 3972 3248 4029 Creatoris
3290 3973 3524 4042 excedit,
3574 3974 3871 4033 secundum

2349 4129 2430 4200 (5)
2471 4129 2624 4186 Nihil
2645 4139 2791 4186 extra
2811 4139 2906 4199 est,
2935 4132 3053 4188 sine
3078 4149 3150 4189 se.

2346 4198 2429 4274 (4)
2467 4200 2534 4256 1n
2562 4203 2840 4275 agnitione.
2870 4198 2993 4259 Mox
3021 4204 3287 4262 omittitur
3310 4220 3425 4261 eum
3452 4213 3575 4278 post
3600 4209 3835 4279 creavit.f

2262 4357 2316 4397 ιι.
2350 4341 2422 4397 4:
2460 4341 2610 4417 Quod
2644 4350 2835 4417 autem,
2890 4344 3083 4415 inquit,
3129 4344 3362 4417 spiritale
3413 4344 3547 4402 dixit
3589 4363 3777 4417 corpus
3814 4349 3869 4405 in

2264 4415 2635 4489 resurrectione
2684 4416 2941 4489 futurunt,
2984 4432 3095 4489 non
3123 4415 3398 4488 propterea
3444 4415 3729 4489 putandum
3772 4429 3867 4489 est,

2263 4484 2404 4561 quod
2428 4501 2529 4538 non
2551 4484 2765 4561 corpus,
2794 4485 2886 4561 sed
2912 4484 3133 4561 spiritus
3152 4489 3251 4561 erit
3271 4505 3290 4543 :
3312 4490 3401 4544 sed
3422 4484 3655 4560 spiritale
3679 4484 3867 4561 corpus

2265 4556 2405 4632 omni
2442 4556 2593 4632 modo
2624 4557 2834 4632 spiritui
2860 4558 3123 4632 subditum
3158 4559 3284 4614 dicit
3308 4561 3420 4632 sine
3445 4556 3623 4632 aliqua
3651 4556 3870 4629 corrup-

2267 4630 2403 4682 tione
2429 4628 2507 4682 vel
2556 4637 2738 4703 morte.
2787 4627 3421 4703 lluic__interpretationi,
3468 4627 3553 4703 uti
3585 4633 3696 4703 jam
3725 4627 3867 4689 vidi-

2268 4713 2406 4776 mus,
2431 4699 2700 4776 consentit
2725 4699 3321 4776 nosterllilarius,_ttisi
3351 4702 3494 4773 quod
3531 4699 3867 4776 Augustinus

2188 4773 2244 4837 1)
2268 4770 2507 4844 spiritale
2531 4783 2736 4844 corpus
2779 4770 3043 4844 intelligat
3087 4770 3862 4844 subditum'spiritui'nostro,

2269 4842 2358 4917 ille
2377 4839 2774 4917 _divino.‘Unde
2792 4841 2852 4917 in
2885 4839 3026 4917 εδει.
3060 4858 3141 4917 1x,
3174 4860 3229 4897 n.
3252 4839 3586 4917 74,7ait'quod
3616 4861 3708 4917 per
3738 4839 3866 4901 sub-'-

638 4911 714 5006 (e)
754 4911 1101 5006 Excusigquia
1120 4933 1195 4986 id.
1223 4911 1557 5006 Concittnius
1572 4947 1712 5006 (mss,
1735 4933 1824 5004 qui
1843 4932 1911 4988 ad
1934 4932 1990 4987 id
2012 4950 2031 4989 :
2053 4947 2160 5005 quo

2258 4913 2536 4985 jectionem
2552 4911 2849 4996 obedientiaz
2877 4912 3061 5006 (Deo)z
3114 4915 3170 4968 in
3225 4911 3728 5006 divitirum—naniam
3765 4917 3865 4971 Itu-

567 5004 715 5061 Deus
740 5019 896 5060 suum
920 5004 1023 5060 sibi
1051 5017 1174 5059 esse
1203 5004 1521 5074 principium
1551 5004 1876 5060 declaretur.

636 5098 707 5172 (f)
742 5098 908 5172 §olus
935 5098 1112 5172 codex
1140 5097 1355 5172 Martia.
1388 5114 1481 5172 per
1507 5107 1883 5172 sacramentum
1906 5114 1926 5153 :
1979 5099 2158 5154 minus

564 5168 713 5227 vere.
739 5170 957 5240 Triplex
995 5171 1139 5226 enim
1182 5169 1269 5224 hic
1297 5170 1672 5225 consideratur
1709 5168 1909 5225 Christi
1962 5179 2155 5235 status,

562 5252 692 5314 puta
715 5241 767 5297 in
791 5242 960 5297 forma
988 5242 1104 5305 Dei,
1127 5240 1179 5296 in
1206 5244 1374 5314 forma
1396 5244 1560 5309 servi,
1583 5252 1632 5296 et
1656 5242 1709 5296 in
1735 5243 1904 5313 gloria
1932 5241 2027 5297 Dei
2055 5242 2157 5297 Pa-

562 5312 663 5369 tris
711 5328 724 5365 :
779 5323 949 5368 status
986 5322 1165 5368 autem
1224 5312 1433 5368 medius
1495 5322 1716 5368 vocatur
1744 5312 2155 5369 "sacramentum

560 5385 1001 5467 dispensationis,
1033 5398 1193 5456 quam
1214 5385 1431 5455 excepit
1452 5394 1688 5456 paterna:
1717 5385 1906 5456 gloriae
1930 5399 2158 5440 consor-

562 5465 718 5511 tium.

633 5526 732 5600 (g)
785 5526 1121 5600 Sic.magno
1174 5541 1444 5585 consensu
1494 5542 1627 5583 mss.
1679 5526 1752 5582 At
1790 5527 1843 5582 in
1889 5525 2156 5598 vulgatis,

563 5615 714 5655 ειιει.

590 5598 718 5670 ﬁci.
901 5598 907 5600 ⁷
1024 5598 1033 5599 ί

593 5761 604 5773 ,
635 5691 737 5816 (Ιι)1
754 5690 1107 5750 Rcstituimus
1130 5704 1198 5748 ex
1226 5707 1360 5750 mss.
1392 5694 1460 5760 ei,
1503 5693 1646 5766 quod
1674 5692 1860 5749 deerat
1901 5692 1954 5748 in
1992 5708 2158 5751 exeu-

595 5776 658 5815 ιε.
740 5779 817 5816 ωε
840 5764 1085 5816 nituntur
1110 5764 1291 5816 verbis
1315 5765 1582 5816 Anosloli.
1626 5763 1816 5816 Suraet
1837 5780 2024 5816 cornus
2050 5767 2158 5816 sni-

561 5763 817 5837 sis._Haec
840 5764 1085 5837 nituntur
1110 5764 1291 5837 verbis
1315 5763 1582 5837 Apostoli,
1626 5763 1816 5837 Surget
1837 5780 2024 5837 corpus
2050 5767 2159 5837 spi-

2265 4983 2433 5038 ntana:
2476 4983 2840 5057 assumptionis
2881 4983 3210 5057 absorbeatur
3259 4986 3550 5057 inﬁrmitas.
3599 4987 3863 5045 Remanet

2267 5068 2444 5110 autem
2473 5056 2614 5127 quod
2647 5054 2830 5110 obedit
2861 5072 2886 5127 :_
2907 5054 3001 5110 scd
3031 5071 3137 5111 non
3172 5054 3417 5127 remanet
3447 5060 3707 5115 naturalis
3727 5075 3861 5116 con-

2265 5127 2399 5203 ditio
2423 5125 2757 5195 carnis,sive
2776 5135 2836 5203 ιιι
2856 5125 3074 5203 dicitur,
3104 5143 3159 5181 n.
3209 5125 3281 5184 40
3313 5145 3334 5203 :_
3374 5133 3565 5185 terreni
3609 5132 3858 5203 corporis,

2265 5200 2348 5251 cui
2372 5212 2436 5252 ex
2466 5214 2526 5254 se
2553 5197 2827 5268 corruptio
2856 5198 3034 5253 debita
3063 5209 3145 5254 est
3174 5218 3187 5254 :
3223 5208 3284 5254 ut
3322 5201 3374 5255 in
3421 5197 3721 5258 naturalem
3766 5197 3863 5259 Dei

2266 5269 2631 5326 conditionem
2673 5278 2930 5338 transeat,
2981 5270 3343 5343 corruptionis
3393 5288 3616 5343 prorsus
3665 5289 3863 5345 exper-

2266 5345 2374 5395 tem
2383 5379 2395 5393 .

2340 5410 2407 5482 (i)
2441 5410 2721 5478 Vat.,bas.
2754 5427 2860 5468 ms.
2882 5412 2936 5466 in
2968 5411 3097 5468 Deo.
3128 5412 3279 5469 Unus
3305 5412 3457 5472 Colb.
3484 5423 3540 5471 et
3566 5416 3704 5472 alter
3733 5415 3862 5474 Sor-

2268 5482 2397 5558 bon.
2429 5485 2483 5537 in
2509 5484 2826 5558 eo_p_ro[ecit.
2865 5484 2962 5540 Hic
2985 5491 3169 5539 notatu
3197 5485 3417 5557 dignum
3446 5495 3549 5551 est.
3571 5489 3662 5558 qui
3688 5499 3861 5545 noster

2268 5553 2424 5626 homo
2446 5570 2472 5626 a
2506 5556 2662 5611 nobis
2686 5555 3045 5626 distinguatur
3077 5573 3091 5609 :
3120 5566 3177 5611 nt
3203 5553 3445 5612 nastrum
3476 5553 3747 5616 hominem
3769 5559 3856 5616 di-

2265 5635 2357 5701 cat
2378 5624 2619 5701 Allilarius
2651 5624 2896 5701 naturam
2926 5640 2954 5681 a
2986 5625 3204 5683 Christo
3224 5636 3581 5701 ‘assumptam.

2337 5696 2509 5775 (j)_ln
2529 5698 2918 5775 vetustioribus
2948 5711 3085 5775 mss1
3111 5714 3215 5775 non
3247 5696 3432 5755 exstat
3468 5718 3583 5775 eunt
3622 5717 3713 5775 :c
3742 5702 3862 5775 qni-

2258 5765 2603 5840 busMartin.
2637 5778 2792 5826 antea
2820 5768 3002 5840 habet,
3034 5768 3229 5826 Exuite
3266 5781 3483 5829 veterem
3528 5765 3855 5837 hominen}...

559 5830 710 5884 ritate
735 5847 754 5885 .-
783 5845 902 5901 qua:
923 5834 1202 5903 explicans
1222 5830 1554 5905 Augustinus
1567 5830 1764 5892 contra
1784 5830 1963 5892 'Adini.
1988 5850 2041 5891 c.
2062 5830 2153 5907 1'2,
2256 5847 2306 5892 et
2335 5839 2551 5895 induite.
