4286 6264
445 325 555 382 455

1642 323 1730 380 ne
1760 291 2139 382 TRINITATE
2181 322 2388 382 LIBER
2427 324 2540 382 xu.

3638 334 3750 392 ιδι

443 443 762 513 dispositam
793 441 949 512 primi
984 441 1214 498 hominis
1261 441 1653 513 ﬁgurationem.
1685 442 1753 497 Et
1775 448 1894 512 post
1921 454 2047 512 pec—
2073 439 2127 502 Α
2225 441 2402 495 denter
2427 442 2743 499 demonstrat
2768 443 3064 512 Sapientia,
3094 462 3212 500 cum
3245 461 3348 501 non
3375 448 3526 504 modo
3551 465 3606 504 se
3628 459 3750 506 ante

443 548 624 596 catum
650 547 996 608 veteremque
1027 537 1323 602 hominem,
1356 537 1408 592 in
1453 536 1779 608 agnitionem
1814 537 1908 592 Dei
1941 552 2040 591 no-

442 646 546 686 vus
573 629 735 685 homo
760 627 955 695 factus,
1002 629 1405 684 constitutionis
1441 643 1553 684 suae
1583 629 1790 685 obtinet
1834 629 2040 699 perlec-

444 723 669 786 tionem,
702 737 1002 793 agnoscens
1029 721 1193 777 Deum
1217 737 1394 790 suum,
1420 732 1474 777 et
1497 737 1591 792 per
1613 723 1664 777 id
1691 723 1866 794 imago
1888 722 2039 792 ejus:

443 827 498 875 et
527 833 622 889 per
649 817 962 888 religionem
995 817 1280 888 proﬁciens
1307 817 1371 872 ad
1415 817 1794 886 :eternitatem,
1851 824 1907 874 et
1946 832 2042 888 per

441 917 800 974 :eternilatem
827 915 1102 972 Creatoris
1127 917 1208 972 sui
1241 917 1415 986 imago
1444 930 1750 971 mansurus.

686 1071 1046 1146 407.403
1087 1069 1291 1128 LIBER
1332 1067 1794 1127 DUODECIMUS.

444 1187 698 1243 Adversus
724 1187 972 1242 solemnia
1015 1187 1374 1242 heerelicorum
1408 1185 1584 1252 effata,
1627 1184 1742 1240 Non
1766 1184 1866 1240 fuit
1889 1193 2042 1242 ante-

517 1297 674 1352 quam
708 1288 1042 1346 nasceretur,
1087 1289 1160 1345 et,
1209 1279 1282 1334 De
1329 1294 1434 1333 non
1481 1278 1818 1333 exstantibus
1868 1276 2040 1332 factus

513 1381 616 1439 est,
656 1382 900 1428 cateruam
939 1373 1263 1439 divinumque
1287 1371 1472 1426 Christi
1498 1370 1813 1425 nativitatem
1850 1379 2035 1426 tuetur.

511 1466 580 1521 Et
605 1467 710 1521 illis
735 1466 940 1535 quidem
986 1465 1266 1520 volentibus
1301 1475 1589 1520 creaturam
1616 1481 1729 1519 eum
1762 1481 1889 1531 esse,
1918 1465 2040 1535 quia

512 1558 575 1612 de
599 1574 652 1613 se
692 1557 974 1628 Sapientia:
1026 1559 1227 1613 nomine
1269 1558 1476 1624 dixerit,
1525 1558 1787 1613 Dominus
1837 1557 2041 1613 creavit

517 1666 618 1716 me,
650 1652 839 1707 resistit
870 1651 1142 1717 Hilarius;
1169 1652 1221 1706 1ο
1244 1653 1365 1722 quia
1403 1653 1590 1707 colitur
1631 1651 1884 1719 Christus,
1921 1667 2037 1706 cum

516 1748 694 1801 vetitus
723 1748 787 1801 sit
816 1746 982 1800 cultus
1003 1755 1254 1800 creatura:
1270 1763 1289 1813 ;
1318 1745 1382 1800 2ο
1423 1747 1550 1816 quia
1594 1755 1776 1801 cuncta
1804 1761 1894 1815 per
1921 1761 2036 1800 eum

513 1839 718 1893 condita
745 1851 884 1905 sunt,
932 1850 978 1893 et
1026 1841 1293 1909 proprium
1323 1839 1367 1895 ei
1407 1837 1663 1894 Creatoris
1706 1850 1778 1894 est
1824 1857 2037 1904 nomen;
2069 1840 2116 1900 B

517 1932 573 1989 5°
600 1934 720 2003 quia
751 1937 801 1987 iu
829 1949 944 1986 eum
977 1950 1076 1988 non
1106 1935 1242 1987 cadit
1271 1944 1324 1988 ut
1375 1944 1563 2004 speret,
1632 1943 1684 1988 ut
1723 1935 1929 1997 serviat,
1979 1941 2036 1987 ut

515 2045 614 2083 non
639 2038 821 2101 sponte
863 2029 1120 2100 subjectus
1168 2031 1251 2094 sit,
1297 2039 1350 2084 ut
1391 2029 1683 2084 liberandus
1714 2029 1778 2083 sit
1807 2043 1826 2082 :
1855 2028 2035 2098 quibus

515 2122 735 2176 obnoxia
757 2132 848 2189 est,
879 2124 1159 2178 secundum
1186 2124 1512 2194 Apostolum,
1547 2127 1712 2179 onmis
1759 2136 2034 2191 creatura;

513 2217 578 2273 4ο
601 2217 723 2282 quia
751 2233 863 2271 cum
894 2219 1064 2287 forma
1102 2217 1199 2273 Dei
1228 2219 1294 2272 sit
1333 2229 1518 2272 natura
1546 2218 1664 2288 Dei,
1708 2220 1751 2274 si
1801 2219 2036 2274 Christus

511 2310 564 2364 iu
589 2311 756 2380 forma
776 2310 876 2365 Dei
902 2329 1114 2369 manens
1144 2324 1381 2369 creatura
1409 2323 1504 2380 est,
1539 2315 1633 2368 erit
1661 2331 1858 2386 quoque
1877 2313 2035 2369 Pater

513 2413 784 2469 creatura;
815 2405 878 2460 5°
902 2407 1022 2477 quia
1054 2405 1202 2461 Patri
1249 2417 1296 2461 et
1326 2406 1466 2462 Filio
1495 2409 1710 2480 cequalis
1754 2407 1918 2462 honor
1963 2417 2035 2462 est

515 2495 857 2568 deferendas;
903 2497 964 2552 ϐυ
1012 2501 1134 2570 quia
1173 2498 1329 2553 Pater
1378 2499 1510 2554 uteri
1559 2500 1762 2554 nomine
1811 2499 1959 2555 illuni
2009 2517 2036 2554 e

515 2593 725 2662 propria
750 2592 1039 2647 substantia
1065 2610 1174 2648 sese
1201 2595 1434 2667 genuisse
1457 2596 1712 2667 significat
1738 2610 1757 2650 :
1781 2604 2036 2667 postremo

515 2685 634 2754 quia
663 2701 916 2753 nusquam
937 2701 1051 2738 eum
1076 2683 1234 2741 Pater
1263 2687 1361 2740 nisi
1393 2689 1661 2759 proprium
1706 2685 1905 2740 Filium
1941 2703 2036 2755 ap-

513 2777 691 2848 pellat,
717 2795 810 2832 nec
837 2778 925 2832 ille
955 2777 1115 2831 Deum
1146 2779 1245 2832 nisi
1271 2781 1540 2850 proprium
1585 2779 1811 2835 Patrem.
1847 2777 2037 2834 Contra

511 2872 604 2925 alii
631 2870 760 2925 Filii
781 2873 1138 2946 significantur
1175 2875 1321 2944 facti,
1371 2891 1470 2928 non
1511 2875 1650 2939 nati;
1690 2891 1780 2928 nec
1819 2890 2036 2943 usquam

513 2967 840 3038 praprietatis
867 2968 1071 3021 nomine
1117 2967 1393 3023 donantur.
1447 2966 1546 3022 Ubi
1591 2967 1726 3022 enim
1753 2968 1826 3022 ait
1870 2966 2032 3034 Deus,

512 3059 680 3116 Filios
706 3061 896 3132 genui,
927 3078 1030 3117 non
1054 3062 1201 3118 addit
1227 3076 1396 3118 meos.
1422 3062 1514 3116 lta
1537 3079 1651 3117 vero
1678 3063 1819 3126 dicit,
1867 3061 2036 3117 Filius

512 3169 662 3209 meus
693 3154 1079 3226 primogenitus
1110 3155 1296 3220 Israel,
1340 3164 1392 3210 ut
1422 3170 1576 3212 meus
1625 3157 1680 3210 in
1725 3153 2036 3227 primogeni-

515 3257 641 3310 tum,
674 3265 775 3302 non
801 3249 855 3303 in
881 3247 1075 3304 Filium
1098 3251 1270 3304 cadat.

439 3337 640 3394 Deinde
667 3341 1000 3396 aeternitatem
1026 3343 1232 3414 attingit
1258 3343 1536 3397 nativitatis
1563 3342 1776 3410 Cltristi,
1809 3362 1842 3398 a
1885 3352 2036 3399 crete-

511 3449 686 3487 rarum
707 3450 880 3489 rerum
918 3435 1114 3508 origine
1155 3451 1212 3491 eo
1262 3434 1563 3505 differentis,
1610 3439 1748 3509 quod
1789 3439 1895 3495 illae
1946 3457 2037 3513 per

513 3541 719 3580 causam
747 3543 861 3596 qua:
889 3544 952 3582 es:
979 3527 1140 3582 nihilo
1182 3529 1264 3594 sit,
1320 3538 1369 3584 et
1412 3540 1525 3600 post
1553 3539 1750 3602 tempus
1788 3549 1888 3603 quo
1932 3550 2035 3588 non

511 3618 724 3690 fuerint,
748 3621 913 3690 ﬁant;
957 3621 1066 3691 ipse
1091 3637 1208 3677 vero
1234 3639 1347 3677 cum
1374 3640 1437 3678 ea:
1457 3641 1515 3678 eo
1544 3627 1608 3678 sit
1639 3627 1727 3696 qui
1751 3637 1846 3694 est,
1877 3643 2036 3698 neque

511 3728 612 3766 non
638 3713 940 3782 aliquando,
967 3731 1130 3786 neque
1167 3731 1230 3770 ea:
1273 3731 1430 3772 causa
1468 3717 1630 3773 nihilo
1669 3735 1908 3790 umquam
1946 3719 2035 3774 ob-

512 3805 666 3859 noxia
686 3807 862 3875 fuerit.

444 3896 849 3968 Objeetantibus,
883 3901 944 3956 Si
971 3911 1118 3957 natus
1171 3914 1261 3967 est,
1306 3904 1581 3975 aliquando
1616 3921 1716 3960 non
1768 3905 1902 3976 fuit;
1933 3922 2034 3961 non

510 3992 642 4045 enim
665 3993 764 4062 fuit
808 4003 1079 4066 antequam
1106 3983 1394 4052 nasceretur
1423 4014 1441 4051 :
1471 3997 1783 4066 Respondet,
1835 3999 2031 4054 Filium

512 4086 574 4139 ab
598 4095 789 4141 (eterna
813 4086 973 4143 Patre
1000 4098 1195 4155 natum,
1224 4091 1433 4162 perinde
1458 4099 1704 4145 cateruam
1727 4109 1851 4147 esse.

437 4176 519 4231 Ad
541 4178 593 4231 id
620 4181 758 4251 quod
784 4191 1054 4250 reponunt,
1092 4183 1254 4236 Omne
1276 4184 1412 4252 quod
1443 4193 1620 4238 uatuut
1644 4197 1735 4252 est,
1764 4202 1864 4238 nou
1893 4188 2032 4257 fuit;

509 4272 628 4340 quia
653 4273 704 4324 iu
736 4273 789 4325 id
810 4284 985 4328 natum
1011 4285 1080 4328 est
1113 4284 1167 4328 ut
1189 4284 1312 4330 esset
1346 4292 1364 4328 :
1401 4275 1496 4328 hoc
1532 4276 1594 4329 de
1622 4277 1771 4331 rebus
1798 4278 2034 4334 humanis

515 4359 765 4435 concedit,
799 4378 949 4443 negat
977 4370 1040 4424 de
1066 4369 1272 4436 divinis,
1299 4370 1349 4422 in
1394 4369 1576 4439 quibus
1622 4380 1680 4424 ut
1720 4389 1919 4442 semper
1959 4384 2033 4427 est

515 4465 693 4532 Pater,
722 4466 794 4519 ita
823 4475 867 4519 et
893 4479 1090 4534 semper
1117 4473 1191 4518 est
1228 4461 1393 4517 Filius
1430 4479 1447 4516 :
1482 4467 1629 4536 cujus
1655 4465 1892 4520 nativitas
1919 4482 2032 4520 cum

509 4568 627 4614 ante
649 4570 879 4630 tempora
918 4566 1110 4613 (eterna
1147 4555 1232 4622 sit,
1278 4571 1369 4610 nec
1396 4555 1614 4626 tempori
1643 4556 1887 4628 subjacet,
1940 4573 2032 4613 nec

508 4662 681 4706 nostro
708 4653 900 4706 sensui.

437 4742 644 4800 Instant
673 4761 692 4799 :
719 4745 781 4799 Si
810 4761 908 4798 nou
937 4744 1214 4816 percipitur
1235 4760 1334 4798 non
1357 4743 1517 4814 fuisse
1541 4753 1816 4812 antequam
1861 4751 2030 4810 natus,

510 4836 802 4891 sentiendus
831 4846 904 4890 est
944 4847 1094 4891 natus
1115 4852 1224 4891 esse
1251 4837 1337 4907 qui
1355 4846 1484 4891 erat.
1529 4837 1729 4905 Quibus
1765 4839 2031 4910 responsio

510 4944 602 4997 est,
663 4948 775 4988 eum
805 4933 891 5003 qui
943 4941 1094 4986 natus
1141 4932 1473 5001 prtedicatur,
1532 4948 1633 4985 non
1662 4933 1859 5005 percipi
1889 4932 2034 5003 prius

509 5027 669 5098 fuisse
694 5042 714 5091 ;
740 5027 984 5081 sicutnec
1004 5024 1221 5096 intelligi
1259 5023 1540 5095 aliquando
1578 5041 1680 5079 non
1724 5025 1904 5095 fuisse,
1949 5025 2037 5096 qui

511 5136 710 5191 semper
741 5128 892 5173 natus
912 5119 1149 5173 sentitur.

440 5212 622 5284 Neque
648 5214 896 5284 efﬁcacius
927 5211 1096 5266 Deum
1121 5227 1222 5266 non
1254 5226 1452 5280 semper
1477 5219 1674 5282 patrem
1715 5211 1874 5281 fuisse
1914 5228 2037 5267 con-

511 5307 744 5376 ﬁngunt;
784 5305 830 5357 si
869 5304 1072 5375 quidem
1113 5319 1179 5357 ea:
1218 5301 1532 5366 Salomonis,
1578 5301 1747 5356 David
1789 5312 1834 5357 et
1876 5301 2034 5359 Pauli

510 5400 671 5454 verbis
693 5415 793 5453 non
818 5398 1056 5471 ambigua
1079 5407 1153 5454 est
1175 5395 1302 5451 Filii
1323 5397 1599 5452 reternitas.
1635 5395 1782 5452 lianc
1818 5399 1892 5453 ita
1933 5399 2037 5453 evi-

515 5519 590 5592 (a)
622 5518 958 5592 Vet_crrimus
997 5517 1164 5592 codex
1210 5513 1380 5592 V’atic.
1406 5513 1519 5568 bas.
1564 5527 1774 5592 necnon
1808 5513 2040 5592 _Tel_lcr.,

440 5584 678 5660 Reinig.,
704 5588 920 5660 Themi.
937 5584 999 5642 sc
1025 5589 1249 5642 (ὶίδιιειοο.
1273 5587 1374 5641 hoc
1397 5601 1505 5655 prae
1526 5599 1583 5640 se
1610 5584 1807 5660 l'er_unt_
1808 5586 2042 5640 initium:

439 5662 577 5731 Lege
603 5657 764 5721 frater
786 5663 838 5714 in
861 5659 1066 5731 Christo
1095 5669 1140 5712 et
1168 5673 1371 5712 sensum
1397 5658 1748 5712 accommoda.
1765 5657 1901 5714 Tum
1921 5672 2043 5712 cum

443 5730 570 5790 aliis
603 5735 826 5797 habent,
864 5730 1283 5794 Tendimus,etc.

522 5803 598 5878 (ti)
628 5803 794 5860 iidem
838 5817 970 5861 niss.
1007 5817 1218 5863 necnon
1261 5799 1475 5864 Martin.
1525 5799 1614 5858 hic
1651 5803 1966 5869 subtexunt,
1993 5802 2048 5856 in

448 5883 602 5945 opere
631 5890 743 5930 suo.

2219 535 2406 589 stecula
2432 535 2722 605 fundatam,
2755 535 2844 590 sed
2865 545 2912 591 et
2940 547 3144 593 (eterna:
3177 555 3348 594 rerum
3376 542 3747 612 prwparationi

2215 627 2463 697 adfuisse,
2494 638 2542 684 et
2561 630 2770 698 perinde
2790 632 2990 684 aeternis
3013 641 3319 687 eoreternam
3337 650 3448 689 esse
3474 636 3742 693 declarat:

2215 728 2272 772 ut
2319 719 2580 775 Christum
2623 731 2741 776 ante
2784 721 3010 778 Mariam
3054 726 3311 781 exstitisse
3355 726 3572 783 Judteus
3624 729 3746 786 hinc

2217 814 2446 867 convinci
2485 814 2639 885 facile
2671 815 2848 884 possit.

2146 903 2372 960 Moveret
2400 908 2531 976 forte
2556 907 2693 976 quod
2720 917 2944 962 creatam
2974 925 3028 964 se
3057 909 3214 978 dicat,
3248 911 3346 965 nisi
3385 927 3439 966 se
3465 911 3669 970 doceret
3692 923 3743 970 et

2217 1000 2456 1069 genitam.
2485 997 2664 1070 Neque
2693 1018 2808 1056 vero
2834 1002 3056 1073 idipsum
3084 1005 3284 1060 duobus
3328 1005 3490 1061 verbis
3537 1009 3740 1078 signifi-

2217 1107 2357 1146 casse
2385 1092 2727 1148 existimanda
2755 1105 2850 1161 est,
2879 1112 2993 1164 qua:
3036 1108 3259 1152 creatam
3298 1089 3354 1152 se
3394 1115 3486 1168 per
3509 1115 3740 1170 causam,

2219 1197 2338 1243 ante
2365 1205 2576 1242 causam
2605 1199 2774 1244 autem
2794 1192 3019 1263 genitam
3051 1194 3338 1262 profitetur.

2143 1279 2233 1335 Ita
2254 1281 2408 1334 etiam
2451 1281 2572 1334 dum
2605 1281 2814 1337 Patrem
2845 1283 3020 1338 mundi
3051 1285 3408 1356 fabricator-em
3435 1301 3544 1341 esse
3573 1289 3739 1355 docet,

2215 1374 2427 1443 impiqu
2455 1375 2602 1428 illum
2648 1391 2851 1430 sensum
2899 1387 3090 1443 enecat,
3123 1394 3225 1448 quo
3270 1379 3436 1448 ipsam
3482 1381 3536 1434 in
3587 1396 3746 1450 opera

2219 1479 2443 1522 creatam
2472 1471 2543 1523 ita
2573 1471 2992 1541 interpretantur,
3026 1480 3082 1526 ut
3107 1473 3282 1527 swculi
3310 1473 3558 1544 efficiendi
3586 1489 3743 1530 causa

2215 1559 2448 1615 Christus
2483 1563 2702 1631 primum
2731 1563 2936 1631 eﬂ'ectus
2975 1565 3041 1618 sit
3087 1582 3106 1620 :
3154 1581 3269 1619 eum
3308 1581 3409 1619 non
3438 1567 3741 1634 nativitatis,

2213 1655 2304 1708 sed
2328 1656 2726 1726 dispensationis
2751 1674 2859 1712 sua:
2877 1669 3106 1729 respectu
3135 1659 3370 1714 Christus
3394 1659 3562 1715 dictus
3590 1661 3658 1714 sit
3685 1662 3742 1714 in

2213 1762 2368 1816 Opera
2394 1758 2800 1816 creatus;quam
2827 1751 3032 1819 quidem
3058 1751 3495 1821 dispensationem
3538 1750 3601 1805 ab
3639 1751 3740 1805 ini-

2216 1843 2286 1896 tio
2307 1843 2482 1897 sazculi
2504 1843 2704 1909 abierit,
2737 1845 2860 1897 dum
2882 1861 2970 1913 per
2997 1855 3315 1916 assumptum
3349 1846 3504 1900 variae
3523 1845 3742 1901 creatio-

2215 1935 2295 1988 nis
2324 1936 2540 2004 speciem
2564 1934 2712 1998 Adae,
2745 1934 2894 2001 Cain,
2937 1935 3082 2004 Abel,
3107 1935 3246 2004 Noe,
3296 1937 3457 2009 Agar,
3499 1937 3740 2004 Abrahte,

2217 2025 2410 2096 Moysi,
2435 2024 2596 2078 Iacob
2619 2025 2836 2097 aliisque
2855 2025 3099 2081 Patribus
3115 2044 3168 2082 se
3187 2029 3582 2099 conspicabilem
3603 2045 3741 2100 prte-

2213 2119 2340 2174 buit.
2376 2117 2475 2173 Hic
2503 2119 2794 2191 attingitur,
2819 2136 2980 2190 neque
3005 2122 3237 2190 reficitur
3271 2131 3326 2176 ut
3353 2123 3535 2194 impia,
3566 2123 3657 2178 sed
3681 2131 3739 2178 ut

2211 2213 2436 2276 indocta,
2469 2212 2811 2280 quorumdam
2836 2213 3206 2286 interpretatio,
3229 2215 3314 2286 qui
3336 2224 3579 2269 aternam
3603 2231 3738 2286 quo-

2209 2321 2306 2376 que
2323 2305 2636 2359 nativitatem
2657 2306 2724 2360 ibi
2745 2316 2971 2361 creatum
2993 2324 3054 2361 ea
3069 2307 3178 2376 fere
3193 2309 3390 2364 ratione
3411 2307 3512 2363 dici
3528 2317 3740 2381 putant,

2209 2421 2308 2476 qua
2333 2402 2680 2461 Christumea;
2725 2404 2895 2459 Maria
2915 2421 3029 2460 vere
3073 2414 3269 2472 natum,
3323 2409 3519 2478 factum
3569 2414 3737 2461 tamen

2212 2498 2416 2555 Paulus
2445 2499 2785 2570 praedicarit:
2827 2507 2883 2554 ut
2924 2499 3168 2554 nimirum
3203 2500 3368 2554 omnis
3417 2499 3471 2552 in
3517 2515 3738 2570 genera-

2137 2616 2172 2646 ι-
2212 2593 2347 2648 tione
2373 2591 2513 2647 illius
2539 2592 2792 2662 passionis
2819 2591 2989 2663 opinio
3038 2602 3352 2646 amoveatur.
3380 2589 3609 2644 Tandem
3639 2589 3739 2644 Hi-

2212 2685 2374 2738 larius
2399 2685 2718 2756 confessione
2739 2683 2862 2754 ﬁdei
2883 2699 2989 2738 sate
3012 2683 3075 2740 de
3092 2682 3274 2751 Patre,
3302 2681 3445 2737 Filio
3461 2691 3510 2738 et
3531 2681 3735 2754 Spiritu

2211 2779 2404 2835 Sancto
2427 2778 2614 2833 librum
2639 2778 2771 2832 hunc
2793 2794 2853 2831 ac
2875 2786 3036 2832 totum
3065 2794 3195 2848 apus
3220 2777 3456 2832 absolvit.

2212 2873 2264 2927 1.
2289 2871 2454 2944 409
2477 2872 2603 2944 Ipsa
2632 2871 2988 2926 licereticoruns
3019 2871 3213 2944 objecta
3242 2871 3433 2925 ducum
3457 2867 3526 2924 ad
3546 2868 3734 2924 verita-

2140 2971 2366 3034 temg—
2423 2966 2495 3038 (a)
2542 2966 2833 3022 Tendimus
2885 2965 3122 3031 tandem,
3157 2965 3270 3036 jam
3311 2971 3498 3019 sancto
3528 2961 3735 3031 Spiritu

2141 3067 2519 3130 prosequente,
2551 3059 2618 3115 ad
2665 3067 2836 3114 tutum
2873 3073 3076 3114 securae
3104 3056 3232 3114 ﬁdei
3277 3055 3735 3128 tranquillumque

2141 3161 2375 3222 portum.
2409 3154 2585 3224 Atque
2621 3153 2696 3209 ita
2743 3162 2800 3207 ut
2833 3151 3002 3206 multo
3039 3150 3178 3206 mari
3219 3158 3485 3220 ventoque
3519 3147 3736 3219 iactatis

2064 3235 2109 3298 C
2141 3245 2386 3302 accidere
2415 3247 2714 3316 saepissime
2738 3245 2896 3313 solet,
2925 3253 2985 3300 ut
3004 3259 3126 3300 cum
3153 3259 3249 3300 eos
3285 3242 3427 3299 circa
3453 3255 3578 3298 oras
3602 3256 3732 3312 por-

2143 3346 2292 3394 tuum
2323 3340 2564 3410 impediti
2596 3347 2651 3396 et
2671 3355 2866 3413 graves
2882 3339 3076 3395 ﬂuctus
3093 3353 3497 3409 nonnumquam
3515 3351 3735 3394 moren—

2139 3440 2246 3499 tur,
2286 3433 2353 3488 ad
2400 3433 2644 3489 ultimum
2683 3434 2736 3490 in
2767 3441 2949 3488 notam
2993 3432 3098 3488 sibi
3138 3431 3408 3503 ﬁdamque
3445 3430 3736 3487 stationem

2139 3526 2254 3597 ipse
2284 3526 2374 3583 ille
2417 3528 2648 3599 ingentis
2676 3528 3038 3599 terribilisque
3074 3526 3234 3582 unda:
3271 3534 3436 3582 aestus
3466 3524 3728 3596 impellat.

2137 3619 2291 3688 Quod
2321 3621 2497 3689 nobis,
2522 3630 2580 3677 ut
2607 3637 2791 3693 spero,
2821 3620 3144 3677 duodecimo
3165 3619 3269 3674 hoc
3296 3619 3584 3675 adversum
3621 3616 3736 3673 bte-

2138 3716 2357 3772 retieam
2401 3725 2774 3789 tempestatem
2824 3714 3120 3771 nitentibus
3147 3714 3286 3769 libro
3323 3713 3640 3781 continget:
3675 3719 3734 3768 ut

2135 3823 2259 3865 cum
2290 3809 2343 3863 in
2372 3823 2438 3865 eo
2463 3810 2794 3881 gravissimae
2822 3807 3113 3878 impietatis
3141 3805 3326 3861 ﬂuctui
3345 3804 3730 3860 communitam

2137 3902 2359 3974 puppim
2391 3903 2600 3969 damus,
2628 3905 2742 3975 ipse
2770 3903 2862 3958 illc
2892 3915 2988 3957 nos
3007 3900 3202 3956 ﬂuctus
3226 3899 3293 3954 ad
3317 3906 3513 3969 optatae
3533 3897 3733 3969 quietis

2135 3996 2313 4050 sinum
2347 3994 2598 4051 devehat.
2630 3994 2892 4050 Omnibus
2911 3994 3055 4049 enim
3087 3993 3294 4049 incerto
3319 3991 3582 4049 doctrinm
3603 4007 3733 4048 ven-

2138 4099 2192 4145 to
2219 4090 2582 4156 circumactis,
2643 4087 2767 4144 hinc
2815 4095 3010 4152 metus,
3051 4085 3177 4143 hinc
3237 4085 3563 4158 periculum,
3605 4085 3733 4144 hinc

2137 4183 2300 4239 etiam
2324 4198 2468 4253 saepe
2495 4181 2827 4253 naufragium
2856 4191 2960 4248 est,
2983 4181 3106 4252 quia
3131 4180 3445 4252 unigenitus
3467 4180 3608 4235 Deus
3629 4180 3732 4238 sub

2135 4277 2450 4348 prophetica
2488 4275 2809 4331 auctoritate
2843 4283 3088 4331 creatura
3133 4287 3256 4330 esse
3303 4271 3639 4329 defenditur:
3671 4280 3734 4329 ut

2137 4371 2192 4426 in
2223 4385 2289 4426 eo
2331 4385 2438 4426 non
2469 4370 2539 4426 sit
2561 4369 2834 4436 nativitas,
2865 4367 2962 4424 sed
2991 4368 3216 4434 creatio,
3245 4369 3369 4439 quia
3398 4383 3469 4425 ex
3498 4381 3731 4439 persona

2134 4464 2424 4535 Sapientite
2451 4463 2652 4518 dictum
2680 4471 2784 4530 est,
2809 4461 3058 4518 Dominus
3087 4464 3274 4518 creavit
3296 4479 3372 4517 me
3394 4463 3599 4519 initium
3621 4463 3735 4519 via-

2134 4574 2251 4617 rum
2293 4574 2506 4613 suarum
2546 4554 2730 4629 (Prov.
2774 4557 2892 4622 vin,
2925 4553 3044 4626 22).
3070 4552 3146 4628 (b)
3178 4553 3275 4610 Hic
3303 4554 3499 4610 hiemis
3543 4569 3732 4611 eorum

2060 4632 2114 4694 D
2141 4653 2408 4708 maximus
2430 4650 2623 4706 ﬂuctus
2645 4659 2748 4719 est,
2768 4649 2885 4706 haec
2903 4650 3128 4705 tortuosi
3149 4648 3380 4704 turbinis
3399 4649 3733 4720 gravisunda
3819 4714 3824 4719 ,

2137 4753 2252 4802 est:
2280 4761 2398 4818 qua:
2425 4753 2652 4815 excepta
2688 4760 2718 4800 a
2744 4743 2920 4809 nobis,
2949 4752 3001 4798 et
3027 4756 3220 4799 securo
3249 4740 3459 4813 navigio
3486 4742 3734 4811 intracta,

2136 4855 2308 4912 usque
2335 4839 2400 4896 ad
2423 4841 2596 4911 ipsum
2615 4853 2716 4896 nos
2735 4839 3062 4896 tutissimum
3095 4846 3310 4910 portum
3339 4837 3506 4909 optati
3533 4835 3733 4898 littoris

2141 4934 2503 5004 prosequitur.

2211 5028 2266 5082 2.
2300 5024 2451 5082 Certa
2489 5027 2554 5082 de
2583 5024 2728 5082 Filio
2755 5025 2877 5096 ﬁdei
2915 5023 3206 5081 veritasJ—
3236 5025 3355 5082 Non
3382 5026 3603 5082 incertis
3640 5040 3737 5084 au-

2143 5128 2248 5175 tem
2278 5135 2454 5190 neque
2479 5120 2690 5186 otiosis,
2719 5129 3004 5174 nautarum
3028 5119 3211 5186 modo,
3243 5120 3469 5175 nitimur
3500 5120 3732 5191 spebus:

2139 5229 2276 5285 quos
2303 5214 2573 5269 interdum
2606 5213 2748 5270 votis
2780 5214 2952 5286 magis
2983 5230 3142 5285 quam
3171 5213 3366 5271 ﬁducia
3394 5215 3732 5288 navigantes,

2137 5308 2257 5378 vagi
2298 5307 2681 5378 instabilesque
2714 5309 2862 5364 venti
2889 5317 2981 5364 aut
3006 5308 3278 5375 deserunt,
3313 5317 3406 5364 aut
3433 5309 3730 5382 depellunt.

2137 5398 2406 5456 Cteternm
2442 5399 2598 5455 nobis
2638 5399 2793 5456 adest
2831 5398 2907 5471 (c)
2938 5399 3314 5471 inseparabilis
3345 5401 3466 5458 ﬁdei
3500 5402 3737 5473 Spiritus

2219 5514 2291 5588 (c)
2321 5512 2486 5582 Editi,
2522 5511 2922 5588 insuperabilis,-
2962 5512 3319 5588 renitentibus
3351 5528 3734 5588 magnorcon-

2149 5583 2312 5643 sensu
2355 5601 2488 5642 mss.
2521 5585 2618 5640 Hic
2644 5583 2891 5654 quredam
2922 5592 3006 5638 est
3035 5583 3318 5640 antithesis
3349 5583 3488 5640 inter
3509 5587 3734 5652 spiritus

2148 5667 2430 5713 ventorum
2462 5658 2551 5726 qui
2601 5666 2788 5710 nautas
2819 5669 2964 5725 saepe
3006 5655 3278 5722 deserunt,
3309 5665 3364 5710 et
3393 5656 3652 5724 Spiritum
3675 5660 3737 5712 li-

2153 5729 2238 5784 dei
2270 5728 2419 5800 quia
2461 5727 2710 5783 lidelibus
2756 5742 3047 5800 numquam
3097 5736 3396 5800 separatur.
3427 5729 3558 5784 Item
3610 5744 3736 5785 vera

2155 5798 2300 5855 ﬁdcs’
2320 5801 2612 5872 opponitur
2638 5800 2912 5872 pravitati
2938 5798 3336 5872 lia-reticerem,
3369 5801 3458 5870 qui
3506 5800 3742 5871 prophe-

2159 5873 2323 5927 lirttm
2351 5869 2404 5928 et
2427 5871 2791 5943 evangelicum
2824 5870 3086 5943 Spiritum
3113 5869 3353 5929 dividere
3376 5869 3751 5932 mox’oonvina
