4286 6264
432 289 545 349 457

1625 288 1715 348 DE
1764 285 2139 351 TRINITATE
2166 289 2374 352 LIBER
2408 290 2523 352 ΧΠ.

3638 305 3746 364 458

436 410 623 482 ptione
641 414 871 465 naturas.
898 405 1024 465 Hinc
1039 407 1183 464 enim
1205 406 1385 463 omnia
1405 416 1669 465 creatura:
1684 407 1905 480 propria
1921 420 2046 466 esse
2070 410 2124 478 Α
2150 408 2296 466 enim
2325 406 2532 468 eaedem
2553 410 2918 468 venerationis
2943 404 3185 481 ejusdem
3212 412 3377 469 sunt:
3409 409 3480 487 (e)
3509 414 3631 486 quia
3656 426 3749 472 aut

437 499 739 572 Apostolus
768 501 929 556 docet
957 517 971 554 :
1000 513 1030 554 a
1060 497 1257 571 quibus
1274 513 1371 570 per
1391 497 1739 571 longinquam
1760 508 2044 570 exspecta-

437 596 645 650 tionem
669 590 976 660 liberanda,
1006 594 1303 648 secundum
1343 590 1633 648 humanam
1662 591 1891 664 gloriam
1926 591 2042 647 cla-

438 695 641 743 rescet.
674 687 742 741 Et
768 702 802 741 o
830 684 1228 755 imprudentem
1251 684 1320 742 de
1342 684 1455 741 Deo
1479 695 1642 757 atque
1673 685 1889 756 impiam
1917 699 2044 756 pro-

440 778 760 845 fessionem,
818 777 905 832 his
976 792 1100 833 eum
1158 793 1253 847 per
1334 789 1602 833 creaturas
1656 777 2043 833 contumeliam

439 871 690 929 ludibriis
742 870 1026 943 deputare,
1059 879 1119 927 ut
1156 879 1358 942 Speret,
1390 879 1450 927 ut
1495 872 1719 942 serviat,
1743 881 1803 927 ut
1827 882 2045 928 coactus

441 966 530 1034 sit,
566 964 641 1038 (α)
679 975 739 1021 ιιι
779 965 1029 1035 cognitus
1060 963 1153 1029 sit,
1184 971 1245 1019 ut
1269 964 1581 1020 liberandus
1628 966 1700 1020 sit
1730 965 1782 1019 in
1824 974 2035 1031 nostra,

441 1059 636 1114 nonin
680 1071 798 1125 sua,
832 1072 952 1113 cum
1008 1056 1079 1114 de
1127 1058 1241 1113 suis
1270 1072 1370 1114 nos
1411 1057 1477 1113 ad
1530 1058 1734 1129 aliquid
1775 1057 2041 1129 proveha-

440 1168 587 1209 mur.

515 1246 567 1303 6.
603 1245 669 1303 Si
698 1253 935 1301 creatura
977 1251 1073 1313 est,
1113 1252 1350 1299 creatura
1382 1244 1574 1314 pariter
1602 1252 1676 1298 est
1704 1241 1902 1298 Pater:
1925 1243 2047 1313 quia

440 1334 589 1393 Filio
619 1346 805 1392 natura
833 1348 907 1393 est
946 1335 1142 1392 Patris.
1174 1336 1479 1393 Exinanitio
1531 1336 1682 1391 Verbi
1707 1344 1784 1391 est
1813 1335 2041 1391 abolitio.

440 1463 513 1475 —
533 1432 641 1489 Sed
684 1434 934 1505 impietas
971 1443 1159 1489 nostra
1184 1449 1307 1489 cum
1336 1431 1541 1504 ingenti
1596 1432 1837 1503 perﬁdiae
1869 1433 2045 1488 incre-

443 1534 633 1580 mento
660 1541 757 1595 per
788 1526 926 1582 hanc
951 1524 1155 1583 illicita:
1183 1527 1332 1581 vocis
1360 1525 1638 1581 audaciam
1668 1524 1908 1596 procedit
1933 1545 1945 1579 :
1988 1532 2047 1580 ut

440 1620 567 1690 quia
596 1617 765 1673 Filius
787 1627 1035 1674 creatura
1066 1620 1155 1685 sit,
1190 1616 1351 1674 Pater
1385 1633 1599 1690 quoque
1631 1634 1736 1674 non
1778 1617 1992 1673 diil'erat
2014 1631 2044 1673 a

442 1719 706 1765 creatura.
738 1705 991 1764 Christus
1033 1710 1178 1766 enim
1224 1710 1278 1764 in
1323 1710 1493 1764 forma
1520 1706 1618 1764 Dei
1655 1723 1899 1773 manens,
1930 1708 2046 1764 for-

2149 516 2393 558 summus
2438 502 2614 559 honor
2655 503 2875 576 indigne
2932 501 3277 560 inferioribus
3314 502 3608 577 deferetur,
3657 516 3750 566 aut

2148 607 2273 649 cum
2292 595 2621 650 contumelia
2643 595 2987 666 superiorum
3013 594 3267 653 inferiora
3290 594 3376 653 his
3395 601 3749 671 aaquabuhtur

2148 683 2202 740 in
2233 686 2459 741 honore.
2486 686 2657 743 Filius
2684 698 2863 743 autem
2894 684 2959 761 (Ι)
2989 687 3034 743 si
3064 697 3122 743 ut
3148 690 3353 746 creatio
3383 692 3562 762 potius
3588 708 3747 761 quam

2146 776 2399 832 uativitas
2425 776 2515 846 sit,
2548 794 2646 850 per
2692 781 3097 836 venerationem
3130 780 3210 856 (g)
3240 784 3612 853 exaequabitur
3647 785 3749 840 Pa-

2148 869 2218 925 tri
2250 886 2266 937 ;
2297 870 2443 926 nulla
2481 872 2638 927 nobis
2683 870 2873 944 religio
2900 872 3121 929 honoris
3160 874 3226 929 ad
3259 873 3475 932 Patrem
3501 885 3604 945 est,
3628 891 3748 934 cum

2148 969 2296 1018 tanta
2341 963 2502 1019 nobis
2536 964 2653 1035 ejus
2681 965 2962 1021 veneratio
2992 965 3238 1036 imposita
3291 968 3381 1034 sit,
3416 978 3615 1040 quanta
3662 979 3747 1026 est

2146 1062 2443 1110 creaturae:
2494 1053 2589 1110 sed
2637 1056 2761 1127 quia
2809 1055 2923 1111 Deo
2976 1055 3117 1128 patri
3144 1055 3201 1112 in
3230 1072 3316 1125 eo,
3370 1059 3512 1130 quod
3569 1075 3635 1116 ex
3685 1077 3751 1117 eo

2147 1146 2291 1200 Deus
2317 1156 2401 1202 est
2430 1155 2608 1215 natus,
2637 1148 2862 1218 aequalis
2885 1156 2968 1203 est
2992 1164 3007 1215 ;
3037 1162 3121 1205 est
3141 1153 3302 1206 etiam
3324 1152 3547 1223 aequalis
3570 1151 3625 1208 in
3652 1152 3751 1210 ho-

2147 1251 2300 1293 nore.
2329 1236 2497 1293 Filius
2525 1237 2668 1294 enim
2694 1248 2796 1307 est,
2832 1254 2940 1295 non
2966 1249 3237 1296 creatura.

2219 1330 2273 1385 8.
2305 1327 2448 1384 Deus
2490 1328 2722 1401 partibus
2756 1346 2938 1386 carens
2966 1346 3031 1386 ea:
3075 1341 3218 1387 utero
3264 1333 3452 1388 dicitur
3495 1336 3748 1407 genuisse,

2147 1424 2265 1495 quia
2293 1439 2357 1479 ea:
2374 1440 2446 1479 se.
2483 1423 2680 1478 Filium
2698 1424 2762 1478 de
2789 1424 2950 1479 nihilo
2975 1425 3259 1482 volentibus
3279 1443 3381 1483 non
3410 1431 3629 1501 suppetit
3651 1432 3751 1486 loci

2148 1515 2273 1570 dicti
2292 1532 2488 1571 sensus.
2506 1546 2577 1557 —
2596 1515 2665 1571 Et
2685 1516 2801 1572 haec
2821 1516 2890 1572 de
2907 1517 3000 1572 illo
3022 1519 3275 1589 praaclara
3299 1535 3405 1575 vox
3426 1520 3601 1576 Patris
3623 1530 3707 1579 est
3729 1564 3744 1591 ,

2149 1607 2236 1663 Ea:
2270 1619 2412 1663 utero
2450 1616 2568 1663 ante
2605 1607 2878 1680 luciferum
2927 1610 3080 1681 genui
3111 1618 3176 1665 te.
3223 1609 3339 1666 Non
3372 1611 3751 1682 przejudicatur

2149 1707 2326 1755 autem
2357 1700 2492 1768 Deo,
2543 1708 2600 1757 ut
2627 1714 2774 1771 saepe
2801 1699 2912 1771 jam
2962 1699 3220 1770 diximus,
3251 1716 3350 1772 per
3381 1702 3747 1761 inﬁrmitatem

440 1817 585 1857 mam
615 1801 758 1857 servi
784 1801 993 1872 accepit
1018 1820 1031 1856 :
1064 1811 1119 1856 et
1148 1801 1238 1872 qui
1269 1801 1324 1856 in
1355 1799 1529 1856 forma
1560 1800 1653 1856 Dei
1682 1808 1784 1866 est,
1813 1802 1859 1856 si
1890 1801 2042 1856 orca;

2156 1803 2351 1848 nostrae
2392 1792 2798 1863 intelligentiae;
2834 1802 2893 1849 ut
2934 1809 3032 1864 per
3062 1792 3141 1861 id,
3172 1794 3314 1866 quod
3363 1812 3427 1851 ea:
3466 1805 3611 1853 utero
3651 1812 3740 1869 ge-

441 1904 559 1951 tura
590 1904 677 1953 est
703 1937 719 1962 ,
750 1895 892 1951 Deus
929 1910 1036 1950 non
1067 1894 1242 1951 aberit
1267 1910 1296 1950 a
1324 1903 1594 1962 creatura,
1627 1895 1751 1965 quia
1781 1894 1833 1949 in
1868 1894 2040 1951 forma

442 1989 545 2046 Dei
586 1990 657 2045 sit
684 1999 953 2045 creatura.
990 1988 1125 2044 Esse
1161 1998 1338 2045 autem
1372 1990 1425 2044 in
1463 1988 1633 2044 forma
1663 1988 1777 2057 Dei,
1804 2002 1911 2044 non
1938 1988 2044 2044 alia

439 2079 800 2151 intelligentia
836 2087 943 2147 est,
991 2093 1152 2150 quam
1186 2080 1238 2134 in
1264 2078 1362 2134 Dei
1401 2094 1622 2134 manere
1668 2088 1899 2134 natura:
1946 2093 2045 2149 per

441 2173 590 2247 quod
639 2180 695 2229 et
741 2174 885 2229 Deus
932 2181 1181 2228 creatura
1224 2170 1388 2245 5.12
1428 2182 1531 2238 est,
1581 2171 1707 2242 quia
1754 2173 1806 2226 in
1853 2182 2046 2228 natura

441 2270 563 2338 ejus
601 2269 673 2323 sit
702 2277 976 2323 creatura.
1007 2266 1107 2336 Qui
1135 2276 1314 2322 autem
1343 2267 1396 2321 in
1438 2265 1610 2322 forma
1643 2267 1737 2322 Dei
1763 2273 1900 2332 erat,
1935 2266 2046 2324 Deo

444 2374 507 2416 se
530 2358 791 2431 aequalem
822 2372 946 2415 esse
970 2374 1077 2413 non
1108 2356 1283 2429 rapuit
1310 2372 1325 2422 ;
1354 2358 1474 2428 quia
1504 2372 1571 2413 ex
1593 2356 1688 2413 Dei
1718 2356 2044 2428 aequalitate,

444 2454 498 2508 id
516 2463 619 2519 est,
647 2468 711 2507 ex
745 2455 916 2507 forma
941 2450 1059 2521 ejus
1094 2451 1148 2505 in
1183 2450 1324 2505 servi
1354 2448 1582 2504 formam
1637 2448 1921 2505 decederet
1949 2450 1968 2522 (
1986 2449 2045 2505 V.

444 2545 538 2602 lib.
572 2560 646 2613 ix,
670 2561 725 2599 η.
759 2544 872 2616 14).
910 2542 1181 2600 Decedere
1210 2552 1388 2598 autem
1418 2558 1485 2598 ex
1521 2543 1632 2597 Deo
1664 2542 1719 2597 in
1748 2542 2044 2607 hominem,

443 2639 551 2694 nisi
598 2651 658 2693 se
708 2652 774 2693 ex
818 2635 915 2692 Dei
971 2636 1141 2691 forma
1190 2635 1331 2690 Deus
1371 2649 1660 2702 evacuans,
1696 2651 1803 2689 non
1850 2633 2043 2704 potuit.

443 2731 729 2787 Evacuans
773 2740 953 2784 autem
985 2744 1044 2783 se
1084 2743 1193 2783 non
1239 2727 1471 2783 abolitus
1498 2737 1602 2792 est,
1653 2727 1731 2799 (ὁ)
1759 2741 1825 2781 ne
1854 2735 2038 2793 esset;

442 2837 567 2879 cum
600 2830 748 2878 esset
772 2821 917 2876 aliud
944 2835 1101 2889 quam
1132 2820 1341 2875 fuisset.
1373 2817 1558 2889 Neque
1585 2817 1727 2872 enim
1754 2816 1952 2873 deiecit
1978 2832 2047 2873 ex

440 2929 588 2982 sese,
619 2915 708 2987 qui
740 2930 801 2971 se
844 2915 1123 2971 evacnavit
1146 2916 1200 2969 in
1255 2929 1406 2969 sese:
1438 2927 1559 2969 cum
1608 2911 1823 2967 virtutis
1848 2911 1920 2985 (ε)
1949 2927 2047 2982 po-

444 3016 615 3065 testas
643 3008 804 3064 etiam
860 3007 913 3063 iu
943 3005 1240 3063 evacuaudi
1280 3020 1342 3062 se
1385 3013 1654 3077 potestate
1691 3012 2043 3076 permaneat;

441 3107 501 3156 et
526 3100 580 3154 in
609 3095 841 3155 formam
874 3100 1018 3155 servi
1065 3098 1349 3166 transisse,
1399 3112 1509 3153 non
1551 3096 1625 3152 sit
1667 3106 1916 3152 naturam
1949 3096 2045 3154 Dei

2147 1887 2331 1942 nuisse
2372 1900 2432 1942 se
2469 1884 2606 1942 dixit
2646 1884 2821 1958 (Psal.
2869 1901 2979 1953 cur,
3009 1886 3088 1959 5),
3119 1901 3186 1943 ex
3228 1887 3472 1959 partibus
3516 1890 3750 1950 internis

2146 1978 2497 2049 externisque
2524 1994 2620 2050 per
2642 1978 2884 2035 membra
2911 1981 3255 2049 coeuntibus,
3301 1990 3575 2055 tamquam
3623 1999 3750 2042 cor-

2151 2072 2422 2143 poralium
2444 2087 2729 2128 causarum
2752 2070 3052 2143 originibus
3078 2075 3376 2130 consistat:
3428 2091 3550 2133 cum
3595 2086 3750 2134 extra

2144 2167 2477 2224 naturalium
2508 2165 2897 2223 necessitatum
2943 2182 3163 2224 causam
3192 2168 3333 2227 liber
3372 2181 3536 2243 atque
3587 2175 3751 2231 abso-

2152 2263 2316 2330 lutus,
2346 2271 2554 2318 natura:
2582 2262 2749 2319 totius
2780 2263 3035 2320 dominus
3082 2280 3328 2333 manens,
3358 2268 3750 2340 proprietatem

2150 2354 2445 2410 nativitatis
2473 2352 2748 2424 Unigeuiti
2768 2355 2851 2411 sui
2878 2371 2945 2411 ex
2974 2356 3378 2415 indemutabilis
3407 2370 3619 2417 naturae
3638 2376 3752 2418 suae

2150 2446 2343 2501 virtute
2356 2445 2727 2516 signiticet.Ex
2743 2447 2932 2517 spiritu
2950 2446 3483 2521 enimal35piritus
3499 2466 3748 2520 nascens,

2154 2539 2285 2596 licet
2314 2540 2381 2595 de
2410 2540 2741 2609 proprietate
2767 2540 3010 2610 spiritus,
3042 2556 3138 2611 per
3167 2558 3327 2612 quam
3355 2550 3412 2597 et
3442 2545 3557 2616 ipse
3586 2545 3751 2616 spiri~

2151 2643 2236 2689 tus
2254 2642 2358 2699 est,
2392 2643 2673 2689 nascatur:
2697 2648 2805 2688 non
2822 2639 3002 2688 tamen
3029 2633 3133 2688 alia
3145 2635 3194 2689 ei
3221 2644 3417 2704 praeter
3439 2651 3599 2708 quam
3628 2652 3753 2709 per-

2149 2726 2411 2782 fectarum
2441 2725 2520 2798 (ἡ)
2557 2735 2722 2797 atque
2776 2725 3240 2783 indemutabilium
3284 2744 3572 2785 causarum
3603 2727 3672 2785 ad
3700 2726 3752 2786 id

2151 2817 2293 2889 quod
2328 2820 2567 2875 nascitur
2603 2833 2765 2875 causa
2813 2828 2916 2875 est.
2947 2819 3015 2876 Et
3039 2837 3104 2876 ex
3136 2818 3472 2878 causa’licet
3515 2823 3750 2894 perfecta

2152 2918 2314 2980 atque
2342 2909 2710 2967 indemutabili
2756 2925 3002 2979 nascens,
3036 2926 3263 2969 necesse
3301 2921 3386 2969 est
3412 2929 3478 2969 ex
3503 2929 3664 2970 causa
3695 2916 3751 2972 in

2153 3017 2332 3058 causae
2360 3003 2527 3074 ipsius
2570 2993 2900 3075 proprietate
2931 3018 3200 3061 nascatur.
3235 3005 3544 3077 Proprietas
3569 3018 3752 3067 autem

2159 3092 2516 3150 humanarum
2550 3095 2614 3168 (i)
2644 3098 3028 3154 necessitatum
3059 3097 3197 3154 intra
3225 3112 3418 3154 causas
3452 3099 3590 3156 uteri
3620 3115 3754 3157 cou-

442 3192 768 3264 perdidisse,
802 3205 924 3248 cum
972 3190 1198 3246 formam
1248 3189 1342 3245 Dei
1387 3203 1677 3245 evacuasse
1721 3188 1856 3244 nihil
1901 3187 2045 3244 aliud
2075 3196 2121 3266 ρ
2153 3187 2373 3245 tinetur.
2400 3189 2505 3244 Sed
2536 3190 2646 3245 Deo
2669 3206 2776 3245 non
2823 3206 2890 3247 es
2948 3191 3188 3263 partibus
3235 3190 3303 3264 (i)
3352 3193 3614 3264 perfecto,
3655 3192 3754 3251 sed

442 3300 607 3357 quam
634 3286 807 3340 virtus
837 3283 1035 3340 divina
1059 3285 1129 3338 sit
1156 3283 1461 3354 potestatis.

519 3383 573 3437 7.
605 3380 748 3438 Filio
796 3381 1007 3437 debetur
1041 3380 1208 3436 honor
1234 3378 1446 3451 aequalis
1476 3375 1644 3434 Patri.
1668 3408 1742 3420 —
1770 3374 1923 3433 Adeo
1952 3391 2045 3432 au-

447 3484 558 3531 tem
588 3474 841 3531 informa
867 3476 963 3531 Dei
992 3489 1135 3540 esse,
1178 3473 1313 3528 nihil
1357 3471 1499 3527 aliud
1529 3479 1615 3528 est
1657 3486 1818 3543 quam
1860 3486 2044 3542 requa-

447 3569 554 3626 lem
585 3569 701 3625 Deo
746 3585 902 3626 esse:
953 3578 1013 3624 ut
1055 3567 1335 3638 aequalitas
1385 3564 1607 3622 honoris
1637 3564 1867 3621 Domino
1917 3564 2047 3621 Jesu

445 3660 692 3732 Christo,
713 3663 801 3733 qui
831 3662 885 3717 in
916 3662 1086 3716 forma
1106 3660 1202 3715 Dei
1229 3668 1334 3727 est,
1358 3657 1639 3726 debeatur,
1668 3658 1785 3728 ipso
1806 3657 2043 3713 dicente:

453 3752 523 3810 Ut
547 3770 720 3810 omnes
755 3754 1095 3824 honorificent
1128 3750 1349 3818 Filium,
1396 3752 1527 3806 sicut
1554 3749 1901 3819 honoriﬁcam
1942 3748 2046 3802 Pa-

450 3860 599 3905 trem.
633 3850 734 3918 Qui
756 3866 862 3904 non
885 3847 1197 3919 honoriﬁca!
1237 3843 1456 3909 Filium,
1486 3859 1590 3899 non
1613 3843 1915 3911 honori/ient
1938 3840 2047 3896 Pa-

450 3953 577 3998 trem
606 3944 696 4015 qui
720 3943 857 3998 misit
895 3942 1047 3997 illum
1078 3941 1258 4013 (Joan.
1289 3956 1346 4003 v,
1373 3939 1492 4008 25).
1534 3937 1836 4007 Numquam
1867 3936 2048 3992 diver-

450 4035 585 4093 sitas
612 4051 816 4106 rerum,
869 4034 971 4091 nisi
1001 4044 1056 4091 et
1084 4033 1164 4107 (ά)
1204 4034 1259 4090 in
1305 4035 1508 4091 honore
1547 4030 1766 4088 diverso
1794 4038 1897 4088 est.
1940 4030 2046 4088 Res

522 4218 603 4293 (α)
630 4218 1290 4293 Verba,_ut_eogn_itus_sit,
1319 4231 1440 4293 qua:
1454 4230 1652 4293 magno
1675 4228 1944 4271 consensu
1963 4214 2048 4270 ha-

458 4287 588 4347 bent
615 4305 747 4345 mss.
778 4291 889 4344 sola
921 4287 1087 4344 Mirazi
1111 4289 1277 4344 editio
1304 4288 1544 4343 retinuit.
1577 4287 1916 4356 Quamquam
1959 4294 2047 4341 at-

451 4362 738 4418 tendentes
763 4361 896 4416 illud
937 4360 1108 4421 Pauli,
1142 4358 1269 4431 Ipsa
1287 4369 1524 4431 creatura
1548 4358 1850 4431 liberabitur
1879 4376 1912 4412 a
1938 4373 2042 4412 ser-

455 4435 614 4488 uitute
634 4433 1002 4503 corruptionis,
1044 4430 1253 4486 necnon
1283 4430 1387 4485 hoc
1419 4430 1628 4495 Hilarii,
1661 4430 1852 4483 Seruus
1877 4439 2047 4483 autem

450 4522 563 4559 cum
586 4506 671 4571 sit,
702 4515 907 4559 maneat
956 4504 1106 4558 etiam
1132 4504 1187 4556 in
1216 4503 1538 4570 corruptione
1564 4510 1784 4566 naturae,
1819 4515 1916 4566 pro
1954 4516 2044 4554 co-

447 4577 624 4648 gnitus
650 4574 1043 4632 restituendum
1075 4589 1198 4630 esse
1222 4584 1496 4643 corruptus
1523 4572 1685 4628 dubio
1724 4571 1910 4644 procul
1943 4571 2042 4626 du-

450 4664 645 4702 Clllllls.

525 4719 596 4789 (b)
637 4718 800 4783 Editi,
828 4726 1008 4772 utnon
1035 4726 1198 4789 esset:
1226 4715 1447 4789 Aliquot
1476 4728 1610 4770 mss.
1656 4729 1721 4768 ne
1749 4729 1852 4767 non
1899 4723 2048 4789 esset.

451 4785 875 4846 At'v'etustiores
906 4805 969 4842 ne
988 4797 1134 4842 esset.
1168 4786 1434 4841 Particula
1462 4803 1543 4851 ne,
1578 4799 1675 4857 pro
1696 4796 1749 4839 ut
1777 4800 1877 4838 non
1898 4785 2048 4841 Hila-

449 4861 536 4917 rio
557 4861 714 4916 valde
744 4858 1025 4913 familiaris
1057 4867 1158 4913 est.

527 4931 859 5004 (cllu‘edit.
902 4930 1022 5004 Μὴ)
1052 4937 1111 4983 ut
1138 4929 1192 4983 iu
1243 4943 1391 5004 mss.
1428 4928 1550 5004 Vat.
1597 4927 1812 5004 baslet
1837 4925 2052 4984 Martin.

451 4996 544 5058 hic
557 4996 811 5072 adjicitur
832 5016 959 5056 suat.
986 5001 1312 5055 Potestatem
1340 4999 1484 5054 illam
1507 5000 1578 5054 ita
1611 5000 1663 5052 in
1690 4996 1905 5053 Christo
1929 5014 2053 5072 per:

452 5071 741 5138 mansisse,
772 5083 831 5129 ut
865 5088 928 5129 ea
963 5074 1127 5128 etiam
1171 5073 1441 5126 interdum
1474 5079 1735 5136 uteretur,
1787 5071 2053 5139 superiori

448 5146 592 5202 libro
617 5146 901 5214 probatum
930 5154 1016 5200 est
1044 5158 1191 5198 num.
1213 5144 1306 5199 48.
1336 5156 1341 5163 ί

523 5210 798 5342 (gglidem
827 5230 957 5271 mss.
998 5216 1053 5269 in
1092 5215 1272 5269 Itonori
1304 5213 1592 5269 dicacitate
1619 5221 1713 5264 est.
1745 5210 1810 5266 γ.
1848 5211 1941 5268 lib.
1971 5228 2046 5279 rx,

451 5304 510 5344 n.
537 5291 629 5344 25.

523 5360 596 5430 (e)
624 5359 701 5414 lla
750 5373 883 5415 mss.
931 5356 1034 5414 nisi
1064 5355 1208 5430 quod
1261 5356 1315 5410 in
1348 5369 1457 5411 uno
1487 5353 1626 5430 AVat.
1660 5353 1774 5408 bas.
1824 5353 2048 5430 Ornnino

451 5425 623 5486 autern
641 5446 891 5491 summus,
924 5438 1031 5485 etc.
1063 5427 1206 5485 Editi
1229 5443 1380 5492 vero,
1408 5426 1530 5497 quia
1555 5435 1609 5479 ut
1633 5441 1862 5479 summus
1885 5425 2050 5479 honor

455 5503 662 5575 indigne
689 5501 1018 5571 inferioribus
1060 5501 1307 5571 defertur,
1335 5500 1407 5553 ita
1445 5513 1557 5552 cum
1578 5498 1902 5564 contumelia,
1936 5505 2043 5553 etc.

532 5594 604 5668 (f)
634 5596 727 5668 Er.
763 5595 964 5668 etMir.
1006 5608 1141 5668 cum_
1183 5592 1388 5661 aliquot
1424 5590 1814 5668 recentioribus
1840 5605 1974 5668 mss.
2016 5592 2062 5668 si

462 5662 770 5722 concreatio.
815 5667 960 5737 Lips.
1001 5678 1049 5719 et
1096 5664 1388 5737 Paracum
1416 5664 1659 5737 antiquo
1701 5662 1995 5737 ttts.__Colb_._
2016 5664 2062 5716 si

467 5740 676 5794 creatio.
726 5732 1136 5792 Vindociuensis
1163 5735 1355 5795 codex,
1384 5735 1514 5788 sicut
1558 5732 1765 5788 creatio.
1800 5732 1919 5788 Non
1946 5732 2059 5787 dis-

470 5811 721 5883 plicerct,
750 5810 796 5867 si
820 5811 912 5886 ,δίο
958 5816 1015 5867 ut
1038 5809 1247 5873 creatio.
1279 5805 1521 5877 Namque
1546 5820 1616 5863 es
1664 5804 1795 5863 Bad.
1843 5813 1900 5862 et
1924 5818 2059 5863 mss.

2073 4633 2127 4693 Ι)
2152 4594 2256 4650 nisi
2287 4596 2339 4650 in
2371 4611 2476 4650 uno
2508 4594 2611 4650 nis.
2639 4595 2715 4651 Co

2151 3282 2522 3341 indemutabili
2563 3300 2663 3357 per
2704 3287 2953 3356 spiritum
2978 3329 2995 3357 ,
3042 3287 3167 3359 quia
3208 3288 3353 3345 Deus
3399 3288 3622 3361 spiritus
3668 3298 3752 3349 est

2152 3379 2333 3452 (Joan.
2357 3381 2558 3452 tv,24),
2583 3398 2690 3438 non
2704 3392 2787 3439 est
2812 3383 3146 3439 internarum
3177 3398 3461 3441 causarum
3491 3388 3753 3444 naturalis

2152 3472 2467 3530 necessitas.
2531 3473 2638 3531 Sed
2682 3477 2808 3545 quia
2835 3474 2989 3533 nobis
3037 3478 3260 3548 spiritus
3280 3479 3350 3537 de
3379 3480 3572 3552 spiritu
3616 3483 3756 3541 nati-

2152 3565 2372 3621 vitatem
2428 3565 2778 3636 praedicabat,
2830 3582 3049 3624 sensum
3077 3580 3323 3627 nostrum
3351 3571 3430 3647 (It)
3458 3590 3744 3632 causarum

2149 3668 2461 3715 nostrarum
2489 3660 2723 3717 instituit
2753 3661 3040 3732 exemplo;
3074 3679 3182 3720 non
3200 3666 3257 3720 in
3282 3668 3591 3737 exemplum
3614 3669 3755 3725 nati-

2148 3753 2354 3817 vitatis,
2387 3752 2480 3808 sed
2505 3753 2573 3809 ad
2602 3754 3012 3824 intelligentiam
3042 3756 3441 3826 generationis;
3470 3768 3528 3813 ut
3555 3770 3746 3815 exem-

2149 3846 2297 3916 plum
2326 3845 2458 3901 illud
2481 3861 2588 3900 non
2606 3846 2675 3900 ad
2705 3847 3082 3903 necessitatem
3110 3848 3375 3918 proﬁciat,
3400 3848 3498 3907 sed
3523 3850 3591 3907 ad
3620 3865 3747 3907 sen-

2151 3951 2295 3992 sum.
2321 3936 2377 3992 Si
2399 3937 2563 4008 igitur
2602 3936 2812 3993 creatio
2841 3945 2929 3994 est
2974 3938 3278 4009 unigenitus
3312 3941 3453 3998 Deus
3487 3960 3502 3997 :
3535 3952 3589 3999 et
3618 3944 3748 4015 quid

2151 4029 2255 4086 sibi
2285 4029 2399 4085 vult
2442 4029 2767 4102 significatio
2808 4029 3209 4102 intelligentiae,
3238 4048 3358 4105 quae
3387 4048 3486 4107 per
3513 4050 3745 4093 consueo

2152 4214 2274 4269 Vat.
2300 4212 2440 4289 bas.,
2465 4213 2655 4289 Corb.,
2686 4213 2925 4289 Remig.,
2948 4215 3163 4275 Martia.
3192 4227 3299 4274 etc.
3330 4220 3679 4279 restituentes
3705 4225 3750 4281 si

2150 4295 2208 4340 ut
2229 4287 2454 4365 creatio,
2472 4286 2790 4355 particulam
2818 4286 3039 4365 ita‘ante
3061 4299 3114 4344 ut
3136 4290 3353 4365 tacitam
3374 4293 3746 4365 intelligimus,

2151 4367 2310 4441 puta,
2349 4358 2527 4441 sitital
2560 4372 2650 4428 per
2677 4360 3051 4415 uenerationem
3089 4364 3436 4431 aequabitur
3479 4358 3652 4433 Pa'tri,
3696 4358 3749 4424 ut

2151 4438 2343 4484 creatio
2366 4438 2454 4498 sit,
2478 4438 2583 4485 etc.

2225 4522 2301 4608 (gl
2330 4522 2390 4580 In
2444 4523 2695 4595 vulgatis,
2725 4540 2827 4651 (ﬁta
2869 4523 3218 4596 aequabitur.
3267 4523 3388 4582 Non
3425 4537 3604 4585 exstat
3648 4547 3750 4603 qua

2225 4611 2256 4650 il
2287 4612 2339 4650 in
2371 4611 2476 4650 uno
2508 4609 2611 4650 ms.
2639 4595 2733 4651 Col
2782 4639 2794 4651 .
2826 4596 2981 4651 valde
3011 4606 3282 4651 susnecto.

2721 4596 2794 4651 Ib.
2826 4596 2981 4651 valde
3011 4606 3282 4667 suspecto.

2228 4685 2307 4762 (Ιι)
2353 4687 2444 4762 llis
2474 4687 2688 4762 Lipsius
2715 4687 3007 4762 substituit,
3037 4687 3274 4762 perfecta:
3297 4698 3446 4762 atque
3462 4691 3750 4749 indcmuta-

2154 4758 2293 4822 bilis,
2319 4759 2654 4835 substantite:
2708 4759 2849 4828 quod
2878 4758 3144 4835 Erasmus
3162 4759 3219 4835 iu_
3230 4758 3486 4835 margine
3507 4763 3751 4835 adscrip-

2154 4838 2321 4896 serat,
2361 4829 2571 4897 Hilarii,
2601 4840 2659 4885 ut
2680 4840 2833 4901 puto,
2880 4847 3100 4886 sensum
3130 4829 3395 4902 indicans,
3425 4848 3532 4890 non
3560 4829 3746 4891 verba.

2239 4920 2313 4996 (i),
2353 4922 2502 4993 Lips.
2551 4932 2607 4996 et
2650 4921 2774 4978 Par.
2821 4940 2887 4996 ex
2910 4924 3118 4996 Erasmi
3144 4926 3384 4996 margine
3411 4927 3753 4982 humanarum

2156 4994 2507 5049 nativitatum:
2554 4994 2924 5051 obniteutibus
2944 4995 3194 5050 omnibus
3227 4994 3355 5052 mss.
3387 4998 3753 5055 Necessitates

2159 5067 2246 5119 hic
2275 5076 2555 5128 vocantur,
2615 5082 2735 5134 quas
2782 5065 2850 5120 ad
2896 5067 3128 5136 aliquem
3163 5066 3414 5123 etl‘ectum
3442 5072 3753 5126 necessario
3828 5064 3829 5069 “

2157 5136 2455 5210 secundum
2510 5146 2715 5210 natura:
2767 5137 2914 5205 leges
2964 5137 3330 5210 requiruntur.
3393 5137 3581 5210 Itaque
3630 5149 3756 5210 post

2156 5207 2322 5262 verba
2344 5247 2360 5271 ,
2384 5206 2717 5281 ‘Proprietas
2764 5217 2955 5281 autent
2978 5206 3325 5264 nantanarum
3369 5206 3750 5281 necessitatum,

2154 5293 2264 5361 non
2294 5278 2436 5333 male
2458 5280 2637 5333 animo
2659 5280 2992 5349 suppleveris
3015 5320 3030 5344 ,
3082 5281 3282 5337 ratione
3307 5281 3482 5339 habita
3506 5282 3577 5340 ad
3597 5278 3751 5356 gena;

2148 5360 2399 5404 rationem
2406 5389 2419 5404 .

2317 5419 2375 5475 lu
2400 5436 2502 5476 ms.
2538 5421 2751 5476 Martin.
2785 5425 3035 5493 profecto.

2242 5511 2317 5584 (lc)
2347 5513 2570 5584 Erasmo
2612 5513 2784 5583 magis
2810 5513 3086 5576 arriserat,
3130 5514 3520 5583 qenerationurn
3548 5524 3757 5573 nostra-

2166 5582 2283 5637 rum
2299 5582 2318 5637 ':
2351 5584 2494 5659 quod
2520 5582 2721 5659 [rustra
2748 5584 2961 5653 Lipsius
2983 5599 3047 5640 ex
3074 5582 3219 5659 illius
3244 5587 3486 5659 margine
3507 5590 3756 5659 arripuit,

2167 5669 2268 5709 nec
2324 5656 2463 5722 apud
2521 5655 2642 5708 Par.
2676 5663 2953 5710 correctus
2976 5667 3078 5710 est.
3128 5657 3199 5712 At
3226 5655 3481 5714 certe‘hic
3511 5655 3757 5715 non-lani

2169 5739 2352 5853 siet-mo
2395 5732 2481 5779 est
2518 5727 2585 5782 de
2602 5726 2966 5798 generationis
2989 5736 3111 5784 actu
3137 5770 3153 5798 ,
3201 5745 3362 5800 quam
3391 5730 3463 5787 de
3492 5730 3760 5789 materiuli

2169 5813 2182 5853 I
2226 5812 2308 5853 ius
2328 5811 2509 5853 causa.

2165 5811 2308 5854 unus
2328 5811 2509 5855 causa.
3814 5822 3845 5847 ί
