4286 6264
535 254 642 312 459

1737 247 1987 308 8ΔΝοΤΙ
2027 248 2291 310 HILARII
2331 248 2641 312 EPISCOPI

3744 258 3857 320 440

536 367 781 426 tudinem
829 364 1133 426 nativitatis
1174 365 1426 423 humana:
1471 363 1885 437 intelligentiam
1933 362 2134 422 divinae
2158 369 2215 430 Α
2237 365 2306 423 ad
2335 365 2575 424 veritatis
2601 366 2682 441 (Ιι)
2718 367 3110 439 professionem
3149 384 3163 424 :
3195 367 3359 427 sicuti
3388 382 3489 426 nec
3533 382 3633 441 per
3655 383 3855 432 causas

537 465 907 538 generationis
935 463 1014 538 (a)
1046 460 1318 518 ostendit?

609 560 665 616 9.
698 557 804 613 Per
834 556 1060 612 membra
1096 555 1261 609 nostri
1302 554 1536 627 corporis
1565 553 1926 625 signiﬁcantur
1964 568 2148 626 opera-

539 654 703 710 tiones
728 652 847 707 Dei.
877 681 945 691 —
974 650 1300 720 Plerumque
1344 650 1488 706 enim
1532 664 1629 719 per
1675 648 1793 705 haec
1833 656 2146 706 nostrorum

540 759 830 815 corporum
857 742 1121 808 membra,
1153 742 1532 813 operationum
1569 755 1790 800 suarum
1820 741 1977 797 nobis
2003 740 2146 797 Deus

540 846 813 892 momenta
835 834 1169 911 signiﬁcans,
1195 849 1417 891 sensum
1441 843 1692 891 nostrum
1714 849 1814 890 usu
1839 834 2147 905 intelligen—

537 930 627 985 tiae
654 929 962 986 communis
989 927 1229 994 edocuit,
1254 943 1376 985 cum
1399 929 1476 983 ait
1508 945 1522 982 :
1551 927 1715 1001 Cujus
1740 944 1925 984 atauus
1947 944 2149 984 creave-

538 1029 660 1075 runt
684 1036 887 1074 omnem
917 1018 1159 1074 militiam
1177 1021 1289 1075 caeli
1311 1020 1509 1091 (Osere,
1534 1036 1655 1088 xm,
1683 1019 1789 1093 4);
1818 1022 1901 1077 vel
1923 1022 2146 1092 iterum,

543 1112 698 1168 Oculi
727 1110 939 1167 Domini
965 1130 1117 1186 super
1135 1115 1307 1185 justas
1329 1113 1507 1185 (Psal.
1537 1129 1733 1179 xxstu,
1761 1114 1850 1187 16)
1869 1132 1883 1181 ;
1905 1115 1989 1171 vel
2020 1132 2145 1171 rur-

474 1253 481 1263 ,
536 1221 678 1271 sum,
713 1204 895 1260 Inveni
916 1203 1087 1260 David
1113 1205 1189 1279 (l)
1219 1206 1386 1276 ﬁlium
1407 1207 1554 1261 Jesse
1580 1206 1654 1280 (b)
1680 1207 1845 1261 uirum
1869 1209 2150 1263 secundum

539 1314 629 1353 cor
652 1314 819 1353 meum
841 1297 981 1370 (Act.
1015 1314 1132 1365 xm,
1161 1296 1278 1370 22).
1301 1295 1435 1354 Cum
1464 1298 1608 1353 enim
1631 1308 1686 1354 et
1716 1299 1963 1355 voluntas
1984 1300 2151 1373 signi-

541 1389 733 1446 ﬁcetur
758 1391 811 1445 in
848 1390 1044 1458 corde,
1077 1405 1176 1461 per
1212 1406 1371 1461 quam
1410 1390 1580 1446 David
1624 1406 1837 1448 morum
1884 1392 2149 1463 probitate

542 1483 903 1554 complacuit,
945 1492 1001 1539 et
1051 1482 1292 1554 cognitio
1340 1483 1708 1540 universitatis
1735 1483 1816 1556 (‘2)
1847 1499 1952 1556 qua
1995 1493 2147 1541 extra

543 1576 827 1632 scientiam
854 1577 949 1633 Dei
971 1575 1103 1632 nihil
1129 1577 1221 1645 sit,
1246 1575 1347 1632 sub
1368 1576 1653 1633 oculorum
1680 1578 1947 1635 vocabulo
1976 1594 2148 1635 enun-

542 1669 725 1735 tietur,
758 1678 813 1724 et
838 1684 1062 1740 operum
1095 1668 1383 1726 efﬁcientia
1405 1711 1420 1737 ,
1453 1670 1575 1741 quia
1611 1670 1747 1726 nihil
1773 1685 1882 1728 non
1926 1687 1994 1727 ex
2039 1673 2147 1729 Deo

2246 474 2535 532 corporum
2567 469 2661 517 aut
2701 462 2832 518 velit
2879 473 2970 518 aut
2999 463 3178 519 videat
3221 471 3317 519 aut
3357 472 3517 535 agat.
3545 465 3643 521 sed
3668 472 3856 524 utatur

2248 552 2334 609 his
2391 551 2622 623 partium
2680 554 3192 625 nuncupationibus,
3234 565 3290 611 ut
3339 570 3438 627 per
3487 559 3853 629 corporalium

2248 647 2549 705 ministeria
2593 649 2767 706 virtus
2807 648 3226 706 eflicientiarum
3268 649 3694 722 incorporalium
3724 668 3855 712 sen-

2249 741 2432 797 tiatur.

2322 836 2348 890 1
2365 836 2381 888 Ι
2397 877 2410 891 .
2440 833 2698 907 Propheta
2721 838 2979 907 {acturam
3002 849 3102 889 non
3123 833 3268 902 dicit,
3292 850 3444 907 quem
3466 832 3612 891 Deus
3641 843 3861 894 testatur

2247 924 2436 995 ﬁlium.
2460 954 2533 966 —
2561 925 2765 981 Natura
2795 926 2960 996 igitur
3001 924 3251 981 humana:
3296 927 3706 984 consuetudinis
3748 945 3859 988 non

2247 1017 2400 1083 sinit,
2430 1016 2524 1072 sed
2569 1032 2670 1073 nec
2699 1018 2995 1074 Dominica:
3033 1017 3296 1074 doctrina:
3334 1021 3605 1077 sententia
3634 1022 3856 1094 patitur,

2252 1110 2513 1180 magistro
2543 1109 2863 1180 discipulum
2890 1124 3128 1181 praeesse
3150 1152 3167 1180 ,
3195 1111 3283 1167 vel
3326 1126 3547 1169 servum
3588 1114 3859 1185 imperare

2249 1202 2469 1259 domino
2498 1221 2513 1258 :
2543 1202 2685 1274 quod
2704 1204 2933 1259 alterum
2959 1203 3114 1259 alteri
3141 1212 3194 1261 et
3221 1218 3317 1274 per
3338 1203 3700 1275 ignorantiam
3721 1207 3855 1264 sub-

2249 1294 2460 1365 jaceat,
2491 1303 2548 1350 ut
2578 1295 2798 1366 ignarus
2829 1295 3057 1361 scienti;
3088 1305 3144 1351 et
3170 1310 3266 1366 per
3304 1295 3672 1355 conditionem
3703 1298 3860 1355 inﬁr-

2251 1403 2398 1444 mum
2433 1388 2543 1456 sit,
2577 1398 2636 1443 ut
2665 1387 2967 1445 dominatui
3014 1389 3268 1445 servitus.
3293 1390 3423 1456 Quae
3452 1405 3574 1447 cum
3626 1391 3696 1447 ita
3736 1406 3860 1450 csse

2250 1496 2539 1538 commune
2564 1480 2828 1552 judicium
2866 1481 2979 1550 sit;
3014 1483 3168 1553 cujus
3209 1498 3352 1539 nunc
3390 1497 3490 1545 nos
3534 1484 3853 1544 temeritatis

2254 1575 2508 1645 exemplo
2533 1573 2703 1629 Deum
2730 1582 3060 1642 creaturam,
3078 1584 3132 1629 et
3152 1572 3320 1630 ﬁlium
3352 1575 3613 1632 iacturam
3632 1584 3690 1633 et
3709 1577 3861 1634 dice-

2253 1682 2375 1723 mus
2404 1677 2458 1726 et
2475 1667 2908 1724 existimabimus
2939 1681 3093 1723 :cum
3107 1682 3371 1739 nusquam
3399 1666 3555 1725 nobis
3574 1667 3679 1724 hoc
3698 1669 3761 1741 (i)
3789 1670 3859 1729 de

544 1760 636 1828 sit,
656 1776 751 1831 per
777 1775 975 1819 nomen
1010 1776 1266 1818 manuum
1295 1762 1862 1833 intelligaturzvolens
1891 1772 1946 1820 et
1966 1765 2149 1836 provi-
2178 1764 2314 1825 Bse
2367 1772 2422 1820 et
2474 1762 2729 1834 Magister
2777 1770 2835 1818 et
2883 1763 3141 1819 Dominus
3185 1777 3376 1819 servus
3444 1777 3508 1819 ac
3575 1762 3859 1833 discipulis

542 1853 677 1908 deus
704 1862 759 1909 et
787 1868 952 1926 agens
981 1854 1121 1911 Deus
1153 1864 1369 1923 cuncta,
1396 1854 1501 1911 sub
1526 1854 1921 1925 significatione
1948 1872 2143 1915 causa-

544 1958 663 2001 rum
686 1946 1052 2017 corporalium
1080 1947 1464 2019 intelligendus
1489 1948 1607 2003 sine
1632 1949 1935 2007 ministerio
1951 1965 2147 2023 corpo-

545 2038 664 2107 rali,
686 2037 1250 2112 quomodohlﬁjam
1284 2039 1337 2095 in
1363 2054 1451 2108 eo,
1475 2039 1618 2110 quod
1648 2054 1714 2096 ex
1747 2052 1902 2098 utero
1931 2044 2140 2112 genuit,

546 2133 752 2205 (3)non
797 2132 870 2204 (ο)
894 2147 992 2204 per
1008 2147 1227 2188 causam
1246 2134 1586 2204 corporalem
1616 2132 1868 2190 humanas
1897 2135 2150 2207 originis;

546 2224 912 2296 intelligendas
952 2225 1114 2281 etiam
1151 2225 1413 2297 spiritalis
1450 2226 1748 2283 nativitatis
1768 2241 1962 2283 sensus
1984 2224 2147 2285 alier-

546 2325 667 2387 tur;
695 2334 816 2376 cum
839 2334 936 2392 per
958 2329 1187 2377 caeteras
1214 2318 1293 2395 (cl)
1315 2319 1684 2376 membrorum
1703 2320 2145 2392 signiﬁcationes,

542 2422 863 2469 ceterarum
889 2428 1105 2485 quoque
1135 2412 1191 2468 in
1222 2412 1334 2469 Deo
1363 2412 1781 2471 eiﬁcientiarum
1807 2414 2150 2473 demonstre—

544 2512 632 2561 tur
662 2503 930 2560 eﬁ'ectus?

617 2597 919 2654 lO.Dictum
942 2605 1015 2653 est
1043 2613 1111 2654 ex
1135 2612 1315 2655 ursae
1343 2598 1413 2653 ad
1440 2613 1572 2654 certe
1599 2599 1884 2654 nativitatis
1906 2601 2152 2656 ostensio-

542 2709 680 2750 nem.
705 2722 776 2733 —
813 2692 951 2763 Quia
1000 2704 1131 2763 ergo
1173 2692 1494 2762 proponitur
1546 2706 1641 2749 eor
1676 2691 1745 2748 ad
1795 2691 2149 2761 voluntatem,

543 2784 685 2842 oculi
712 2783 779 2840 ad
810 2784 1012 2851 visum,
1036 2799 1228 2842 manus
1241 2784 1308 2840 ad
1330 2783 1748 2853 eﬁ‘ectum,cum
1773 2793 1951 2842 tamen
1978 2786 2054 2857 (e)
2077 2786 2157 2841 ul-

547 2885 627 2933 tra
656 2877 889 2947 partium
931 2876 1185 2934 infectam
1237 2878 1705 2947 comparationem
1746 2878 1891 2934 Deus
1935 2886 1992 2935 et
2023 2878 2155 2936 velit

545 2977 602 3024 et
628 2966 903 3039 provideat
933 2976 989 3023 et
1013 2976 1254 3040 peragat,
1283 2976 1338 3024 et
1358 2968 1474 3025 haec
1498 2968 1690 3027 eadem
1713 2985 1810 3041 per
1832 2986 1927 3028 cor
1953 2981 2007 3027 et
2029 2987 2156 3028 ocu-

546 3061 630 3119 los
644 3071 699 3118 et
714 3076 931 3117 manum
946 3062 1259 3117 enuntietur
1278 3080 1291 3117 :
1311 3077 1495 3119 nonne
1507 3063 1852 3135 signiﬁcatio,
1870 3080 1972 3136 qua
1988 3066 2057 3137 (ι’)
2088 3081 2154 3122 ex

2247 1859 2361 1913 suis
2391 1856 2600 1911 locutus
2628 1855 2720 1922 sit,
2753 1870 2926 1926 neque
2952 1856 3286 1913 nativitatem
3319 1871 3471 1915 suam
3502 1857 3857 1915 autcreatio-

2249 1964 2371 2005 nem
2398 1958 2489 2003 aut
2517 1947 2776 2003 iacturam
2803 1948 3090 2005 docuerit?
3123 1949 3219 2005 sed
3262 1961 3315 2005 et
3354 1950 3514 2006 Pater
3553 1950 3692 2006 nihil
3734 1967 3853 2007 um-

2248 2058 2408 2115 quam
2427 2042 2572 2097 aliud
2592 2057 2748 2114 quam
2770 2042 2932 2098 ﬁlium
2949 2050 3175 2099 testatus
3188 2044 3278 2112 sit,
3295 2052 3350 2100 et
3362 2043 3525 2118 415
3540 2044 3707 2101 Filius
3724 2045 3858 2104 nihil

2253 2136 2399 2191 aliud
2422 2149 2583 2206 quam
2625 2135 2902 2207 proprium
2945 2136 3050 2191 sibi
3094 2136 3266 2193 Deum
3319 2148 3529 2209 patrem
3580 2139 3857 2210 professus

2250 2226 2359 2283 sit?
2381 2234 2565 2284 natum
2597 2226 2803 2298 utique,
2829 2242 2936 2283 non
2968 2227 3168 2285 factum
3193 2237 3290 2286 aut
3316 2240 3553 2286 creatum
3582 2231 3665 2303 (4)
3702 2246 3763 2287 se
3788 2230 3855 2307 (ﬂ

2251 2331 2524 2385 asserens,
2553 2316 2711 2372 sicuti
2739 2318 2816 2372 ait
2845 2335 2858 2372 :
2892 2316 3073 2375 Omnis
3100 2321 3189 2391 qui
3217 2320 3387 2395 diligit
3416 2320 3653 2389 Patrem,
3685 2321 3859 2395 diligit

2252 2419 2301 2466 et
2328 2408 2549 2477 Filium,
2581 2412 2670 2480 qui
2701 2420 2857 2468 natus
2884 2422 3048 2468 estea:
3073 2429 3133 2469 eo
3165 2411 3346 2486 (Joan.
3379 2429 3437 2481 γ,
3471 2414 3551 2485 1).

2326 2504 2416 2560 12.
2453 2502 2611 2578 Operi
2637 2521 2742 2560 non
2770 2507 3003 2561 convenit
3031 2506 3132 2577 ﬁlii
3155 2522 3363 2562 nomen.
3390 2535 3462 2550 -ν-
3490 2506 3532 2561 F
3534 2514 3720 2564 actura
3759 2522 3860 2564 au-

2255 2605 2364 2653 tem
2395 2613 2561 2669 opera
2587 2606 2953 2655 creaturarum
2968 2607 3115 2666 sunt,
3142 2615 3250 2654 non
3277 2599 3642 2671 generationis
3657 2600 3856 2657 nativi-

2256 2699 2359 2748 tas.
2389 2691 2506 2746 Non
2533 2691 2676 2747 enim
2707 2693 2903 2748 caelum
2934 2691 3098 2759 ﬁlius,
3118 2702 3211 2748 aut
3233 2702 3376 2749 terra
3398 2692 3554 2759 ﬁlius,
3572 2700 3667 2747 aut
3691 2708 3850 2750 mun-

2257 2786 2360 2842 dus
2399 2786 2651 2842 nativitas
2681 2795 2764 2842 est
2782 2826 2798 2849 ,
2827 2786 2897 2842 de
2938 2786 3131 2857 quibus
3156 2785 3356 2842 dictum
3385 2794 3470 2842 est
3491 2827 3507 2849 ,
3543 2784 3731 2841 Omnia
3760 2802 3856 2859 per

2256 2896 2372 2935 eum
2402 2878 2540 2947 facta
2565 2889 2684 2934 sunt
2709 2878 2891 2950 (Joan.
2914 2895 2953 2948 ι,
2982 2880 3060 2952 '5),
3089 2888 3145 2936 et
3165 2896 3261 2950 per
3299 2879 3645 2951 PrOphetam,
3682 2878 3855 2953 Opera

2256 2989 2506 3027 manuum
2563 2982 2766 3028 tuarum
2812 2980 2929 3027 sunt
2982 2972 3094 3027 coeli
3122 2971 3308 3043 (Psal.
3340 2987 3393 3028 Cl
3417 3013 3434 3040 ,
3461 2969 3567 3043 ‘26)
3605 2987 3621 3024 :
3660 2979 3716 3028 et
3755 2986 3856 3044 per

2257 3066 2507 3123 eumdem
2535 3108 2551 3133 ,
2582 3066 2754 3136 Opera
2784 3083 3031 3121 manuum
3058 3077 3266 3122 tuarum
3305 3082 3409 3121 non
3435 3067 3640 3121 omittas
3664 3064 3856 3140 (Psal.

546 3165 707 3212 utero
758 3155 977 3226 genuit,
1052 3168 1195 3210 verte
1239 3154 1536 3210 nativitatis
1589 3156 1832 3212 ostensio
1875 3156 1993 3213 est?
2039 3173 2147 3215 non
2174 3158 2220 3223 C
2253 3174 2490 3223 cxxxvn,
2523 3156 2600 3232 8).
2625 3158 2897 3230 Numquid
2944 3159 3139 3230 pictori
3179 3159 3387 3230 pictura
3430 3158 3710 3223 ﬁlius,aut
3751 3158 3865 3230 gla-

544 3248 691 3321 quod
720 3263 786 3305 ex
818 3256 971 3305 utero
997 3247 1263 3318 genuerit,
1299 3247 1459 3304 sicuti
1487 3262 1586 3305 nec
1611 3262 1710 3318 per
1738 3264 1957 3304 manum
1986 3260 2108 3320 agat
2127 3292 2142 3317 ,

547 3357 655 3400 nec
682 3357 779 3413 per
800 3343 988 3397 oculos
1008 3340 1208 3409 videat,
1238 3338 1314 3414 (g)
1333 3355 1433 3398 nec
1461 3356 1560 3412 per
1588 3355 1684 3397 cor
1699 3342 1831 3398 velit
1864 3361 1877 3397 :
1903 3343 1997 3398 sed
2020 3344 2145 3413 quia

548 3452 647 3512 per
674 3435 1121 3509 signiﬁcationem
1154 3436 1345 3491 horum
1373 3450 1502 3493 vere
1539 3435 1720 3493 omnia
1747 3446 1801 3492 et
1840 3445 1964 3509 agat
1988 3445 2044 3494 et
2067 3437 2149 3494 vi-

550 3529 676 3587 deat
701 3538 757 3587 ct
779 3523 943 3595 velit,
973 3529 1044 3584 ita
1076 3544 1172 3600 per
1222 3529 1672 3601 signiﬁcationem
1705 3530 1878 3598 uteri,
1913 3546 2042 3588 vere
2085 3547 2154 3588 ex

549 3637 613 3682 se
634 3622 886 3695 genuerit
911 3637 1071 3694 quem
1100 3622 1310 3694 genuit,
1335 3636 1441 3678 non
1471 3637 1571 3693 per
1599 3636 1818 3679 causam
1865 3622 2029 3692 uteri,
2058 3624 2155 3683 sed

651 3742 704 3812 l)
733 3742 901 3798 Jessa:
927 3739 1101 3811 ﬁlium
1124 3737 1405 3795 secundum
1439 3754 1527 3794 cor
1546 3753 1735 3793 meum.

651 3743 704 3812 l)
733 3743 901 3826 Jessa:
927 3743 1101 3811 ﬁlium
1124 3743 1405 3795 secundum
1439 3754 1527 3794 cor
1546 3753 1735 3793 meum.

559 3884 571 3893 ’
740 3813 981 3956 gg'ritper
1005 3898 1214 3938 causam
1236 3882 1558 3953 corporalem
1596 3881 1944 3954 intelligendo:
1968 3883 2156 3938 nativi-

618 4002 703 4075 __(a)
734 4003 863 4058 Post
893 4000 1118 4075 verbum
1146 3999 1403 4075 ostendit,
1452 3997 1588 4054 Lud.
1621 3997 2052 4075 Mirmusadjicit
2088 4014 2153 4055 ex

552 4064 697 4131 ιιιὲνὸ
721 4090 741 4129 :
771 4071 914 4146 quod
945 4075 1000 4128 in
1030 4073 1276 4143 pluribus
1295 4064 1430 4127 mss.
1455 4079 1650 4137 exstat,
1695 4085 1805 4125 non
1838 4069 1891 4125 in
1921 4064 2146 4141 castiga-

550 4147 804 4204 tioribus.

627 4216 707 4290 (b)
750 4215 1063 4290 Adjecimus
1089 4216 1253 4269 uirum
1273 4229 1342 4270 ex
1371 4228 1501 4290 mss.
1538 4211 1662 4269 Vat.
1685 4212 1829 4279 has.,
1849 4211 2065 4268 Martia.
2098 4220 2153 4269 et

552 4283 761 4356 aliquot
788 4283 931 4353 aliis,
972 4293 1121 4341 textu
1145 4299 1326 4356 graeco
1350 4283 1703 4356 suﬁ‘ragante.

631 4353 705 4433 (e)
753 4358 845 4415 Sic
891 4358 1041 4433 Lips.
1088 4353 1171 4433 et'
1195 4356 1318 4411 Par.
1359 4370 1481 4433 eum
1515 4353 1842 4433 msstlorb.
1882 4364 1937 4433 et
1967 4355 2153 4426 paucis

553 4427 721 4487 aliis:
777 4444 937 4500 quam
958 4427 1264 4485 lectionem
1316 4428 1421 4484 etsi
1445 4441 1551 4500 non
1577 4427 1885 4483 dubitamus
1913 4428 2154 4500 interpo-

554 4503 719 4573 latam
743 4543 758 4567 ,
793 4497 1062 4573 castigare
1098 4506 1280 4573 tamen
1318 4515 1425 4573 non
1449 4497 1747 4573 audemus:
1773 4497 2071 4573 cum_nulla
2099 4498 2153 4573 in

553 4574 674 4629 aliis
699 4570 857 4628 libris
880 4568 1058 4628 ex'stet
1080 4570 1184 4626 nisi
1216 4570 1497 4626 mendosa.
1529 4569 1686 4638 Apud
1713 4569 1871 4636 Bad.,
1901 4568 1994 4623 Er.
2022 4579 2076 4624 et
2096 4569 2150 4623 in

552 4661 662 4702 ms.
694 4644 907 4700 Martin.
956 4659 1060 4697 non
1103 4658 1193 4713 per
1221 4657 1433 4696 causam
1461 4640 1779 4713 corporalem
1805 4638 2152 4713 intelligenda:

555 4716 837 4771 nativitatis
863 4730 1042 4769 sensus
1069 4710 1290 4779 affertur
1312 4729 1331 4766 :
1360 4728 1477 4765 cum
1493 4710 1583 4782 per
1602 4722 1831 4775 steteras,
1860 4719 1964 4764 ctc.
1986 4710 2145 4780 Apud

554 4787 822 4853 Miracum,
853 4801 957 4839 non
977 4800 1067 4855 per
1087 4800 1297 4838 causam
1316 4781 1643 4855 corporalem
1665 4783 1913 4855 humana:
1934 4783 2148 4854 originis

553 4852 903 4928 intelligentia:
922 4852 1171 4925 spiritalis
1196 4852 1543 4928 intelligenda:
1566 4854 1845 4928 nativitatis
1869 4852 2148 4928 sensusaj'.

555 4923 740 4998 fertur:
788 4927 845 4982 ln
891 4923 1077 4998 uno_e
1108 4939 1239 4980 mss.
1272 4923 1445 4980 Vatic.
1477 4932 1534 4978 et
1557 4924 1731 4979 altero
1749 4925 1962 4978 Patrum
1995 4924 2153 4998 Mini-

554 4995 770 5055 iuorum
792 5013 962 5069 prope
990 4995 1260 5069 Turonos,
1312 5011 1417 5069 non
1444 5010 1533 5069 per
1566 5010 1777 5049 causam
1800 4996 2151 5063 corporalium

469 5063 476 5071 ’
554 5063 988 5144 intelligenda—est
1016 5064 1619 5144 natiuitgs_sinta_eﬁ'ectu_,_
1658 5083 1774 5144 cum
1797 5082 1890 5136 per
1911 5075 2149 5144 caeteras,

557 5152 665 5197 etc.
692 5135 749 5196 In
777 5140 1160 5196 vetustioribus
1178 5135 1559 5206 Colb.,Rem.,
1579 5135 1699 5191 Vat.
1730 5135 1875 5201 bas,
1901 5137 2145 5207 Carnut.,

557 5210 767 5277 Germ,
794 5210 955 5282 Vind.
982 5227 1087 5265 non
1118 5225 1208 5282 per
1235 5209 1792 5282 causum‘corporalnem
1817 5208 1999 5282 (Vind.
2032 5227 2148 5264 cor-

556 5281 837 5356 poralium)
863 5278 1143 5356 natiuitatis
1161 5279 1506 5353 intelligendas
1521 5280 1631 5356 sine
1645 5278 1835 5356 aﬂ'ectu
1859 5280 2004 5356 (Vat.
2032 5282 2147 5356 has.

554 5351 668 5409 sine
688 5351 891 5427 e/Iectu)
920 5370 1035 5409 cum
1062 5370 1152 5425 per
1178 5351 1409 5420 crateras,
1430 5363 1536 5409 etc.
1554 5351 1744 5427 Exilis
1772 5351 2150 5427 corrigendum

557 5436 809 5493 putamus
833 5468 849 5491 ,
872 5424 879 5427 ⁷
902 5442 1003 5480 non
1049 5424 1139 5491 per
1178 5441 1388 5480 causam
1417 5424 1736 5494 corporalem
1766 5424 2047 5481 nativitatis
2066 5424 2151 5478 in-

557 5496 863 5566 telligendus
890 5498 956 5550 sit
982 5494 1213 5563 effectus,
1240 5512 1357 5551 cum
1379 5512 1469 5566 per
1491 5504 1722 5550 crateras.

633 5564 714 5639 (ἅ)
746 5566 823 5639 In,
859 5566 1066 5638 aliquot
1113 5582 1241 5622 mss.
1282 5564 1628 5639 membrorum
1668 5566 2050 5639 corporalium;
2097 5574 2153 5623 et

560 5637 709 5710 mox,
739 5637 1137 5710 efﬁcientiarum
1165 5638 1477 5710 spiritalium
1493 5653 1527 5710 .ﬁ
1549 5637 1840 5708 glossema.

633 5708 700 5779 (e)
746 5709 903 5782 Apud
932 5710 1020 5763 Er.
1052 5708 1331 5782 dumtaxat
1364 5719 1419 5762 ct
1464 5708 1587 5782 Mir.
1631 5721 1812 5764 extra:
1846 5718 1956 5765 tum
2007 5710 2149 5781 apud

558 5772 708 5844 Lips.
763 5772 819 5834 et
865 5779 989 5834 Par.
1031 5779 1257 5850 partium
1293 5772 1644 5850 imperfectam
1674 5772 2153 5854 comparationem:

2253 3253 2373 3309 dius
2416 3253 2568 3309 fabro
2616 3253 2758 3308 ﬁlius
2805 3263 2897 3308 aut
2932 3253 3229 3311 architecto
3271 3253 3465 3310 domus
3520 3253 3696 3313 ﬁlius?
3739 3253 3866 3312 Haec

2252 3346 2396 3402 enim
2445 3360 2609 3418 Opera
2662 3346 3010 3403 efﬁcientium
3038 3356 3166 3403 sunt
3190 3355 3292 3418 gat
3334 3361 3464 3405 vero
3491 3346 3632 3419 patri
3676 3346 3864 3416 solus,

2263 3441 2353 3513 qui
2379 3457 2446 3497 ex
2470 3455 2535 3497 eo
2565 3442 2828 3510 nascitur,
2860 3441 3002 3498 ﬁlius
3041 3451 3144 3498 est.

2328 3535 2417 3591 15.
2448 3533 2563 3589 Νὸε
2592 3533 2689 3590 Dei
2718 3536 2816 3607 ﬁlii
2842 3536 2991 3607 facti,
3022 3552 3126 3591 non
3151 3536 3279 3604 nati,
3309 3535 3526 3607 ideoque
3553 3551 3658 3592 non
3679 3535 3861 3592 sui.—

2260 3627 2331 3684 Et
2355 3641 2455 3684 nos
2481 3627 2697 3700 quidem
2729 3627 2821 3685 ﬁlii
2850 3629 2983 3698 Deo,
3016 3629 3112 3687 sed
3138 3644 3234 3701 per
3257 3629 3517 3687 facturam
3545 3627 3662 3685 ﬁlii.
3734 3627 3863 3687 Fui-

2250 3744 2371 3798 tatis
2397 3744 2508 3798 sine
2529 3742 2741 3811 affectu,
2767 3760 2882 3798 cum
2909 3761 2999 3813 per
3024 3756 3256 3801 crateras.

2328 3814 2408 3890 (4)
2434 3815 2648 3872 Absunt
2687 3815 2852 3872 verba
2878 3834 2932 3873 se
2955 3833 3191 3874 asserens
3215 3831 3247 3872 a
3273 3832 3377 3874 ms.
3410 3825 3620 3876 nostro.

2254 3995 2398 4063 quod
2450 4008 2573 4048 cum
2625 4007 2732 4048 non
2760 4000 2959 4061 exstet
3000 3991 3101 4048 nisi
3145 4007 3175 4046 a
3204 3991 3441 4048 secunda
3471 4007 3633 4048 manu
3662 3992 3716 4048 in
3750 4008 3855 4052 ms.

2254 4063 2572 4122 Corlieiensi
2596 4081 2611 4129 ;
2636 4079 2700 4119 ex
2726 4063 2884 4121 Bad..
2918 4064 3011 4119 Er.
3040 4073 3095 4118 et
3125 4071 3447 4119 caeterorum
3478 4079 3612 4121 mss.
3646 4063 3752 4120 ﬁde
3772 4080 3859 4121 re-

2253 4138 2524 4192 stituimns
2544 4136 2807 4202 inlectam.
2837 4135 2939 4191 Vix
2970 4145 3146 4207 tamen
3180 4135 3523 4206 ambigimus,
3555 4136 3685 4207 quin
3715 4151 3852 4207 prat-

2254 4208 2538 4264 l‘erendum
2569 4207 2641 4261 sit
2663 4208 2920 4278 inceptam
2948 4223 2966 4271 ;
3003 4205 3235 4262 maxime
3255 4204 3376 4262 cum
3409 4204 3648 4278 legamus
3686 4204 3738 4262 in
3764 4204 3857 4262 Ps.

2254 4295 2444 4345 cxxrx,
2503 4295 2557 4332 ιι.
2584 4278 2658 4334 ιε
2709 4277 2977 4348 Quidquid
3007 4279 3346 4346 compositum
3376 4277 3488 4344 est,
3553 4293 3758 4333 necesse
3782 4290 3855 4335 est

2255 4368 2358 4406 non
2414 4350 2567 4420 fuerit
2616 4359 2904 4422 teternuﬁm;
2942 4349 3062 4421 quia
3110 4350 3413 4422 compositio
3452 4350 3600 4405 habet
3626 4350 3852 4420 initium,

2255 4438 2354 4493 quo
2382 4432 2687 4492 corporatur
2717 4421 2826 4481 (vel
2857 4431 3188 4493 comparatur
3207 4421 3231 4491 ,⁷
3273 4422 3412 4478 torte
3439 4424 3603 4478 etiam
3632 4422 3855 4492 rectius,

2256 4493 2547 4567 comparat)
2574 4501 2628 4547 ut
2655 4500 2880 4547 maneat.

2333 4586 2525 4659 misre
2554 4584 2684 4641 Bad.
2718 4585 3145 4659 cum_plerisque
3174 4594 3229 4641 et
3254 4585 3563 4657 potioribus
3593 4599 3727 4643 mss.
3752 4586 3858 4643 Alii

2255 4655 2391 4714 vero
2414 4658 2558 4725 libri,
2586 4674 2649 4712 ea:
2668 4666 2810 4711 utero
2839 4655 2975 4712 Deus
3003 4655 3170 4711 Deum
3192 4655 3388 4728 genuit.

2324 4747 2575 4823 (g)_Nilii_l
2610 4747 2870 4823 hactenus
2890 4756 2983 4802 aut
2999 4747 3268 4823 deinceps
3289 4750 3357 4806 de
3379 4751 3618 4816 auribus,
3650 4757 3711 4807 ut
3734 4765 3857 4806 cum

2255 4819 2495 4948 militat
2552 4820 2670 4876 bas.
2701 4827 2756 4875 ct
2786 4820 2970 4875 Μὶιωο
2999 4819 3087 4875 hic
3107 4820 3445 4892 subjiciatur,
3473 4839 3566 4879 nec
3592 4840 3684 4895 per
3709 4839 3858 4881 aures

2254 4909 2321 4948 au
2359 4911 2377 4948 ι
2439 4932 2454 4947 .

2329 4985 2415 5063 (It)
2439 4983 2733 5063 A_pud,Er;,
2753 4983 2901 5063 Lips.
2933 4992 2989 5040 et
3008 4985 3132 5063 Par.
3155 4985 3463 5063 adjungitur
3489 4987 3578 5045 hic
3600 4988 3860 5063 genuinis:

2257 5055 2401 5130 quod
2431 5058 2584 5113 abest
2621 5070 2652 5111 a
2681 5055 2821 5130 Βιιᾲἒ
2854 5055 3481 5130 etvetustioribus'mss.
3515 5055 3692 5129 neque
3723 5076 3861 5130 pra:-

2256 5126 2542 5213 ferendum
2596 5142 2719 5214 cum
2774 5126 2988 5214 Martin.
3036 5128 3113 5212 ,αα
3153 5130 3425 5186 ueritatem
3484 5126 3855 5214 professionis:

2256 5214 2380 5274 cum
2401 5201 2588 5274 ueritas
2619 5199 2706 5255 hic
2739 5199 2961 5270 perinde
3006 5198 3078 5256 sit
3104 5215 3170 5256 ac
3194 5215 3320 5257 vera
3346 5198 3630 5274 generatio
3656 5243 3673 5270 ,
3729 5218 3858 5260 vera

2258 5271 2533 5327 nativitas.

2329 5343 2392 5415 (i)
2424 5342 2482 5418 In
2510 5342 2726 5418 duobus;
2749 5356 2881 5418 mss.
2912 5341 3169 5418 Colb._de
3200 5344 3338 5418 lege,
3359 5360 3471 5418 non
3502 5346 3566 5401 de
3594 5362 3685 5418 se:
3714 5346 3858 5418 quod

2253 5415 2431 5541 abestd
2432 5414 2501 5469 ab
2524 5415 2816 5487 antiquiori
2846 5424 2902 5471 ut
2929 5422 2987 5470 et
3013 5430 3045 5469 a
3074 5414 3279 5488 Remig.
3323 5416 3380 5473 ln
3405 5417 3619 5474 Martio.
3639 5414 3746 5475 hoc
3774 5435 3851 5486 se,

2255 5500 2373 5541 sine
2433 5502 2477 5540 e.

2255 5500 2373 5542 sane
2396 5500 2477 5541 ae.

2326 5569 2398 5641 (j)
2430 5567 2693 5641 Audimus
2731 5568 2817 5624 hic
2855 5585 2909 5623 se
2949 5584 3189 5641 asserens
3216 5570 3539 5627 auctoritate
3570 5586 3702 5627 mss.
3726 5571 3852 5629 Vat.

2254 5639 2397 5698 bas).
2417 5639 2597 5704 (iolb.,
2626 5639 2883 5708 Sorbon.,
2920 5640 3108 5705 Faur.,
3137 5653 3243 5699 etc.
3274 5640 3380 5697 Pro
3411 5641 3495 5698 his
3522 5643 3687 5700 habet
3715 5660 3857 5699 unus

2254 5711 2466 5795 Remig.
2499 5711 2861 5795 cumJ'l‘heod.
2890 5729 2903 5766 ε
2940 5711 3107 5769 Natus
3132 5716 3319 5785 itaque,
3353 5731 3457 5770 non
3495 5714 3665 5787 [actus
3694 5742 3711 5784 ί
3767 5725 3858 5771 aut

2254 5792 2477 5854 creatus,
2499 5792 2649 5839 sicuti
2668 5792 2761 5848 aut
