4286 6264
401 307 508 366 4H

1598 301 1682 358 DE
1723 299 2098 358 TRINITATE
2131 298 2332 356 LIBER
2370 299 2484 356 XII.

3594 302 3704 359 442

406 440 529 482 mus
559 423 707 481 enim
739 421 1033 494 aliquando
1082 421 1181 478 ﬁlii
1211 419 1506 480 iracundiae
1556 420 1776 494 (Ephes.
1805 435 1866 488 ιι,
1899 421 1998 492 5);
2027 428 2081 490 Α
2108 419 2218 474 ﬁlio
2251 417 2419 474 Israel
2446 416 2721 488 proprium
2752 424 2896 475 esset
2922 459 2936 485 ,
2985 416 3130 486 quod
3157 416 3545 488 primogenitus
3569 426 3652 474 est
3680 433 3696 486 ;

409 517 507 574 sed
538 517 634 572 ﬁlii
662 517 774 572 Deo
806 532 902 587 per
930 515 1180 587 spiritum
1225 513 1534 585 adoptionis
1560 511 1759 576 eﬁecti,
1803 521 1858 568 et.
1895 512 2002 567 diei

405 608 460 668 id
489 625 762 666 meremur
807 608 988 680 potius
1045 623 1203 680 quam
1237 609 1531 663 nascimur.
1577 607 1644 662 Et
1681 607 1804 677 quia
1841 620 2003 662 omne

403 702 548 775 quod
582 703 660 768 lit,
689 711 814 756 ante
845 717 1005 772 quam
1038 701 1148 769 ﬁat,
1183 717 1288 756 non
1321 700 1419 755 fuit
1452 718 1466 767 ;
1503 715 1600 756 nos
1629 715 1749 756 cum
1776 700 1870 754 ﬁlii
1895 714 2000 754 non

403 794 718 860 fuissemus,
749 793 817 848 ad
839 794 891 848 id
919 793 1064 865 quod
1089 809 1278 848 sumus
1319 792 1612 849 efﬁcimur.
1666 793 1807 848 Ante
1855 792 2000 846 enim

403 889 498 944 lilii
530 902 637 944 non
667 901 922 943 eramus:
953 886 1050 942 sed
1082 897 1204 957 post
1252 902 1414 958 quam
1446 886 1745 942 meruimus
1776 885 1878 940 hoc
1910 900 2002 939 su-

404 996 545 1036 mus.
595 979 794 1037 Sumus
820 987 1001 1034 autem
1027 994 1135 1034 non
1162 979 1294 1048 nati,
1325 979 1418 1034 sed
1448 979 1609 1045 iacti;
1644 992 1818 1048 neque
1839 991 2002 1048 gene-

406 1073 532 1140 rati,
561 1073 654 1128 sed
675 1071 946 1144 acquisiti.
989 1071 1289 1142 Acquisivit
1338 1072 1484 1128 enim
1532 1071 1635 1126 sibi
1660 1071 1802 1126 Deus
1832 1084 2001 1140 popu-

402 1168 517 1224 lum
573 1166 758 1240 (lPet.
793 1183 870 1234 ιι,
904 1165 1002 1238 9):
1049 1178 1104 1222 et
1157 1183 1254 1238 per
1311 1169 1414 1224 hoe
1456 1167 1658 1238 genuit.
1735 1165 2000 1222 Genuisse

401 1269 584 1316 autem
617 1261 785 1315 Deum
820 1259 978 1328 ﬁlios,
1013 1275 1302 1330 numquam
1332 1275 1453 1315 cum
1497 1261 1842 1332 proprietatis
1892 1260 1998 1330 sig-

403 1351 719 1409 niﬁcatione
744 1352 1147 1423 cognoscimus.
1186 1351 1302 1408 Non
1331 1353 1476 1408 enim
1505 1354 1579 1409 ait
1604 1372 1616 1408 :
1649 1353 1816 1408 Filios
1847 1368 1997 1409 meos

403 1445 560 1516 genui
601 1454 655 1502 et
682 1446 912 1501 exaltavi
942 1463 956 1500 :
1001 1445 1098 1502 sed
1122 1444 1226 1501 hoc
1259 1455 1464 1502 tantum
1495 1465 1509 1503 :
1563 1446 1727 1502 Filios
1772 1448 1923 1519 genui
1948 1456 1998 1502 et

401 1540 622 1594 exaltavi
654 1537 825 1609 (Esai.
855 1554 892 1607 ι,
921 1539 1002 1610 2).

476 1635 564 1688 14.
615 1631 846 1702 Objectio
875 1633 1011 1705 quod
1039 1631 1210 1688 Israel
1229 1642 1276 1688 et
1306 1633 1547 1704 proprius
1581 1633 1783 1689 dicatur
1809 1643 1854 1688 et
1881 1634 1990 1706 [ac-

401 1737 505 1783 tus.
530 1756 600 1768 ——
629 1724 738 1781 Nisi
770 1725 912 1781 forte
937 1725 988 1781 in
1020 1741 1085 1782 eo
1109 1727 1254 1797 quod
1281 1726 1357 1782 ait
1382 1744 1396 1780 :
1426 1726 1474 1779 F
1477 1727 1600 1781 ilius
1627 1728 1997 1798 primogenitae

2111 511 2184 584 (c)
2215 519 2342 566 nato
2371 525 2502 566 vero
2531 510 2618 566 uni
2654 510 2762 566 Deo
2788 509 3130 565 manifestum
3159 511 3228 565 sit
3254 510 3528 581 proprium
3559 525 3702 580 esse,

2106 609 2248 682 quod
2279 609 2418 666 ﬁlius
2449 610 2538 664 sit.
2604 607 2721 664 Non
2753 617 2836 664 est
2884 608 3063 679 itaque
3104 621 3232 662 vera
3260 615 3313 663 et
3337 609 3574 679 perfecta
3603 623 3699 664 na-

2107 703 2308 769 tivitas,
2341 701 2431 756 ubi
2462 701 2750 772 deputatur
2780 700 2972 771 magis,
3013 714 3175 771 quam
3199 707 3487 770 generatur
3515 718 3528 756 :
3571 699 3698 772 quia

2106 810 2213 850 non
2240 794 2550 867 ambiguum
2580 802 2664 850 est
2688 809 2809 848 eum
2837 792 3094 863 populum
3119 835 3134 860 ,
3168 791 3260 862 qui
3289 790 3343 847 in
3377 791 3544 847 lilium
3576 807 3702 848 nas-

2104 901 2357 959 eatur,ct
2383 890 2521 946 ﬁeri.
2563 889 2718 956 Quod
2747 899 2925 944 autem
2958 889 3013 942 ﬁt
3053 903 3174 942 cum
3219 902 3326 942 non
3373 887 3564 944 fuisset
3589 929 3602 953 ,
3644 895 3703 943 et

2105 999 2204 1055 per
2245 984 2298 1039 id
2329 982 2470 1053 quod
2497 981 2694 1037 factum
2724 989 2808 1036 est
2838 979 3034 1035 dicitur
3065 979 3212 1035 nasci
3243 997 3256 1045 ;
3303 993 3407 1034 non
3437 987 3520 1034 est
3558 978 3614 1034 in
3637 993 3702 1034 eo

2103 1093 2232 1133 vera
2258 1077 2527 1144 nativitas,
2555 1077 2676 1147 quia
2709 1085 2834 1129 ante
2859 1071 3003 1128 aliud
3021 1088 3180 1144 quam
3200 1080 3382 1127 natum
3403 1082 3484 1128 est
3513 1070 3696 1129 fuerit.

2105 1172 2171 1227 Et
2192 1171 2394 1228 idcirco
2423 1171 2505 1241 (ά)
2536 1186 2641 1225 non
2673 1169 2770 1224 fuit
2797 1169 2874 1240 (5)
2919 1175 3204 1237 antequam
3238 1175 3550 1222 nasceretur
3579 1209 3594 1232 ,
3645 1166 3697 1222 id

2103 1273 2222 1331 est,
2263 1273 2548 1333 antequam
2580 1263 2768 1317 ﬁeret:
2817 1260 2937 1332 quia
2991 1260 3080 1330 qui
3139 1275 3204 1314 ex
3256 1259 3506 1329 gentibus
3555 1257 3698 1314 lilius

2104 1365 2206 1424 est,
2231 1371 2363 1427 gens
2396 1365 2477 1410 est
2499 1364 2625 1410 ante
2650 1369 2808 1426 quam
2844 1353 3018 1408 ﬁlius:
3045 1354 3115 1424 (ε)
3143 1367 3206 1407 ac
3237 1367 3331 1422 per
3357 1352 3409 1407 id
3441 1367 3548 1407 non
3572 1367 3698 1407 vere

2105 1450 2267 1516 ﬁlius,
2291 1449 2414 1520 quia
2442 1464 2547 1502 non
2579 1462 2792 1518 semper
2818 1447 2979 1501 ﬁlius.
3010 1444 3326 1515 Unigenitus
3357 1455 3536 1499 autem
3556 1445 3696 1500 Deus

2105 1559 2279 1616 neque
2321 1559 2426 1597 non
2464 1543 2533 1613 (f)
2568 1541 2666 1596 fuit
2686 1539 2975 1610 aliquando
3003 1553 3108 1594 non
3140 1537 3283 1594 ﬁlius
3313 1579 3328 1604 ,
3389 1553 3563 1609 neque
3592 1537 3692 1593 fuit

2102 1634 2300 1705 aliquid
2347 1642 2473 1688 ante
2508 1648 2666 1704 quain
2690 1632 2849 1700 ﬁlius,
2897 1646 3071 1702 neque
3117 1631 3406 1702 quidquam
3464 1629 3542 1704 (g)
3594 1630 3692 1685 ali-

2101 1727 2228 1798 quid
2263 1728 2375 1798 ipse
2421 1726 2523 1782 nisi
2551 1726 2711 1780 ﬁlius.
2757 1725 2930 1794 Atque
2962 1724 3033 1778 ita
3064 1722 3158 1794 qui
3181 1737 3396 1792 semper
3423 1732 3505 1778 est
3529 1722 3690 1788 ﬁlius,

399 1837 543 1875 meus
574 1818 740 1874 Israel
768 1818 966 1892 (Exod.
1012 1836 1085 1887 iv,
1115 1820 1210 1891 9.2)
1235 1863 1248 1885 ,
1277 1820 1556 1891 quisquam
1587 1822 1689 1876 hoc
1713 1821 1855 1892 quod
1889 1823 1994 1890 pri-
2025 1831 2074 1892 Β
2103 1823 2182 1896 (ι)
2217 1837 2321 1876 non
2364 1821 2583 1892 reliquit
2609 1819 2660 1876 id
2685 1819 2750 1876 de
2775 1835 2832 1876 se
2863 1818 3259 1890 intelligentiae,
3303 1831 3374 1873 ne
3401 1815 3692 1888 aliquando

398 1912 690 1983 mogenitus
716 1927 857 1965 meus
888 1911 1042 1976 dixit,
1072 1912 1137 1966 ad
1165 1911 1552 1968 detrahendam
1583 1913 1722 1969 Filio
1751 1915 1992 1984 preprie~

401 2015 562 2060 tatem
610 2003 978 2076 generationis
1015 2005 1318 2076 intelliget;
1369 2016 1427 2061 ut
1474 2005 1595 2076 quia
1629 2015 1682 2062 et
1722 2006 1791 2062 de
1830 2006 1992 2062 Israel

401 2096 602 2153 dixerit
640 2114 805 2164 meus,
851 2097 1150 2168 assumptio
1175 2097 1439 2153 factorum
1467 2097 1702 2153 ﬁliorum
1733 2113 1830 2168 pro
1856 2099 1994 2153 nati-

399 2191 579 2248 vitatis
603 2189 933 2260 proprietate
988 2200 1241 2260 usurpata
1293 2189 1414 2246 sit?
1470 2201 1523 2247 et
1559 2191 1760 2246 idcirco
1793 2205 1900 2246 non
1923 2191 1993 2246 sit

398 2286 664 2342 nativitati
695 2285 789 2341 Dei
823 2285 1121 2356 proprium,
1146 2284 1286 2356 quod
1309 2284 1376 2341 dc
1400 2285 1698 2341 eo'dictum
1732 2294 1815 2342 est
1843 2303 1855 2338 :
1891 2283 1994 2340 Hie

403 2390 478 2434 est
509 2380 649 2450 ﬁlius
697 2395 839 2432 meus
867 2378 1082 2433 dilectus
1109 2377 1323 2449 (Matth.
1356 2394 1487 2445 xvu,
1525 2379 1578 2449 5)
1610 2396 1623 2445 ;
1688 2394 1808 2434 cum
1852 2394 1994 2433 meus

399 2472 562 2530 etiam
592 2470 702 2526 illis
752 2471 1026 2542 proprium
1069 2486 1189 2527 esse
1217 2470 1467 2538 dicatur,
1506 2486 1642 2542 quos
1691 2488 1798 2529 non
1841 2483 1996 2528 natos

400 2579 524 2621 esse
553 2563 895 2620 manifestum
949 2572 1050 2620 est.
1113 2563 1230 2620 Non
1270 2574 1426 2620 natos
1453 2576 1634 2620 autem
1659 2581 1780 2622 esse
1810 2606 1826 2630 ,
1870 2565 1996 2620 licet

399 2658 511 2714 nati
537 2673 658 2715 esse
684 2657 952 2722 dicantur,
979 2659 1061 2714 vel
1083 2673 1151 2714 ex
1173 2673 1240 2714 eo
1269 2661 1494 2714 docetur
1517 2673 1638 2715 cum
1660 2657 1995 2724 dicitur,l’o-

397 2751 522 2823 pulo
550 2751 638 2822 qui
663 2761 920 2816 nascetur,
946 2767 1094 2821 quem
1121 2752 1240 2820 fecit
1267 2751 1517 2808 Dominus
1539 2752 1711 2823 (Psal.
1738 2769 1848 2819 xxx,
1877 2753 1992 2825 5'2).

469 2845 559 2900 15.
593 2843 760 2900 Israel
787 2860 889 2898 non
920 2847 1159 2915 praprius
1187 2847 1328 2915 ﬁlius
1349 2887 1364 2912 ,
1415 2846 1506 2900 sed
1533 2847 1774 2916 proprius
1804 2846 1998 2916 primo-

395 2939 619 3011 genitus.
663 2937 782 2993 Non
811 2948 885 2994 est
909 2939 1119 3008 proprie
1145 2939 1286 3009 ﬁlius
1311 2941 1396 3009 qui
1421 2941 1486 2994 sit
1513 2957 1629 2994 cum
1661 2957 1760 2994 non
1789 2942 1988 3012 fuisset.

394 3062 468 3076 -—
500 3032 644 3105 Ergo
673 3033 901 3103 populus
928 3035 1091 3090 Israel
1119 3035 1203 3105 (Ι)
1233 3035 1471 3091 nascitur
1501 3036 1604 3108 (a),
1656 3045 1714 3092 ut
1738 3037 1830 3092 ﬁat
1858 3055 1870 3091 :
1901 3053 1994 3093 ne-

397 3141 502 3197 que
530 3141 625 3196 per
650 3125 704 3180 id
732 3125 874 3196 quod
898 3126 1048 3182 nasci
1077 3125 1300 3195 dicitur,
1345 3144 1450 3182 non
1482 3128 1648 3202 416
1675 3129 1994 3201 intelligitur

2096 1929 2203 1971 non
2239 1915 2415 1970 fuerit.

2171 2009 2258 2064 16.
2290 2009 2457 2064 Rebus
2483 2006 2720 2061 Immanis
2742 2021 3006 2060 commune
3024 2014 3094 2060 est
3121 2004 3399 2075 aliquando
3423 2005 3694 2076 non-fuisse

2095 2109 2142 2154 et
2171 2115 2236 2154 ea:
2261 2099 2423 2153 nihilo
2447 2115 2572 2153 esse.
2605 2127 2678 2139 —-
2732 2097 2801 2152 Et
2828 2095 3135 2152 nativitates
3183 2096 3400 2166 quidem
3433 2096 3685 2152 humana:

2097 2192 2297 2248 habent
2332 2194 2385 2246 in
2417 2205 2657 2263 tempore
2688 2206 2794 2246 non
2828 2190 3033 2245 fuisse:
3081 2190 3312 2260 primum
3352 2189 3474 2258 quia
3500 2203 3692 2246 omnes

2097 2303 2165 2343 ex
2195 2287 2278 2341 his
2300 2287 2572 2352 omnibus,
2607 2287 2696 2357 qui
2717 2296 2841 2342 ante
2862 2286 2940 2359 (5)
2969 2301 3073 2340 non
3106 2285 3187 2358 (Ιι)
3213 2283 3431 2350 iuerint,
3463 2298 3691 2340 nascan-

2098 2392 2204 2439 tur.
2246 2383 2378 2440 Nam
2421 2385 2634 2440 tametsi
2685 2384 2972 2454 unicuique
3019 2383 3353 2440 nascentium
3396 2398 3463 2438 ex
3512 2397 3578 2438 eo
3618 2381 3690 2438 sit

2097 2478 2249 2548 origo
2279 2477 2580 2548 quiiucrit;
2625 2486 2805 2532 tamen
2849 2479 2964 2547 ipse
2995 2477 3120 2541 ille.
3177 2493 3242 2532 ex
3271 2491 3378 2547 quo
3425 2478 3685 2543 nascitur,

2097 2588 2204 2626 non
2235 2571 2333 2627 fuit
2361 2582 2485 2627 ante
2513 2587 2672 2643 quam
2699 2582 2854 2626 natus
2877 2579 2978 2626 est.
3037 2571 3243 2626 Dehinc
3270 2573 3384 2640 ipse
3412 2569 3506 2641 qui
3529 2580 3687 2626 natus

2097 2675 2200 2732 est,
2235 2674 2355 2737 post
2383 2682 2541 2736 quam
2573 2681 2677 2720 non
2712 2666 2809 2720 fuit
2839 2673 2996 2720 natus
3017 2674 3120 2729 est,
3156 2673 3396 2734 tempore
3423 2673 3550 2719 ante
3576 2679 3688 2719 ma-

2097 2769 2281 2824 nente,
2311 2774 2470 2830 quam
2503 2760 2760 2814 nascitur.
2839 2757 3076 2814 Nasceris
3119 2757 3260 2811 enim
3290 2755 3449 2813 hodie
3477 2797 3491 2821 ,
3540 2756 3590 2810 in
3619 2769 3686 2812 eo

2096 2854 2241 2927 quod
2272 2855 2582 2910 hesternum
2609 2854 2709 2909 fuit
2736 2870 2841 2908 non
2870 2852 2998 2918 fuit;
3058 2853 3188 2908 etin
3219 2852 3270 2907 id
3293 2851 3436 2922 quod
3474 2860 3578 2914 est,
3619 2867 3688 2907 ex

2096 2960 2162 3001 eo
2186 2945 2329 3017 quod
2353 2961 2457 3000 non
2485 2943 2605 3011 fuit,
2633 2945 2820 3015 erepit,
2850 2953 2905 3000 et
2946 2943 3086 2998 intra
3128 2941 3537 3013 intelligentiam
3575 2956 3679 2998 no-

2096 3049 2262 3094 stram
2291 3046 2374 3094 est
2397 3079 2412 3104 ,
2476 3037 2734 3092 hesterno
2763 3037 2812 3092 id
2839 3079 2854 3105 ,
2894 3037 3034 3106 quod
3084 3036 3242 3092 hodie
3274 3036 3534 3104 nascitur,
3579 3051 3686 3092 non

2094 3132 2280 3190 fuisse.
2315 3133 2490 3202 Atque
2514 3130 2675 3205 41³1
2716 3132 2786 3186 ita
2817 3131 3068 3186 nativitas
3099 3131 3236 3200 ejus,
3268 3146 3364 3202 per
3392 3145 3553 3201 quam
3581 3139 3686 3195 est,

393 3230 448 3272 et
481 3217 619 3272 ﬁeri.
663 3217 743 3272 Ex
775 3217 1065 3288 adoptione
1092 3220 1236 3274 enim
1265 3229 1346 3275 est
1374 3220 1536 3287 ﬁlius,
1585 3238 1690 3276 non
1732 3238 1796 3276 ex
1825 3238 1990 3292 genc-
2018 3216 2063 3279 C
2097 3234 2217 3296 post
2248 3224 2300 3280 id
2327 3223 2472 3296 quod
2496 3224 2913 3280 nont’uitmanet
2938 3241 2953 3287 ;
2978 3223 3100 3294 quia
3126 3223 3285 3279 hodie
3309 3225 3537 3294 primum
3567 3232 3690 3293 post

395 3312 638 3378 ratione;
686 3327 862 3381 neque
883 3313 931 3366 ei
987 3311 1291 3382 pr0prietas
1319 3355 1334 3379 ,
1372 3314 1466 3369 sed
1517 3315 1843 3384 nuncupatio
1886 3324 1987 3370 est.

393 3403 528 3460 Nam
562 3404 688 3460 licet
710 3405 1078 3474 primageuitus
1106 3422 1245 3461 meus
1266 3405 1333 3460 de
1358 3422 1424 3460 eo
1455 3406 1715 3477 scriptum
1739 3408 1808 3462 sit
1835 3425 1850 3473 ;
1876 3407 1994 3462 lon-

393 3514 461 3569 ge
493 3507 670 3552 tamen
704 3498 1039 3568 multumque
1069 3497 1270 3564 diﬁ'ert,
1299 3497 1468 3553 Filius
1506 3516 1644 3555 meus
1665 3500 1898 3569 dilectus,
1937 3510 1992 3559 et

394 3589 566 3646 Filius
613 3591 978 3662 primogenitus
1017 3607 1176 3647 meus.
1254 3591 1353 3648 Ubi
1393 3593 1537 3648 enim
1579 3594 1830 3650 nativitas
1865 3603 1989 3663 est,

395 3683 472 3739 ibi
521 3682 690 3738 Filius
733 3700 873 3738 meus
922 3683 1172 3739 dilectus:
1231 3686 1318 3742 ubi
1367 3701 1496 3741 vero
1547 3687 1742 3744 electio
1773 3703 1838 3744 ex
1860 3702 1992 3758 gen-

393 3775 542 3831 tibus
601 3785 715 3844 est,
799 3784 854 3831 et
919 3776 1136 3845 adoptio
1187 3793 1286 3848 per
1338 3777 1669 3834 voluntatem
1726 3788 1838 3843 est.
1917 3779 1992 3834 ibi

394 3867 566 3924 Filius
592 3870 959 3942 primogenitus
988 3887 1148 3925 meus.
1193 3871 1288 3926 llic
1317 3871 1461 3942 quod
1487 3887 1615 3927 suus
1637 3883 1741 3940 est,
1790 3872 1857 3927 ad
1883 3873 1993 3943 pri-

393 3963 725 4033 mogenitum
757 3973 872 4019 est:
921 3963 1031 4018 illic
1078 3963 1219 4034 quod
1247 3979 1375 4018 suus
1406 3972 1489 4019 est
1519 4004 1534 4029 ,
1585 3963 1650 4018 ad
1682 3965 1848 4019 ﬁlium
1877 3976 1980 4021 est.

410 4055 486 4127 (2)
521 4055 588 4114 Et
616 4057 668 4110 in
694 4055 972 4110 nativitate
1003 4055 1078 4129 (b)
1112 4057 1252 4111 lilius
1284 4057 1513 4126 primum
1545 4071 1674 4111 suus
1719 4066 1772 4113 et
1794 4058 1872 4114 sic
1899 4057 1982 4114 di-

395 4147 568 4205 lectus
597 4167 610 4214 ;
663 4159 716 4205 et
747 4150 798 4204 in
830 4149 1097 4205 electione
1140 4148 1280 4203 ﬁlius
1306 4150 1540 4220 primum
1574 4151 1980 4221 primogenitus,

393 4254 446 4302 et
468 4244 545 4300 sic
570 4257 752 4318 postea
785 4258 950 4300 suus:
999 4252 1078 4311 ut,
1105 4244 1360 4314 adoptato
1401 4261 1467 4299 ex
1497 4245 1746 4299 omnibus
1775 4245 1986 4316 populis

2095 3317 2405 3374 hesternum
2431 3331 2642 3387 tempus
2670 3331 2790 3372 esse
2815 3331 3034 3372 necesse
3059 3327 3163 3384 est,
3194 3325 3250 3370 ut
3275 3316 3325 3371 ei
3365 3315 3436 3372 sit
3466 3317 3519 3370 in
3549 3323 3685 3370 tem-

2097 3424 2228 3480 pore
2256 3423 2363 3464 non
2395 3408 2558 3465 luisse
2619 3409 2686 3464 Et
2711 3408 2828 3464 haec
2853 3408 3070 3479 quidem
3093 3410 3398 3463 communia
3427 3409 3478 3462 in
3505 3423 3684 3463 rerum

2095 3501 2450 3557 humanarum
2479 3501 2686 3572 origine
2714 3510 2860 3566 sunt,
2905 3510 2962 3556 ut
2989 3501 3168 3555 omnia
3202 3501 3407 3555 initium
3440 3501 3688 3566 sui,cum

2093 3605 2251 3651 antea
2283 3611 2389 3650 non
2413 3595 2660 3656 fuissent,
2709 3593 3012 3664 accipiant:
3061 3593 3294 3664 primmn
3322 3592 3539 3664 quidem
3565 3635 3581 3660 ,
3634 3602 3693 3650 ut

2094 3687 2400 3754 docuimus,
2434 3704 2533 3759 per
2565 3697 2797 3757 tempus,
2846 3686 3042 3742 deinde
3074 3702 3170 3757 per
3196 3700 3439 3742 causam.
3502 3685 3571 3740 Et
3597 3701 3691 3755 per

2095 3789 2306 3850 tempus
2337 3780 2550 3850 quidem
2607 3796 2711 3835 non
2762 3778 3071 3848 ambiguum
3113 3785 3218 3844 est,
3266 3777 3394 3848 quin
3424 3791 3508 3842 ea,
3559 3792 3680 3848 quae

2093 3888 2236 3930 nunc
2257 3873 2542 3942 cmperint,
2586 3882 2711 3927 ante
2734 3887 2840 3926 non
2869 3871 3101 3926 fuerint:
3155 3884 3250 3940 per
3278 3883 3496 3924 causam
3528 3883 3680 3935 vero,

2095 3968 2217 4038 quia
2252 3967 2334 4022 his
2363 3981 2467 4021 non
2499 3965 2558 4037 (ὅ)
2590 3981 2656 4021 ex
2682 3980 2841 4020 causa
2870 3973 3082 4020 constet
3105 3977 3224 4018 esse
3245 3961 3387 4033 quod
3414 3969 3688 4016 maneant.

2097 4061 2333 4117 Revolve
2381 4061 2523 4116 enim
2567 4075 2756 4115 omnes
2806 4058 3076 4128 originum
3133 4071 3365 4123 causas,
3421 4065 3474 4111 et
3525 4055 3686 4111 intel-

2096 4155 2370 4226 ligentiam
2394 4157 2444 4208 itt
2475 4154 2744 4208 anteriora
2777 4162 3034 4207 converte
3067 4169 3077 4205 :
3133 4150 3376 4205 invenies
3415 4148 3548 4203 nihil
3576 4161 3688 4203 cte-

2097 4248 2240 4318 pisse
2268 4262 2363 4319 per
2390 4261 2631 4314 causam,
2679 4245 2806 4301 dum
2851 4243 3032 4300 omnia
3082 4257 3178 4314 per
3225 4241 3474 4296 virtutem
3499 4238 3598 4294 Dei
3626 4237 3693 4292 ad

577 4408 854 4478 Nascetur,
886 4418 1019 4474 tum,
1051 4424 1212 4476 neque
1239 4423 1326 4479 per
1353 4407 1408 4462 id
1428 4408 1565 4477 quod
1592 4410 1836 4477 nascitur,
1877 4425 1978 4465 nou
2005 4439 2058 4501 Ι)
2265 4409 2544 4501 dutequa'm
2574 4409 2818 4493 nascitur.

387 4483 722 4553 intelligetur.

463 4551 643 4626 (2)'Et
664 4556 719 4609 in
738 4555 1000 4610 nativitate
1027 4554 1158 4626 lilii;
1192 4566 1339 4619 mox,
1368 4561 1412 4606 et
1435 4551 1487 4606 in
1509 4552 1752 4608 electione
1777 4553 1897 4622 ﬁlii.

463 4691 538 4764 (a)
575 4692 879 4762 Exemplar.
903 4693 1027 4749 Vat.
1054 4692 1178 4764 bas.
1199 4690 1286 4764 hie
1319 4704 1509 4764 prrerse
1530 4688 1770 4764 fertita;
1831 4688 1976 4764 quod

388 4760 609 4820 tacitum
643 4760 940 4834 intelligere
993 4773 1093 4819 est.
1161 4760 1401 4818 Subinde
1433 4763 1483 4815 in
1519 4760 1761 4832 pluribus
1790 4761 1975 4830 probae

385 4847 530 4894 note
557 4851 687 4890 mss.
715 4853 872 4904 neque
893 4851 981 4907 per
1007 4835 1061 4887 id
1076 4835 1212 4906 quod
1238 4835 1488 4907 nascitur:

458 4907 535 4980 (ιι)
584 4908 637 4962 lu
667 4902 1060 4980 antimtioribus
1087 4902 1216 4980 inss.
1246 4905 1421 4980 gluttu,
1453 4904 1608 4980 Rem.
1640 4902 1978 4980 et_c.fde_side-

385 4975 536 5036 ratur
565 4994 663 5034 vox
693 4975 832 5049 ﬁlius
854 4994 874 5034 :
901 4977 1058 5049 cujus
1087 4978 1206 5031 loco
1255 4976 1453 5049 habent
1492 4975 1650 5049 Bad.,
1683 4977 1801 5041 Est,
1828 4975 1972 5044 Lips.

383 5061 438 5107 et
471 5051 652 5120 plures
682 5047 814 5105 mss.
848 5047 987 5120 ﬁlii:
1041 5049 1181 5120 quod
1221 5047 1610 5117 prmlerendum
1637 5087 1651 5112 ,
1699 5049 1744 5101 si
1794 5055 1977 5115 postea

383 5119 506 5177 cum
541 5122 732 5177 iisdem
761 5119 892 5176 edit.
923 5128 978 5175 et
1004 5119 1255 5174 omnibus
1291 5133 1459 5188 prope
1505 5132 1636 5171 tnss.
1682 5125 1978 5185 antepona-

385 5205 472 5250 tur
523 5203 572 5249 et
617 5195 675 5248 in
719 5193 962 5246 electione
988 5192 1107 5261 ﬁlii.
1151 5191 1336 5245 Lectio
1384 5203 1542 5258 quam
1572 5191 1867 5244 retinemus
1897 5197 1980 5244 est

383 5265 532 5331 Par.,
561 5280 661 5320 ms.
697 5264 912 5318 Martia.
941 5270 997 5317 et
1022 5261 1229 5329 aliquot
1257 5263 1504 5315 aliorum.
1543 5289 1548 5329 ς

462 5329 537 5410 (c)
583 5335 704 5410 Vat.
760 5336 876 5390 bas.
934 5350 1037 5410 m_s_.
1068 5334 1524 5410 nativitatepero:
1575 5331 1751 5410 minus
1776 5329 1974 5410 placet.

385 5403 529 5464 Tum
563 5408 690 5462 editi
736 5416 962 5476 excepto
995 5404 1120 5460 Par.
1155 5404 1418 5474 unigenito
1442 5403 1592 5476 Deo:
1640 5404 1977 5476 imminutam

382 5480 646 5534 exhibent
679 5474 890 5533 Ηίιηιιῖ
919 5476 1241 5533 sententiam
1271 5516 1287 5542 ,
1323 5490 1445 5545 -qua
1492 5475 1605 5529 vult
1633 5475 1746 5541 uui,
1805 5474 1857 5529 id
1897 5483 1980 5530 est

381 5552 506 5614 soli,
543 5553 651 5604 Deo
681 5557 808 5605 nato
826 5551 1101 5620 proprium
1133 5563 1254 5603 esse
1281 5546 1426 5620 quod
1456 5547 1596 5620 ﬁlius
1619 5548 1707 5600 sit.

457 5623 536 5692 (d)
569 5617 843 5676 Partirula'
883 5617 1084 5691 negans
1125 5620 1177 5674 in
1206 5617 1439 5692 vulgatis
1474 5617 1671 5674 omissa
1703 5617 1982 5692 suppletur

382 5689 613 5749 ex'tnss.
646 5708 877 5763 quorum
904 5689 1224 5747 vetustiores
1251 5691 1499 5754 subinde,
1531 5699 1587 5744 ut
1614 5690 1854 5763 etalias,
1887 5689 1981 5743 ba-

382 5767 535 5833 bent,
558 5761 674 5819 ante
695 5782 849 5836 quam
874 5767 1121 5836 nascitur.
1153 5764 1543 5836 Proxirttepost
1567 5761 1787 5818 verbum
1813 5762 1979 5832 ﬁeret,

384 5846 442 5894 ut
469 5828 628 5896 antea
670 5828 794 5910 post
820 5851 920 5894 non
947 5828 1064 5908 fuit,
1097 5828 1358 5894 reticetur
1384 5828 1544 5904 ﬁliust

2180 4481 2240 4553 4)
2276 4481 2394 4553 Non
2420 4481 2684 4550 relinquit.

2180 4483 2240 4553 4)
2276 4483 2394 4536 Non
2420 4483 2684 4550 relinquit.

2157 4483 2240 4626 (ὅ)
2271 4552 2554 4609 Outittitur
2585 4569 2710 4607 non.

2158 4689 2230 4760 (ε)
2259 4688 2440 4746 Codex
2470 4689 2592 4760 vat.
2641 4688 2756 4742 bas.
2811 4686 3138 4760 suﬁ'raganle
3166 4683 3385 4760 Martin.
3425 4701 3489 4760 ac
3519 4701 3612 4755 per
3637 4685 3692 4738 id

2085 4757 2221 4833 quod
2251 4777 2352 4815 non
2380 4777 2491 4814 vere
2513 4759 2717 4827 Filius,
2761 4776 2884 4833 gens
2921 4768 2991 4812 est
3017 4773 3032 4824 ;
3065 4757 3422 4827 imprudentis
3453 4757 3692 4827 interpo-

2087 4832 2274 4888 latoris
2317 4847 2503 4900 Opera.

2157 4904 2225 4975 (f)
2270 4903 2402 4958 illud
2453 4921 2554 4958 non
2599 4903 2666 4959 ab
2695 4902 2920 4958 Erasmo
2947 4900 3176 4975 primum
3219 4916 3348 4956 mss.
3401 4901 3686 4956 renitenti-

2086 4973 2550 5045 buS’expunctuttt
2623 4990 2964 5030 revocamus.
3011 4973 3361 5028 Plconasmus
3429 4980 3556 5045 est,
3634 4983 3692 5027 ut

2088 5044 2312 5112 Graecis,
2345 5049 2415 5102 ita
2443 5057 2498 5101 et
2528 5047 2731 5102 llilario
2765 5051 3012 5112 usitatus,
3043 5047 3338 5114 negationis
3369 5044 3551 5112 prima:
3579 5045 3686 5098 vim

2089 5133 2194 5172 non
2230 5119 2425 5173 tollens
2455 5159 2470 5184 ,
2520 5119 2615 5172 sed
2647 5133 2848 5188 augens
2877 5160 2892 5184 ,
2938 5117 3111 5188 quasi,
3142 5131 3318 5187 neque
3343 5129 3562 5184 prorsus
3591 5114 3688 5170 luit

2086 5191 2376 5256 aliquando
2409 5204 2513 5242 non
2540 5191 2698 5243 ﬁlius.

2158 5261 2234 5333 (θ)
2260 5258 2423 5334 Editi,
2454 5260 2597 5334 aliud
2621 5261 2749 5334 ipse.
2781 5261 2852 5316 At
2877 5275 3005 5334 mss.
3034 5260 3228 5334 aliquid
3257 5260 3386 5330 ipse,
3413 5257 3515 5314 nisi
3543 5257 3686 5329 quod

2087 5331 2142 5387 in
2168 5330 2355 5403 vetere
2380 5330 2534 5403 Colb.
2561 5344 2612 5403 et
2641 5330 2822 5386 Germ.
2853 5333 3049 5402 aliquid
3071 5330 3190 5403 ipsi.

2159 5403 2239 5477 (h)
2271 5402 2570 5477 Hujus‘loci
2603 5399 3033 5477 emendationem
3059 5399 3526 5477 debetnusr‘cndi‘ei
3553 5399 3673 5455 Vat.

2089 5473 2394 5530 bas.’alteri
2417 5473 2697 5538 Vaticano,
2740 5474 3055 5529 Martiniano
3083 5484 3136 5530 et
3165 5473 3520 5530 Pratellensi:
3554 5487 3673 5527 cum

2087 5547 2141 5602 in
2166 5547 2284 5602 aliis
2306 5546 2649 5618 desideretur
2681 5544 2942 5614 particula
2966 5562 3187 5618 negans.

2159 5619 2219 5692 (ἰ)
2261 5617 2316 5672 Id
2350 5628 2452 5692 est,
2489 5631 2595 5692 non
2625 5613 2690 5670 ett
2713 5632 2889 5692 causa:
2930 5613 3117 5692 prima:
3151 5616 3486 5692 substantia;
3519 5613 3684 5692 adco-

2087 5687 2288 5760 que'ex
2318 5688 2485 5743 nihilo
2513 5687 2710 5743 habent
2738 5687 2968 5742 initium.
2995 5690 3218 5744 Animus
3250 5689 3334 5743 hic
3355 5688 3416 5741 ad
3479 5688 3681 5760 primos

2087 5759 2259 5832 usque
2287 5771 2537 5830 parentes
2569 5769 2784 5814 nostros
2807 5770 3108 5832 revocatur,
3137 5772 3193 5817 ut
3221 5777 3283 5816 ex
3310 5760 3373 5814 iis
3403 5761 3492 5830 qui
3517 5774 3585 5816 ex
3608 5759 3659 5813 ni

2089 5831 2203 5890 hilo
2232 5831 2436 5890 conditi
2459 5833 2588 5904 sint,
2611 5843 2789 5891 ortum
2818 5831 3021 5892 habere
3058 5834 3462 5892 convincamur.
