4286 6264
576 312 684 370 445

1786 311 2030 371 SANCTI
2075 310 2330 369 "ILARII
2374 312 2674 374 EPISCOPI

3775 316 3883 375 ΔΗ

579 433 632 494 id
655 435 798 509 quod
828 442 952 493 sunt
979 444 1233 494 creantur
1256 477 1271 502 ,
1322 449 1429 491 non
1460 436 1622 492 etiam
1654 443 1951 491 nascuntur
1976 448 2041 490 ex
2072 432 2167 487 ali-
2198 433 2245 494 Α
2274 448 2397 488 eum
2428 448 2522 503 per
2548 434 2624 501 id,
2652 434 2793 507 quod
2816 446 3034 505 semper
3051 433 3230 501 fuerit,
3261 432 3591 505 praedicare:
3624 433 3750 506 quia
3774 434 3877 491 hu-

578 543 707 603 quo.
759 520 840 586 Ex
870 544 979 602 quo
1004 528 1167 585 etiam
1199 527 1492 600 unicuique
1536 528 1721 598 generi
1751 542 1845 597 per
1870 524 2176 583 successio‘

581 640 707 682 nem
762 627 930 696 ipsam
986 623 1229 679 naturale
1251 630 1363 691 est,
1418 638 1486 679 ne
1526 639 1631 678 non
1661 621 1897 679 fuerit’et
1923 621 2170 691 coeperit,

580 716 707 773 dum
738 726 791 771 et
821 724 941 786 post
966 725 1179 787 tempus
1208 716 1261 771 in
1286 725 1527 787 tempore
1554 725 1636 771 est
1665 732 1678 770 :
1727 726 1778 771 et
1805 731 1925 771 cum
1958 731 2175 785 semper

584 809 840 864 universa
887 812 1011 879 post
1060 819 1270 878 tempus
1324 809 1451 875 sint,
1488 824 1705 865 causam
1750 809 1833 864 sui
1866 825 2078 881 quoque
2108 810 2175 865 de

578 910 735 955 antea
767 915 872 955 non
906 900 1252 957 exstantibus
1294 910 1534 966 sumunt,
1571 902 1697 957 dum
1728 918 1795 958 ex
1817 902 1899 957 bis
1941 917 2175 958 nascun-

582 1001 669 1046 tur
696 1007 814 1062 qua:
860 1002 1016 1046 antea
1048 1008 1153 1047 non
1180 990 1415 1048 fuerint:
1474 994 1593 1062 ipso
1625 993 1719 1049 illo
1744 995 1915 1063 primo
1955 994 2173 1051 humani

579 1086 797 1157 gent-ris
825 1096 1046 1155 parente
1068 1086 1237 1142 Adam
1272 1103 1338 1143 ex
1387 1096 1532 1142 terra
1556 1131 1569 1153 ,
1615 1103 1734 1157 quae
1779 1104 1843 1144 ex
1875 1087 2042 1143 nihilo
2069 1098 2171 1157 est,

580 1188 635 1235 et
664 1190 783 1249 post
809 1189 1042 1249 tempus.
1072 1179 1146 1252 (a)
1174 1180 1224 1234 id
1246 1190 1348 1247 est,
1376 1181 1733 1252 pnstcualnm,
1765 1193 1984 1243 terram.
2008 1182 2171 1248 diem,

579 1272 772 1338 solent,
800 1272 978 1326 lunam
1010 1282 1066 1326 et
1091 1283 1231 1327 astra
1265 1271 1520 1339 formato,
1568 1276 1655 1345 qui
1701 1284 1755 1329 et
1796 1273 1869 1348 (ὁ)
1913 1274 2176 1344 originem

581 1377 687 1420 non
722 1365 969 1422 habuerit
1001 1363 1255 1421 nascendi
1285 1370 1339 1422 et
1370 1366 1595 1436 cmperit
1618 1380 1739 1422 cum
1770 1382 1875 1421 non
1900 1365 2107 1421 fuisset.

654 1457 740 1514 17.
786 1456 1094 1529 Unigenitus
1131 1475 1289 1526 neque
1332 1458 1610 1525 aliquando
1648 1475 1749 1512 non
1780 1459 1899 1529 fuit,
1931 1475 2091 1527 neque
2118 1474 2181 1514 es

580 1552 761 1606 nihilo.
795 1581 869 1592 —
914 1552 1017 1606 Sed
1050 1551 1326 1619 unigenito
1358 1550 1488 1616 Deo,
1517 1552 1603 1606 cui
1622 1567 1725 1606 non
1756 1563 1943 1621 prmest
1967 1560 2180 1623 tempus

579 1644 841 1709 anterius,
892 1659 996 1698 non
1044 1643 1369 1714 relinquitur
1412 1654 1467 1699 ut
1514 1644 1801 1713 aliquando
1847 1660 1952 1699 non
1996 1643 2179 1712 fuerit,

580 1737 704 1807 quia
732 1735 803 1809 (c)
839 1738 1016 1807 ipsum
1047 1736 1178 1792 illud
1225 1737 1504 1809 aliquando
1530 1742 1639 1808 jam
1679 1738 1826 1808 prius
1857 1748 1958 1807 est,
1985 1737 2180 1795 deinde

2278 528 2421 582 mani
2484 543 2677 584 sensus
2718 527 2793 602 (g)
2851 529 3107 599 opinione
3164 527 3216 584 id
3265 527 3411 599 quod
3454 543 3672 598 semper
3739 529 3876 597 fuit,

2277 635 2381 677 non
2406 619 2482 694 (4)
2506 623 2738 694 patiatur
2762 630 2821 677 ut
2851 634 3035 679 natum
3052 624 3153 689 sit;
3182 639 3203 675 ι
3227 621 3483 678 nascendi
3513 633 3692 679 autem
3717 640 3875 680 causa

2274 712 2366 780 sit,
2401 723 2457 769 ut
2495 713 2734 786 sitquod
2775 730 2880 771 non
2931 723 3077 770 erat:
3109 730 3232 771 esse
3277 730 3408 770 vero
3434 715 3577 787 quod
3611 716 3878 783 nonfuit,

2277 805 2413 862 nihil
2461 806 2608 862 aliud
2648 806 2750 863 sub
2776 807 3053 862 communi
3094 822 3256 862 sensu
3286 822 3431 873 esse,
3462 823 3621 879 quam
3674 809 3874 863 nasci.»

2277 899 2551 967 Adjiciant
2578 915 2708 955 vero
2727 901 2842 955 haec
2866 909 3051 971 arguta
3084 900 3215 955 satis
3241 909 3404 970 atque
3432 900 3635 955 auditui
3665 901 3879 971 placen-

2279 996 2385 1050 tia:
2427 1012 2446 1048 t
2478 995 2576 1062 Si,
2620 994 2828 1067 inquit,
2860 1001 3017 1051 natus
3047 1004 3161 1062 est,
3200 996 3393 1065 ctepit;
3421 1004 3471 1049 et
3499 1010 3621 1051 cum
3675 996 3834 1065 εωρίι
3863 1037 3878 1060 ,

2278 1102 2383 1141 non
2410 1085 2536 1153 fttit;
2567 1094 2765 1143 etcum
2794 1101 2898 1141 non
2929 1086 3049 1155 fuit,
3075 1102 3182 1142 non
3215 1088 3417 1158 patitur
3446 1086 3529 1160 (lt)
3562 1094 3617 1141 nt
3640 1086 3820 1144 fuerit.
3856 1108 3875 1143 ι

2278 1177 2455 1249 Atque
2502 1180 2705 1235 idcirco
2738 1179 2836 1250 piat!
2859 1179 3228 1251 intelligentim
3257 1194 3564 1235 sermonem
3590 1195 3715 1236 esse
3746 1195 3879 1235 con-

2281 1274 2521 1339 tendant,
2592 1273 2752 1330 «Non
2803 1274 2899 1328 fuit
2935 1282 3222 1343 antequam
3267 1284 3614 1329 nasceretur:
3662 1274 3781 1345 quia
3828 1284 3887 1328 ut

2280 1374 2428 1421 esset
2457 1364 2550 1437 qui
2590 1381 2694 1421 non
2736 1375 2875 1431 erat,
2923 1365 3002 1439 (5)
3032 1381 3135 1421 non
3160 1365 3225 1438 (ἰ)
3264 1367 3355 1436 qni
3389 1376 3504 1421 erat
3538 1375 3693 1420 natus
3721 1373 3823 1421 est.
3854 1383 3875 1417 ι

2280 1457 2469 1529 Neque
2506 1459 2653 1529 cguit
2686 1460 2970 1514 nativitate
3008 1457 3101 1531 qui
3136 1465 3273 1526 erat,
3303 1474 3426 1513 cum
3466 1457 3532 1513 ad
3564 1457 3613 1514 id
3651 1465 3709 1513 ut
3738 1467 3886 1514 θεειτι

2285 1551 2374 1622 qui
2403 1566 2507 1605 non
2531 1560 2647 1606 erat
2678 1562 3009 1606 nasceretur.

2355 1642 2444 1700 l9.
2492 1642 2844 1711 Quaestionum
2880 1645 3229 1714 captiosarum
3269 1645 3427 1699 virus.
3470 1639 3571 1697 His
3600 1640 3728 1712 ﬁdes
3748 1659 3881 1716 prte-

2262 1735 2715 1811 iferendan—Ac
2762 1737 2993 1808 primum
3042 1743 3358 1807 oportuerat
3384 1735 3630 1791 homines
3670 1734 3887 1805 religio-

579 1842 690 1883 non
735 1826 903 1883 fuisse
938 1827 1047 1898 jam
1095 1828 1353 1898 temporis
1397 1837 1513 1884 est:
1560 1836 1615 1884 et
1646 1829 1870 1901 incipiet
1915 1845 2020 1885 non
2066 1841 2182 1900 post
2214 1824 2402 1888 Bsam
2449 1831 2750 1886 divinarum
2803 1846 2985 1886 rerum
3030 1831 3314 1886 scientiam
3364 1827 3748 1899 praeferentes,
3797 1828 3889 1883 tibi

576 1936 701 1976 eum
735 1929 946 1991 tempus
974 1936 1117 1985 esse,
1150 1920 1246 1975 sed
1278 1921 1391 1992 ipse
1433 1936 1557 1977 esse
1585 1931 1709 1993 post
1740 1930 1973 1992 tempus,
2006 1922 2091 1978 cui
2127 1925 2177 1977 itt

578 2028 645 2069 eo
676 2013 820 2084 quod
868 2024 994 2069 ante
1043 2030 1205 2084 quam
1256 2015 1495 2069 nascitur
1544 2015 1799 2080 nonfuit,
1840 2015 1891 2071 id
1920 2017 2094 2087 ipsum
2129 2018 2181 2073 in

579 2119 686 2175 quo
717 2120 824 2159 non
853 2103 951 2159 fuit
982 2102 1061 2175 (l)
1089 2103 1426 2174 praeferetur.
1458 2105 1661 2161 Deinde
1686 2108 1773 2177 qui
1798 2122 1865 2162 ex
1892 2122 1957 2162 eo
1981 2106 2070 2178 qui
2101 2112 2185 2163 est

580 2209 739 2253 natus
759 2205 863 2265 est,
894 2196 1123 2267 intelligi
1150 2213 1254 2252 non
1285 2206 1463 2267 potest
1488 2213 1553 2253 ex
1582 2213 1649 2253 eo
1675 2198 1935 2270 quodnon
1963 2199 2055 2253 fuit
2084 2215 2182 2254 na-

582 2294 669 2343 tus
694 2303 849 2344 esse:
890 2288 972 2361 (2)
1000 2287 1122 2358 quia
1154 2286 1237 2361 (ιι)
1278 2288 1327 2343 ei
1375 2289 1420 2343 is
1460 2289 1551 2359 qui
1593 2299 1692 2356 est,
1735 2290 1801 2345 ad
1830 2291 1880 2345 id
1909 2292 2051 2362 quod
2077 2299 2183 2360 est,

582 2396 745 2437 causa
770 2389 888 2444 est;
925 2396 1029 2436 non
1060 2382 1222 2437 etiam
1255 2383 1307 2438 id
1339 2384 1483 2453 quod
1510 2400 1615 2439 non
1647 2393 1751 2453 est,
1776 2385 1927 2455 origo
1960 2400 2188 2442 nascen-

580 2473 636 2528 di
658 2481 761 2530 est.
797 2474 942 2544 Ergo
970 2475 1056 2529 cui
1085 2489 1260 2544 neque
1281 2474 1334 2530 itt
1368 2483 1615 2547 tempore
1638 2488 1741 2541 est,
1767 2476 1837 2548 (ε)
1864 2488 1918 2531 ut
1947 2477 2186 2548 aliquan-

580 2567 650 2622 do
678 2583 783 2622 nou
816 2569 1012 2634 fuerit;
1054 2583 1230 2638 neque
1261 2570 1311 2624 in
1351 2581 1523 2641 patre,
1556 2570 1723 2645 £18
1751 2573 1804 2628 id
1835 2583 1940 2638 est,
1966 2584 2190 2629 auctore

580 2667 684 2725 est,
714 2668 772 2713 ut
798 2661 1057 2715 subsistat
1078 2675 1145 2716 ex
1174 2661 1366 2716 nullis:
1400 2677 1505 2717 non
1530 2665 1743 2733 reliquit
1776 2664 1827 2719 id
1853 2665 1921 2720 de
1947 2680 2006 2721 se
2031 2680 2187 2722 occa-

581 2752 771 2819 sionis,
806 2761 863 2807 ut
892 2761 986 2807 aut
1029 2767 1094 2807 ex
1124 2752 1295 2809 nihilo
1324 2762 1483 2810 natus
1511 2756 1602 2822 sit,
1644 2740 1738 2811 aut
1759 2772 1864 2813 non
1894 2758 2056 2815 fuerit
2083 2774 2183 2815 an-

582 2850 798 2914 tequam
831 2854 1166 2901 nasceretur.

654 2935 743 2991 18.
786 2937 1096 2990 Arianorum
1123 2947 1303 2991 contra
1330 2934 1458 2993 Filii
1483 2940 1815 2994 eternitatem
1844 2942 2083 3011 argutia.
2112 2972 2187 2984 —-

584 3025 704 3083 Non
736 3041 854 3081 sum
883 3037 1059 3083 autent
1087 3028 1299 3083 nescius
1333 3030 1624 3100 plerosque
1643 3046 1857 3096 eorum,
1881 3033 2078 3103 quibus
2094 3042 2189 3090 aut

586 3133 684 3190 per
728 3118 1059 3189 impietatem
1108 3119 1297 3175 obtusa
1327 3136 1480 3176 mens
1522 3133 1923 3179 sacramentum
1960 3125 2053 3181 Dei
2079 3142 2185 3181 non

584 3211 749 3281 capit,
781 3218 878 3266 aut
899 3227 993 3282 per
1019 3211 1229 3267 adversi
1254 3214 1474 3284 spiritus
1496 3214 1918 3271 dominationem
1938 3219 2042 3272 sub
2066 3232 2185 3288 spe-

585 3306 669 3362 cie
713 3306 995 3376 religionis
1019 3308 1358 3363 obtrectandi
1410 3309 1520 3363 Deo
1559 3308 1710 3364 furor
1732 3325 1937 3381 pronus
1962 3321 2069 3379 est,
2097 3313 2158 3368 af

588 3399 807 3453 ﬁrmare
853 3399 1245 3469 simpliciorum
1295 3401 1518 3456 auribus
1568 3402 1618 3456 id
1656 3404 1863 3460 solere:
1914 3420 2013 3460 nos
2062 3420 2185 3461 cum

586 3503 802 3559 semper
842 3489 1036 3545 Filiqu
1091 3492 1255 3547 fuisse
1298 3492 1564 3559 dicamus,
1619 3509 1793 3565 neque
1841 3497 2040 3568 aliquid
2091 3500 2191 3553 ali-

589 3581 806 3653 quando
823 3582 1012 3651 fuiSse,
1060 3586 1140 3658 (3)
1170 3585 1313 3658 quod
1343 3601 1449 3642 non
1496 3587 1597 3643 fuit
1624 3590 1724 3660 (l);
1756 3588 1874 3646 sine
1916 3591 2191 3649 nativitate

661 3719 741 3864 Et)
783 3720 1121 3794 Prw/eretur.

678 3792 718 3864 2
787 3795 921 3859 Quia
943 3806 988 3849 et
1008 3797 1053 3851 is
1073 3814 1121 3864 qt

682 3792 741 3864 ‘2)
787 3792 921 3859 Quia
943 3806 988 3849 et
1008 3797 1053 3851 is
1073 3796 1160 3865 qui
1184 3805 1277 3851 est.

661 3862 745 3937 (ὅ)
789 3864 906 3933 Quo
930 3882 1030 3923 non
1052 3862 1172 3936 fuit.

663 3984 741 4054 (a)
783 3983 1222 4060 Scltltctusgcutu
1268 3985 1523 4043 llilarium
1571 3989 1779 4060 arguit,
1829 3990 1970 4060 quod
2009 4001 2185 4047 contra

594 4053 798 4131 Mosen,
829 4053 993 4131 Deum
1032 4058 1252 4113 simulet
1277 4059 1433 4114 semel
1469 4053 1655 4115 omnia-
1687 4053 1888 4116 créasis
1928 4069 2181 4131 senserit,

593 4132 754 4195 atque
780 4126 832 4180 itt
875 4128 1031 4198 hujus
1053 4143 1300 4185 censurae
1322 4146 1433 4187 suae
1457 4132 1615 4187 ﬁdem
1636 4149 1799 4188 unum
1831 4135 1961 4188 citat
1984 4126 2180 4190 librum

598 4212 673 4252 stt
699 4198 767 4253 de
799 4197 953 4253 Trin.
1004 4201 1091 4255 vel
1113 4201 1241 4256 hinc
1266 4203 1468 4258 iudicat
1488 4205 1728 4260 seetiam
1759 4205 1813 4259 in
1838 4206 2048 4260 caeteris
2068 4222 2176 4261 non

593 4270 726 4322 satis
752 4284 962 4338 aequum
999 4271 1175 4346 fuisse
1190 4272 1428 4346 judicent
1457 4275 1870 4340 sententiarum,
1906 4291 2051 4346 quas
2082 4277 2183 4332 Pa-

594 4346 961 4418 trestuentur.
990 4339 1151 4397 Certe
1192 4339 1433 4418 sighomo
1482 4355 1601 4416 post
1644 4339 1876 4418 tempus,
1908 4339 2187 4418 quia'post

592 4409 815 4492 caelum,
846 4424 1062 4479 terram,
1089 4423 1196 4471 etc.
1241 4409 1531 4483 formatus;
1563 4432 1669 4473 non
1706 4409 1872 4473 simul
1909 4409 1974 4473 ac
2015 4409 2184 4475 semel

593 4496 773 4536 omnia
799 4494 979 4539 creata
1004 4496 1147 4541 sunt.

668 4553 743 4631 (ὁ)
784 4553 969 4631 idest,
1018 4561 1173 4628 cujus
1225 4562 1392 4631 prima
1416 4561 1567 4629 origo
1603 4576 1710 4616 non
1733 4571 1814 4615 est
1836 4560 2086 4616 nativitas
2115 4576 2179 4617 ex

591 4628 889 4699 substantia
923 4633 1181 4699 parentis,
1205 4628 1300 4687 sed
1322 4628 1526 4688 creatio
1552 4648 1614 4688 ex
1649 4632 1838 4687 nihilo.

2294 1922 2623 1994 evangelicae
2666 1930 2826 1993 atque
2880 1921 3197 1993 apostolica:
3246 1919 3648 1992 praedicationis
3694 1919 3891 1973 \eritas

2288 2013 2358 2091 (Ϊ)
2390 2013 2731 2085 Prmferebat,
2775 2013 2987 2069 callida:
3035 2012 3392 2084 philosophiae
3432 2018 3702 2067 tortuosas
3745 2016 3893 2079 qutu-

2287 2108 2495 2162 stiones
2538 2104 2795 2175 abjicere,
2839 2112 2895 2162 et
2920 2103 3119 2161 sectari
3143 2104 3320 2175 potius
3354 2103 3513 2159 ﬁdem
3544 2118 3664 2172 qua
3695 2102 3745 2157 in
3782 2103 3891 2157 Deo

2290 2208 2402 2257 est:
2433 2200 2563 2270 quia
2594 2213 2813 2255 sensum
2859 2199 3129 2254 infirmum
3159 2196 3317 2253 facile
3340 2196 3465 2251 fidei
3497 2210 3613 2251 suae
3644 2196 3893 2266 prarsidio

2288 2292 2566 2363 sophisma
2612 2292 2960 2363 syllogistiete
3008 2290 3449 2373 interrogationis
3489 2298 3734 2354 exueret,
3767 2304 3890 2342 cum

2292 2387 2531 2457 captiosa
2564 2385 2864 2456 propositio
2891 2385 3298 2457 responsionem
3327 2381 3652 2451 simplicem,
3683 2380 3893 2451 sibique

2287 2478 2587 2536 secundum
2650 2478 3126 2549 interrogationem
3177 2491 3357 2531 rerum
3403 2471 3886 2538 obsecundantem,

2290 2571 2357 2628 ad
2382 2572 2627 2626 ultimum
2652 2571 2762 2640 jam
2798 2584 2993 2625 sensus
3017 2569 3099 2624 sui
3143 2568 3568 2637 interrogatione
3588 2565 3889 2635 spoliaret;

2290 2672 2347 2720 ut
2386 2662 2530 2736 quod
2580 2663 2911 2732 professione
2957 2661 3253 2727 amisisset,
3312 2659 3364 2714 id
3400 2658 3513 2729 jam
3551 2656 3885 2714 conscientia

2290 2773 2398 2813 non
2446 2763 2676 2811 teneret.
2710 2753 2849 2822 Quid
2890 2754 3034 2809 enim
3064 2761 3171 2807 tam
3222 2751 3530 2806 necessario
3576 2750 3886 2818 interroga—

2287 2849 2417 2904 tioni
2445 2846 2854 2913 obsecundabit,
2884 2859 3042 2915 quam
3074 2854 3277 2898 uteunt
3298 2858 3327 2896 a
3357 2842 3508 2896 nobis
3527 2839 3692 2913 519
3727 2856 3877 2909 quae-

2289 2956 2463 3009 ratur,
2493 2944 2661 3000 Estne
2684 2942 2886 3013 aliqnid
2936 2948 3222 3010 antequam
3274 2936 3554 2992 nascitur?
3580 2934 3636 2990 In
3688 2935 3895 3004 profes-

2292 3039 2447 3093 sione
2493 3045 2674 3091 nostra
2720 3036 2813 3096 sit.
2844 3047 2951 3089 non
2984 3032 3148 3088 fuisse
3190 3029 3267 3104 (It)
3294 3040 3420 3085 ante
3448 3029 3589 3099 quod
3614 3026 3893 3081 nascitur?

2289 3129 2477 3200 Neque
2501 3129 2646 3184 enim
2690 3138 2785 3183 aut
2814 3126 2867 3180 in
2894 3135 3082 3180 natura
3127 3132 3220 3177 aut
3245 3124 3297 3177 in
3344 3122 3669 3177 necessitate
3698 3129 3801 3184 est,
3828 3128 3888 3173 ut

2291 3225 2433 3297 quod
2460 3233 2545 3281 est
2587 3232 2878 3279 nascatur:
2924 3236 3047 3276 cum
3079 3219 3225 3274 nasci
3257 3216 3383 3288 quid
3412 3217 3484 3272 ob
3513 3215 3568 3269 id
3606 3223 3811 3269 tantum
3835 3224 3894 3267 ttt

2294 3319 2385 3387 sit,
2420 3318 2485 3388 (l)
2507 3331 2612 3372 non
2645 3316 2766 3384 quia
2796 3323 2935 3382 erat,
2968 3326 3193 3369 necesse
3212 3311 3303 3364 sit.
3333 3309 3490 3377 Quod
3512 3323 3635 3363 cum
3664 3320 3888 3360 conces-

2294 3424 2412 3465 sum
2467 3408 2627 3463 fuerit
2655 3423 2682 3460 tt
2723 3407 2902 3473 nobis,
2975 3403 3097 3475 quia
3141 3412 3291 3459 recte
3329 3400 3678 3466 conceditur;
3747 3398 3893 3452 exuti

2298 3501 2379 3575 (6)
2405 3501 2527 3556 ﬁdei
2555 3500 2885 3557 conscientia
2917 3496 3035 3569 (nt),
3067 3497 3209 3569 capti
3233 3496 3342 3567 jam
3365 3494 3548 3566 impiis
3572 3502 3736 3563 atque
3761 3491 3895 3546 alie-

2301 3597 2386 3652 nis
2412 3594 2604 3649 studiis
2630 3591 3047 3663 acquiescimus.

2382 3731 2440 3804 4)
2485 3731 2609 3787 Non
2631 3732 2848 3804 patitur.

2480 3804 2601 3878 [Yon
2618 3798 2739 3878 quia
2757 3811 2888 3878 erat,
2919 3809 3049 3867 tum,
3075 3798 3193 3871 quia
3218 3812 3320 3852 non
3351 3800 3474 3851 eral.

2376 3874 2434 3948 ϐ)
2475 3874 2637 3930 Fidei
2656 3875 2886 3930 scientia.

2296 4004 2464 4059 stere,
2488 4004 2594 4050 etc.
2639 3993 2850 4063 Quippe
2878 4003 3007 4044 voce
3037 3987 3198 4057 patris
3227 3982 3483 4056 quaslibet
3520 3997 3678 4040 causa
3705 3981 3790 4040 ltic
3817 3984 3888 4039 si-

2299 4069 2640 4210 Βιϊῧαίέξίὲξη
2690 4135 2931 4210 cctﬁces,
2985 4146 3085 4210 quo
3118 4127 3398 4210 nonfuit:
3436 4141 3612 4210 neque
3639 4125 3727 4182 bic
3768 4129 3884 4210 pla:

2289 4198 2434 4263 cent.
2491 4208 2726 4279 Nugatur
2772 4205 2940 4262 Filius
2967 4198 3183 4279 aliquid
3210 4199 3497 4269 aliquando
3530 4198 3715 4262 fuisse,
3743 4199 3887 4267 quod

2291 4295 2398 4334 non
2440 4270 2655 4351 semper
2698 4279 2879 4351 fuerit,
2924 4290 3020 4330 seu
3059 4270 3349 4344 quidquam
3392 4283 3736 4340 comparasse
3781 4287 3888 4340 quo

2295 4349 2583 4422 aliquando
2612 4349 2869 4405 caruerit.

2344 4411 2421 4495 (ά)
2446 4420 2605 4495 Editi,
2616 4422 2786 4495 opinio
2796 4436 2821 4495 _:
2838 4415 3228 4495 refragantibus
3244 4428 3373 4495 mss:
3388 4493 3392 4495 Α
3406 4411 3640 4495 Verbum
3663 4413 3886 4495 patiatur

2288 4485 2630 4549 relerendutn
2647 4485 2720 4546 ad
2749 4492 2823 4553 id,
2845 4485 3018 4557 quasi,
3036 4487 3090 4540 id
3106 4502 3206 4540 non
3234 4485 3469 4539 admittat
3497 4493 3553 4537 ut
3572 4495 3747 4557 natum
3769 4487 3854 4538 sit.

2359 4564 2442 4637 (It)
2480 4563 2696 4634 Aliquot
2720 4554 2901 4637 proba:
2932 4554 3071 4614 notae
3093 4571 3222 4612 mss.
3249 4565 3304 4612 ut
3339 4572 3439 4610 non
3463 4556 3632 4628 fuerit.
3661 4554 3744 4609 Au
3765 4572 3881 4626 pro,

2285 4645 2339 4689 ut
2369 4632 2471 4707 non
2499 4632 2600 4707 non
2630 4632 2831 4707 fuerit?

782 4696 1064 4790 Y‘eterrimi
1091 4696 1324 4790 codices,
1374 4704 1528 4790 ipsud
1581 4704 1737 4787 illud.
1768 4703 2181 4790 'ljum‘editiesi
2208 4726 2263 4787 D
2357 4706 2422 4790 (ἱ)
2463 4705 2592 4761 Bad.
2623 4696 2683 4790 et
2705 4706 3091 4790 pluresutnssq
3123 4715 3224 4753 non
3251 4698 3372 4769 quia
3395 4707 3505 4753 erat
3531 4707 3611 4753 et:
3637 4707 3691 4753 et
3729 4713 3876 4762 mox,

593 4778 750 4838 cepto
796 4769 918 4826 Par.
970 4774 1248 4844 aliquando
1289 4769 1406 4849 join
1440 4777 1689 4849 temporis
1733 4786 1843 4831 est:
1881 4784 1927 4829 et
1970 4776 2181 4849 incipiet

594 4852 700 4919 etc.
750 4854 1120 4919 restaurnnlttr
1162 4860 1233 4901 ex
1269 4846 1389 4919 aliis
1437 4846 1613 4919 libris.
1656 4846 2048 4919 Argumentum
2073 4846 2181 4919 :lllC

594 4909 826 4989 habetur
858 4916 1233 4989 gravissimum
1282 4917 1542 4972 adversus
1588 4909 1818 4972 Arianos
1862 4919 1951 4989 qui
1985 4920 2035 4971 iu
2067 4916 2179 4972 for-

595 4984 755 5037 mulis
797 5001 927 5051 ειυς,
981 4988 1312 5061 A_nti_ncbena
1334 4989 1559 5053 scilicet,
1600 4999 1835 5061 utraque
1873 4984 2180 5061 Sirtuiensi,

594 5069 803 5109 necnon
853 5057 1423 5126 pseudooSat-dicensi,
1464 5072 1570 5116 etc.
1596 5057 1790 5115 Filium
1819 5071 1946 5117 ante
1980 5059 2180 5117 saecula

595 5136 649 5179 et
673 5136 909 5199 tempora
946 5131 1357 5199 profitebantur.

666 5196 746 5267 (ιι)
791 5196 959 5274 liditi,
979 5202 1102 5268 quia
1138 5205 1248 5274 ejus
1273 5205 1362 5274 qui
1395 5211 1510 5274 est):
1541 5211 1651 5258 tum
1679 5203 1827 5274 Lips.
1858 5215 1911 5261 et
1939 5201 2099 5274 Pan,
2116 5202 2186 5257 ad

592 5265 649 5321 id
668 5265 807 5350 quod
833 5282 907 5327 est
950 5265 1106 5328 causa
1133 5265 1296 5346 p'ater'
1320 5285 1412 5350 est.
1439 5265 1783 5345 Castigantur
1815 5292 1882 5333 ex
1924 5290 2053 5350 mss.
2078 5265 2185 5331 Su-

596 5346 778 5408 perius
827 5352 1103 5399 ostensum
1135 5355 1237 5411 est,
1283 5348 1438 5401 nobis
1463 5357 1640 5402 ortum
1672 5363 1791 5403 esse
1818 5364 1880 5403 ex
1916 5346 2105 5413 uibiln,
2133 5354 2188 5400 et

594 5425 704 5492 non
732 5428 796 5492 ex
829 5427 1024 5470 causa:
1068 5432 1208 5471 nunc
1232 5416 1358 5473 Filii
1384 5420 1536 5490 origo
1559 5433 1623 5473 ex
1648 5434 1829 5486 causa,
1874 5435 1980 5475 nun
2004 5433 2071 5475 ex
2100 5418 2184 5471 ni-

597 5481 709 5536 bilo
733 5484 1152 5543 demonstratur.

669 5553 744 5629 (e)
786 5558 839 5610 ln
866 5567 1077 5616 vetusto
1106 5560 1292 5617 eudice
1320 5559 1473 5617 Colb.
1507 5569 1562 5617 et
1590 5561 1775 5619 Germ.
1809 5576 2018 5619 necnon
2047 5560 2189 5616 Mar-

595 5627 731 5704 tin.,_'
755 5639 810 5681 ut
838 5645 939 5682 non
973 5631 1251 5701 aliquando
1279 5650 1379 5687 non
1410 5634 1587 5704 fuerit.
1618 5635 1802 5690 Melius
1834 5634 1885 5690 iu
1919 5634 2037 5689 aliis
2066 5648 2191 5704 par—

599 5699 758 5753 ticula
791 5714 990 5770 negans
1030 5699 1133 5756 non
1163 5699 1481 5773 geminatur.
1515 5705 1626 5761 Hoc
1656 5711 1797 5761 enim
1831 5706 1927 5762 sibi
1957 5699 2102 5759 vult':
2134 5703 2187 5757 in

604 5782 776 5851 quem.
812 5784 928 5851 pou
972 5772 1116 5828 cadit
1163 5772 1255 5829 aut
1291 5790 1539 5848 respectu
1582 5779 1839 5848 temporis
1882 5774 2191 5851 aliquando

610 5850 723 5892 non
751 5838 939 5906 fuisse,
994 5852 1090 5902 aut
1131 5838 1397 5920 respectu'
1425 5854 1661 5909 auctoris
1696 5838 1768 5907 ex
1803 5849 1966 5910 nullis
1994 5838 2195 5908 ’διιὺεὶ-

2289 4780 2413 4849 quia
2436 4792 2538 4849 non
2578 4786 2683 4832 erat
2715 4780 3030 4828 nasceretur.

2367 4848 2434 4923 (j)
2476 4848 2571 4903 Er.
2595 4863 2657 4902 ac
2678 4840 3603 4923 sequentes_editiones,_prtecellebat
3626 4855 3655 4923 ε.
3673 4850 3725 4893 at
3750 4840 3881 4895 Bad.

2291 4928 2346 4973 et
2373 4912 2534 4985 mss,
2560 4912 2883 4990 prwferébat,
2910 4914 3030 4970 scil.
3054 4928 3233 4990 rerum
3247 4913 3550 4990 divinarum
3581 4912 3885 4990 scientiam.

2293 4982 2582 5061 Egregium
2634 4982 2919 5061 monitum,
2969 4997 3026 5040 ut
3067 4985 3155 5041 ubi
3191 4984 3314 5061 fidei
3349 4983 3607 5061 doctrina
3644 4982 3883 5061 alfulget,

2291 5055 2549 5134 captiosis
2593 5059 3031 5134 iubilosOpburutn
3080 5056 3468 5134 quaestionibus
3509 5069 3616 5134 non
3632 5055 3889 5134 praebea-

2293 5126 2414 5189 mus
2438 5148 2646 5197 aurem,
2672 5145 2770 5187 nec
2801 5126 2869 5185 ab
2893 5145 2955 5183 ea
2987 5142 3086 5183 nos
3132 5127 3237 5181 ulla
3264 5127 3471 5181 ratione
3500 5126 3684 5180 divelli
3719 5128 3887 5195 patia-

2293 5220 2432 5260 mur.
2469 5204 2735 5272 Quocirca
2778 5217 2884 5258 non
2917 5201 3239 5272 placetcum
3282 5198 3469 5254 codice
3498 5197 3726 5263 Pratel.,
3748 5212 3886 5269 prte-

2317 5276 2573 5331 artabatur.

2295 5276 2573 5419 [ενῗῶαὲιίἓ
2604 5346 2724 5402 Par.
2748 5360 2886 5419 cum
2914 5341 3215 5415 potioribus
3269 5354 3400 5396 mss.
3441 5338 3548 5395 Alii
3586 5352 3714 5395 vero
3736 5338 3879 5405 libri,

2261 5461 2266 5467 .
2291 5428 2409 5475 ante
2432 5434 2584 5489 quant
2613 5418 2862 5472 nascitur.

2368 5481 2757 5561 (l)'Antiquior
2792 5488 2960 5561 codex
2992 5484 3147 5541 Colb.
3183 5498 3305 5561 cum
3334 5481 3548 5561 Martiu.
3582 5491 3638 5561 et
3668 5483 3881 5561 Gerun,

2298 5554 2519 5631 non'qui
2548 5554 2676 5628 erat,
2702 5559 2905 5631 omissa
2932 5566 3059 5631 ante
3080 5554 3449 5631 Voculaquid:
3483 5569 3587 5631 non
3621 5556 3691 5631 ita
3723 5554 3882 5631 male.

2370 5625 2464 5703 (m')
2509 5630 2563 5703 In
2595 5625 2839 5702 vulgatis.
2863 5628 2985 5701 ﬁdei
3017 5628 3247 5682 scientia.
3266 5625 3460 5703 Verius
3490 5625 3542 5703 iu
3568 5625 3885 5703 melioribus

2297 5695 2456 5771 tus's.,'
2501 5702 2624 5774 ﬁdei
2667 5695 3006 5774 conscientia:
3042 5709 3122 5765 ut,
3145 5698 3597 5774 quemadmodum
3638 5695 3887 5774 superius

2301 5768 2549 5856 habetur,
2578 5774 2720 5856 quod
2735 5773 3052 5856 professions
3088 5771 3361 5839 amisisset,
3392 5768 3449 5827 id
3478 5770 3594 5843 jam
3621 5768 3883 5826 conscien-

2303 5847 2378 5907 tia
2398 5863 2515 5924 non
2535 5855 2743 5909 teneret.
