4286 6264
362 358 473 417 445

1585 358 1671 415 DE
1720 356 2089 418 TRINITATE
2130 359 2332 418 LIBER
2370 360 2486 419 XII.

3561 356 3666 420 M6

364 502 369 523 τ
432 477 527 534 90.
572 475 675 532 "te
720 492 823 531 non
876 475 1114 531 cavenda
1156 482 1374 545 tantum,
1407 475 1497 531 sed
1540 485 1588 530 et
1623 475 1969 548 confutandte.
2000 486 2048 547 Α
2081 478 2241 535 Patre
2260 480 2348 551 qui
2368 496 2565 553 semper
2585 488 2676 535 est.
2700 478 2979 535 -—-Cesset
3007 478 3185 550 itaque
3217 477 3524 535 sollicitudo
3558 493 3671 548 prr-

365 569 529 625 Fides
552 570 709 624 docta
737 569 863 642 quid
880 580 1083 644 pra-stet
1114 568 1353 624 indocta.
1379 598 1454 610 —
1487 567 1642 638 Quod
1671 567 1965 643 providens

366 675 497 721 ante
522 664 715 721 beatus
760 664 1054 735 Aposmlus
1088 663 1306 731 Paulus,
1335 664 1492 719 siculi
1521 662 1833 734 frequenter
1871 676 1964 717 os-

369 761 661 823 tendimus,
691 769 746 814 ut
770 774 1087 815 caveremus
1121 757 1420 826 admonuit,
1447 756 1665 813 dicens:
1698 754 1879 811 Videte
1907 771 1969 811 ne

367 855 479 927 quis
500 870 588 908 vos
620 852 805 926 spoliet
832 868 924 924 per
960 850 1345 925 philosOphiam
1376 861 1422 905 et
1460 849 1664 903 inanem
1710 847 1968 915 deceptio-

368 964 506 1013 nem,
532 948 815 1004 secundum
837 946 1184 1020 .traditionem
1209 944 1492 1012 hominum,
1545 943 1823 999 secundum
1862 943 1969 998 ele-

367 1052 541 1098 menta
571 1041 768 1107 mundi,
793 1048 843 1095 et
867 1056 972 1094 non
994 1040 1275 1095 secundum
1305 1037 1586 1105 Christum,
1618 1040 1672 1091 in
1694 1055 1794 1110 quo
1821 1036 1971 1091 inlut-

372 1136 497 1191 bitat
541 1151 705 1190 omne
743 1135 1005 1202 plenitudo
1046 1133 1329 1187 divinitatis
1373 1132 1710 1203 corporaliter
1743 1127 1965 1203 (Coloss.

372 1245 436 1295 tt,
469 1230 503 1287 8
533 1238 582 1285 et
606 1227 689 1301 9).
716 1226 1025 1284 Cavendum
1073 1227 1236 1298 igitur
1262 1224 1545 1282 adversum
1575 1223 1971 1296 philosophiam

370 1330 474 1383 est.
494 1329 550 1378 et
570 1321 923 1377 humanarum
947 1319 1294 1376 traditionum
1319 1331 1547 1374 nontam
1575 1317 1822 1374 evitanda
1846 1323 1973 1373 sunt

368 1414 546 1472 studia
569 1456 583 1481 ,
611 1427 771 1483 quam
813 1411 1113 1469 refutanda.
1154 1409 1341 1481 Neque
1379 1410 1519 1466 enim
1567 1410 1650 1465 his
1681 1410 1754 1464 ita
1777 1424 1969 1465 conce-

370 1509 607 1567 dendum
628 1518 734 1577 est,
758 1508 911 1580 quasi
938 1509 1159 1562 vincant
1181 1506 1357 1577 potius
1404 1519 1562 1577 quam
1589 1504 1776 1559 fallant
1803 1523 1815 1558 :
1848 1504 1971 1575 quia

370 1617 476 1661 nos
503 1601 779 1659 Christum
808 1600 903 1657 Dei
937 1602 1192 1657 virtutem
1225 1609 1281 1656 et
1306 1598 1400 1655 Dei
1427 1599 1744 1670 sapientiam
1777 1597 1973 1667 pracdi-

372 1704 585 1763 cantes,
608 1708 821 1767 azquum
846 1700 931 1749 est
961 1694 1222 1747 humanas
1252 1690 1526 1746 doctrinas
1549 1705 1655 1745 non
1680 1697 1786 1743 tam
1809 1687 1972 1744 ditiu-

380 1803 533 1861 gcre,
574 1802 731 1858 quam
767 1785 1052 1852 refellere;
1093 1796 1148 1841 et
1176 1784 1250 1858 (α)
1280 1782 1658 1854 simpliciores,
1690 1799 1757 1837 ne
1789 1781 1857 1836 ab
1886 1780 1974 1837 his

2073 569 2244 627 fidite:
2277 587 2450 643 neque
2478 589 2673 645 negare
2700 588 2818 639 nos,
2848 573 2972 645 quia
3000 573 3111 645 ipsa
3139 589 3244 627 non
3271 572 3538 645 intelligit,
3558 572 3672 627 exi-

2072 665 2280 733 stimet,
2303 662 2445 736 quod
2465 666 2638 721 solum
2663 680 2691 719 a
2726 665 2878 720 nobis
2902 665 3036 721 bene
3065 676 3116 720 ει
3143 665 3459 737 intelligitur
3481 677 3534 721 et
3553 682 3672 723 crc-

2071 758 2237 814 ditur.
2269 757 2403 814 Nam
2438 758 2550 830 ipsa
2582 775 2891 816 sermonum
2924 760 3297 817 enuntiatione
3334 777 3454 816 cum
3485 772 3668 819 natum

2074 850 2156 925 (4)
2207 852 2547 924 proﬁtemur,
2580 870 2685 907 non
2731 864 2908 908 tamen
2937 869 3041 908 non
3079 863 3260 908 natum
3296 855 3668 924 praedicamus.

2070 943 2257 1017 Neque
2302 946 2445 1000 enim
2476 944 2526 999 id
2575 945 2748 1016 ipsum
2794 954 2878 999 est
2922 961 3027 1000 non
3051 955 3232 1000 natum
3279 954 3439 1018 atque
3480 946 3667 1003 nasci:

2072 1038 2196 1108 quia
2222 1037 2352 1092 illud
2376 1038 2444 1093 ab
2470 1036 2665 1106 altero,
2702 1037 2805 1093 hoc
2840 1052 2971 1092 vero
2995 1054 3024 1092 a
3064 1039 3279 1093 nemine
3302 1048 3403 1093 est.
3435 1037 3500 1092 Et
3529 1036 3671 1092 aliud

2073 1140 2154 1186 est
2195 1131 2312 1185 sine
2353 1140 2571 1185 auctore
2599 1146 2720 1185 esse
2766 1146 2980 1200 semper
3029 1142 3312 1197 aeternum,
3338 1129 3481 1185 aliud
3526 1129 3668 1200 quod

2075 1225 2234 1295 patri,
2270 1223 2319 1278 id
2351 1233 2455 1291 est,
2480 1223 2686 1278 auctori
2727 1231 2813 1277 est
2836 1234 3186 1279 coaeternum.
3210 1221 3312 1278 Ubi
3345 1222 3490 1277 enim
3521 1233 3672 1292 pater

2075 1328 2263 1373 auctor
2284 1328 2387 1383 est,
2414 1316 2484 1372 ibi
2508 1326 2565 1373 et
2602 1318 2853 1372 nativitas
2882 1327 2997 1383 est;
3020 1325 3071 1370 at
3105 1334 3231 1371 vero
3258 1317 3347 1371 ubi
3372 1326 3561 1372 auctor
3593 1332 3669 1371 ae-

2076 1422 2261 1470 ternus
2288 1422 2391 1477 est,
2442 1413 2514 1468 ibi
2555 1423 2608 1468 et
2650 1411 2728 1485 (It)
2765 1410 3059 1467 nativitatis
3085 1411 3356 1466 aeternitas
3400 1420 3512 1465 est:
3546 1406 3672 1481 quia

2075 1504 2216 1561 sicut
2242 1505 2492 1560 nativitas
2523 1506 2591 1559 ab
2616 1515 2837 1560 auctore
2888 1512 2988 1570 est,
3020 1505 3095 1559 ita
3122 1512 3176 1558 et
3202 1502 3270 1557 ab
3310 1513 3513 1557 aeterno
3539 1518 3667 1557 auc-

2076 1605 2194 1652 tore
2214 1607 2415 1654 aeterna
2445 1597 2695 1652 nativitas
2722 1608 2825 1653 est.
2854 1596 3027 1652 Omne
3054 1605 3256 1661 autem,
3284 1594 3427 1667 quod
3457 1611 3672 1665 semper

2076 1701 2182 1755 εει.
2212 1694 2373 1748 etiam
2401 1703 2661 1747 attentum
2705 1701 2808 1747 εει.
2839 1692 2943 1747 Sed
2976 1703 3151 1747 tamen
3180 1706 3287 1747 non
3318 1706 3498 1755 omne,
3528 1688 3669 1761 quod

2077 1794 2337 1839 mlcrnum
2366 1792 2469 1852 est,
2494 1785 2653 1840 etiam
2686 1785 2928 1839 innatum
2955 1794 3057 1840 est.
3083 1784 3215 1853 Quia
3244 1782 3387 1853 quod
3417 1784 3483 1836 ab
3513 1792 3671 1838 ωιετ-

372 1878 699 1950 spolientur,
729 1886 785 1934 et
808 1876 1098 1934 obstruere
1125 1882 1179 1933 et
1222 1877 1509 1932 instruere.
1542 1875 1673 1930 Nam
1702 1890 1823 1931 cttm
1850 1890 1972 1946 pos-
2002 1884 2048 1946 Β
2080 1891 2148 1930 no
2197 1876 2456 1941 nascitur,
2511 1875 2673 1931 habet
2718 1885 2979 1931 aeternum
3006 1893 3127 1933 esse
3165 1876 3310 1949 quod
3340 1888 3521 1933 natum
3561 1886 3666 1932 est.

375 1972 447 2025 sit
475 1970 657 2025 omnia
684 2011 698 2036 ,
752 1968 832 2042 (l)
861 1970 913 2023 in
950 1984 1010 2025 ea
1043 1968 1118 2042 (b)
1152 1968 1266 2039 ipsa
1304 1968 1487 2024 omnia
1528 1968 1801 2038 sapienter
1832 1967 1972 2023 Deus

372 2059 566 2132 possit,
594 2073 696 2116 nec
716 2059 901 2117 virtuti
928 2056 1045 2131 ejus
1071 2060 1232 2125 ratio,
1259 2074 1358 2115 nec
1377 2056 1571 2114 rationi
1595 2057 1764 2113 virtus
1791 2057 1972 2132 (c)ab-

370 2155 565 2224 'sistat;
606 2161 823 2225 oportet
859 2169 985 2220 eos,
1037 2154 1128 2225 qui
1158 2153 1433 2210 Christum
1469 2149 1769 2224 przedicant
1808 2167 1970 2206 mun-

372 2248 467 2314 do,
509 2247 830 2320 irreligiosis
872 2246 1059 2303 mundi
1105 2246 1545 2318 impert‘ectisque
1573 2245 1834 2302 doctrinis
1878 2260 1974 2316 per

371 2341 654 2398 scientiam
684 2341 946 2411 sapientis
975 2340 1386 2410 omnipotentiae
1431 2341 1726 2407 contraire,
1775 2354 1973 2395 secun-

370 2435 504 2492 dum
536 2434 665 2490 illud
690 2434 835 2491 beati
858 2433 1103 2505 Apostoli
1136 2433 1378 2489 dictum:
1426 2433 1621 2488 Nostra
1649 2434 1782 2488 enim
1828 2450 1973 2489 arma

373 2546 479 2585 non
509 2538 625 2585 sunt
661 2529 917 2595 carnalia,
944 2528 1036 2584 sed
1066 2528 1293 2599 potentia
1319 2524 1452 2595 Deo,
1478 2528 1545 2581 ad
1580 2529 1973 2583 destructionem

374 2624 739 2691 munitionum,
785 2622 1011 2677 rationes
1051 2621 1390 2687 destruentia,‘
1412 2631 1460 2676 et
1508 2637 1707 2676 omnem
1740 2620 1972 2675 altitudi-

373 2736 494 2775 nem
530 2719 777 2773 elevotam
806 2715 1049 2771 adversus
1071 2715 1409 2788 cognitionem
1459 2714 1555 2771 Dei
1580 2715 1645 2787 (ll
1676 2713 1797 2770 Cor.
1841 2730 1896 2780 κ,
1939 2712 1975 2770 ι

375 2820 427 2867 et
454 2809 537 2885 5).
571 2809 759 2866 Fidem
793 2824 897 2864 non
921 2809 1117 2864 nudam
1147 2809 1436 2879 Apostolus
1453 2817 1616 2880 atque
1645 2809 1857 2879 inopem
1891 2822 1975 2862 ra-

375 2905 539 2962 tionis
592 2901 843 2975 reliquit:
885 2918 1005 2975 qute
1028 2906 1273 2973 quamvis
1323 2902 1603 2973 potissima
1638 2901 1704 2957 ad
1742 2901 1973 2959 salutem

375 2998 469 3065 sit,
514 3007 696 3053 tamen
749 2996 853 3051 nisi
911 3011 1006 3067 per
1048 2994 1348 3051 doctrinam
1401 2995 1722 3064 instruatur,
1757 2994 1974 3054 habebit

378 3087 600 3161 quidem
634 3087 773 3143 inter
795 3086 1017 3143 adversa
1046 3094 1217 3143 tutum
1246 3087 1324 3161 (2)
1352 3087 1650 3160 refugiendi
1677 3089 1758 3162 (ά)
1791 3105 1973 3147 reces-

377 3199 522 3249 sum,
553 3197 666 3239 non
707 3182 870 3238 etiam
912 3182 1165 3238 retinebit
1209 3193 1545 3238 constantem
1579 3184 1648 3255 (e)
1695 3184 1975 3244 obnitcndi

2076 1967 2229 2037 Quod
2267 1981 2446 2023 autem
2492 1985 2599 2024 non
2645 1980 2826 2024 natum
2866 1979 2968 2038 est,
3002 1970 3052 2025 id
3080 1985 3201 2026 cum
3240 1973 3540 2027 aeternitate
3563 1986 3668 2025 non

2075 2071 2259 2118 natum
2306 2070 2406 2117 εει.
2438 2060 2592 2131 Quod
2637 2077 2769 2119 vero
2811 2077 2877 2118 ex
2921 2075 3125 2119 aeterno
3167 2077 3349 2119 natum
3398 2075 3501 2132 est,
3543 2062 3594 2117 id
3624 2060 3669 2118 si

2077 2172 2184 2211 non
2216 2165 2478 2212 aeternum
2522 2165 2703 2211 natum
2735 2167 2839 2219 est,
2867 2155 2980 2227 jam
3015 2171 3119 2211 non
3146 2156 3244 2212 erit
3278 2169 3332 2212 et
3366 2167 3517 2226 pater
3544 2170 3671 2209 auc-

2076 2256 2162 2303 tor
2205 2257 2463 2304 aeternus.
2496 2248 2551 2306 Si
2596 2247 2723 2319 quid
2748 2247 2911 2319 igitur
2940 2248 3009 2313 ei,
3045 2248 3131 2317 qui
3164 2250 3230 2305 ab
3266 2260 3475 2303 aeterno
3520 2258 3671 2318 patre

2077 2356 2236 2400 natus
2264 2354 2365 2410 est,
2397 2359 2463 2399 ex
2508 2343 2812 2398 teternitate
2853 2339 3109 2408 defuerit,
3145 2341 3194 2396 id
3242 2343 3417 2413 ipsum
3464 2338 3669 2395 auctori

2088 2440 2153 2511 (i)
2192 2454 2297 2494 non
2328 2448 2411 2495 est
2434 2437 2742 2509 ambiguum
2775 2435 3015 2493 defuisse
3041 2455 3053 2491 :
3111 2437 3233 2507 quia
3261 2434 3403 2506 quod
3434 2433 3669 2506 gignenti

2082 2544 2164 2589 est
2195 2533 2459 2588 intinitum
2480 2575 2494 2599 ,
2519 2532 2786 2586 infinitum
2813 2541 2897 2586 est
2926 2530 3088 2585 etiam
3123 2532 3386 2583 nascenti.
3438 2527 3670 2582 Medium

2078 2625 2221 2681 enim
2252 2626 2378 2695 quid
2424 2625 2565 2679 inter
2606 2623 2941 2679 nativitatem
2973 2622 3067 2676 Dei
3116 2621 3233 2688 iilii,
3265 2631 3317 2675 et
3362 2619 3669 2691 generatio-

2078 2732 2200 2772 nem
2225 2716 2319 2771 Dei
2362 2716 2548 2787 patris,
2581 2730 2679 2771 nec
2723 2716 2860 2769 ratio
2886 2730 2986 2769 nec
3015 2727 3206 2768 sensus
3235 2710 3469 2767 admittit
3494 2728 3507 2765 :
3545 2709 3669 2782 quia

2078 2818 2134 2867 et
2159 2811 2213 2865 in
2256 2810 2605 2883 generatione
2634 2808 2884 2863 nativitas
2910 2817 3010 2871 εει,
3038 2816 3091 2862 ει
3123 2809 3175 2861 in
3207 2804 3484 2860 nativitale
3502 2818 3672 2874 gene-

2076 2906 2218 2961 ratio
2248 2914 2349 2959 εει.
2392 2904 2546 2973 Quod
2593 2915 2884 2970 utrumque
2933 2902 3051 2956 sine
3099 2897 3386 2955 intervallo
3433 2897 3515 2952 sui
3561 2905 3669 2962 est,

2078 2996 2199 3068 quia
2232 2995 2350 3051 sine
2388 3005 2618 3066 utroque
2647 2992 2717 3070 (j)
2778 3009 2875 3048 nec
2907 3005 3155 3047 neutrum
3210 3000 3312 3045 est.
3341 2988 3495 3057 Quod
3538 3003 3669 3058 ergo

2079 3089 2181 3144 nisi
2212 3105 2277 3146 ex
2322 3097 2553 3157 utroque
2575 3086 2650 3161 (5)
2699 3102 2803 3142 non
2835 3087 2907 3159 (It)
2942 3084 3208 3146 consiStit.
3242 3083 3295 3139 id
3334 3082 3389 3138 in
3422 3080 3674 3137 omnibus

2080 3184 2180 3241 nisi
2204 3194 2491 3256 utrumque
2523 3200 2627 3239 non
2652 3192 2927 3254 permanet
2953 3198 2965 3233 :
2993 3175 3154 3254 421
3169 3178 3291 3250 quia
3319 3176 3371 3232 in
3386 3171 3563 3246 aliquo
3592 3172 3672 3228 al-

376 3275 992 3346 securitatem;eritque
1017 3282 1078 3330 ut
1100 3273 1397 3330 infirmibus
1423 3274 1492 3350 (f)
1515 3285 1776 3347 suntpost
1793 3277 1970 3351 fugam
1998 3279 2044 3343 C
2078 3286 2247 3332 terum
2303 3293 2409 3332 non
2459 3277 2808 3348 relinquatur,
2856 3271 2997 3344 quod
3027 3274 3079 3325 id
3123 3274 3296 3342 ipsum
3336 3268 3563 3323 alterum
3615 3266 3667 3319 in

379 3382 576 3436 castra,
604 3385 711 3426 non
750 3370 914 3425 etiam
962 3379 1016 3424 ut
1046 3380 1223 3426 castra
1264 3370 1583 3425 habentibus
1626 3371 1778 3426 adest
1806 3372 1971 3429 inter-

377 3465 481 3520 rita
508 3463 786 3519 fortitudo.
814 3461 979 3537 420
999 3460 1405 3519 Contundenda:
1430 3472 1556 3518 sunt
1576 3479 1704 3535 ergo
1734 3464 1973 3520 insolen-

379 3567 462 3615 tes
504 3554 791 3612 adversum
835 3557 1002 3611 Deum
1041 3556 1476 3625 disputationes,
1523 3567 1578 3611 et
1635 3554 1966 3614 destruenda
2020 3547 2030 3558 ’

377 3650 649 3706 rationum
682 3649 950 3703 fallacium
982 3648 1338 3713 munimenta,
1366 3655 1422 3702 et
1441 3648 1648 3703 elevata
1678 3648 1745 3704 ad
1777 3650 1971 3717 impie-

382 3754 545 3799 tatem
574 3744 786 3813 ingenia
809 3742 1163 3809 conterenda,
1196 3755 1299 3797 nec
1325 3741 1633 3796 carnalibus
1657 3743 1848 3807 armis,
1871 3741 1969 3797 sed

376 3835 744 3908 spiritalibus;
790 3850 892 3892 nec
935 3845 1149 3891 terrena
1188 3835 1453 3904 doctrina,
1494 3835 1589 3891 sed
1634 3836 1841 3892 caelesti
1885 3852 1974 3892 sa-

377 3928 578 4000 pientia
603 3946 617 3986 :
647 3939 700 3984 ιιι
723 3938 922 4000 quanta
954 3944 1135 3985 rerum
1169 3926 1474 3984 divinarum
1508 3929 1974 4001 humanarumque

376 4023 636 4080 discretio
656 4032 761 4087 est,
807 4020 884 4095 (ς)
912 4028 1061 4078 tanta
1088 4020 1228 4077 ultra
1250 4028 1466 4078 terrena
1492 4020 1669 4078 studia
1696 4022 1835 4079 ratio
1860 4037 1975 4081 eteo

379 4115 533 4174 lestis
556 4114 635 4191 (3)
658 4114 907 4171 excedat.

448 4209 543 4266 21.
583 4206 755 4265 Filius
797 4207 891 4265 etsi
939 4216 1113 4276 natus,
1159 4223 1357 4281 semper
1404 4215 1576 4264 tamen
1620 4217 1717 4279 est,
1752 4209 1873 4283 quia
1894 4210 1978 4281 .ds

451 4347 537 4489 ξιξ
577 4344 644 4401 Ει
674 4362 733 4402 ea
757 4346 911 4430 ipsa;
934 4343 1091 4418 paulo
1112 4353 1256 4418 post,
1283 4344 1512 4404 obsistet.

477 4418 514 4473 ἒ
579 4416 908 4489 Defugtendi.

477 4416 537 4488 ἰ)
579 4416 908 4489 Defugiendi.

450 4490 533 4564 (5)
572 4488 876 4546 Exstendat.

2074 3372 2255 3443 aliquo
2296 3387 2401 3424 non
2434 3367 2599 3441 possit
2620 3383 2742 3423 esse
2764 3367 2877 3421 sine
2908 3364 3099 3419 altero.

2145 3463 2237 3520 22.
2276 3463 2506 3538 Ubjectio
2526 3504 2541 3530 ,
2576 3461 2728 3528 Quod
2758 3470 2934 3514 natum
2962 3470 3055 3521 est,
3085 3472 3187 3510 non
3213 3455 3329 3526 fuit.
3354 3482 3426 3494 —
3449 3448 3554 3507 Sed
3588 3450 3669 3505 itt-

2075 3556 2224 3625 quiet
2269 3556 2549 3626 quisquam
2595 3548 2764 3607 divini
2814 3550 2971 3621 hujus
3028 3546 3253 3618 incaan
3297 3543 3618 3601 sacramenti
3650 3582 3665 3605 ,

2075 3650 2249 3707 Omne
2292 3650 2435 3722 quod
2467 3656 2649 3703 natum
2682 3656 2801 3713 est,
2835 3661 2941 3700 non
2971 3642 3072 3699 fuit
3110 3660 3126 3697 :
3164 3642 3290 3712 quia
3318 3639 3375 3694 in
3405 3636 3457 3692 id
3485 3643 3669 3691 natum

2076 3756 2181 3815 est,
2213 3754 2271 3800 ut
2297 3753 2461 3799 esset.

2144 3839 2233 3895 25.
2260 3836 2327 3892 In
2348 3835 2547 3891 Filium
2570 3849 2772 3904 semper
2792 3840 2966 3887 natum
2992 3845 3092 3883 non
3113 3825 3250 3881 cadit
3272 3838 3373 3878 non
3403 3820 3581 3894 fuisse.
3599 3846 3672 3857 —

2076 3935 2143 3989 Et
2171 3933 2289 4004 quis
2326 3931 2487 4002 igitur
2514 3928 2787 3999 ambiget,
2827 3926 2954 3997 quin
2984 3936 3102 3993 quae
3135 3920 3186 3976 in
3228 3917 3391 3975 rebus
3421 3912 3673 3969 humanis

2078 4034 2203 4083 nata
2247 4031 2409 4089 sunt,
2438 4019 2729 4091 aliquando
2769 4033 2876 4073 non
2920 4011 3157 4071 fuerint?
3191 4009 3297 4069 Sed
3322 4007 3465 4064 aliud
3496 4013 3582 4062 est
3605 4021 3672 4059 ex

2078 4134 2146 4177 eo
2166 4117 2318 4176 nasci
2346 4116 2436 4189 qui
2472 4131 2581 4172 non
2607 4111 2725 4178 fuit,
2758 4110 2902 4166 aliud
2933 4126 2995 4166 ex
3029 4124 3096 4163 eo
3126 4106 3206 4181 (6)
3239 4114 3420 4159 natum
3453 4114 3573 4157 esse
3605 4096 3668 4171 (I)

2080 4212 2174 4285 qui
2198 4225 2417 4282 semper
2441 4217 2547 4266 est.
2579 4203 2806 4264 Infantia
2827 4204 2975 4259 enim
3003 4199 3203 4266 omnis,
3235 4211 3357 4255 cum
3382 4203 3539 4250 antea
3567 4207 3674 4246 non

2163 4348 2240 4423 (4)
2280 4349 2617 4423 (Ionﬁtentur.

2164 4407 2246 4496 (ξ’)
2285 4407 2549 4496 [anicula
2578 4432 2781 4496 negans
2805 4412 3282 4496 omittimr_iu_ms.
3313 4407 3566 4496 Verona).

2164 4481 2245 4565 (6i
2283 4492 2408 4549 Esse
2436 4493 2489 4548 in
2518 4481 2776 4547 anteriori
2802 4487 3039 4544 editione
3064 4481 3423 4539 desideratur.

448 4600 528 4692 (3)
571 4598 921 4692 ἔψεξμῖᾒῦ
969 4598 1483 4692 ξξξζλολίυξηίίῇξηξ,
1516 4616 1744 4692 ξεζξδαηὲς
1825 4602 1975 4692 ρει-ιιι
1999 4613 2053 4674 D
2082 4679 2094 4692 _
2152 4608 2227 4692 (g)
2250 4607 2325 4663 ita
2358 4606 2596 4692 potiores
2623 4619 2756 4660 mss.
2789 4609 2857 4692 »ξι
2886 4600 3035 4692 editi:
3068 4607 3285 4692 taJnt‘um.
3318 4595 3439 4651 Mox
3473 4588 3675 4649 Pralel-

376 4670 535 4730 Colb.
562 4688 685 4728 cum
726 4672 941 4728 Martio.
968 4670 1199 4728 Sorbou.
1229 4680 1285 4727 et
1320 4671 1485 4727 Μὶτωὶ
1506 4674 1664 4743 edit.,
1695 4675 1977 4746 simplicio-

377 4762 636 4801 7888811818.

452 4816 528 4889 (b)
574 4816 783 4889 Bad.et
814 4813 935 4889 En,
965 4825 1013 4889 et
1062 4830 1131 4889 ea
1169 4814 1360 4889 omnia.
1417 4813 1644 4889 Mirzeusg
1670 4818 1975 4889 restituens

378 4889 434 4943 in
455 4884 537 4952 ea,
569 4888 751 4942 omisit
806 4887 940 4956 ipsa.
973 4885 1030 4940 ln
1082 4884 1325 4953 pluribus
1353 4900 1486 4941 mss.
1533 4887 1870 4944 desideratur
1897 4891 1970 4946 in.

379 4958 739 5015 Retinendom
762 4975 883 5012 cuin
911 4956 1208 5028 potioribus
1232 4966 1281 5011 et
1301 4957 1426 5011 inea
1448 4957 1582 5023 ipsa.
1612 4960 1735 5015 scil.
1760 4963 1975 5028 sapien-

378 5031 473 5086 tia.
503 5029 761 5100 Exemplo
782 5028 896 5094 Dei,
911 5031 1000 5100 qui
1025 5030 1076 5083 in
1094 5026 1376 5097 sapientia,
1396 5044 1518 5099 quae
1529 5029 1772 5085 Christus
1791 5026 1897 5096 est,
1919 5044 1976 5089 et

378 5101 558 5155 omnia
579 5111 847 5170 potest,et
864 5102 1136 5172 sapienter
1174 5105 1369 5167 potest,
1394 5110 1678 5172 monentur
1712 5102 1834 5158 ﬁdei
1860 5119 1977 5172 pro.

378 5169 801 5244 pugnatoresme
815 5169 1029 5244 aliunde
1049 5169 1300 5244 virtutem
1315 5181 1369 5224 et
1384 5169 1695 5244 sapientiam
1710 5169 1972 5244 qua-rant.

453 5244 528 5318 (e)
548 5242 708 5318 Editi,
740 5241 966 5297 obsistat.
999 5241 1218 5318 Rectius
1243 5255 1374 5318 mss.
1403 5241 1854 5318 absistathid’est,
1879 5262 1979 5304 nec

384 5311 558 5371 virtus
577 5316 804 5377 ratione,
837 5329 938 5369 nec
965 5315 1158 5368 virtute
1182 5312 1318 5366 ratio
1343 5311 1599 5366 destituta
1622 5312 1711 5370 sit.

452 5384 537 5456 (tt)
579 5385 633 5440 In
678 5401 807 5457 mss.
858 5384 994 5441 Vat.
1025 5381 1540 5457 ιιειεημϐετηιιιηει
1585 5384 1786 5457 aliquot
1829 5387 1973 5457 aliis,

378 5452 695 5582 degu'giendi.
747 5455 870 5512 Mox
923 5458 973 5512 in
1017 5470 1124 5511 uno
1167 5452 1365 5523 Vatic.,
1417 5452 1686 5525 obtinebit,
1702 5471 1812 5514 non
1854 5452 1978 5515 reti;

380 5545 445 5582 ne
480 5545 494 5581 t
523 5571 536 5582 .

380 5531 536 5584 nebit.

455 5603 529 5670 (e)
572 5599 722 5670 Lips.
767 5608 822 5656 et
864 5596 1018 5667 Par.,
1057 5595 1341 5665 obtinendi,
1381 5596 1768 5656 reluctantibus
1813 5600 1976 5676 Bad.,

376 5671 471 5727 Er.
508 5681 565 5726 et
595 5687 725 5727 ιιιεε.

425 5688 471 5727 l’.
508 5681 565 5726 et
595 5687 725 5727 IIISS.

453 5743 524 5819 (Γ)
564 5742 725 5819 Ειιιιί,
767 5750 996 5819 excepto
1034 5737 1356 5819 Bad.,_stntt
1383 5756 1446 5819 ac
1468 5749 1651 5812 postea
1682 5745 1841 5819 adsit,
1866 5762 1974 5803 non

376 5812 525 5872 adest
545 5832 566 5869 :
593 5822 650 5871 et
667 5816 805 5870 inter
836 5812 973 5877 haec,
1013 5830 1159 5868 arma
1197 5812 1516 5881 habentibus,
1554 5832 1650 5884 pro
1683 5812 1855 5876 castra
1882 5820 1976 5877 Ita-

379 5886 613 5948 sentibus
635 5902 657 5949 ε
678 5886 821 5964 quod
846 5900 915 5947 ex
938 5884 1150 5949 Erasmi
1170 5886 1413 5960 margine
1434 5886 1684 5948 obtinuit.

2081 4669 2247 4749 letisis
2272 4669 2466 4744 codex,
2495 4678 2627 4749 ratio
2654 4692 2707 4732 se
2732 4674 2919 4730 caelesti
2940 4669 3208 4749 extendat.
3290 4747 3298 4749 _
3563 4735 3592 4749 _.
3631 4733 3644 4747 ,

2151 4748 2231 4824 (Ιι)
2258 4753 2419 4805 υυοε
2445 4736 2757 4824 ιιιεεινειὶε.
2784 4760 2924 4824 cum_
2940 4745 3094 4824 Rath,
3128 4742 3218 4796 Er.
3251 4747 3307 4824 et
3332 4736 3448 4791 Μὶν.
3486 4736 3671 4824 nativi-

2078 4811 2375 4877 tas‘aiterna
2404 4831 2497 4877 est.
2545 4819 2849 4876 Vcturtiore
2886 4816 3035 4871 Colb.
3084 4831 3203 4870 cunt
3254 4811 3675 4875 Gertn.,natiri-

2078 4904 2157 4948 tas
2183 4898 2439 4948 aeternitas
2460 4904 2554 4947 est.
2834 4958 2869 4961 ί,
2982 4959 2989 4961 Α
3066 4958 3097 4961 __
3243 4954 3294 4961 _,
3411 4953 3441 4961 ,ν
3660 4947 3672 4961 .

2153 4965 2217 5039 (i)
2259 4964 2315 5019 In
2344 4965 2719 5039 duobusAtnss.
2748 4971 2803 5016 et
2830 4958 3003 5039 Miraei
3016 4958 3146 5015 edit.
3176 4953 3555 5039 subiungitur”
3585 4953 3670 5039 qui

2079 5023 2224 5105 pater
2242 5045 2316 5091 est
2331 5055 2349 5102 ;
2379 5038 2429 5090 in
2457 5033 2616 5091 Corb.
2641 5044 2818 5090 autem
2840 5040 2894 5087 et
2919 5033 3037 5087 aliis
3059 5023 3470 5087 recentidribus,
3500 5023 3555 5076 id
3578 5028 3671 5087 est,

2080 5109 2214 5179 patri
2239 5107 2375 5178 quod
2402 5116 2546 5176 pater
2572 5116 2643 5160 est
2668 5121 2686 5160 :
2711 5106 3000 5175 glossema.

2151 5200 2217 5276 (j)
2259 5199 2583 5276 Particulam
2599 5214 2701 5276 nec
2725 5197 3021 5276 adiecimus
3041 5193 3361 5276 auptoritate
3405 5204 3536 5276 mss.
3568 5186 3678 5276 sin-

2078 5258 2348 5327 ceriorutn
2372 5269 2552 5333 Colb.,
2598 5258 2809 5334 Rem,
2833 5265 3453 5334 Gertn.,.liellenismos
3491 5258 3678 5330 hujus.

2080 5345 2225 5399 modi
2251 5355 2631 5413 saepenumero
2656 5338 2770 5410 jam
2796 5340 3148 5394 advertimus.

2154 5435 2231 5506 (It)
2268 5434 2438 5491 Abest
2479 5449 2582 5488 non
2605 5432 2674 5486 ab
2713 5430 3107 5506 antiquioribus
3137 5443 3269 5484 mss.
3302 5423 3672 5506 lnYatlcanis,

2079 5494 2225 5582 quod
2250 5523 2371 5580 ergo
2406 5506 2517 5560 sine
2545 5514 2760 5582 utroque
2786 5494 3058 5582 consistit:
3087 5508 3358 5579 corrupte.
3397 5494 3678 5582 Acntehio

2078 5568 2502 5640 demonstratur,
2534 5568 2866 5648 nativitatem
2920 5574 3062 5648 nulla
3114 5587 3171 5627 re
3223 5568 3413 5625 carere
3437 5568 3678 5648 potuisse

2077 5668 2237 5723 quant
2291 5650 2573 5723 generatio
2609 5645 2880 5712 habuerit,
2924 5646 3047 5716 quia
3072 5652 3322 5700 neutrum
3352 5648 3530 5712 potest
3559 5645 3679 5707 sine

2080 5720 2251 5780 altero
2276 5720 2596 5777 consistere.

2156 5817 2221 5892 (I)
2249 5816 2350 5873 Et.
2384 5825 2439 5872 ει
2475 5814 2810 5892 posteriores
2832 5813 3186 5892 edit.,__nasrt'.
3212 5812 3277 5869 At
3303 5808 3523 5892 Bad.._et
3548 5817 3681 5892 mss:

2080 5874 2360 5965 poitbres,
2401 5874 2576 5948 tioium
2609 5904 2627 5945 .'
2663 5888 2752 5948 cui
2779 5880 2945 5949 verbo
2977 5874 3200 5948 Martia.
3234 5892 3290 5944 et
3314 5874 3557 5958 quidam
3594 5874 3689 5943 alii
