4286 6264
602 309 710 370 ιιι-ι
1794 294 2043 356 SANCTI
2083 294 2340 354 HlLARll
2379 294 2686 357 EPISCOPI
3797 304 3904 363 us

605 424 820 491 fuisset,
853 419 1017 493 coepit
1039 431 1106 475 ex
1138 422 1402 490 tempore.
1432 411 1563 482 Quae
1585 424 1802 467 rursum
1832 410 1888 467 in
1916 410 2198 480 pueritiam
2225 414 2277 475 Α
2305 412 2372 487 (ι’)
2414 413 2610 471 Sensui
2631 425 2819 472 nostro
2838 423 3111 473 retroaeto
3136 431 3460 491 semperque
3476 422 3910 479 revocatoadin-

607 530 961 580 excrescens,
1003 518 1125 584 post
1161 508 1323 565 etiam
1369 505 1786 562 adolescentiam
1816 503 1992 577 coegit
2031 505 2084 559 in
2111 508 2207 578 pa—
2311 507 2662 580 telligentiam
2693 507 2809 580 ejus
2834 509 2925 579 qui
2953 517 3038 565 cst
3064 508 3143 581 (2)
3182 508 3250 564 de
3279 524 3345 566 eo
3372 509 3449 585 (g)
3487 509 3543 566 id
3584 513 3760 583 ipsum
3788 521 3907 568 tan-

606 620 769 670 trcm.
820 610 888 666 Et
913 621 1020 664 non
1050 619 1265 677 semper
1294 609 1448 675 pater
1469 609 1594 669 est,
1625 600 1715 673 qui
1754 609 1878 657 aute
1913 600 1966 656 in
1993 600 2208 656 adoles-

607 704 844 762 centiam
871 714 968 773 per
1002 697 1380 769 pueritiam,et
1403 695 1456 751 in
1488 693 1769 765 pueritiam
1799 708 1896 765 per
1926 693 2205 749 infantiam

608 803 844 865 coeptam
872 789 1181 864 proiecerit.
1222 788 1364 859 Ergo
1395 786 1485 858 qui
1513 801 1620 841 non
1648 801 1866 857 semper
1903 795 2055 857 pater
2084 795 2168 843 est
2191 828 2206 854 ,

609 901 719 944 non
745 898 961 955 semper
989 890 1044 939 et
1070 882 1274 955 genuit.
1307 879 1409 938 Ubi
1439 890 1623 936 autem
1660 894 1876 951 semper
1904 889 2057 953 pater
2083 889 2165 936 cst
2190 921 2206 947 ,

609 994 826 1052 semper
864 989 919 1034 et
949 977 1092 1033 ﬁlius
1120 985 1224 1032 εει.
1255 974 1311 1033 Si
1356 975 1536 1044 itaque
1579 972 1746 1028 habes
1786 974 1840 1028 in
1886 972 2210 1045 cogitatione

606 1073 697 1130 vel
723 1088 886 1130 sensu
907 1073 1100 1140 Deum,
1130 1072 1181 1126 in
1205 1070 1358 1140 cujus
1373 1068 1698 1141 cognitionis
1723 1079 2060 1124 sacramento
2086 1084 2213 1140 pro-

610 1169 787 1242 prium
826 1175 909 1224 est
954 1165 1099 1239 quod
1138 1173 1290 1236 pater
1317 1173 1430 1232 est,
1458 1178 1564 1218 non
1593 1176 1811 1232 semper
1855 1170 2061 1232 patrem
2089 1176 2213 1218 esse

611 1261 709 1319 ﬁlii
734 1263 813 1335 (a)
834 1262 1031 1334 geniti;
1063 1258 1231 1316 babes
1261 1268 1315 1314 et
1343 1259 1397 1313 in
1430 1256 1779 1328 intelligentia
1804 1263 1856 1311 et
1883 1255 1937 1310 in
1963 1256 2209 1325 scientia,

614 1374 721 1415 non
747 1371 962 1429 semper
985 1356 1154 1412 ﬁlium
1184 1369 1306 1412 esse
1335 1353 1426 1425 qui
1455 1354 1668 1424 genitus
1689 1359 1793 1407 est.
1825 1349 1978 1418 Quod
2004 1351 2048 1405 si
2072 1365 2215 1406 sem-

617 1467 715 1524 per
747 1450 892 1507 Patri
927 1449 1203 1521 proprium
1232 1456 1316 1502 est
1344 1446 1487 1519 quod
1528 1459 1745 1516 semper
1769 1451 1853 1499 est
1895 1452 2078 1514 pater;
2121 1459 2216 1500 ne-

612 1558 768 1601 cesse
797 1553 882 1600 est
910 1556 1127 1613 semper
1163 1539 1303 1597 Filio
1351 1539 1629 1611 proprium
1669 1553 1791 1594 esse
1830 1537 1973 1609 quod
2000 1553 2216 1609 semper

619 1647 701 1693 est
726 1635 915 1692 Filius.
946 1634 1017 1690 Et
1046 1632 1321 1706 quomodo
1354 1633 1407 1688 in
1434 1646 1741 1688 sermonem
1772 1639 2015 1687 nostrum
2054 1640 2217 1703 atque

615 1729 1027 1801 intelligentiam
1045 1728 1219 1797 cadet,
1247 1736 1305 1782 ut
1327 1741 1435 1782 non
1453 1725 1613 1781 fuerit
1629 1733 1755 1781 ante
1774 1740 1936 1796 quam
1960 1740 2215 1781 nascere-

2309 607 2420 655 tum
2447 643 2463 669 ,
2515 601 2657 671 quod
2689 609 2771 657 est
2797 599 2900 674 (It),
2936 601 2990 657 ei
3012 617 3228 672 semper
3254 605 3495 659 anterius
3519 613 3601 660 est
3645 622 3659 660 :
3689 606 3816 676 quia
3850 606 3909 664 id

2308 693 2458 765 quod
2490 692 2759 749 inﬁnitum
2790 693 2841 748 in
2873 694 2983 750 Deo
3004 704 3106 760 εει,
3141 693 3203 768 (i)
3228 710 3444 766 semper
3463 710 3525 751 se
3550 695 3746 752 inﬁniti
3773 713 3909 756 sen-

2310 804 2403 844 sus
2435 789 2607 844 nostri
2638 790 2877 845 rccursui
2906 789 3188 845 subtrahat
3219 807 3233 844 :
3264 798 3324 845 ut
3353 799 3479 846 ante
3506 791 3579 859 id,
3604 791 3749 862 quod
3776 807 3908 862 pro-

2309 881 2485 955 prium
2520 882 2630 937 Deo
2650 889 2753 947 est,
2782 896 2997 950 semper
3020 882 3262 957 esse,{(j)
3290 883 3490 955 aliquid
3513 884 3657 940 aliud
3681 886 3908 944 intentio

2312 983 2581 1031 retroacta
2626 990 2734 1030 non
2783 974 2990 1046 capiat;
3020 975 3144 1046 quia
3190 976 3325 1032 nihil
3363 976 3506 1032 aliud
3537 977 3676 1033 ultra
3717 978 3792 1051 (Ιί)
3838 978 3909 1035 ad

2314 1067 2724 1138 intelligentiam
2775 1068 2911 1137 Dei,
2969 1069 3271 1124 aeternitate
3323 1069 3685 1138 procedendi,
3746 1087 3908 1141 quam

2316 1154 2486 1218 Deum
2517 1177 2734 1232 semper
2766 1176 2887 1218 esse
2920 1177 3134 1233 semper
3175 1172 3445 1219 occurrat.
3478 1164 3632 1231 Quod
3665 1165 3829 1235 igitur
3855 1173 3910 1223 et

2317 1272 2411 1326 per
2438 1254 2658 1327 Moysen
2685 1255 2753 1311 de
2792 1256 2901 1311 Deo
2931 1255 3292 1327 signiﬁcatum
3322 1299 3336 1325 ,
3370 1266 3424 1311 et
3449 1272 3542 1326 per
3569 1272 3910 1316 communem

2318 1363 2537 1403 sensum
2566 1347 2697 1403 nihil
2735 1349 2879 1404 aliud
2917 1348 3072 1404 nobis
3106 1349 3519 1420 intelligendum
3550 1352 3910 1423 permittitur,

2317 1439 2368 1496 id
2415 1442 2585 1510 ipsum
2617 1440 2895 1514 unigenito
2922 1441 3034 1496 Deo
3064 1455 3185 1497 esse
3217 1443 3492 1512 proprium
3524 1442 3584 1516 (ι)
3618 1443 3907 1516 Evangelia

2321 1542 2585 1591 testantur
2631 1552 2643 1588 :
2678 1548 2802 1589 eum
2848 1534 2901 1589 in
2947 1533 3212 1604 principio
3250 1544 3371 1591 erat
3409 1534 3669 1604 Verbum,
3709 1546 3915 1593 etcum

2320 1628 2423 1684 hoc
2448 1627 2589 1698 apud
2614 1628 2782 1683 Deum
2815 1636 2932 1683 erat
2960 1625 3141 1699 (Joan.
3163 1643 3202 1695 ι,
3238 1629 3319 1699 1),
3351 1637 3401 1685 ει
3433 1643 3557 1683 cum
3584 1638 3701 1686 erat
3731 1629 3916 1689 lumen

2321 1737 2507 1778 verum
2545 1721 2595 1794 (Ι
2602 1722 2707 1777 bid.
2738 1721 2826 1795 l8)
2857 1732 2913 1778 et
2947 1738 3068 1778 cum
3093 1723 3397 1794 unigenitus
3420 1724 3565 1780 Deus
3590 1726 3643 1781 in
3663 1727 3787 1782 sinu
3816 1726 3920 1783 Pa-

620 1831 725 1891 tnr,
754 1822 842 1878 cui
862 1821 1133 1893 pr0prium
1159 1828 1244 1877 est
1273 1833 1487 1889 semper
1512 1832 1634 1873 esse
1650 1817 1790 1889 quod
1818 1816 1892 1889 (b)
1922 1825 2078 1872 natus
2095 1817 2216 1873 est?
2246 1813 2293 1876 B
2324 1816 2419 1871 tris
2444 1824 2547 1880 est,
2576 1826 2631 1871 et
2659 1831 2780 1872 cum
2811 1815 2970 1873 Jcsus
2997 1816 3244 1875 Christus
3270 1831 3434 1890 super
3457 1819 3640 1874 omnia
3667 1819 3809 1878 Deus
3833 1828 3920 1879 est

691 1915 782 1969 24.
814 1911 985 1968 Filius
1014 1921 1070 1967 ut
1092 1910 1264 1965 omnia
1289 1926 1406 1964 cum
1441 1907 1599 1963 Patre
1626 1907 1773 1963 liabet
1797 1908 2117 1974 communia,
2142 1907 2216 1963 ita

616 2016 666 2063 et
691 2022 891 2078 semper
912 2021 1039 2060 esse.
1072 2001 1223 2058 Patri
1246 2001 1509 2074 proprium
1531 2008 1608 2056 est
1634 2016 1759 2056 esse.
1788 1998 1928 2054 Filio
1951 1999 2216 2073 praprium

618 2108 692 2154 est
719 2107 767 2154 et
796 2113 925 2153 esse.
956 2125 1025 2138 -—
1069 2094 1322 2151 Formam
1358 2094 1539 2165 itaque
1561 2101 1724 2165 atque
1751 2093 2039 2164 imaginem
2080 2091 2218 2147 invi-

616 2193 791 2249 sibilis
829 2192 922 2248 Dci
953 2190 1260 2262 unigenitus
1293 2187 1347 2244 in
1374 2202 1434 2243 se
1461 2187 1602 2244 Deus
1630 2188 1935 2254 continens,
1965 2185 2018 2242 in
2042 2185 2218 2241 omni-

620 2287 721 2344 bus
753 2287 838 2343 bis
884 2302 1004 2359 qua:
1041 2284 1257 2357 propria
1295 2283 1410 2340 Deo
1441 2284 1580 2354 patri
1623 2291 1785 2348 sunt,
1833 2297 1931 2354 per
1980 2281 2215 2353 plenitu-

621 2378 804 2436 dinem
832 2376 903 2452 (c)
931 2392 1073 2433 vera:
1097 2377 1150 2432 in
1175 2390 1236 2432 se
1262 2375 1556 2432 divinitatis
1590 2382 1849 2446 mquatur.
1881 2373 2036 2443 Nam,
2063 2381 2221 2429 utsu—

620 2471 925 2547 perioribus
956 2470 1108 2551 libris
1133 2469 1435 2537 docuimus,
1463 2485 1558 2542 per
1580 2469 1831 2525 virtutem
1859 2478 1912 2525 et
1958 2466 2220 2542 (l)vene-

617 2567 884 2623 rationem
918 2565 998 2638 (ά)
1022 2607 1038 2635 ,
1087 2565 1228 2622 sicut
1268 2563 1446 2631 Pater,
1479 2572 1534 2620 et
1562 2562 1912 2620 honorandus
1945 2573 1999 2620 et
2031 2574 2222 2635 potens

620 2666 705 2716 est
734 2676 748 2713 :
784 2661 855 2714 ita
892 2668 947 2714 et
977 2657 1030 2713 in
1057 2672 1122 2713 eo
1158 2657 1301 2729 quod
1332 2657 1489 2713 Pater
1519 2672 1737 2729 semper
1765 2665 1881 2725 est,
1906 2657 1957 2715 ei
1985 2672 2219 2729 quoque,

622 2751 677 2806 in
706 2766 771 2807 eo
797 2749 939 2822 quod
968 2749 1106 2805 ﬁlius
1134 2758 1239 2818 est,
1264 2751 1403 2805 Filio
1427 2765 1642 2822 semper
1663 2765 1787 2807 esse
1807 2764 2093 2807 commune
2117 2761 2220 2807 est.

620 2845 754 2902 Nam
782 2846 1075 2901 secundum
1102 2844 1169 2900 ad
1200 2844 1422 2918 Moysen
1448 2847 1675 2914 dictum,
1699 2845 1864 2921 422
1882 2848 2027 2904 Misit
2047 2865 2127 2903 me
2154 2849 2225 2904 ad

622 2954 711 2993 vos
745 2939 788 2993 is
818 2938 908 3008 qui
933 2949 1005 2993 est
1036 2936 1234 3011 (Exod.
1277 2954 1334 2994 ut
1360 2981 1373 3005 ,
1405 2939 1516 3010 ll),
1541 2939 1653 2996 Deo
1694 2941 1969 3011 proprium
2017 2956 2139 2996 esse
2169 2940 2222 2996 id

625 3028 768 3102 quod
815 3038 934 3098 εει,
968 3044 1078 3085 non
1119 3030 1395 3101 ambigens
1425 3046 1619 3087 sensus
1648 3040 1732 3087 est
1775 3032 1944 3103 :quia
1988 3033 2038 3088 id
2080 3034 2225 3104 quod

627 3128 750 3189 εει,
805 3137 912 3178 non
962 3131 1137 3193 potest
1184 3123 1408 3196 intelligi
1467 3123 1683 3198 dicique
1735 3140 1842 3181 non
1895 3141 2038 3184 esse.
2093 3127 2225 3185 Esse

625 3215 771 3273 enim
794 3223 851 3271 et
874 3229 978 3271 non
1010 3230 1131 3273 esse
1155 3217 1426 3273 contraria
1456 3226 1583 3274 sunt
1615 3237 1628 3274 :
1659 3234 1834 3290 neque
1878 3219 1965 3275 ha:
1992 3219 2222 3276 diversa:

628 3307 1047 3379 signiﬁcationes
1100 3308 1154 3364 in
1201 3324 1363 3365 unum
1405 3318 1564 3381 atque
1615 3310 1755 3365 idem
1804 3321 2040 3378 coeunt;
2094 3313 2217 3383 quia

627 3407 882 3457 manente
915 3401 1044 3469 alia,
1087 3399 1256 3456 altera
1285 3416 1389 3457 non
1417 3401 1538 3457 erit.
1587 3401 1728 3473 Ergo
1756 3403 1843 3458 ubi
1874 3402 1947 3477 (ε)
1974 3413 2066 3471 εει,
2110 3419 2218 3461 non

627 3502 807 3565 potest
861 3493 944 3551 vel
992 3508 1212 3552 sensum
1256 3492 1345 3551 vel
1397 3508 1705 3550 sermonem
1752 3493 1892 3552 inire
1934 3510 2041 3553 non
2076 3510 2217 3555 esse.

704 3634 785 3710 (ᾖ)
812 3636 1225 3710 Generationem.

2322 1907 2502 1982 (llam.
2532 1925 2608 1977 ιε,
2641 1907 2720 1981 5).

2395 2000 2487 2056 25.
2522 2000 2616 2057 Est
2645 2016 2865 2058 teternus
2900 2003 2961 2058 ab
2987 2015 3178 2061 (eterna
3204 2020 3224 2059 :
3255 2004 3480 2075 adeoque
3509 2023 3612 2063 non
3635 2022 3698 2063 ea:
3730 2007 3919 2076 nihilo,

2325 2105 2413 2152 aut
2446 2112 2550 2151 non
2580 2096 2859 2177 aliquando
2900 2098 3021 2169 fuit.
3064 2127 3137 2139 —
3182 2098 3312 2154 Erat
3355 2098 3557 2170 igitur,
3600 2110 3765 2172 atque
3794 2109 3921 2157 est:

2324 2192 2450 2262 quia
2478 2192 2547 2247 ab
2575 2205 2642 2247 eo
2670 2199 2755 2248 est
2775 2233 2790 2258 ,
2839 2191 2931 2263 qui
2956 2192 3100 2263 quod
3126 2202 3210 2249 est
3245 2208 3461 2266 semper
3486 2203 3591 2251 εει.
3621 2194 3707 2251 Ab
3734 2209 3801 2251 eo
3826 2210 3925 2252 au-

2327 2292 2434 2339 tem
2465 2297 2587 2339 esse
2611 2325 2625 2349 ,
2658 2283 2712 2339 id
2748 2292 2861 2352 cst,
2891 2299 2963 2341 ex
3000 2292 3153 2356 patre
3179 2299 3340 2353 esse,
3373 2285 3627 2341 nativitas
3654 2296 3758 2342 est.
3787 2286 3923 2345 Esse

2323 2387 2505 2435 autem
2547 2393 2764 2450 semper
2791 2378 2859 2434 ab
2888 2393 2954 2435 eo
2983 2380 3075 2449 qui
3106 2387 3462 2450 estsemper,
3494 2380 3770 2437 aiternitas
3792 2388 3874 2437 est
3903 2398 3919 2438 :

2324 2472 2598 2527 aeternitas
2628 2486 2756 2527 vero
2783 2486 2889 2527 non
2920 2486 2986 2528 ex
3014 2485 3096 2539 se,
3130 2471 3224 2527 sed
3254 2472 3321 2528 ab
3350 2480 3577 2529 aeterno.
3606 2472 3688 2528 Ex
3715 2481 3921 2529 aeterno

2325 2572 2506 2620 autem
2534 2564 2673 2621 nihil
2695 2564 2861 2634 aliud,
2880 2580 3040 2636 quam
3068 2575 3353 2621 mternum.
3377 2566 3533 2635 Quod
3550 2566 3594 2623 si
3620 2581 3732 2623 non
3757 2576 3922 2624 (eter-

2326 2672 2491 2723 num;
2535 2657 2647 2727 jam
2680 2670 2782 2713 nec
2821 2665 2976 2729 pater
3019 2659 3107 2728 qui
3155 2658 3520 2730 generationis
3568 2667 3653 2715 est
3691 2668 3920 2729 auctor,

2326 2762 2562 2809 aeternus
2591 2762 2696 2810 est.
2732 2750 2993 2825 (ιιι)ουοά
3021 2766 3142 2808 eum
3175 2751 3251 2807 illi
3285 2759 3487 2823 patrem
3516 2766 3731 2822 semper
3757 2767 3882 2809 esse
3902 2795 3920 2822 ,

2326 2855 2487 2918 atque
2517 2847 2675 2917 hujus
2712 2845 2878 2902 ﬁlium
2921 2861 3138 2917 semper
3179 2861 3301 2903 esse
3338 2847 3409 2902 sit
3450 2846 3725 2919 proprium
3752 2862 3877 2904 esse
3899 2888 3919 2918 ,

2326 2949 2382 2996 et
2409 2941 2461 2994 in
2490 2955 2556 2996 eo
2584 2939 2729 3011 quod
2761 2947 2864 3005 est,
2894 2939 3228 3012 signiﬁcatur
3256 2939 3558 3005 aeternitas;
3586 2954 3681 3009 per
3706 2938 3759 2994 id
3788 2954 3925 3010 quo-

2324 3048 2462 3105 que,
2491 3038 2576 3088 cui
2605 3032 2747 3102 quod
2774 3040 2859 3089 est
2894 3033 3169 3104 proprium
3198 3041 3302 3098 εει,
3336 3031 3416 3104 (n)
3447 3032 3727 3104 proprium
3755 3041 3840 3088 est
3864 3039 3925 3088 et

2326 3135 2611 3183 aeternum.
2640 3125 2853 3182 Nemini
2878 3135 3058 3182 autem
3095 3126 3318 3182 dubium
3345 3134 3451 3194 est,
3492 3124 3618 3196 quin
3644 3125 3923 3197 generatio

2327 3217 2593 3290 signiticet
2621 3217 2992 3285 nativitatem,
3033 3218 3195 3292 423
3239 3227 3293 3275 ει
3330 3217 3581 3274 nativitas
3614 3226 3922 3275 manentent

2327 3309 2519 3367 doceat
2539 3313 2679 3381 (cum
2699 3312 2814 3367 scil.
2840 3328 2902 3368 ea:
2929 3327 3029 3385 quo
3049 3323 3218 3369 ortum
3240 3311 3383 3366 ducit
3403 3311 3597 3383 natus),
3627 3327 3732 3367 non
3755 3311 3920 3368 etiam

2330 3422 2437 3463 non
2466 3416 2795 3463 manentem.
2822 3407 2992 3463 Porro
3021 3416 3199 3463 autem
3229 3407 3425 3478 ambigi
3454 3422 3563 3462 non
3592 3414 3793 3478 potest,
3825 3421 3927 3462 ne-

2270 3524 2284 3535 -
2330 3497 2530 3557 minem
2559 3500 2650 3573 qui
2688 3508 2807 3556 erat
2851 3499 3021 3559 nasci.
3054 3499 3189 3557 Nam
3239 3500 3497 3559 nascendi
3541 3498 3610 3556 ad
3649 3514 3773 3558 eum
3813 3514 3922 3557 non

698 3707 778 3781 (2)
809 3708 939 3776 Deo,
955 3709 1206 3779 subinde,
1231 3709 1370 3782 quod
1393 3718 1466 3765 est
1493 3707 1613 3778 Dei,
1644 3710 1801 3782 paulo
1828 3720 1975 3784 post,
1997 3710 2284 3782 subtrahit;
2317 3721 2450 3781 tum,
2481 3712 2537 3768 id
2564 3712 2758 3783 aliquid
2786 3710 2950 3766 aliud.

628 3863 758 3905 mss.
791 3846 997 3904 addunt
1022 3865 1148 3904 esse.
1183 3848 1301 3922 lam
1343 3849 1572 3922 legimus
1594 3864 1648 3903 n.
1676 3848 1744 3904 21
1781 3865 1795 3903 :
1831 3847 2014 3919 Neque
2050 3848 2106 3904 id
2140 3849 2218 3922 ip-

628 3935 740 3993 sum
766 3928 846 3993 est
872 3937 975 3975 non
996 3931 1173 3993 natum
1200 3921 1341 3992 (sine
1361 3920 1491 3993 esse)
1506 3931 1673 3993 Aatque
1697 3922 1861 3993 nasci.

704 3990 785 4064 (a)
833 3990 905 4047 Ita
938 4008 1071 4064 mss.
1115 3990 1234 4064 Vat.
1284 3993 1439 4064 bas.,
1474 3990 1676 4058 'Colb.,
1722 3992 1958 4055 Martin.,
2006 3992 2219 4060 Germ.,

630 4061 813 4135 Rem"
845 4072 951 4135 etc.
997 4063 1054 4118 In
1081 4063 1285 4135 aliquot
1321 4063 1461 4132 aliis,
1493 4064 1591 4135 ﬁlii
1617 4081 1650 4119 a
1674 4080 1728 4119 se
1746 4064 1925 4135 geniti.
1949 4063 2019 4119 At
2042 4066 2095 4118 in
2123 4079 2220 4118 ex-

627 4134 795 4199 cusis,
824 4132 919 4203 ﬁlii
951 4134 1220 4203 unigenili.

700 4204 777 4276 (b)
806 4204 934 4260 Mss.
970 4204 1148 4273 Colb.,
1191 4206 1401 4261 Martin.
1433 4213 1487 4262 et
1510 4206 1721 4273 Germ.,
1746 4207 1883 4273 quod
1922 4215 2100 4261 natum
2127 4215 2220 4262 est.

705 4278 782 4347 (ε)
812 4276 998 4332 Codex
1022 4276 1145 4333 Vat.
1178 4277 1321 4341 bas.,
1352 4278 1406 4331 in
1436 4294 1490 4332 se
1519 4294 1650 4334 verte
1674 4279 1976 4332 nativitatis.

710 4346 794 4419 (ά)
825 4348 880 4402 ln
902 4362 1033 4403 mss.
1065 4347 1186 4404 Vat.
1210 4347 1351 4415 bas.,
1382 4349 1500 4404 aliis
1528 4350 1698 4405 tribus
1722 4348 2019 4419 Vaticanis,
2046 4347 2230 4417 Mart.,

630 4417 793 4492 (ἔστιν.
821 4425 996 4492 ,_e_tc_.,
1030 4420 1406 4492 generationem
1437 4436 1457 4475 :
1486 4430 1762 4492 corrupte.

554 4513 559 4518 λ
631 4500 641 4536 σ
708 4490 794 4564 (e)
824 4489 991 4556 Editi,
1020 4489 1108 4564 ubi
1136 4506 1244 4546 esse
1264 4500 1337 4545 est
1368 4508 1389 4547 :
1417 4491 1599 4549 addito
1624 4489 1754 4562 esse,
1775 4492 1978 4564 absque
1996 4491 2232 4549 auctori-

636 4561 746 4619 tate
773 4571 1013 4617 veterum
1044 4561 1326 4618 librorum.
1339 4602 1352 4616 .

702 4633 770 4760 (ρ
797 4633 957 4689 Solus
976 4634 1146 4688 codex
1174 4634 1382 4706 Remig.
1409 4649 1532 4689 cum
1555 4634 1793 4704 Theod.,
1816 4651 1990 4691 sensu.
2013 4635 2225 4707 Agnos-

702 4723 730 4759 ιι
774 4721 836 4760 us
865 4705 953 4760 hic
994 4704 1366 4760 hebraismus.
1400 4721 1507 4760 auo
1535 4706 1802 4760 redundat
1838 4721 2071 4760 sequens
2098 4721 2225 4760 nro-

632 4704 836 4763 cendus
865 4705 953 4790 hic
994 4704 1366 4772 hebraismus.
1400 4721 1507 4777 quo
1535 4706 1802 4763 redundat
1838 4704 2084 4777 sequens
2098 4721 2225 4776 pro-

631 4791 827 4833 nomen
855 4793 923 4830 ει.

704 4847 1049 4921 (ςλᾼιῇίιηρι
1077 4861 1218 4921 mss.
1253 4847 1613 4921 recentiores,
1655 4849 1779 4904 dum
1819 4848 2069 4921 idipsum.
2118 4849 2227 4904 Alii

635 4918 767 4976 vero
794 4918 947 4984 libri,
981 4918 1091 4973 Deo
1118 4918 1173 4971 id
1201 4919 1390 4986 ipsum.
1418 4919 1620 4975 Probet
1648 4921 1818 4977 lector
1844 4918 2020 4975 utrum
2052 4930 2222 4985 recte,

631 5004 733 5064 pro
760 4987 1363 5064 D_e0,substituerimus
1391 4991 1454 5064 de
1483 5007 1561 5064 eo,
1586 4992 1704 5064 scil.
1737 4993 1834 5064 qui
1859 5002 1962 5064 est,
1994 4992 2229 5047 maxime

632 5061 844 5119 collatis
887 5062 954 5117 iis
984 5075 1107 5133 quas
1151 5076 1299 5118 num.
1347 5063 1456 5131 51,
1487 5061 1556 5118 de
1596 5062 1720 5120 Filii
1750 5061 2015 5120 inﬁnitate
2058 5078 2231 5118 enun-

634 5136 857 5189 tiantur.

705 5203 784 5274 (Ii)
807 5206 999 5279 Excusi
1021 5220 1143 5279 cum
1173 5205 1449 5279 plerisque
1473 5220 1630 5273 mss.,
1653 5206 1789 5279 quod
1810 5219 1881 5262 est
1903 5206 2025 5279 Dei.
2043 5205 2227 5279 Codex

637 5276 783 5350 Vat_.,
812 5275 951 5348 bas.,
975 5277 1132 5349 'qnod
1159 5287 1232 5332 est
1275 5275 1434 5350 Deus.
1467 5279 1635 5349 Magis
1663 5275 1838 5350 placet
1864 5295 1984 5335 eum
2016 5277 2223 5349 Remig.

634 5364 699 5404 ac
721 5347 958 5420 Theod.,
985 5347 1125 5420 quod
1159 5349 1350 5420 est,gei,
1391 5358 1515 5419 puta
1548 5347 1726 5405 sensui
1756 5359 2046 5407 retroacto.

706 5418 772 5493 (i)
816 5418 953 5478 Male
982 5418 1359 5493 spumeas,
1398 5418 1598 5489 semper
1634 5422 1898 5488 inﬁnitum
1941 5439 1996 5478 se
2023 5437 2223 5477 sensus.

634 5491 746 5550 Nec
786 5493 980 5550 melius
1021 5496 1075 5549 in
1117 5492 1238 5548 aliis
1275 5492 1408 5550 edit.
1453 5496 1993 5567 semperinﬁnitatem
2021 5509 2089 5567 se_
2113 5509 2231 5548 sen-

634 5581 756 5626 sus,
794 5573 901 5621 etc.
938 5567 1195 5623 Erasmus
1223 5580 1503 5636 perperam
1548 5565 1871 5636 conjee'tavit
1901 5565 2183 5637 legendum
2209 5605 2225 5631 ,

634 5653 834 5706 semper
864 5655 954 5703 per
981 5639 1290 5707 infinitatem
1333 5639 1376 5693 si
1425 5655 1603 5693 sensus
1641 5639 1802 5693 nostri
1849 5636 2073 5693 γενετείιί
2111 5636 2232 5691 sub-

636 5710 812 5765 trahit.
839 5710 1042 5782 Veram
1081 5709 1366 5782 lectionem
1420 5724 1615 5782 magno
1663 5708 2234 5782 consensucxhibent

632 5782 1007 5908 gs:.usSensus
1031 5781 1276 5840 inﬁnitus
1305 5779 1550 5852 vocatur,
1578 5781 1733 5854 cujus
1757 5792 1842 5839 est
1870 5779 2112 5840 inﬁnitus
2139 5794 2231 5837 re-

707 5866 739 5908 r.
832 5884 846 5908 δ

707 5866 846 5910 [sum

2399 3850 2470 3925 (j)_
2501 3848 2990 3925 ltraliquotprpbm
3021 3855 3161 3925 notae
3191 3860 3321 3903 mss.
3343 3842 3445 3925 _hic
3472 3847 3803 3925 praeponitur
3832 3846 3926 3913 ad,

2326 3917 2470 3993 quod
2516 3917 3043 3993 adjectum—videtur
3084 3919 3154 3974 ob
3208 3918 3509 3993 proximum
3569 3917 3791 3974 verbum
3844 3935 3931 3973 re-

2334 3990 2555 4059 lroacla,
2586 3990 2903 4049 Sententiae
2954 3991 3110 4058 hujus
3139 3991 3350 4045 nativus
3379 3990 3466 4044 hic
3494 4005 3686 4044 sensus
3718 3998 3803 4044 est
3831 4008 3844 4043 :
3870 4000 3928 4044 ut

2332 4066 2547 4120 intentio
2576 4064 2917 4134 quantumvis
2947 4072 3201 4134 retroacta
3230 4078 3332 4134 non
3358 4063 3528 4131 capiat
3554 4061 3753 4133 aliquid
3778 4061 3927 4115 aliud

2328 4146 2446 4191 ante
2464 4137 2537 4198 id,
2553 4132 2688 4204 quod
2704 4135 2967 4205 proprium
2983 4132 3095 4189 Deo
3115 4143 3206 4198 est,
3230 4133 3436 4187 scilicet
3453 4132 3651 4205 semper
3668 4148 3795 4205 esse,
3818 4142 3925 4205 etc.

2332 4207 2486 4275 Quod
2524 4202 2577 4261 in
2616 4202 2911 4274 generatim
2941 4204 3008 4260 de
3032 4206 3145 4262 Deo
3171 4247 3187 4268 ,
3221 4205 3537 4275 nominatim
3560 4202 3645 4275 ide
3687 4202 3823 4257 Filio
3848 4203 3929 4258 sic

2336 4271 2568 4336 liabetnr
2608 4271 2745 4334 infra
2792 4292 2938 4332 num.
2979 4276 3052 4348 52
3094 4295 3106 4330 :
3140 4276 3201 4331 Si
3227 4276 3351 4348 quid
3382 4276 3444 4329 de
3486 4271 3633 4348 Filio
3667 4290 3807 4348 mens
3846 4291 3930 4330 re-

2333 4360 2532 4406 troaeta
2556 4348 2887 4414 scrutabitur,
2922 4347 3052 4403 nihil
3077 4347 3221 4402 aliud
3241 4347 3521 4402 scrutantis
3545 4347 3740 4416 sensui,
3774 4361 3930 4417 quam

2333 4432 2511 4478 natum
2540 4438 2648 4478 8888
2676 4431 2723 4477 et
2744 4437 2942 4494 semper
2961 4434 3090 4487 8888,
3113 4435 3311 4492 semper
3337 4427 3587 4499 οεειιιϊει.

2406 4518 2481 4588 (lt)
2531 4515 2674 4588 Editi
2693 4557 2708 4581 ,
2730 4514 2821 4588 (ad
2851 4512 3725 4588 intelligendam_Dei_aatemitagm
3751 4526 3932 4582 proce-

2334 4582 2423 4644 dat
2449 4582 2474 4644 ε’
2500 4598 2609 4644 tum
2632 4586 2788 4653 Bad.,
2818 4601 2970 4654 quant
2995 4582 3159 4639 Deum
3193 4602 3206 4638 :
3238 4586 3327 4639 Er.
3362 4583 3509 4651 Lips.
3540 4590 3596 4639 et
3632 4582 3777 4648 Par.,
3813 4599 3931 4636 cum

2253 4678 2308 4740 D
2336 4658 2521 4740 Deum:
2564 4657 2921 4740 Crit-rigantur
2969 4670 3085 4740 ope.
3125 4670 3257 4740 mss.
3299 4655 3472 4711 Porro
3505 4654 3607 4738 hic
3639 4654 3930 4740 fraternitate

2332 4730 2672 4805 procedendi,
2688 4726 2748 4784 id
2766 4730 3010 4805 estquod
3038 4728 3209 4805 aiunt,
3236 4743 3472 4798 processu
3572 4726 3851 4805 inﬁnitum.

2405 4804 2470 4874 (ι)
2498 4802 2554 4857 1η
2586 4800 2839 4874 vulgatis,
2884 4795 3214 4874 Evangelista
3237 4795 3467 4874 testatur.
3491 4796 3687 4874 Verius
3714 4795 3767 4851 in
3794 4810 3927 4874 mss.

2337 4868 2642 4946 Evangelia,
2671 4868 2771 4946 sub
2798 4885 2905 4942 quo
2936 4868 3154 4946 nomine
3183 4872 3346 4946 etiam
3370 4868 3929 4946 apostolorumverba

2332 4938 2862 5012 comprehenduntur
2885 4983 2901 5008 ,
2931 4957 2994 4997 ac
3033 4941 3261 5010 proinde
3303 4938 3639 5011 signiﬁcatur
3667 4938 3928 5012 quidquid

2333 5016 2401 5073 ad
2439 5010 2646 5072 Novum
2673 5015 3078 5069 Testamentum
3124 5010 3396 5082 pertinet:
3446 5020 3503 5067 ut
3555 5021 3713 5066 antea
3759 5010 3927 5082 Moysi

2335 5089 2555 5144 nomine
2581 5086 2746 5142 totius
2770 5084 2967 5141 veteris
2999 5083 3136 5155 legis
3158 5082 3293 5138 ﬁdes
3316 5082 3605 5138 indicatur.

2408 5180 2509 5253 (m)
2541 5179 2677 5236 Editi
2706 5221 2720 5245 ,
2752 5177 2903 5246 Quod
2943 5178 2987 5232 si
3026 5178 3102 5233 illi
3148 5187 3346 5253 patrem
3371 5192 3570 5253 semper
3597 5191 3736 5242 esse,
3779 5183 3930 5244 atque

2336 5248 2455 5307 huic
2483 5248 2649 5318 lilium
2676 5267 2874 5324 semper
2899 5265 3006 5304 esse
3035 5248 3297 5322 proprium
3328 5257 3496 5324 e_st,_e_t
3520 5248 3574 5302 in
3596 5256 3807 5324 eo,_etc.
3841 5262 3929 5324 re:

2338 5317 2632 5380 nitentibus
2661 5317 2855 5393 magno
2893 5317 3167 5393 consensit
3189 5335 3317 5375 mss.
3350 5319 3521 5393 lnyhis
3543 5319 3756 5393 verbis,
3791 5317 3928 5390 quod

2335 5411 2455 5452 eum
2492 5393 2614 5459 illi,
2652 5390 2952 5463 pronomen
2992 5390 3077 5463 illi
3104 5392 3263 5463 etiam
3294 5392 3361 5447 ad
3403 5390 3598 5463 Filium
3628 5390 3695 5463 ab
3725 5398 3929 5445 aeterno

2338 5479 2522 5522 natum
2550 5461 2893 5522 referendum
2917 5462 3150 5530 videtur,
3170 5464 3222 5517 in
3246 5462 3386 5519 hunc
3409 5462 3523 5519 fere
3541 5461 3757 5517 modum
3776 5475 3927 5517 :eutn

2337 5539 2476 5596 Filio
2518 5540 2569 5593 in
2602 5553 2669 5593 eo
2692 5537 2833 5607 quod
2861 5551 3080 5605 semper
3106 5543 3189 5590 est
3225 5534 3297 5590 illi
3326 5544 3495 5606 pater,
3525 5535 3679 5605 cujus
3703 5542 3759 5590 et
3787 5548 3902 5591 sem

2337 5626 2437 5684 per
2461 5620 2546 5667 est
2570 5609 2733 5676 ﬁlius,
2768 5608 3043 5680 proprium
3071 5607 3142 5661 sit
3168 5620 3289 5662 esse
3309 5648 3323 5674 ,
3351 5615 3457 5663 etc.

2412 5705 2494 5780 (η)
2528 5704 2705 5775 Apud.
2738 5703 2863 5759 Par.
2895 5711 2959 5780 et
2972 5701 3025 5758 in
3057 5694 3299 5773 pluribus
3325 5700 3739 5780 antiquislibris
3766 5699 3930 5780 semel

2342 5770 2550 5848 tantum
2580 5770 2755 5832 exstat
2781 5770 3201 5848 proprium'estj
3230 5772 3372 5848 quod
3398 5770 3477 5848 in:
3495 5772 3769 5848 prioribus
3796 5770 3931 5832 edit.

2340 5840 2604 5923 repetitur
2634 5856 2686 5912 ct
2714 5840 2924 5905 in'mss.
2951 5840 3137 5913 Ἦρα..
3160 5840 3393 5917 Ηεῐιιίίι.,
3416 5840 3651 5911 Τιιεοόι,
3679 5851 3785 5902 etc.
