4286 6264
336 320 453 379 449

1549 318 1639 375 DE
1677 314 2047 376 TRINITATE
2076 316 2286 376 LIBER
2322 318 2441 376 XII.

3532 324 3639 385 450

340 436 551 508 proﬁcit
599 449 794 503 causa,
828 434 910 509 (a)
954 433 1045 507 qui
1089 447 1188 506 per
1215 447 1274 490 se
1306 432 1386 507 (i)
1432 443 1650 490 maneat
1674 442 1932 490 aeternus.
1963 437 2020 497 Α
2043 442 2154 492 tate
2178 450 2397 492 sensum
2428 435 2677 491 humanm
2707 435 2929 491 rationis
2969 436 3298 502 extollimus,
3331 442 3388 493 ut
3413 450 3512 509 per
3551 438 3637 494 in-’

340 532 446 588 Sed
492 530 804 601 unigenitus
852 528 1027 595 Deus,
1067 530 1156 598 qui
1199 537 1254 583 et
1300 527 1396 582 Dei
1426 527 1700 598 Sapientia
1749 537 1804 583 et
1847 527 1943 583 Dei

344 624 527 680 Virtus
552 634 607 680 et
634 621 873 679 Verbum
903 631 1019 689 est,
1049 637 1172 676 cum
1203 628 1361 675 natus
1396 619 1504 687 sit,
1547 628 1750 691 patrem
1780 629 1945 675 testa-

344 726 750 775 turauctorem.
789 716 922 771 Cum
961 729 1030 770 ex
1060 722 1313 770 manente
1354 722 1514 768 natus
1554 723 1638 769 est
1663 753 1679 779 ,
1727 727 1833 767 non
1863 719 1948 767 est

346 821 503 868 natus
543 824 612 865 ex
657 807 851 864 nihilo.
901 804 1037 862 Cum
1087 813 1213 862 ante
1256 815 1502 878 tempora
1548 815 1749 861 aeterna
1788 812 1948 860 natus

347 912 451 971 εει,
483 916 700 959 omnem
748 914 967 956 sensum
1017 913 1244 955 necesse
1291 908 1373 955 est
1416 898 1690 954 nascendo
1737 912 1947 969 praeve-

348 995 482 1050 niat.
515 992 593 1065 (Ξ)
633 990 751 1047 Non
784 989 1007 1061 reliquit
1045 989 1101 1045 in
1129 989 1307 1046 verbis
1330 1028 1347 1057 ,
1390 999 1446 1045 ut
1495 1004 1606 1045 non
1634 988 1798 1047 fuerit
1824 998 1949 1045 ante

348 1101 511 1159 quam
539 1094 874 1143 nasceretur.
907 1083 965 1140 Si
994 1083 1138 1139 enim
1168 1081 1354 1140 sensui
1381 1091 1568 1139 nostro
1594 1083 1860 1154 suhjacet,
1890 1093 1950 1139 ut

351 1197 462 1238 non
504 1179 671 1237 fuerit
699 1188 825 1234 ante
852 1191 1013 1249 quam
1043 1187 1201 1233 natus
1226 1185 1343 1244 est;
1373 1176 1484 1247 jam
1515 1176 1795 1233 nativitate
1828 1177 1950 1248 ejus

352 1286 407 1333 et
449 1289 645 1333 sensus
684 1272 761 1347 (b)
802 1281 1065 1329 nosteret
1108 1280 1323 1342 tempus
1365 1272 1606 1327 anterius
1649 1280 1735 1326 est
1777 1272 1951 1343 :quia

353 1384 550 1437 omne,
595 1366 744 1441 quod
772 1366 1045 1433 nonfuit,
1086 1365 1200 1436 jam
1241 1376 1296 1421 et
1325 1364 1510 1421 sensui
1559 1364 1853 1421 obnoxium
1896 1373 1953 1421 et

356 1462 584 1532 tempori
630 1468 716 1517 est
751 1460 807 1515 in
835 1475 899 1516 ea
940 1458 1057 1529 ipsa
1096 1456 1495 1529 signiﬁcatione
1537 1473 1642 1528 qua
1680 1457 1948 1526 nonfuit;

355 1556 481 1630 quia
523 1571 629 1612 non
659 1554 865 1623 fuisse,
912 1569 1038 1626 pars
1068 1556 1326 1625 temporis
1370 1562 1473 1611 est.
1517 1554 1623 1623 Qui
1668 1564 1848 1611 autem
1881 1556 1951 1611 ab

358 1659 564 1707 aeterno
607 1647 681 1721 (c)
711 1657 796 1704 est
815 1689 830 1713 ,
859 1656 914 1703 et
947 1662 1164 1719 semper
1189 1647 1290 1702 fuit
1314 1690 1330 1715 ,
1378 1662 1477 1702 nec
1505 1656 1589 1703 est
1618 1647 1736 1702 sine
1762 1646 1957 1702 nativi-

361 1754 495 1812 tate,
523 1759 621 1801 nec
651 1758 757 1798 non
789 1741 927 1809 fuit;
953 1742 1080 1797 dum
1107 1751 1162 1798 et
1189 1755 1407 1811 semper
1432 1741 1598 1797 fuisse
1628 1755 1789 1812 supra
1822 1750 1957 1797 tem-

359 1853 463 1911 pus
492 1848 598 1905 est,
629 1846 685 1894 et
707 1847 892 1893 natum
924 1851 1049 1893 esse
1072 1837 1327 1892 nativitas
1352 1844 1457 1893 est.

431 1934 524 1990 26.
572 1932 762 1988 Contra
811 1933 1125 1986 nativitatem
1168 1940 1410 1987 (uernant
1449 1930 1603 2003 impie
1642 1931 1824 1985 nititur
1864 1920 1965 1984 Ittt-i

359 2041 517 2081 mana
541 2025 696 2079 ratio.
728 2053 804 2064 —
830 2022 1024 2079 Natum
1055 2024 1237 2094 itaque
1267 2022 1601 2094 unigenitum
1632 2023 1832 2088 Deum,
1862 2021 1958 2077 sed

366 2127 550 2173 natum
575 2126 704 2171 ante
733 2124 932 2171 aeterna
968 2125 1208 2185 tempora
1246 2115 1604 2181 conﬁtemur;
1641 2115 1764 2187 quia
1793 2113 1963 2170 conﬁ-

370 2210 470 2267 teri
507 2223 732 2266 necesse
775 2216 892 2277 est,
940 2207 1022 2281 (ά)
1051 2208 1103 2262 in
1147 2222 1256 2278 quo
1300 2222 1399 2264 nos
1446 2208 1873 2278 apostolicarnm
1899 2221 1965 2263 ac

367 2303 803 2375 preplteticarum
866 2300 1307 2372 praedicationum
1373 2300 1514 2357 dicta
1563 2300 1895 2369 concludunt
1946 2316 1960 2353 :

370 2412 494 2452 cum
528 2403 704 2452 tamen
736 2410 928 2450 sensus
957 2393 1227 2449 humanus
1253 2392 1664 2464 intelligentiam
1696 2394 1965 2463 intempo-

370 2489 502 2545 ralis
525 2488 817 2545 nativitatis
846 2503 952 2544 non
976 2486 1371 2558 apprehendat,
1408 2487 1532 2557 quia
1563 2485 1766 2557 aliquid
1790 2486 1843 2541 in
1866 2500 1965 2541 na-

374 2582 509 2638 turis
534 2581 605 2654 (c)
637 2580 868 2637 terrenis
897 2588 1023 2635 ante
1051 2587 1294 2648 tempora
1321 2588 1506 2635 natum
1552 2594 1674 2635 esse
1706 2594 1812 2634 non
1839 2592 1970 2634 con-

374 2678 546 2736 venit.
575 2676 729 2747 Quod
750 2690 874 2733 cum
910 2676 980 2732 ita
1007 2690 1038 2730 a
1065 2675 1220 2731 nobis
1253 2673 1666 2745 praedicabitur;
1695 2671 1969 2744 quomodo

374 2785 591 2828 rursum
633 2770 876 2840 ejusdem
927 2767 1294 2839 intelligentiae
1336 2765 1622 2837 complexu
1648 2781 1756 2821 non
1804 2765 1971 2820 fuisse

377 2872 505 2920 ante
532 2877 695 2935 quam
737 2862 976 2918 nascitur
1001 2861 1241 2917 dicemus
1266 2900 1280 2925 ,
1312 2874 1435 2916 cum
1478 2858 1774 2916 secundum
1820 2856 1966 2930 Apo-

377 2958 576 3014 stolum
630 2963 756 3012 ante
805 2964 1050 3026 tempora
1103 2963 1305 3010 interna
1359 2953 1430 3008 sit
1480 2952 1787 3023 unigenitus
1833 2953 1974 3008 Deus

381 3051 457 3123 (ll
483 3050 620 3116 Tim,
648 3066 688 3119 ι,
717 3050 772 3117 9,
801 3058 848 3105 et
874 3048 979 3105 Tit.
1002 3064 1041 3115 ι,
1074 3047 1174 3111 2)?
1201 3047 1257 3103 Si
1289 3047 1449 3118 igitur
1474 3053 1656 3102 natum
1686 3055 1811 3102 ante
1842 3055 1977 3101 tem-

379 3160 511 3217 pora
557 3154 785 3211 aeterna,
830 3158 937 3199 non
962 3143 1102 3198 ratio
1141 3142 1389 3197 humanae
1421 3138 1792 3212 intelligentia:
1818 3181 1832 3207 ,
1876 3139 1974 3197 sed

2047 526 2398 598 telligentiam
2429 528 2618 583 mundi
2658 542 2765 583 non
2806 527 2968 584 fuerit
3006 538 3131 584 ante
3162 545 3320 600 quam
3351 531 3595 585 nascitur
3617 572 3636 600 ,

2046 635 2166 676 cum
2192 622 2334 677 ultra
2360 637 2578 678 sensum
2610 620 2905 678 humanum
2930 631 2986 679 et
3013 622 3420 695 intelligentiam
3452 623 3640 680 mundi

2026 724 2303 770 nascatur
2343 724 2628 772 aeternum.
2673 715 2959 773 Eternum
2990 726 3171 774 autem
3212 726 3296 774 est
3320 758 3336 787 ,
3378 715 3639 789 quidquid

2049 812 2261 877 tempus
2286 807 2520 863 excedit.

2120 897 2212 953 27.
2242 899 2322 954 De
2362 911 2484 955 nato
2516 911 2635 957 ante
2664 911 2892 974 tempora
2916 902 3019 958 dici
3056 903 3264 974 nequit,
3296 901 3450 960 ANTE
3501 918 3647 969 aunt

2051 1004 2221 1046 unus
2248 1007 2367 1059 ns'r,
2401 1009 2493 1048 nec
2518 1008 2623 1050 non
2644 1011 2770 1051 sorr
2799 995 3473 1068 intentatam—Tempora
3499 997 3645 1053 enim

2051 1085 2231 1139 omnia
2257 1085 2346 1140 vel
2375 1086 2628 1156 opinione
2655 1089 3095 1160 complectimur,
3144 1090 3228 1147 vel
3257 1091 3483 1147 scientia
3520 1109 3534 1145 :
3567 1088 3645 1164 (θ)

2056 1190 2178 1231 cum
2208 1177 2353 1247 quod
2380 1194 2523 1235 nunc
2550 1190 2632 1237 est
2653 1224 2668 1249 ,
2702 1182 2903 1238 scimus
2925 1198 3032 1239 non
3061 1184 3222 1239 etiam
3247 1183 3421 1255 pridie
3444 1185 3607 1241 fuisse
3626 1226 3642 1254 ,

2055 1268 2179 1339 quia
2221 1270 2363 1341 quod
2395 1272 2567 1342 pridie
2611 1275 2805 1344 luerit,
2837 1291 2981 1332 nunc
3011 1292 3118 1332 non
3151 1277 3258 1332 sit:
3290 1277 3434 1348 quod
3460 1286 3646 1335 autem

2059 1359 2144 1431 (Ιι)
2172 1375 2312 1417 nunc
2339 1371 2453 1431 est,
2486 1379 2629 1421 nunc
2668 1374 2875 1422 tantum
2916 1368 3019 1436 sit,
3051 1383 3157 1424 non
3186 1377 3243 1425 et
3264 1368 3437 1440 pridie
3467 1368 3650 1426 fuerit.

2056 1450 2322 1523 Opinione
2350 1471 2482 1512 vero
2512 1456 2585 1514 ita
2618 1460 2889 1530 przeterita
2918 1463 3192 1530 metimur,
3224 1472 3283 1518 ut
3307 1472 3432 1520 ante
3463 1465 3653 1521 urbem

2056 1546 2289 1617 aliquam
2340 1548 2641 1606 inStitutam
2690 1568 2799 1608 non
2847 1553 3150 1626 ambigatur
3193 1563 3407 1627 tempus
3458 1554 3650 1626 fuisse,

2058 1653 2166 1708 quo
2193 1639 2322 1695 urbs
2352 1638 2597 1698 inStituta
2628 1658 2734 1700 non
2768 1645 2946 1701 fuerit.
2977 1643 3111 1702 Cum
3140 1662 3271 1719 ergo
3300 1647 3383 1703 vel
3410 1647 3652 1703 scientiae

2060 1733 2148 1789 vel
2173 1734 2411 1805 opinioni
2463 1745 2664 1793 nostrae
2708 1740 2992 1810 subjacent
3034 1749 3275 1812 tempora
3304 1783 3319 1810 ,
3350 1755 3514 1798 sensu
3553 1740 3653 1796 ltu-

1982 1827 2033 1889 B
2062 1843 2233 1885 manrc
2272 1828 2641 1903 intelligentia:
2676 1833 3020 1903 judicamus;
3076 1844 3132 1891 ut
3184 1835 3245 1910 (ἴ)
3272 1836 3340 1892 de
3366 1836 3546 1908 aliqua
3595 1850 3655 1893 re

2066 1922 2275 1980 ratione
2321 1925 2524 1981 dixisse
2572 1927 2987 1997 existimemur,
3028 1945 3133 1986 non
3186 1928 3290 1986 fuit
3331 1940 3456 1987 ante
3496 1946 3657 2003 quam

2064 2018 2325 2085 nascitur,
2348 2019 2472 2091 quia
2504 2020 2926 2094 uniuscujusque
2947 2023 3209 2095 originem
3242 2035 3482 2096 tempora
3512 2040 3657 2081 sem-

2066 2124 2164 2181 per
2190 2111 2420 2168 antelata
2455 2115 2805 2183 prmveniant.
2839 2118 2909 2171 At
2937 2132 3064 2172 vero
3086 2132 3208 2173 cum
3240 2118 3293 2173 in
3333 2119 3423 2175 Dei
3458 2120 3617 2175 rebus
3641 2158 3658 2188 ,

2067 2202 2120 2258 id
2149 2214 2252 2273 est,
2286 2205 2340 2260 in
2368 2205 2459 2262 Dei
2484 2206 2782 2274 nativitate,
2816 2207 2951 2263 nihil
2983 2224 3087 2264 non
3118 2218 3244 2266 ante
3268 2219 3476 2282 tempus
3502 2220 3663 2267 mter-

2068 2312 2195 2351 num
2226 2296 2327 2363 sit;
2356 2313 2463 2353 non
2493 2299 2637 2355 cadit
2667 2300 2718 2356 in
2746 2299 2821 2370 id,
2855 2311 2910 2356 ut
2935 2300 3009 2375 (j)
3040 2312 3166 2359 ante
3189 2318 3349 2374 quam
3375 2314 3532 2358 natus
3557 2308 3663 2370 est,

2069 2390 2263 2462 cuique
2301 2400 2427 2448 ante
2464 2402 2705 2464 tempora
2750 2403 2950 2450 aeterna
2993 2394 3071 2468 (5)
3103 2397 3427 2467 promissum
3473 2396 3550 2469 (Ir)
3581 2406 3671 2454 est

2071 2492 2354 2554 aeternum,
2383 2485 2455 2541 sit
2482 2486 2777 2542 secundum
2811 2488 2951 2544 beati
2980 2488 3225 2559 Apostoli
3253 2490 3454 2546 dictum
3483 2492 3538 2545 in
3567 2505 3664 2561 spe

2072 2578 2196 2633 vitae
2229 2586 2468 2647 aeternae,
2499 2596 2658 2651 quam
2694 2580 2944 2652 promisit
2971 2596 3077 2638 non
3108 2583 3336 2639 mendax
3368 2584 3509 2640 Dens
3540 2594 3666 2641 ante

2076 2680 2317 2741 tempora
2343 2680 2544 2726 aeterna
2574 2672 2703 2743 (Tit.
2736 2690 2774 2740 t,
2805 2672 2888 2743 2),
2919 2673 2982 2747 (ι)
3031 2675 3320 2747 aliquando
3353 2692 3457 2732 non
3486 2662 3661 2734 fuisse

2078 2763 2287 2820 dicatur
2317 2784 2332 2820 ε
2366 2765 2491 2837 quia
2533 2766 2756 2838 intelligi
2799 2784 2905 2824 non
2937 2778 3116 2839 potest
3154 2771 3387 2842 coepisse
3415 2780 3539 2844 post
3566 2772 3670 2828 ali-

2078 2857 2225 2928 quid,
2254 2858 2344 2930 qui
2368 2874 2490 2915 esse
2519 2861 2591 2915 sit
2629 2868 2754 2916 ante
2795 2868 2999 2917 aeterna
3034 2870 3276 2934 tempora
3306 2864 3667 2923 conﬁtendus.

2150 2951 2241 3006 28.
2283 2950 2361 3007 De
2391 2950 2521 3006 Filii
2548 2953 2811 3009 nativitatc
2849 2955 3057 3010 credere
3096 2965 3326 3011 tenemur
3349 2956 3496 3011 aliter
3516 2974 3577 3013 ac
3609 2956 3674 3013 de

2080 3042 2294 3100 nostris.
2328 3044 2543 3116 Semper
2574 3055 2750 3099 natum
2778 3046 3058 3115 audientes,
3087 3064 3361 3119 numquam
3383 3065 3486 3103 non
3514 3051 3677 3122 fuisse

2082 3141 2344 3196 sentimus.
2373 3170 2444 3180 -—
2489 3139 2546 3197 Si
2597 3155 2727 3213 ergo
2790 3142 2938 3198 nasci
2987 3141 3192 3215 aliquid
3252 3153 3379 3201 ante
3432 3152 3675 3216 tempora

382 3239 685 3313 prudentiae
719 3235 893 3294 ﬁdelis
922 3235 1189 3307 professio
1215 3243 1334 3302 est;
1365 3234 1488 3305 quia
1517 3243 1571 3289 et
1600 3234 1853 3289 nativitas
1886 3248 1980 3304 per
2004 3224 2050 3289 C
2084 3242 2282 3290 aeterna
2308 3275 2324 3300 ,
2355 3248 2529 3305 neque
2560 3235 2614 3290 in
2647 3234 2853 3291 naturis
2884 3234 3133 3309 humanis
3158 3243 3243 3292 est
3267 3279 3282 3307 ,
3316 3252 3492 3309 neque
3516 3237 3570 3293 in
3595 3239 3678 3294 itt-

384 3342 664 3390 auctorem
693 3338 798 3396 est,
827 3339 881 3386 et
905 3327 1048 3400 quod
1077 3337 1320 3398 tempora
1344 3325 1557 3382 excedit
1584 3336 1844 3381 mternum
1869 3333 1974 3392 est,

384 3435 442 3483 et
484 3422 649 3498 424
670 3433 821 3479 extra
845 3436 1068 3479 sensum
1097 3430 1371 3477 terrenum
1393 3427 1478 3475 est
1508 3419 1649 3490 quod
1692 3428 1817 3474 ante
1845 3427 1980 3474 tent-

386 3532 517 3590 pora
549 3527 750 3599 aeterna
777 3514 848 3570 sit
885 3522 1069 3570 natum
1099 3528 1116 3568 :
1146 3520 1293 3569 certe
1316 3513 1429 3583 jam
1472 3510 1546 3585 (i)
1588 3511 1751 3583 impia
1780 3511 1974 3568 volun—

492 3635 544 3705 i)
577 3632 774 3705 Manet.

492 3635 544 3705 i)
577 3634 774 3689 Manet.

464 3634 547 3779 ξε)
577 3704 628 3760 Ν
634 3723 700 3761 οη
721 3704 984 3775 relinquit.

465 3819 544 3892 (a)_
569 3817 628 3874 In
659 3818 846 3892 codice
894 3816 1016 3872 Vat.
1062 3816 1181 3872 bas.
1208 3856 1225 3883 ,
1269 3814 1354 3883 qui
1392 3820 1884 3892 seniperjtaneat;
1927 3811 1981 3868 in

388 3884 607 3948 Martio.
631 3891 720 3961 qui
740 3897 1033 3961 permaneat
1064 3905 1083 3943 :
1106 3902 1269 3959 grave
1292 3884 1565 3961 mendum.
1592 3884 1760 3939 Filius
1781 3886 1983 3955 quippe

390 3977 608 4033 semper
634 3959 814 4033 manet
838 3972 1094 4033 aeternus,
1116 3959 1493 4033 quamvisnon
1528 3972 1618 4033 per
1640 3972 1711 4022 se,
1741 3970 1837 4010 seu
1864 3972 1893 4009 a
1923 3969 1983 4033 se

395 4025 648 4098 maneat,
679 4032 773 4089 sed
801 4049 829 4088 a
856 4031 1019 4087 Patre
1051 4025 1205 4100 :‘qito
1231 4029 1448 4085 nomine
1475 4025 1700 4083 in'illttm
1728 4025 1984 4082 convenit

393 4105 649 4162 nascendi
672 4105 827 4159 ratio.
1128 4131 1137 4140 -

467 4174 740 4248 (b)7Acute
764 4174 953 4248 docet,
985 4188 1201 4248 sensum
1233 4181 1499 4248 nostrum,
1522 4170 1566 4225 si
1597 4168 1812 4248 quando
1842 4168 1982 4248 illius

395 4241 503 4305 non
523 4241 692 4303 'l'uerit
716 4288 731 4315 ,
777 4261 842 4301 eo
874 4246 991 4316 ipso
1018 4244 1367 4316 anteriorem_
1389 4243 1506 4298 fore
1533 4260 1545 4295 :
1578 4242 1701 4316 quia
1731 4241 1985 4296 nimirum

396 4319 685 4392 cogitando
706 4312 1207 4392 nativitatemillius
1230 4313 1461 4392 quodam
1491 4312 1985 4392 modo_pra~_ver_tet.

396 4383 611 4461 Ex'quo
639 4389 878 4461 sequitur
904 4388 1147 4444 eamdem
1177 4383 1509 4461 nativitatem
1534 4400 1644 4461 non
1664 4383 1988 4461 incliabiletn

397 4452 544 4529 esse,
571 4460 665 4517 sed
695 4452 874 4515 sensui
904 4469 1091 4515 nostro
1109 4458 1414 4527 subjacere,
1442 4454 1742 4511 secundum
1768 4454 1821 4509 id
1849 4452 1991 4525 quod

399 4535 496 4607 lib.
521 4528 776 4607 inmte
802 4542 855 4586 et
882 4528 979 4607 47,
1013 4538 1281 4607 assertum
1311 4539 1446 4607 est._
1707 4605 1713 4607 Α
1843 4595 1858 4607 _
1950 4595 1961 4607 '

473 4604 547 4678 (c)
572 4595 806 4659 Verbum
829 4611 902 4678 est
929 4595 1017 4678 hic
1038 4617 1142 4656 non
1169 4600 1540 4656 exsistentiam
1563 4605 1743 4678 sonat,
1765 4595 1859 4678 sed
1883 4595 1993 4678 ori:

2084 3327 2417 3398 telligentia;
2445 3337 2499 3384 et
2525 3336 2701 3384 tamen
2733 3329 2786 3384 in
2817 3328 2920 3385 hoc
2949 3328 3377 3401 professionibus
3404 3329 3472 3386 de
3495 3345 3555 3387 se
3582 3330 3679 3387 Dei

2084 3420 2366 3476 creditur:
2397 3421 2665 3491 quomodo
2708 3420 2760 3476 id
2801 3421 2944 3493 quod
2972 3422 3088 3495 sine
3126 3436 3288 3478 sensu
3338 3422 3434 3496 (in)
3476 3421 3676 3478 intelli-

2084 3513 2280 3587 gentizc
2307 3523 2524 3571 internae
2552 3522 2734 3571 natum
2764 3531 3002 3587 semper,
3044 3516 3097 3573 id
3126 3524 3210 3573 est
3228 3558 3245 3586 ,
3274 3525 3399 3574 ante
3429 3526 3671 3589 tempora

2163 3628 2243 3702 (5)
2275 3627 2597 3685 Promissum
2626 3641 2871 3686 azternum
2894 3630 2979 3685 sit.

2094 3818 2240 3885 tores
2259 3810 2555 3885 obtendere
2580 3828 2592 3865 :
2622 3810 2924 3883 cujnsmodi
2953 3819 3078 3885 sunt
3099 3854 3114 3879 ,
3147 3812 3238 3883 qui
3270 3828 3361 3883 per
3387 3810 3686 3885 intelligen-

2091 3883 2215 3937 tiam
2241 3882 2418 3937 mundi
2439 3924 2454 3949 ,
2484 3882 2588 3938 hoc
2609 3882 2712 3943 est.
2745 3898 2811 3938 ex
2830 3884 3137 3952 cognitione
3176 3882 3355 3940 rerum
3386 3882 3685 3941 mundana-

2094 3969 2233 4036 rum,
2266 3955 2565 4023 comparari
2595 3953 2786 4010 volunt
2810 3955 2917 4010 nati
2940 3966 3065 4011 ante
3094 3964 3336 4028 tempora
3365 3967 3568 4014 aeterna
3589 3971 3687 4014 no-

2096 4034 2646 4169 ιιῑὶἒιιςιὲυρριθηάωη
2676 4073 2783 4164 hic,
2807 4096 3020 4152 scicntia
3046 4098 3270 4169 quidem.

2169 4165 2251 4240 (7i)
2287 4167 2551 4292 Farticula
2576 4184 2713 4223 nunc
2733 4209 2748 4234 ,
2781 4170 2835 4224 in
2863 4165 3090 4240 vulgatis
3111 4174 3308 4228 omissa
3327 4210 3344 4238 ,
3367 4186 3433 4228 ex
3470 4170 3689 4243 scriptis

2158 4253 2287 4293 voca
2311 4251 2399 4296 ur.

2091 4253 2399 4296 revocatur.

2166 4308 2229 4380 (i)
2256 4312 2396 4388 βαίη
2418 4350 2433 4388 ,
2459 4310 2523 4365 de
2544 4310 2960 4388 aliqua_ratione.
3006 4311 3229 4369 Rectius
3261 4329 3392 4388 mss.
3426 4314 3490 4388 de
3517 4314 3693 4388 aliqua

2092 4397 2148 4436 re
2174 4383 2393 4465 ratione,
2419 4382 2522 4465 hoc
2547 4384 2769 4465 est._.de
2794 4399 2855 4465 re
2901 4399 3022 4465 qua;
3050 4385 3379 4456 temporibus
3410 4382 3691 4465 subjaeet,

2092 4454 2289 4595 i'nerito
2317 4468 2382 4508 ac
2413 4454 2623 4510 ratione
2646 4454 2961 4521 dixerimus,
2986 4454 3117 4510 Ante
3144 4454 3299 4527 quam
3326 4454 3556 4513 nascitur
3584 4454 3688 4514 non

2126 4532 2221 4578 uti.

2168 4596 2245 4669 (j)
2274 4593 2331 4671 Id
2362 4604 2447 4671 est
2471 4638 2487 4662 ,
2506 4596 2572 4671 _i_n
2616 4595 2708 4653 Dei
2739 4598 2993 4671 unigeniti
3032 4599 3365 4656 nativitatem
3409 4614 3518 4657 non
3548 4598 3695 4657 cadit

401 4645 605 4748 gaza;
619 4645 1992 4748 “51:12:15;at“.t'.;..;";;a;t;32:531.}assam
2019 4645 2073 4705 D
2097 4645 3324 4748 ngatscaenam};s;12“,'.;;..;;;n:2;;:

405 4742 781 4817 ειεεριοῬετ.
811 4742 1065 4817 omittunt
1092 4759 1183 4798 nec
1211 4752 1283 4817 est
1314 4742 1749 4817 sine_nativitat_e_,
1779 4756 1871 4794 nec
1893 4755 1998 4792 non

407 4819 503 4890 {ait
533 4812 556 4873 ἑ
581 4833 716 4890 quin
733 4816 894 4871 verba
926 4816 1183 4890 Ej'asmus
1227 4816 1282 4868 in
1313 4813 1566 4890 quodam
1594 4812 1781 4890 codice
1825 4825 1884 4890 se
1913 4825 1999 4890 re-

407 4881 629 4963 perisse
654 4888 926 4963 admonet.
953 4886 1264 4957 Reperisset
1287 4881 1418 4963 sane
1444 4885 1497 4938 in
1519 4884 1778 4963 pluribus,
1811 4881 1857 4935 si
1879 4881 1999 4951 plu-

407 4955 499 5018 res
531 4960 769 5031 legisset.
802 4958 912 5031 Nec
955 4955 1244 5031 possumus
1285 4956 1436 5031 illius
1468 4955 1850 5031 negligentiam
1894 4966 1999 5031 non

408 5023 659 5090 incusare
685 5074 699 5095 ,
749 5028 840 5100 qui
887 5023 969 5084 vel
1005 5037 1218 5095 reperta
1257 5043 1323 5100 an
1373 5026 1441 5082 ad
1468 5023 1752 5100 sementim
1781 5023 2003 5093 integri-

411 5114 575 5161 tatem
603 5097 907 5160 necessaria
931 5110 1133 5168 essent,
1156 5099 1423 5154 tantillum
1445 5097 1759 5168 expendere
1783 5109 1887 5150 nou
1913 5109 2007 5150 cu-

411 5178 568 5233 ravit.

488 5246 569 5319 (d)
602 5246 777 5321 Editi;
805 5242 1047 5321 id‘quod.
1086 5245 1157 5299 At
1195 5257 1326 5321 mss.
1358 5241 1413 5321 in
1435 5256 1573 5321 qua,
1602 5237 1708 5321 vel.
1738 5238 1791 5292 in
1817 5237 2007 5321 quod“:

411 5319 466 5376 id
494 5309 610 5385 est,
646 5309 919 5375 confessio
947 5327 1129 5372 nostra
1158 5313 1403 5370 terminis
1433 5312 1500 5366 iis
1529 5309 1693 5385 debet
1714 5309 2004 5373 contineri,

413 5406 552 5462 quos
574 5381 819 5462 Apostoli
846 5396 902 5462 et
929 5389 1204 5462 pr0plt_et:e
1226 5386 1382 5462 nobis
1411 5381 1767 5462 constituunt.

488 5461 561 5533 (ε)
592 5453 721 5518 Mss.
747 5453 961 5517 Martia.
998 5453 1053 5515 et
1091 5458 1233 5526 Vat.,
1264 5456 1407 5522 bas.,
1435 5453 1633 5509 naturis
1654 5469 1825 5509 rerum
1854 5461 2014 5507 terre-

417 5551 513 5589 nar
515 5550 626 5589 um.

493 5605 568 5677 (f)
599 5604 658 5660 In
687 5603 851 5661 Corb.
890 5611 943 5659 et
973 5599 1158 5677 paucis
1188 5597 1310 5677 aliis
1338 5613 1495 5677 mss.,
1532 5595 1742 5677 impiam
1772 5594 2011 5677 volunta-

420 5666 527 5732 tem'
545 5666 695 5733 Sensit
725 5691 743 5731 :
774 5677 951 5730 minus
976 5666 1216 5730 'siucere.
1250 5671 1432 5741 Impia:
1461 5667 1880 5741 voluntatiscos
1910 5666 2009 5720 Hi-

417 5747 586 5804 larius
610 5763 840 5819 arguere
866 5746 1028 5811 solet,
1046 5745 1136 5815 qui
1175 5738 1361 5819 aperte
1384 5740 1642 5796 resistunt
1667 5738 1883 5819 veritati
1907 5779 1922 5803 ,
1953 5744 2010 5792 et

418 5813 778 5893 ignorantiam
802 5834 907 5876 non
939 5813 1165 5888 possunt
1189 5813 1330 5887 apud
1354 5825 1540 5884 tequos
1567 5824 1745 5869 rerum
1767 5813 2007 5867 aestima-

2172 4735 2248 4810 (Ιε)
2290 4738 2447 4806 Bad.,
2482 4739 2574 4793 Er.
2613 4748 2670 4814 et
2710 4739 2862 4810 Lips.
2902 4735 3026 4798 cum
3054 4744 3411 4814 aliquotnon
3457 4741 3700 4799 melioris

2101 4822 2243 4893 aptae
2272 4824 2429 4893 mss,
2456 4811 2765 4893 promissum
2790 4824 3040 4893 internum
3070 4811 3162 4881 sit,
3180 4813 3383 4870 omisso
3405 4815 3570 4870 verbo
3597 4824 3694 4870 est.

2105 4880 2219 4936 Hoc
2259 4880 2364 4937 sibi
2411 4880 2525 4936 vult
2563 4900 2577 4935 :
2615 4883 2706 4955 qui
2736 4886 3065 4955 promissum
3104 4880 3367 4942 aeternum
3415 4895 3540 4941 ante
3566 4892 3704 4941 tem-

2107 4968 2239 5022 pora
2268 4961 2471 5008 :eterna
2504 4952 2774 5028 possidet“,
2808 4959 2942 5028 (non
2976 4966 3180 5013 tantum
3211 4972 3305 5026 per
3337 4955 3704 5028 participatio-

2106 5039 2229 5099 item
2261 5033 2467 5099 naturae
2500 5023 2719 5099 divinae,
2752 5023 2847 5099 sed
2882 5043 2979 5099 per
3008 5023 3446 5098 plenitudinem),
3476 5023 3581 5099 non
3612 5041 3705 5099 cae

2107 5093 2187 5148 dit
2215 5094 2467 5176 inlidant
2498 5095 2570 5149 sit
2609 5095 2783 5152 adhuc
2808 5093 2989 5176 in:spe
3010 5093 3580 5176 ejusdemproniissi;
3617 5098 3705 5153 cui

2109 5165 2406 5246 conditioni
2431 5179 2518 5246 res
2541 5175 2753 5246 creatas
2772 5165 3058 5246 subiacere
3087 5187 3237 5225 num.
3264 5165 3321 5235 5,
3344 5177 3706 5225 monstratum

2111 5242 2197 5292 est
2225 5236 2309 5290 his
2332 5236 2515 5291 verbis
2542 5254 2557 5288 :
2591 5236 2652 5292 Si
2677 5237 2836 5304 igitur
2858 5236 3092 5296 Christus
3119 5250 3357 5296 creatura
3379 5250 3476 5305 est,
3509 5255 3712 5297 necesse

2113 5310 2325 5380 est_sub_
2336 5305 2743 5380 speglonginqua:
2771 5313 3138 5378 expectationis
3162 5314 3383 5366 incertus
3412 5312 3503 5366 sit.

2186 5377 2663 5460 (1)7Particulauet
2711 5380 2799 5437 hic
2840 5377 3433 5460 desideraturaMox‘
3461 5383 3556 5460 qui
3600 5397 3711 5460 esse

2113 5450 2202 5516 sit,
2227 5459 2332 5506 ctc.
2366 5450 2446 5505 sic
2466 5450 2707 5520 intellige
2735 5454 2887 5522 quasi
2919 5454 3151 5524 legeres,
3176 5454 3265 5526 qui
3296 5450 3620 5524 conﬁtenda:
3643 5454 3712 5510 sit

2118 5536 2246 5586 esse,
2282 5532 2387 5577 etc.

2190 5589 2288 5662 (τη)
2315 5591 2587 5676 γειίεερεε
2609 5593 3064 5676 basiliczecodegt,
3089 5595 3711 5676 intelligentitehumqnte.

2117 5662 2395 5720 Sincerius
2422 5664 2545 5730 alii,
2578 5675 2806 5723 ceterum.
2846 5662 3209 5739 [intelligentia
3238 5662 3450 5735 creata,
3492 5669 3544 5723 ni
3577 5667 3718 5722 falli-

2118 5751 2262 5811 mur,
2285 5746 2476 5811 (eterna
2507 5749 2870 5811 nuncupatur,
2901 5739 3026 5809 quia
3047 5740 3334 5795 aeternitate
3360 5739 3717 5811 procedendi:

2117 5806 2187 5864 ad
2213 5806 2627 5879 intelligentiam
2649 5806 2748 5867 Dei
2773 5811 2870 5868 niti
2893 5806 3721 5888 potesthlicetconiprehenderq
