  <div class='ocr_page' id='page_1' title='image "/cluster/home/n/w/nwhite01/storage/ocr_20150623/10/hvd.32044096580386/232.png"; bbox 0 0 4286 6264; ppageno 0'>
   <div class='ocr_carea' id='block_1_1' title="bbox 357 324 3665 406">
    <p class='ocr_par' dir='ltr' id='par_1_1' title="bbox 357 324 3665 406">
     <span class='ocr_line' id='line_1_1' title="bbox 357 324 3665 406; baseline -0.002 0"><span class='ocrx_word' id='word_1_1' title='bbox 357 350 468 406; x_wconf 72' lang='lat'><strong>453</strong></span> <span class='ocrx_word' id='word_1_2' title='bbox 1547 344 1635 400; x_wconf 76' lang='lat' dir='ltr'><strong>ne</strong></span> <span class='ocrx_word' id='word_1_3' title='bbox 1676 337 2053 403; x_wconf 71' lang='lat' dir='ltr'><strong>TRlNlTATE</strong></span> <span class='ocrx_word' id='word_1_4' title='bbox 2088 324 2296 399; x_wconf 75' lang='lat' dir='ltr'><strong>LIBER</strong></span> <span class='ocrx_word' id='word_1_5' title='bbox 2327 338 2443 397; x_wconf 93' lang='lat' dir='ltr'><strong>xu.</strong></span> <span class='ocrx_word' id='word_1_6' title='bbox 3560 342 3665 399; x_wconf 76' lang='lat' dir='ltr'><strong>ist</strong></span> 
     </span>
    </p>
   </div>
   <div class='ocr_carea' id='block_1_2' title="bbox 363 448 3667 532">
    <p class='ocr_par' dir='ltr' id='par_1_2' title="bbox 363 448 3667 532">
     <span class='ocr_line' id='line_1_2' title="bbox 363 448 3667 532; baseline -0.003 -13"><span class='ocrx_word' id='word_1_7' title='bbox 363 477 510 526; x_wconf 85' lang='lat' dir='ltr'><strong>esse,</strong></span> <span class='ocrx_word' id='word_1_8' title='bbox 556 474 776 532; x_wconf 82' lang='lat' dir='ltr'><strong>semper</strong></span> <span class='ocrx_word' id='word_1_9' title='bbox 833 466 1101 515; x_wconf 81' lang='lat' dir='ltr'><strong>occurret.</strong></span> <span class='ocrx_word' id='word_1_10' title='bbox 1161 455 1233 514; x_wconf 89' lang='lat' dir='ltr'><strong>Ut</strong></span> <span class='ocrx_word' id='word_1_11' title='bbox 1276 456 1436 527; x_wconf 87' lang='lat' dir='ltr'><strong>igitur</strong></span> <span class='ocrx_word' id='word_1_12' title='bbox 1486 456 1599 512; x_wconf 84' lang='lat' dir='ltr'><strong>Deo</strong></span> <span class='ocrx_word' id='word_1_13' title='bbox 1644 457 1781 527; x_wconf 84' lang='lat' dir='ltr'><strong>patri</strong></span> <span class='ocrx_word' id='word_1_14' title='bbox 1829 468 1956 527; x_wconf 53' lang='lat' dir='ltr'><strong>pro.</strong></span> <span class='ocrx_word' id='word_1_15' title='bbox 1986 461 2039 523; x_wconf 74' lang='grc' dir='ltr'>Α</span> <span class='ocrx_word' id='word_1_16' title='bbox 2066 456 2174 513; x_wconf 89' lang='lat' dir='ltr'><strong>nita</strong></span> <span class='ocrx_word' id='word_1_17' title='bbox 2215 453 2538 511; x_wconf 81' lang='lat' dir='ltr'><strong>concludis?</strong></span> <span class='ocrx_word' id='word_1_18' title='bbox 2568 452 2749 509; x_wconf 76' lang='lat' dir='ltr'><strong>Nescit</strong></span> <span class='ocrx_word' id='word_1_19' title='bbox 2782 452 2979 509; x_wconf 78' lang='lat' dir='ltr'><strong>Paulus</strong></span> <span class='ocrx_word' id='word_1_20' title='bbox 3024 454 3078 508; x_wconf 92' lang='lat' dir='ltr'><strong>in</strong></span> <span class='ocrx_word' id='word_1_21' title='bbox 3116 448 3332 509; x_wconf 81' lang='lat' dir='ltr'><strong>Christo</strong></span> <span class='ocrx_word' id='word_1_22' title='bbox 3372 454 3475 510; x_wconf 82' lang='lat' dir='ltr'><strong>nisi</strong></span> <span class='ocrx_word' id='word_1_23' title='bbox 3528 465 3667 510; x_wconf 73' lang='lat' dir='ltr'><strong>tom-</strong></span> 
     </span>
    </p>
   </div>
   <div class='ocr_carea' id='block_1_3' title="bbox 363 546 3671 627">
    <p class='ocr_par' dir='ltr' id='par_1_3' title="bbox 363 546 3671 627">
     <span class='ocr_line' id='line_1_3' title="bbox 363 546 3671 627; baseline -0.001 -20"><span class='ocrx_word' id='word_1_24' title='bbox 363 557 543 627; x_wconf 77' lang='lat' dir='ltr'><strong>primn</strong></span> <span class='ocrx_word' id='word_1_25' title='bbox 592 562 674 609; x_wconf 87' lang='lat' dir='ltr'><strong>est</strong></span> <span class='ocrx_word' id='word_1_26' title='bbox 721 552 840 609; x_wconf 84' lang='lat' dir='ltr'><strong>sine</strong></span> <span class='ocrx_word' id='word_1_27' title='bbox 891 552 1190 615; x_wconf 76' lang='lat' dir='ltr'><strong>nativitate,</strong></span> <span class='ocrx_word' id='word_1_28' title='bbox 1247 550 1317 604; x_wconf 90' lang='lat' dir='ltr'><strong>ita</strong></span> <span class='ocrx_word' id='word_1_29' title='bbox 1365 557 1423 605; x_wconf 88' lang='lat' dir='ltr'><strong>et</strong></span> <span class='ocrx_word' id='word_1_30' title='bbox 1449 548 1588 606; x_wconf 85' lang='lat' dir='ltr'><strong>Filio</strong></span> <span class='ocrx_word' id='word_1_31' title='bbox 1613 548 1853 605; x_wconf 82' lang='lat' dir='ltr'><strong>debitum</strong></span> <span class='ocrx_word' id='word_1_32' title='bbox 1883 558 1968 605; x_wconf 85' lang='lat' dir='ltr'><strong>est</strong></span> <span class='ocrx_word' id='word_1_33' title='bbox 2075 563 2263 618; x_wconf 84' lang='lat' dir='ltr'><strong>porum</strong></span> <span class='ocrx_word' id='word_1_34' title='bbox 2289 548 2668 604; x_wconf 64' lang='lat' dir='ltr'><strong>aeternitatem.</strong></span> <span class='ocrx_word' id='word_1_35' title='bbox 2698 547 2816 601; x_wconf 87' lang='lat' dir='ltr'><strong>Non</strong></span> <span class='ocrx_word' id='word_1_36' title='bbox 2846 556 2967 617; x_wconf 83' lang='lat' dir='ltr'><strong>post</strong></span> <span class='ocrx_word' id='word_1_37' title='bbox 2994 547 3196 618; x_wconf 86' lang='lat' dir='ltr'><strong>aliquid</strong></span> <span class='ocrx_word' id='word_1_38' title='bbox 3229 546 3308 618; x_wconf 64' lang='grc' dir='ltr'><strong>(ἱ)</strong></span> <span class='ocrx_word' id='word_1_39' title='bbox 3342 564 3403 603; x_wconf 85' lang='lat' dir='ltr'><strong>se</strong></span> <span class='ocrx_word' id='word_1_40' title='bbox 3425 563 3547 604; x_wconf 87' lang='lat' dir='ltr'><strong>esse</strong></span> <span class='ocrx_word' id='word_1_41' title='bbox 3571 550 3671 605; x_wconf 81' lang='lat' dir='ltr'><strong>Sa-</strong></span> 
     </span>
    </p>
   </div>
   <div class='ocr_carea' id='block_1_4' title="bbox 369 639 3670 718">
    <p class='ocr_par' dir='ltr' id='par_1_4' title="bbox 369 639 3670 718">
     <span class='ocr_line' id='line_1_4' title="bbox 369 639 3670 718; baseline -0.002 -15"><span class='ocrx_word' id='word_1_42' title='bbox 369 663 465 718; x_wconf 88' lang='lat' dir='ltr'><strong>per</strong></span> <span class='ocrx_word' id='word_1_43' title='bbox 503 646 840 703; x_wconf 76' lang='lat' dir='ltr'><strong>nativitatem</strong></span> <span class='ocrx_word' id='word_1_44' title='bbox 871 659 1089 716; x_wconf 88' lang='lat' dir='ltr'><strong>semper</strong></span> <span class='ocrx_word' id='word_1_45' title='bbox 1131 658 1272 700; x_wconf 81' lang='lat' dir='ltr'><strong>esse.</strong></span> <span class='ocrx_word' id='word_1_46' title='bbox 1311 640 1576 701; x_wconf 68' lang='lat' dir='ltr'><strong>Nativitas</strong></span> <span class='ocrx_word' id='word_1_47' title='bbox 1617 652 1798 698; x_wconf 85' lang='lat' dir='ltr'><strong>autem</strong></span> <span class='ocrx_word' id='word_1_48' title='bbox 1833 640 1967 697; x_wconf 82' lang='lat' dir='ltr'><strong>nihil</strong></span> <span class='ocrx_word' id='word_1_49' title='bbox 2073 640 2304 711; x_wconf 78' lang='lat' dir='ltr'><strong>pit-tilia,</strong></span> <span class='ocrx_word' id='word_1_50' title='bbox 2350 640 2444 695; x_wconf 87' lang='lat' dir='ltr'><strong>sed</strong></span> <span class='ocrx_word' id='word_1_51' title='bbox 2474 649 2601 696; x_wconf 89' lang='lat' dir='ltr'><strong>ante</strong></span> <span class='ocrx_word' id='word_1_52' title='bbox 2629 641 2809 694; x_wconf 86' lang='lat' dir='ltr'><strong>munia</strong></span> <span class='ocrx_word' id='word_1_53' title='bbox 2854 639 3113 709; x_wconf 75' lang='lat' dir='ltr'><strong>loquitur.</strong></span> <span class='ocrx_word' id='word_1_54' title='bbox 3151 640 3220 709; x_wconf 78' lang='grc' dir='ltr'><strong>(ε)</strong></span> <span class='ocrx_word' id='word_1_55' title='bbox 3242 639 3447 695; x_wconf 83' lang='lat' dir='ltr'><strong>Tecum</strong></span> <span class='ocrx_word' id='word_1_56' title='bbox 3495 656 3522 692; x_wconf 87' lang='lat' dir='ltr'><strong>a</strong></span> <span class='ocrx_word' id='word_1_57' title='bbox 3554 642 3670 696; x_wconf 89' lang='lat' dir='ltr'><strong>sole</strong></span> 
     </span>
    </p>
   </div>
   <div class='ocr_carea' id='block_1_5' title="bbox 367 731 3672 813">
    <p class='ocr_par' dir='ltr' id='par_1_5' title="bbox 367 731 3672 813">
     <span class='ocr_line' id='line_1_5' title="bbox 367 731 3672 813; baseline -0.003 -15"><span class='ocrx_word' id='word_1_58' title='bbox 367 742 511 799; x_wconf 87' lang='lat' dir='ltr'><strong>aliud</strong></span> <span class='ocrx_word' id='word_1_59' title='bbox 542 756 703 813; x_wconf 80' lang='lat' dir='ltr'><strong>quam</strong></span> <span class='ocrx_word' id='word_1_60' title='bbox 737 747 973 810; x_wconf 83' lang='lat' dir='ltr'><strong>patrem,</strong></span> <span class='ocrx_word' id='word_1_61' title='bbox 1005 753 1181 810; x_wconf 87' lang='lat' dir='ltr'><strong>neque</strong></span> <span class='ocrx_word' id='word_1_62' title='bbox 1224 747 1380 808; x_wconf 84' lang='lat' dir='ltr'><strong>pater</strong></span> <span class='ocrx_word' id='word_1_63' title='bbox 1403 736 1550 792; x_wconf 84' lang='lat' dir='ltr'><strong>aliud</strong></span> <span class='ocrx_word' id='word_1_64' title='bbox 1581 752 1741 807; x_wconf 87' lang='lat' dir='ltr'><strong>quam</strong></span> <span class='ocrx_word' id='word_1_65' title='bbox 1775 733 1971 791; x_wconf 82' lang='lat' dir='ltr'><strong>nativi-</strong></span> <span class='ocrx_word' id='word_1_66' title='bbox 2071 749 2137 790; x_wconf 84' lang='lat' dir='ltr'><strong>ac</strong></span> <span class='ocrx_word' id='word_1_67' title='bbox 2162 736 2285 789; x_wconf 84' lang='lat' dir='ltr'><strong>luna</strong></span> <span class='ocrx_word' id='word_1_68' title='bbox 2316 742 2556 804; x_wconf 78' lang='lat' dir='ltr'><strong>tempora</strong></span> <span class='ocrx_word' id='word_1_69' title='bbox 2579 732 2823 789; x_wconf 84' lang='lat' dir='ltr'><strong>instituta</strong></span> <span class='ocrx_word' id='word_1_70' title='bbox 2854 741 2980 788; x_wconf 73' lang='lat' dir='ltr'><strong>sunt</strong></span> <span class='ocrx_word' id='word_1_71' title='bbox 3012 750 3025 786; x_wconf 91' lang='lat'><strong>:</strong></span> <span class='ocrx_word' id='word_1_72' title='bbox 3057 731 3331 788; x_wconf 81' lang='lat' dir='ltr'><strong>Christum</strong></span> <span class='ocrx_word' id='word_1_73' title='bbox 3353 742 3537 787; x_wconf 89' lang='lat' dir='ltr'><strong>autem</strong></span> <span class='ocrx_word' id='word_1_74' title='bbox 3567 733 3672 787; x_wconf 81' lang='lat' dir='ltr'><strong>Da-</strong></span> 
     </span>
    </p>
   </div>
   <div class='ocr_carea' id='block_1_6' title="bbox 371 825 3677 897">
    <p class='ocr_par' dir='ltr' id='par_1_6' title="bbox 371 825 3677 897">
     <span class='ocr_line' id='line_1_6' title="bbox 371 825 3677 897; baseline -0.002 -10"><span class='ocrx_word' id='word_1_75' title='bbox 371 844 536 890; x_wconf 82' lang='lat' dir='ltr'><strong>tatem</strong></span> <span class='ocrx_word' id='word_1_76' title='bbox 577 829 903 889; x_wconf 88' lang='lat' dir='ltr'><strong>enuntiabit.</strong></span> <span class='ocrx_word' id='word_1_77' title='bbox 939 828 1175 886; x_wconf 78' lang='lat' dir='ltr'><strong>Medium</strong></span> <span class='ocrx_word' id='word_1_78' title='bbox 1208 828 1354 885; x_wconf 89' lang='lat' dir='ltr'><strong>enim</strong></span> <span class='ocrx_word' id='word_1_79' title='bbox 1386 828 1519 883; x_wconf 89' lang='lat' dir='ltr'><strong>nihil</strong></span> <span class='ocrx_word' id='word_1_80' title='bbox 1550 827 1842 897; x_wconf 80' lang='lat' dir='ltr'><strong>quidquam</strong></span> <span class='ocrx_word' id='word_1_81' title='bbox 1870 839 1971 881; x_wconf 91' lang='lat' dir='ltr'><strong>no-</strong></span> <span class='ocrx_word' id='word_1_82' title='bbox 2074 826 2161 883; x_wconf 85' lang='lat' dir='ltr'><strong>vid</strong></span> <span class='ocrx_word' id='word_1_83' title='bbox 2206 834 2333 883; x_wconf 82' lang='lat' dir='ltr'><strong>ante</strong></span> <span class='ocrx_word' id='word_1_84' title='bbox 2380 826 2552 881; x_wconf 81' lang='lat' dir='ltr'><strong>solem</strong></span> <span class='ocrx_word' id='word_1_85' title='bbox 2603 841 2925 897; x_wconf 76' lang='lat' dir='ltr'><strong>permanere</strong></span> <span class='ocrx_word' id='word_1_86' title='bbox 2973 825 3245 896; x_wconf 88' lang='lat' dir='ltr'><strong>signiﬁcat</strong></span> <span class='ocrx_word' id='word_1_87' title='bbox 3293 827 3476 882; x_wconf 90' lang='lat' dir='ltr'><strong>dicens</strong></span> <span class='ocrx_word' id='word_1_88' title='bbox 3507 844 3520 880; x_wconf 90' lang='lat'><strong>:</strong></span> <span class='ocrx_word' id='word_1_89' title='bbox 3548 833 3677 883; x_wconf 79' lang='lat' dir='ltr'><strong>Ante</strong></span> 
     </span>
    </p>
   </div>
   <div class='ocr_carea' id='block_1_7' title="bbox 372 916 3677 999">
    <p class='ocr_par' dir='ltr' id='par_1_7' title="bbox 372 916 3677 999">
     <span class='ocr_line' id='line_1_7' title="bbox 372 916 3677 999; baseline -0.002 -17"><span class='ocrx_word' id='word_1_90' title='bbox 372 928 515 983; x_wconf 76' lang='lat' dir='ltr'><strong>mina</strong></span> <span class='ocrx_word' id='word_1_91' title='bbox 547 924 624 999; x_wconf 84' lang='lat' dir='ltr'><strong>(a)</strong></span> <span class='ocrx_word' id='word_1_92' title='bbox 650 926 772 992; x_wconf 90' lang='lat' dir='ltr'><strong>ista,</strong></span> <span class='ocrx_word' id='word_1_93' title='bbox 820 934 915 978; x_wconf 90' lang='lat' dir='ltr'><strong>aut</strong></span> <span class='ocrx_word' id='word_1_94' title='bbox 961 932 1154 979; x_wconf 87' lang='lat' dir='ltr'><strong>natura</strong></span> <span class='ocrx_word' id='word_1_95' title='bbox 1191 921 1475 992; x_wconf 78' lang='lat' dir='ltr'><strong>permittit.</strong></span> <span class='ocrx_word' id='word_1_96' title='bbox 1518 923 1625 976; x_wconf 80' lang='lat' dir='ltr'><strong>Aut</strong></span> <span class='ocrx_word' id='word_1_97' title='bbox 1669 921 1816 976; x_wconf 88' lang='lat' dir='ltr'><strong>enim</strong></span> <span class='ocrx_word' id='word_1_98' title='bbox 1864 934 1970 974; x_wconf 75' lang='lat' dir='ltr'><strong>non</strong></span> <span class='ocrx_word' id='word_1_99' title='bbox 2084 918 2341 990; x_wconf 75' lang='lat' dir='ltr'><strong>sotem(d)</strong></span> <span class='ocrx_word' id='word_1_100' title='bbox 2373 935 2555 974; x_wconf 82' lang='lat' dir='ltr'><strong>nomen</strong></span> <span class='ocrx_word' id='word_1_101' title='bbox 2593 920 2703 988; x_wconf 79' lang='lat' dir='ltr'><strong>ejus</strong></span> <span class='ocrx_word' id='word_1_102' title='bbox 2733 916 2908 991; x_wconf 72' lang='lat' dir='ltr'><strong>(Ptol.</strong></span> <span class='ocrx_word' id='word_1_103' title='bbox 2933 934 3079 986; x_wconf 78' lang='lat' dir='ltr'><strong>Lxxt,</strong></span> <span class='ocrx_word' id='word_1_104' title='bbox 3103 917 3215 990; x_wconf 65' lang='lat'><strong>‘17).</strong></span> <span class='ocrx_word' id='word_1_105' title='bbox 3250 918 3318 972; x_wconf 77' lang='lat' dir='ltr'><strong>Et</strong></span> <span class='ocrx_word' id='word_1_106' title='bbox 3347 934 3414 972; x_wconf 89' lang='lat' dir='ltr'><strong>ne</strong></span> <span class='ocrx_word' id='word_1_107' title='bbox 3454 934 3541 973; x_wconf 88' lang='lat' dir='ltr'><strong>res</strong></span> <span class='ocrx_word' id='word_1_108' title='bbox 3583 918 3677 974; x_wconf 87' lang='lat' dir='ltr'><strong>Dei</strong></span> 
     </span>
    </p>
   </div>
   <div class='ocr_carea' id='block_1_8' title="bbox 370 1011 3677 1092">
    <p class='ocr_par' dir='ltr' id='par_1_8' title="bbox 370 1011 3677 1092">
     <span class='ocr_line' id='line_1_8' title="bbox 370 1011 3677 1092; baseline -0.003 -13"><span class='ocrx_word' id='word_1_109' title='bbox 370 1037 590 1092; x_wconf 81' lang='lat' dir='ltr'><strong>semper</strong></span> <span class='ocrx_word' id='word_1_110' title='bbox 615 1020 797 1085; x_wconf 76' lang='lat' dir='ltr'><strong>Pater,</strong></span> <span class='ocrx_word' id='word_1_111' title='bbox 817 1018 863 1074; x_wconf 90' lang='lat' dir='ltr'><strong>si</strong></span> <span class='ocrx_word' id='word_1_112' title='bbox 887 1033 995 1073; x_wconf 88' lang='lat' dir='ltr'><strong>non</strong></span> <span class='ocrx_word' id='word_1_113' title='bbox 1021 1031 1239 1086; x_wconf 85' lang='lat' dir='ltr'><strong>semper</strong></span> <span class='ocrx_word' id='word_1_114' title='bbox 1264 1024 1319 1071; x_wconf 89' lang='lat' dir='ltr'><strong>et</strong></span> <span class='ocrx_word' id='word_1_115' title='bbox 1341 1014 1541 1081; x_wconf 86' lang='lat' dir='ltr'><strong>Filius;</strong></span> <span class='ocrx_word' id='word_1_116' title='bbox 1576 1022 1669 1069; x_wconf 88' lang='lat' dir='ltr'><strong>aut</strong></span> <span class='ocrx_word' id='word_1_117' title='bbox 1687 1014 1731 1069; x_wconf 83' lang='lat' dir='ltr'><strong>si</strong></span> <span class='ocrx_word' id='word_1_118' title='bbox 1759 1028 1975 1083; x_wconf 86' lang='lat' dir='ltr'><strong>semper</strong></span> <span class='ocrx_word' id='word_1_119' title='bbox 2095 1014 2283 1068; x_wconf 87' lang='lat' dir='ltr'><strong>mundi</strong></span> <span class='ocrx_word' id='word_1_120' title='bbox 2334 1012 2491 1067; x_wconf 85' lang='lat' dir='ltr'><strong>istius</strong></span> <span class='ocrx_word' id='word_1_121' title='bbox 2533 1013 2741 1081; x_wconf 81' lang='lat' dir='ltr'><strong>origine</strong></span> <span class='ocrx_word' id='word_1_122' title='bbox 2790 1012 3070 1068; x_wconf 81' lang='lat' dir='ltr'><strong>inchoatas</strong></span> <span class='ocrx_word' id='word_1_123' title='bbox 3115 1012 3478 1080; x_wconf 84' lang='lat' dir='ltr'><strong>arbitrareris,</strong></span> <span class='ocrx_word' id='word_1_124' title='bbox 3532 1011 3677 1069; x_wconf 86' lang='lat' dir='ltr'><strong>idem</strong></span> 
     </span>
    </p>
   </div>
   <div class='ocr_carea' id='block_1_9' title="bbox 372 1104 3677 1180">
    <p class='ocr_par' dir='ltr' id='par_1_9' title="bbox 372 1104 3677 1180">
     <span class='ocr_line' id='line_1_9' title="bbox 372 1104 3677 1180; baseline -0.002 -11"><span class='ocrx_word' id='word_1_125' title='bbox 372 1114 551 1179; x_wconf 86' lang='lat' dir='ltr'><strong>Pater,</strong></span> <span class='ocrx_word' id='word_1_126' title='bbox 583 1125 797 1180; x_wconf 84' lang='lat' dir='ltr'><strong>semper</strong></span> <span class='ocrx_word' id='word_1_127' title='bbox 836 1118 892 1166; x_wconf 92' lang='lat' dir='ltr'><strong>et</strong></span> <span class='ocrx_word' id='word_1_128' title='bbox 931 1107 1105 1164; x_wconf 81' lang='lat' dir='ltr'><strong>Filius</strong></span> <span class='ocrx_word' id='word_1_129' title='bbox 1135 1126 1148 1161; x_wconf 88' lang='lat'><strong>:</strong></span> <span class='ocrx_word' id='word_1_130' title='bbox 1178 1110 1302 1179; x_wconf 86' lang='lat' dir='ltr'><strong>quia</strong></span> <span class='ocrx_word' id='word_1_131' title='bbox 1347 1116 1608 1178; x_wconf 84' lang='lat' dir='ltr'><strong>quantum</strong></span> <span class='ocrx_word' id='word_1_132' title='bbox 1652 1104 1791 1161; x_wconf 83' lang='lat' dir='ltr'><strong>Filio</strong></span> <span class='ocrx_word' id='word_1_133' title='bbox 1841 1115 1976 1160; x_wconf 87' lang='lat' dir='ltr'><strong>tem-</strong></span> <span class='ocrx_word' id='word_1_134' title='bbox 2078 1104 2277 1161; x_wconf 84' lang='lat' dir='ltr'><strong>ait:Et</strong></span> <span class='ocrx_word' id='word_1_135' title='bbox 2304 1116 2421 1162; x_wconf 79' lang='lat' dir='ltr'><strong>ante</strong></span> <span class='ocrx_word' id='word_1_136' title='bbox 2442 1107 2620 1163; x_wconf 80' lang='lat' dir='ltr'><strong>lunam</strong></span> <span class='ocrx_word' id='word_1_137' title='bbox 2646 1107 2998 1179; x_wconf 79' lang='lat' dir='ltr'><strong>generationes</strong></span> <span class='ocrx_word' id='word_1_138' title='bbox 3019 1106 3579 1180; x_wconf 75' lang='lat' dir='ltr'><strong>generationumUbid.</strong></span> <span class='ocrx_word' id='word_1_139' title='bbox 3598 1106 3677 1179; x_wconf 84' lang='lat'><strong>5).</strong></span> 
     </span>
    </p>
   </div>
   <div class='ocr_carea' id='block_1_10' title="bbox 373 1196 3680 1278">
    <p class='ocr_par' dir='ltr' id='par_1_10' title="bbox 373 1196 3680 1278">
     <span class='ocr_line' id='line_1_10' title="bbox 373 1196 3680 1278; baseline -0.002 -16"><span class='ocrx_word' id='word_1_140' title='bbox 373 1208 545 1278; x_wconf 86' lang='lat' dir='ltr'><strong>poris,</strong></span> <span class='ocrx_word' id='word_1_141' title='bbox 583 1222 651 1262; x_wconf 84' lang='lat' dir='ltr'><strong>ne</strong></span> <span class='ocrx_word' id='word_1_142' title='bbox 679 1218 895 1274; x_wconf 87' lang='lat' dir='ltr'><strong>semper</strong></span> <span class='ocrx_word' id='word_1_143' title='bbox 938 1201 1085 1259; x_wconf 88' lang='lat' dir='ltr'><strong>ﬁlius</strong></span> <span class='ocrx_word' id='word_1_144' title='bbox 1108 1201 1293 1268; x_wconf 80' lang='lat' dir='ltr'><strong>fuerit,</strong></span> <span class='ocrx_word' id='word_1_145' title='bbox 1339 1201 1731 1271; x_wconf 80' lang='lat' dir='ltr'><strong>abnegabitnr;</strong></span> <span class='ocrx_word' id='word_1_146' title='bbox 1766 1208 1974 1257; x_wconf 72' lang='lat' dir='ltr'><strong>tantum</strong></span> <span class='ocrx_word' id='word_1_147' title='bbox 2084 1196 2464 1266; x_wconf 75' lang='lat' dir='ltr'><strong>Despiciuntur</strong></span> <span class='ocrx_word' id='word_1_148' title='bbox 2490 1197 2579 1254; x_wconf 88' lang='lat' dir='ltr'><strong>hic</strong></span> <span class='ocrx_word' id='word_1_149' title='bbox 2615 1208 2856 1265; x_wconf 86' lang='lat' dir='ltr'><strong>tempora</strong></span> <span class='ocrx_word' id='word_1_150' title='bbox 2881 1213 2911 1254; x_wconf 89' lang='lat' dir='ltr'><strong>a</strong></span> <span class='ocrx_word' id='word_1_151' title='bbox 2941 1199 3103 1254; x_wconf 83' lang='lat' dir='ltr'><strong>tantis</strong></span> <span class='ocrx_word' id='word_1_152' title='bbox 3128 1198 3260 1255; x_wconf 83' lang='lat' dir='ltr'><strong>viris</strong></span> <span class='ocrx_word' id='word_1_153' title='bbox 3285 1207 3342 1255; x_wconf 86' lang='lat' dir='ltr'><strong>et</strong></span> <span class='ocrx_word' id='word_1_154' title='bbox 3383 1199 3680 1268; x_wconf 76' lang='lat' dir='ltr'><strong>prophetia:</strong></span> 
     </span>
    </p>
   </div>
   <div class='ocr_carea' id='block_1_11' title="bbox 376 1290 3678 1365">
    <p class='ocr_par' dir='ltr' id='par_1_11' title="bbox 376 1290 3678 1365">
     <span class='ocr_line' id='line_1_11' title="bbox 376 1290 3678 1365; baseline -0.003 -10"><span class='ocrx_word' id='word_1_155' title='bbox 376 1299 523 1355; x_wconf 84' lang='lat' dir='ltr'><strong>Patri</strong></span> <span class='ocrx_word' id='word_1_156' title='bbox 563 1298 744 1363; x_wconf 89' lang='lat' dir='ltr'><strong>deest,</strong></span> <span class='ocrx_word' id='word_1_157' title='bbox 791 1311 862 1351; x_wconf 89' lang='lat' dir='ltr'><strong>ne</strong></span> <span class='ocrx_word' id='word_1_158' title='bbox 895 1302 1049 1365; x_wconf 88' lang='lat' dir='ltr'><strong>pater</strong></span> <span class='ocrx_word' id='word_1_159' title='bbox 1088 1308 1307 1363; x_wconf 80' lang='lat' dir='ltr'><strong>semper</strong></span> <span class='ocrx_word' id='word_1_160' title='bbox 1336 1291 1446 1348; x_wconf 86' lang='lat' dir='ltr'><strong>sit:</strong></span> <span class='ocrx_word' id='word_1_161' title='bbox 1495 1302 1556 1349; x_wconf 89' lang='lat' dir='ltr'><strong>ut</strong></span> <span class='ocrx_word' id='word_1_162' title='bbox 1600 1293 1729 1349; x_wconf 82' lang='lat' dir='ltr'><strong>licet</strong></span> <span class='ocrx_word' id='word_1_163' title='bbox 1765 1306 1981 1361; x_wconf 85' lang='lat' dir='ltr'><strong>semper</strong></span> <span class='ocrx_word' id='word_1_164' title='bbox 2079 1290 2273 1359; x_wconf 81' lang='lat' dir='ltr'><strong>spiritu</strong></span> <span class='ocrx_word' id='word_1_165' title='bbox 2314 1290 2530 1361; x_wconf 77' lang='lat' dir='ltr'><strong>dignis:</strong></span> <span class='ocrx_word' id='word_1_166' title='bbox 2564 1298 2622 1347; x_wconf 89' lang='lat' dir='ltr'><strong>et</strong></span> <span class='ocrx_word' id='word_1_167' title='bbox 2664 1290 2795 1346; x_wconf 87' lang='lat' dir='ltr'><strong>nihil</strong></span> <span class='ocrx_word' id='word_1_168' title='bbox 2842 1291 3023 1348; x_wconf 78' lang='lat' dir='ltr'><strong>sensui</strong></span> <span class='ocrx_word' id='word_1_169' title='bbox 3063 1292 3303 1347; x_wconf 84' lang='lat' dir='ltr'><strong>humano</strong></span> <span class='ocrx_word' id='word_1_170' title='bbox 3334 1292 3678 1362; x_wconf 82' lang='lat' dir='ltr'><strong>relinquitur,</strong></span> 
     </span>
    </p>
   </div>
   <div class='ocr_carea' id='block_1_12' title="bbox 376 1383 3685 1460">
    <p class='ocr_par' dir='ltr' id='par_1_12' title="bbox 376 1383 3685 1460">
     <span class='ocr_line' id='line_1_12' title="bbox 376 1383 3685 1460; baseline -0.002 -12"><span class='ocrx_word' id='word_1_171' title='bbox 376 1392 540 1459; x_wconf 89' lang='lat' dir='ltr'><strong>Dens,</strong></span> <span class='ocrx_word' id='word_1_172' title='bbox 576 1404 683 1446; x_wconf 89' lang='lat' dir='ltr'><strong>non</strong></span> <span class='ocrx_word' id='word_1_173' title='bbox 714 1398 899 1444; x_wconf 86' lang='lat' dir='ltr'><strong>tamen</strong></span> <span class='ocrx_word' id='word_1_174' title='bbox 923 1385 1088 1460; x_wconf 59' lang='lat'><strong>527</strong></span> <span class='ocrx_word' id='word_1_175' title='bbox 1117 1398 1171 1443; x_wconf 92' lang='lat' dir='ltr'><strong>et</strong></span> <span class='ocrx_word' id='word_1_176' title='bbox 1198 1395 1355 1457; x_wconf 91' lang='lat' dir='ltr'><strong>pater</strong></span> <span class='ocrx_word' id='word_1_177' title='bbox 1394 1385 1450 1442; x_wconf 89' lang='lat' dir='ltr'><strong>in</strong></span> <span class='ocrx_word' id='word_1_178' title='bbox 1489 1401 1553 1443; x_wconf 85' lang='lat' dir='ltr'><strong>ea</strong></span> <span class='ocrx_word' id='word_1_179' title='bbox 1602 1385 1768 1442; x_wconf 73' lang='lat' dir='ltr'><strong>fuerit</strong></span> <span class='ocrx_word' id='word_1_180' title='bbox 1797 1383 1980 1441; x_wconf 87' lang='lat' dir='ltr'><strong>inﬁni-</strong></span> <span class='ocrx_word' id='word_1_181' title='bbox 2082 1383 2139 1438; x_wconf 89' lang='lat' dir='ltr'><strong>in</strong></span> <span class='ocrx_word' id='word_1_182' title='bbox 2176 1398 2286 1450; x_wconf 85' lang='lat' dir='ltr'><strong>quo</strong></span> <span class='ocrx_word' id='word_1_183' title='bbox 2315 1398 2377 1440; x_wconf 87' lang='lat' dir='ltr'><strong>se</strong></span> <span class='ocrx_word' id='word_1_184' title='bbox 2400 1394 2529 1441; x_wconf 87' lang='lat' dir='ltr'><strong>ante</strong></span> <span class='ocrx_word' id='word_1_185' title='bbox 2547 1386 2912 1451; x_wconf 85' lang='lat' dir='ltr'><strong>nativitatem,</strong></span> <span class='ocrx_word' id='word_1_186' title='bbox 2944 1399 3066 1455; x_wconf 64' lang='lat' dir='ltr'><strong>quas</strong></span> <span class='ocrx_word' id='word_1_187' title='bbox 3090 1394 3333 1456; x_wconf 86' lang='lat' dir='ltr'><strong>tempora</strong></span> <span class='ocrx_word' id='word_1_188' title='bbox 3359 1394 3559 1441; x_wconf 68' lang='lat' dir='ltr'><strong>aeterna</strong></span> <span class='ocrx_word' id='word_1_189' title='bbox 3590 1399 3685 1441; x_wconf 79' lang='lat' dir='ltr'><strong>ex-</strong></span> 
     </span>
    </p>
   </div>
   <div class='ocr_carea' id='block_1_13' title="bbox 378 1476 3686 1553">
    <p class='ocr_par' dir='ltr' id='par_1_13' title="bbox 378 1476 3686 1553">
     <span class='ocr_line' id='line_1_13' title="bbox 378 1476 3686 1553; baseline -0.001 -15"><span class='ocrx_word' id='word_1_190' title='bbox 378 1492 512 1547; x_wconf 84' lang='lat' dir='ltr'><strong>tate,</strong></span> <span class='ocrx_word' id='word_1_191' title='bbox 541 1498 643 1553; x_wconf 82' lang='lat' dir='ltr'><strong>qua</strong></span> <span class='ocrx_word' id='word_1_192' title='bbox 674 1481 815 1535; x_wconf 88' lang='lat' dir='ltr'><strong>Deus</strong></span> <span class='ocrx_word' id='word_1_193' title='bbox 840 1476 945 1535; x_wconf 81' lang='lat' dir='ltr'><strong>est.</strong></span> <span class='ocrx_word' id='word_1_194' title='bbox 2081 1476 2248 1544; x_wconf 82' lang='lat' dir='ltr'><strong>cedit,</strong></span> <span class='ocrx_word' id='word_1_195' title='bbox 2301 1479 2556 1535; x_wconf 74' lang='lat' dir='ltr'><strong>extendat</strong></span> <span class='ocrx_word' id='word_1_196' title='bbox 2585 1496 2600 1534; x_wconf 88' lang='lat'><strong>:</strong></span> <span class='ocrx_word' id='word_1_197' title='bbox 2638 1478 2734 1535; x_wconf 88' lang='lat' dir='ltr'><strong>sed</strong></span> <span class='ocrx_word' id='word_1_198' title='bbox 2778 1480 2921 1534; x_wconf 91' lang='lat' dir='ltr'><strong>hunc</strong></span> <span class='ocrx_word' id='word_1_199' title='bbox 2955 1479 3176 1535; x_wconf 90' lang='lat' dir='ltr'><strong>modum</strong></span> <span class='ocrx_word' id='word_1_200' title='bbox 3232 1489 3436 1535; x_wconf 86' lang='lat' dir='ltr'><strong>tantum</strong></span> <span class='ocrx_word' id='word_1_201' title='bbox 3487 1478 3686 1535; x_wconf 87' lang='lat' dir='ltr'><strong>habeat</strong></span> 
     </span>
    </p>
   </div>
   <div class='ocr_carea' id='block_1_14' title="bbox 447 1558 3681 1642">
    <p class='ocr_par' dir='ltr' id='par_1_14' title="bbox 447 1558 3681 1642">
     <span class='ocr_line' id='line_1_14' title="bbox 447 1558 3681 1642; baseline -0.002 -12"><span class='ocrx_word' id='word_1_202' title='bbox 447 1575 540 1630; x_wconf 74' lang='lat'><strong>55.</strong></span> <span class='ocrx_word' id='word_1_203' title='bbox 572 1571 712 1628; x_wconf 75' lang='lat' dir='ltr'><strong>Deus</strong></span> <span class='ocrx_word' id='word_1_204' title='bbox 739 1571 947 1626; x_wconf 81' lang='lat' dir='ltr'><strong>Arionis</strong></span> <span class='ocrx_word' id='word_1_205' title='bbox 977 1587 1078 1625; x_wconf 87' lang='lat' dir='ltr'><strong>non</strong></span> <span class='ocrx_word' id='word_1_206' title='bbox 1105 1586 1305 1642; x_wconf 80' lang='lat' dir='ltr'><strong>semper</strong></span> <span class='ocrx_word' id='word_1_207' title='bbox 1334 1578 1498 1641; x_wconf 87' lang='lat' dir='ltr'><strong>pater.</strong></span> <span class='ocrx_word' id='word_1_208' title='bbox 1527 1599 1600 1611; x_wconf 89' lang='lat'><strong>-—</strong></span> <span class='ocrx_word' id='word_1_209' title='bbox 1630 1569 1809 1625; x_wconf 81' lang='lat' dir='ltr'><strong>Etiam</strong></span> <span class='ocrx_word' id='word_1_210' title='bbox 1843 1569 1895 1625; x_wconf 88' lang='lat' dir='ltr'><strong>in</strong></span> <span class='ocrx_word' id='word_1_211' title='bbox 1926 1568 1978 1626; x_wconf 92' lang='lat' dir='ltr'><strong>id</strong></span> <span class='ocrx_word' id='word_1_212' title='bbox 2014 1558 2033 1575; x_wconf 51' lang='grc'><em>³</em></span> <span class='ocrx_word' id='word_1_213' title='bbox 2082 1568 2356 1638; x_wconf 71' lang='lat' dir='ltr'><strong>religiosae</strong></span> <span class='ocrx_word' id='word_1_214' title='bbox 2392 1569 2666 1638; x_wconf 87' lang='lat' dir='ltr'><strong>opinionis</strong></span> <span class='ocrx_word' id='word_1_215' title='bbox 2705 1569 2862 1636; x_wconf 87' lang='lat' dir='ltr'><strong>ﬁdes,</strong></span> <span class='ocrx_word' id='word_1_216' title='bbox 2892 1567 3059 1642; x_wconf 64' lang='grc'><strong>428</strong></span> <span class='ocrx_word' id='word_1_217' title='bbox 3097 1578 3155 1625; x_wconf 85' lang='lat' dir='ltr'><strong>ut</strong></span> <span class='ocrx_word' id='word_1_218' title='bbox 3184 1569 3468 1629; x_wconf 83' lang='lat' dir='ltr'><strong>Dominum</strong></span> <span class='ocrx_word' id='word_1_219' title='bbox 3498 1568 3681 1626; x_wconf 79' lang='lat' dir='ltr'><strong>Jesum</strong></span> 
     </span>
    </p>
   </div>
   <div class='ocr_carea' id='block_1_15' title="bbox 377 1658 3688 1739">
    <p class='ocr_par' dir='ltr' id='par_1_15' title="bbox 377 1658 3688 1739">
     <span class='ocr_line' id='line_1_15' title="bbox 377 1658 3688 1739; baseline -0.002 -14"><span class='ocrx_word' id='word_1_220' title='bbox 377 1684 441 1725; x_wconf 85' lang='lat' dir='ltr'><strong>se</strong></span> <span class='ocrx_word' id='word_1_221' title='bbox 494 1664 761 1739; x_wconf 69' lang='lat' dir='ltr'><strong>professio</strong></span> <span class='ocrx_word' id='word_1_222' title='bbox 811 1664 1106 1736; x_wconf 79' lang='lat' dir='ltr'><strong>impietatis</strong></span> <span class='ocrx_word' id='word_1_223' title='bbox 1150 1663 1415 1727; x_wconf 76' lang='lat' dir='ltr'><strong>extendit,</strong></span> <span class='ocrx_word' id='word_1_224' title='bbox 1447 1662 1525 1735; x_wconf 71' lang='grc' dir='ltr'><strong>(ὑ)</strong></span> <span class='ocrx_word' id='word_1_225' title='bbox 1586 1673 1643 1719; x_wconf 89' lang='lat' dir='ltr'><strong>ut</strong></span> <span class='ocrx_word' id='word_1_226' title='bbox 1697 1679 1804 1723; x_wconf 86' lang='lat' dir='ltr'><strong>non</strong></span> <span class='ocrx_word' id='word_1_227' title='bbox 1847 1662 1985 1719; x_wconf 74' lang='lat' dir='ltr'><strong>Filio</strong></span> <span class='ocrx_word' id='word_1_228' title='bbox 2084 1658 2361 1719; x_wconf 86' lang='lat' dir='ltr'><strong>Christum</strong></span> <span class='ocrx_word' id='word_1_229' title='bbox 2393 1663 2728 1732; x_wconf 69' lang='lat' dir='ltr'><strong>unigenitum</strong></span> <span class='ocrx_word' id='word_1_230' title='bbox 2760 1664 2949 1728; x_wconf 87' lang='lat' dir='ltr'><strong>Deum,</strong></span> <span class='ocrx_word' id='word_1_231' title='bbox 2984 1663 3065 1734; x_wconf 71' lang='grc' dir='ltr'><strong>(ὅ)</strong></span> <span class='ocrx_word' id='word_1_232' title='bbox 3090 1673 3144 1719; x_wconf 90' lang='lat' dir='ltr'><strong>et</strong></span> <span class='ocrx_word' id='word_1_233' title='bbox 3172 1664 3237 1717; x_wconf 88' lang='lat' dir='ltr'><strong>ad</strong></span> <span class='ocrx_word' id='word_1_234' title='bbox 3272 1662 3524 1733; x_wconf 71' lang='lat' dir='ltr'><strong>perfecta:</strong></span> <span class='ocrx_word' id='word_1_235' title='bbox 3551 1662 3688 1718; x_wconf 53' lang='lat' dir='ltr'><strong>nati.</strong></span> 
     </span>
    </p>
   </div>
   <div class='ocr_carea' id='block_1_16' title="bbox 382 1752 3689 1831">
    <p class='ocr_par' dir='ltr' id='par_1_16' title="bbox 382 1752 3689 1831">
     <span class='ocr_line' id='line_1_16' title="bbox 382 1752 3689 1831; baseline -0.001 -15"><span class='ocrx_word' id='word_1_236' title='bbox 382 1770 626 1831; x_wconf 81' lang='lat' dir='ltr'><strong>tempora</strong></span> <span class='ocrx_word' id='word_1_237' title='bbox 658 1756 979 1824; x_wconf 81' lang='lat' dir='ltr'><strong>nativitatis,</strong></span> <span class='ocrx_word' id='word_1_238' title='bbox 1024 1754 1122 1813; x_wconf 88' lang='lat' dir='ltr'><strong>sed</strong></span> <span class='ocrx_word' id='word_1_239' title='bbox 1149 1755 1298 1811; x_wconf 85' lang='lat' dir='ltr'><strong>Patri</strong></span> <span class='ocrx_word' id='word_1_240' title='bbox 1337 1753 1746 1825; x_wconf 86' lang='lat' dir='ltr'><strong>generationem</strong></span> <span class='ocrx_word' id='word_1_241' title='bbox 1776 1752 1984 1809; x_wconf 85' lang='lat' dir='ltr'><strong>adscri-</strong></span> <span class='ocrx_word' id='word_1_242' title='bbox 2089 1753 2268 1817; x_wconf 78' lang='lat' dir='ltr'><strong>vitatis</strong></span> <span class='ocrx_word' id='word_1_243' title='bbox 2294 1754 2692 1811; x_wconf 77' lang='lat' dir='ltr'><strong>confessionem</strong></span> <span class='ocrx_word' id='word_1_244' title='bbox 2725 1762 2909 1811; x_wconf 89' lang='lat' dir='ltr'><strong>natum</strong></span> <span class='ocrx_word' id='word_1_245' title='bbox 2950 1757 3279 1825; x_wconf 83' lang='lat' dir='ltr'><strong>meminerit,</strong></span> <span class='ocrx_word' id='word_1_246' title='bbox 3324 1766 3379 1813; x_wconf 89' lang='lat' dir='ltr'><strong>et</strong></span> <span class='ocrx_word' id='word_1_247' title='bbox 3411 1759 3466 1813; x_wconf 86' lang='lat' dir='ltr'><strong>in</strong></span> <span class='ocrx_word' id='word_1_248' title='bbox 3492 1757 3689 1815; x_wconf 74' lang='lat' dir='ltr'><strong>divini-</strong></span> 
     </span>
    </p>
   </div>
   <div class='ocr_carea' id='block_1_17' title="bbox 381 1845 3284 1920">
    <p class='ocr_par' dir='ltr' id='par_1_17' title="bbox 381 1845 3284 1920">
     <span class='ocr_line' id='line_1_17' title="bbox 381 1845 3284 1920; baseline -0.001 -14"><span class='ocrx_word' id='word_1_249' title='bbox 381 1852 477 1906; x_wconf 77' lang='lat' dir='ltr'><strong>hat</strong></span> <span class='ocrx_word' id='word_1_250' title='bbox 508 1869 522 1906; x_wconf 89' lang='lat'>:</span> <span class='ocrx_word' id='word_1_251' title='bbox 555 1850 677 1920; x_wconf 87' lang='lat' dir='ltr'><strong>quia</strong></span> <span class='ocrx_word' id='word_1_252' title='bbox 723 1847 1092 1920; x_wconf 76' lang='lat' dir='ltr'><strong>generationis</strong></span> <span class='ocrx_word' id='word_1_253' title='bbox 1148 1845 1342 1903; x_wconf 88' lang='lat' dir='ltr'><strong>modus</strong></span> <span class='ocrx_word' id='word_1_254' title='bbox 1390 1846 1530 1902; x_wconf 88' lang='lat' dir='ltr'><strong>intra</strong></span> <span class='ocrx_word' id='word_1_255' title='bbox 1572 1846 1867 1902; x_wconf 88' lang='lat' dir='ltr'><strong>nativitatis</strong></span> <span class='ocrx_word' id='word_1_256' title='bbox 1917 1845 1986 1902; x_wconf 85' lang='lat' dir='ltr'><strong>sit</strong></span> <span class='ocrx_word' id='word_1_257' title='bbox 2018 1847 2065 1909; x_wconf 84' lang='grc' dir='ltr'><strong>Β</strong></span> <span class='ocrx_word' id='word_1_258' title='bbox 2094 1851 2219 1900; x_wconf 88' lang='lat' dir='ltr'><strong>tatis</strong></span> <span class='ocrx_word' id='word_1_259' title='bbox 2257 1846 2606 1902; x_wconf 80' lang='lat' dir='ltr'><strong>veneratione</strong></span> <span class='ocrx_word' id='word_1_260' title='bbox 2633 1863 2741 1905; x_wconf 80' lang='lat' dir='ltr'><strong>non</strong></span> <span class='ocrx_word' id='word_1_261' title='bbox 2771 1848 2979 1918; x_wconf 89' lang='lat' dir='ltr'><strong>ignoret</strong></span> <span class='ocrx_word' id='word_1_262' title='bbox 3003 1859 3284 1905; x_wconf 67' lang='lat' dir='ltr'><strong>aeternum.</strong></span> 
     </span>
    </p>
   </div>
   <div class='ocr_carea' id='block_1_18' title="bbox 386 1942 1008 2014">
    <p class='ocr_par' dir='ltr' id='par_1_18' title="bbox 386 1942 1008 2014">
     <span class='ocr_line' id='line_1_18' title="bbox 386 1942 1008 2014; baseline -0.013 -13"><span class='ocrx_word' id='word_1_263' title='bbox 386 1956 631 2014; x_wconf 83' lang='lat' dir='ltr'><strong>tempora</strong></span> <span class='ocrx_word' id='word_1_264' title='bbox 661 1942 1008 1998; x_wconf 87' lang='lat' dir='ltr'><strong>constitutus.</strong></span> 
     </span>
    </p>
   </div>
   <div class='ocr_carea' id='block_1_19' title="bbox 454 2031 1990 2107">
    <p class='ocr_par' dir='ltr' id='par_1_19' title="bbox 454 2031 1990 2107">
     <span class='ocr_line' id='line_1_19' title="bbox 454 2031 1990 2107; baseline -0.005 -14"><span class='ocrx_word' id='word_1_265' title='bbox 454 2038 545 2093; x_wconf 71' lang='grc' dir='ltr'><strong>δι.</strong></span> <span class='ocrx_word' id='word_1_266' title='bbox 607 2034 963 2107; x_wconf 77' lang='lat' dir='ltr'><strong>Refelluntur.</strong></span> <span class='ocrx_word' id='word_1_267' title='bbox 1018 2031 1277 2103; x_wconf 78' lang='lat' dir='ltr'><strong>Tempora</strong></span> <span class='ocrx_word' id='word_1_268' title='bbox 1317 2034 1598 2088; x_wconf 83' lang='lat' dir='ltr'><strong>secundum</strong></span> <span class='ocrx_word' id='word_1_269' title='bbox 1647 2033 1890 2090; x_wconf 66' lang='lat' dir='ltr'><strong>Arianae.</strong></span> <span class='ocrx_word' id='word_1_270' title='bbox 1918 2062 1990 2076; x_wconf 92' lang='lat'><strong>--</strong></span> 
     </span>
    </p>
   </div>
   <div class='ocr_carea' id='block_1_20' title="bbox 390 2124 1988 2199">
    <p class='ocr_par' dir='ltr' id='par_1_20' title="bbox 390 2124 1988 2199">
     <span class='ocr_line' id='line_1_20' title="bbox 390 2124 1988 2199; baseline -0.004 -13"><span class='ocrx_word' id='word_1_271' title='bbox 390 2130 543 2186; x_wconf 85' lang='lat' dir='ltr'><strong>Pium</strong></span> <span class='ocrx_word' id='word_1_272' title='bbox 577 2128 672 2185; x_wconf 83' lang='lat' dir='ltr'><strong>tibi</strong></span> <span class='ocrx_word' id='word_1_273' title='bbox 704 2143 768 2183; x_wconf 88' lang='lat' dir='ltr'><strong>ac</strong></span> <span class='ocrx_word' id='word_1_274' title='bbox 797 2128 1135 2199; x_wconf 81' lang='lat' dir='ltr'><strong>religiosum,</strong></span> <span class='ocrx_word' id='word_1_275' title='bbox 1159 2124 1437 2193; x_wconf 69' lang='lat' dir='ltr'><strong>Itasretice,</strong></span> <span class='ocrx_word' id='word_1_276' title='bbox 1480 2126 1787 2193; x_wconf 78' lang='lat' dir='ltr'><strong>existimas,</strong></span> <span class='ocrx_word' id='word_1_277' title='bbox 1819 2127 1988 2182; x_wconf 90' lang='lat' dir='ltr'><strong>Deum</strong></span> 
     </span>
    </p>
   </div>
   <div class='ocr_carea' id='block_1_21' title="bbox 386 2217 1993 2294">
    <p class='ocr_par' dir='ltr' id='par_1_21' title="bbox 386 2217 1993 2294">
     <span class='ocr_line' id='line_1_21' title="bbox 386 2217 1993 2294; baseline -0.005 -14"><span class='ocrx_word' id='word_1_278' title='bbox 386 2239 606 2294; x_wconf 78' lang='lat' dir='ltr'><strong>semper</strong></span> <span class='ocrx_word' id='word_1_279' title='bbox 634 2221 877 2293; x_wconf 83' lang='lat' dir='ltr'><strong>quidem,</strong></span> <span class='ocrx_word' id='word_1_280' title='bbox 914 2218 1010 2275; x_wconf 90' lang='lat' dir='ltr'><strong>sed</strong></span> <span class='ocrx_word' id='word_1_281' title='bbox 1056 2233 1164 2274; x_wconf 92' lang='lat' dir='ltr'><strong>non</strong></span> <span class='ocrx_word' id='word_1_282' title='bbox 1212 2234 1430 2289; x_wconf 82' lang='lat' dir='ltr'><strong>semper</strong></span> <span class='ocrx_word' id='word_1_283' title='bbox 1459 2228 1667 2288; x_wconf 85' lang='lat' dir='ltr'><strong>patrem</strong></span> <span class='ocrx_word' id='word_1_284' title='bbox 1696 2217 1993 2273; x_wconf 76' lang='lat' dir='ltr'><strong>conﬁteri?</strong></span> 
     </span>
    </p>
   </div>
   <div class='ocr_carea' id='block_1_22' title="bbox 389 2311 1992 2387">
    <p class='ocr_par' dir='ltr' id='par_1_22' title="bbox 389 2311 1992 2387">
     <span class='ocr_line' id='line_1_22' title="bbox 389 2311 1992 2387; baseline -0.002 -15"><span class='ocrx_word' id='word_1_285' title='bbox 389 2317 544 2387; x_wconf 85' lang='lat' dir='ltr'><strong>Quod</strong></span> <span class='ocrx_word' id='word_1_286' title='bbox 576 2315 621 2371; x_wconf 89' lang='lat' dir='ltr'><strong>si</strong></span> <span class='ocrx_word' id='word_1_287' title='bbox 648 2317 723 2370; x_wconf 90' lang='lat' dir='ltr'><strong>ita</strong></span> <span class='ocrx_word' id='word_1_288' title='bbox 766 2314 973 2371; x_wconf 88' lang='lat' dir='ltr'><strong>sentire</strong></span> <span class='ocrx_word' id='word_1_289' title='bbox 1011 2325 1062 2369; x_wconf 87' lang='lat' dir='ltr'><strong>te</strong></span> <span class='ocrx_word' id='word_1_290' title='bbox 1094 2313 1238 2383; x_wconf 91' lang='lat' dir='ltr'><strong>pium</strong></span> <span class='ocrx_word' id='word_1_291' title='bbox 1283 2320 1406 2378; x_wconf 90' lang='lat' dir='ltr'><strong>est,</strong></span> <span class='ocrx_word' id='word_1_292' title='bbox 1438 2311 1664 2367; x_wconf 87' lang='lat' dir='ltr'><strong>Paulum</strong></span> <span class='ocrx_word' id='word_1_293' title='bbox 1699 2313 1992 2387; x_wconf 82' lang='lat' dir='ltr'><strong>impietatis</strong></span> 
     </span>
    </p>
   </div>
   <div class='ocr_carea' id='block_1_23' title="bbox 397 2405 1997 2475">
    <p class='ocr_par' dir='ltr' id='par_1_23' title="bbox 397 2405 1997 2475">
     <span class='ocr_line' id='line_1_23' title="bbox 397 2405 1997 2475; baseline -0.003 -10"><span class='ocrx_word' id='word_1_294' title='bbox 397 2424 620 2466; x_wconf 86' lang='lat' dir='ltr'><strong>necesse</strong></span> <span class='ocrx_word' id='word_1_295' title='bbox 646 2415 753 2473; x_wconf 88' lang='lat' dir='ltr'><strong>est,</strong></span> <span class='ocrx_word' id='word_1_296' title='bbox 785 2405 986 2463; x_wconf 86' lang='lat' dir='ltr'><strong>Filium</strong></span> <span class='ocrx_word' id='word_1_297' title='bbox 1015 2415 1134 2459; x_wconf 84' lang='lat' dir='ltr'><strong>ante</strong></span> <span class='ocrx_word' id='word_1_298' title='bbox 1162 2414 1391 2475; x_wconf 84' lang='lat' dir='ltr'><strong>tempora</strong></span> <span class='ocrx_word' id='word_1_299' title='bbox 1416 2415 1611 2459; x_wconf 65' lang='lat' dir='ltr'><strong>aeterna</strong></span> <span class='ocrx_word' id='word_1_300' title='bbox 1654 2420 1775 2460; x_wconf 88' lang='lat' dir='ltr'><strong>esse</strong></span> <span class='ocrx_word' id='word_1_301' title='bbox 1810 2405 1997 2461; x_wconf 88' lang='lat' dir='ltr'><strong>dicen-</strong></span> 
     </span>
    </p>
   </div>
   <div class='ocr_carea' id='block_1_24' title="bbox 390 2496 1995 2574">
    <p class='ocr_par' dir='ltr' id='par_1_24' title="bbox 390 2496 1995 2574">
     <span class='ocr_line' id='line_1_24' title="bbox 390 2496 1995 2574; baseline -0.002 -17"><span class='ocrx_word' id='word_1_302' title='bbox 390 2510 498 2557; x_wconf 87' lang='lat' dir='ltr'><strong>tem</strong></span> <span class='ocrx_word' id='word_1_303' title='bbox 542 2498 670 2574; x_wconf 87' lang='lat' dir='ltr'><strong>(Tit.</strong></span> <span class='ocrx_word' id='word_1_304' title='bbox 699 2515 735 2567; x_wconf 83' lang='grc' dir='ltr'><strong>ι,</strong></span> <span class='ocrx_word' id='word_1_305' title='bbox 768 2497 850 2569; x_wconf 74' lang='lat'><strong>2),</strong></span> <span class='ocrx_word' id='word_1_306' title='bbox 878 2496 1212 2554; x_wconf 87' lang='lat' dir='ltr'><strong>condemnes</strong></span> <span class='ocrx_word' id='word_1_307' title='bbox 1243 2513 1257 2550; x_wconf 84' lang='lat'><strong>:</strong></span> <span class='ocrx_word' id='word_1_308' title='bbox 1289 2498 1452 2551; x_wconf 88' lang='lat' dir='ltr'><strong>etiam</strong></span> <span class='ocrx_word' id='word_1_309' title='bbox 1496 2496 1665 2567; x_wconf 85' lang='lat' dir='ltr'><strong>ipsam</strong></span> <span class='ocrx_word' id='word_1_310' title='bbox 1706 2504 1995 2553; x_wconf 74' lang='lat' dir='ltr'><strong>testantem</strong></span> 
     </span>
    </p>
   </div>
   <div class='ocr_carea' id='block_1_25' title="bbox 393 2587 1999 2662">
    <p class='ocr_par' dir='ltr' id='par_1_25' title="bbox 393 2587 1999 2662">
     <span class='ocr_line' id='line_1_25' title="bbox 393 2587 1999 2662; baseline -0.001 -14"><span class='ocrx_word' id='word_1_311' title='bbox 393 2594 462 2648; x_wconf 91' lang='lat' dir='ltr'><strong>de</strong></span> <span class='ocrx_word' id='word_1_312' title='bbox 489 2608 549 2651; x_wconf 90' lang='lat' dir='ltr'><strong>se</strong></span> <span class='ocrx_word' id='word_1_313' title='bbox 576 2591 932 2662; x_wconf 84' lang='lat' dir='ltr'><strong>Sapientiam,</strong></span> <span class='ocrx_word' id='word_1_314' title='bbox 964 2589 1108 2660; x_wconf 87' lang='lat' dir='ltr'><strong>quod</strong></span> <span class='ocrx_word' id='word_1_315' title='bbox 1136 2597 1265 2644; x_wconf 88' lang='lat' dir='ltr'><strong>ante</strong></span> <span class='ocrx_word' id='word_1_316' title='bbox 1290 2588 1487 2645; x_wconf 69' lang='lat' dir='ltr'><strong>sazcula</strong></span> <span class='ocrx_word' id='word_1_317' title='bbox 1517 2587 1741 2644; x_wconf 79' lang='lat' dir='ltr'><strong>fundata</strong></span> <span class='ocrx_word' id='word_1_318' title='bbox 1771 2589 1863 2657; x_wconf 85' lang='lat' dir='ltr'><strong>sit,</strong></span> <span class='ocrx_word' id='word_1_319' title='bbox 1892 2591 1999 2646; x_wconf 81' lang='lat' dir='ltr'><strong>cri-</strong></span> 
     </span>
    </p>
   </div>
   <div class='ocr_carea' id='block_1_26' title="bbox 397 2681 2000 2756">
    <p class='ocr_par' dir='ltr' id='par_1_26' title="bbox 397 2681 2000 2756">
     <span class='ocr_line' id='line_1_26' title="bbox 397 2681 2000 2756; baseline -0.002 -15"><span class='ocrx_word' id='word_1_320' title='bbox 397 2686 623 2741; x_wconf 83' lang='lat' dir='ltr'><strong>mincris</strong></span> <span class='ocrx_word' id='word_1_321' title='bbox 651 2702 665 2738; x_wconf 88' lang='lat'>:</span> <span class='ocrx_word' id='word_1_322' title='bbox 697 2698 818 2756; x_wconf 66' lang='lat' dir='ltr'><strong>qua:</strong></span> <span class='ocrx_word' id='word_1_323' title='bbox 846 2682 993 2738; x_wconf 79' lang='lat' dir='ltr'><strong>Patri</strong></span> <span class='ocrx_word' id='word_1_324' title='bbox 1023 2681 1212 2738; x_wconf 87' lang='lat' dir='ltr'><strong>aderat</strong></span> <span class='ocrx_word' id='word_1_325' title='bbox 1236 2688 1372 2745; x_wconf 90' lang='lat' dir='ltr'><strong>tum,</strong></span> <span class='ocrx_word' id='word_1_326' title='bbox 1406 2696 1529 2738; x_wconf 90' lang='lat' dir='ltr'><strong>cum</strong></span> <span class='ocrx_word' id='word_1_327' title='bbox 1566 2684 1764 2740; x_wconf 77' lang='lat' dir='ltr'><strong>caelum</strong></span> <span class='ocrx_word' id='word_1_328' title='bbox 1792 2698 2000 2754; x_wconf 84' lang='lat' dir='ltr'><strong>praepa—</strong></span> 
     </span>
    </p>
   </div>
   <div class='ocr_carea' id='block_1_27' title="bbox 397 2774 1997 2845">
    <p class='ocr_par' dir='ltr' id='par_1_27' title="bbox 397 2774 1997 2845">
     <span class='ocr_line' id='line_1_27' title="bbox 397 2774 1997 2845; baseline -0.003 -11"><span class='ocrx_word' id='word_1_329' title='bbox 397 2790 562 2834; x_wconf 88' lang='lat' dir='ltr'><strong>raret.</strong></span> <span class='ocrx_word' id='word_1_330' title='bbox 598 2777 704 2834; x_wconf 90' lang='lat' dir='ltr'><strong>Sed</strong></span> <span class='ocrx_word' id='word_1_331' title='bbox 738 2786 814 2844; x_wconf 86' lang='lat' dir='ltr'><strong>tu,</strong></span> <span class='ocrx_word' id='word_1_332' title='bbox 851 2784 909 2832; x_wconf 87' lang='lat' dir='ltr'><strong>ut</strong></span> <span class='ocrx_word' id='word_1_333' title='bbox 940 2775 1050 2831; x_wconf 87' lang='lat' dir='ltr'><strong>Deo</strong></span> <span class='ocrx_word' id='word_1_334' title='bbox 1078 2774 1286 2829; x_wconf 90' lang='lat' dir='ltr'><strong>initium</strong></span> <span class='ocrx_word' id='word_1_335' title='bbox 1316 2774 1523 2831; x_wconf 85' lang='lat' dir='ltr'><strong>tribuas</strong></span> <span class='ocrx_word' id='word_1_336' title='bbox 1560 2790 1668 2845; x_wconf 88' lang='lat' dir='ltr'><strong>quo</strong></span> <span class='ocrx_word' id='word_1_337' title='bbox 1710 2786 1865 2845; x_wconf 87' lang='lat' dir='ltr'><strong>pater</strong></span> <span class='ocrx_word' id='word_1_338' title='bbox 1892 2785 1997 2844; x_wconf 86' lang='lat' dir='ltr'><strong>est,</strong></span> 
     </span>
    </p>
   </div>
   <div class='ocr_carea' id='block_1_28' title="bbox 400 2867 1999 2942">
    <p class='ocr_par' dir='ltr' id='par_1_28' title="bbox 400 2867 1999 2942">
     <span class='ocr_line' id='line_1_28' title="bbox 400 2867 1999 2942; baseline -0.001 -17"><span class='ocrx_word' id='word_1_339' title='bbox 400 2874 548 2942; x_wconf 82' lang='lat' dir='ltr'><strong>prius</strong></span> <span class='ocrx_word' id='word_1_340' title='bbox 602 2867 937 2939; x_wconf 81' lang='lat' dir='ltr'><strong>temporibus</strong></span> <span class='ocrx_word' id='word_1_341' title='bbox 982 2867 1195 2921; x_wconf 87' lang='lat' dir='ltr'><strong>initium</strong></span> <span class='ocrx_word' id='word_1_342' title='bbox 1239 2868 1474 2923; x_wconf 82' lang='lat' dir='ltr'><strong>decente</strong></span> <span class='ocrx_word' id='word_1_343' title='bbox 1522 2869 1605 2940; x_wconf 77' lang='grc'><strong>(1)</strong></span> <span class='ocrx_word' id='word_1_344' title='bbox 1661 2882 1769 2939; x_wconf 89' lang='lat' dir='ltr'><strong>quo</strong></span> <span class='ocrx_word' id='word_1_345' title='bbox 1821 2878 1999 2940; x_wconf 71' lang='lat' dir='ltr'><strong>empta</strong></span> 
     </span>
    </p>
   </div>
   <div class='ocr_carea' id='block_1_29' title="bbox 395 2960 1997 3034">
    <p class='ocr_par' dir='ltr' id='par_1_29' title="bbox 395 2960 1997 3034">
     <span class='ocr_line' id='line_1_29' title="bbox 395 2960 1997 3034; baseline 0 -18"><span class='ocrx_word' id='word_1_346' title='bbox 395 2973 559 3019; x_wconf 80' lang='lat' dir='ltr'><strong>erunt</strong></span> <span class='ocrx_word' id='word_1_347' title='bbox 597 2981 610 3017; x_wconf 93' lang='lat'>:</span> <span class='ocrx_word' id='word_1_348' title='bbox 643 2978 765 3034; x_wconf 70' lang='lat' dir='ltr'><strong>qua:</strong></span> <span class='ocrx_word' id='word_1_349' title='bbox 803 2961 849 3016; x_wconf 89' lang='lat' dir='ltr'><strong>si</strong></span> <span class='ocrx_word' id='word_1_350' title='bbox 878 2971 1055 3031; x_wconf 72' lang='lat' dir='ltr'><strong>empta</strong></span> <span class='ocrx_word' id='word_1_351' title='bbox 1098 2970 1245 3024; x_wconf 88' lang='lat' dir='ltr'><strong>sunt,</strong></span> <span class='ocrx_word' id='word_1_352' title='bbox 1292 2960 1526 3018; x_wconf 83' lang='lat' dir='ltr'><strong>mendax</strong></span> <span class='ocrx_word' id='word_1_353' title='bbox 1555 2973 1640 3017; x_wconf 88' lang='lat' dir='ltr'><strong>est</strong></span> <span class='ocrx_word' id='word_1_354' title='bbox 1688 2963 1997 3032; x_wconf 81' lang='lat' dir='ltr'><strong>Apostolus,</strong></span> 
     </span>
    </p>
   </div>
   <div class='ocr_carea' id='block_1_30' title="bbox 396 3053 2002 3128">
    <p class='ocr_par' dir='ltr' id='par_1_30' title="bbox 396 3053 2002 3128">
     <span class='ocr_line' id='line_1_30' title="bbox 396 3053 2002 3128; baseline -0.001 -15"><span class='ocrx_word' id='word_1_355' title='bbox 396 3059 486 3128; x_wconf 87' lang='lat' dir='ltr'><strong>qui</strong></span> <span class='ocrx_word' id='word_1_356' title='bbox 538 3072 600 3114; x_wconf 90' lang='lat' dir='ltr'><strong>ea</strong></span> <span class='ocrx_word' id='word_1_357' title='bbox 647 3057 717 3112; x_wconf 89' lang='lat' dir='ltr'><strong>sit</strong></span> <span class='ocrx_word' id='word_1_358' title='bbox 748 3053 1031 3127; x_wconf 84' lang='lat' dir='ltr'><strong>professus</strong></span> <span class='ocrx_word' id='word_1_359' title='bbox 1056 3062 1281 3110; x_wconf 82' lang='lat' dir='ltr'><strong>aeterna.</strong></span> <span class='ocrx_word' id='word_1_360' title='bbox 1326 3055 1527 3112; x_wconf 77' lang='lat' dir='ltr'><strong>Soletis</strong></span> <span class='ocrx_word' id='word_1_361' title='bbox 1575 3055 1719 3111; x_wconf 89' lang='lat' dir='ltr'><strong>enim</strong></span> <span class='ocrx_word' id='word_1_362' title='bbox 1758 3065 2002 3127; x_wconf 87' lang='lat' dir='ltr'><strong>tempora</strong></span> 
     </span>
    </p>
   </div>
   <div class='ocr_carea' id='block_1_31' title="bbox 398 3145 2002 3218">
    <p class='ocr_par' dir='ltr' id='par_1_31' title="bbox 398 3145 2002 3218">
     <span class='ocr_line' id='line_1_31' title="bbox 398 3145 2002 3218; baseline 0.002 -17"><span class='ocrx_word' id='word_1_363' title='bbox 398 3147 468 3202; x_wconf 86' lang='lat' dir='ltr'><strong>de</strong></span> <span class='ocrx_word' id='word_1_364' title='bbox 498 3148 629 3203; x_wconf 87' lang='lat' dir='ltr'><strong>solis</strong></span> <span class='ocrx_word' id='word_1_365' title='bbox 658 3162 721 3202; x_wconf 91' lang='lat' dir='ltr'><strong>ac</strong></span> <span class='ocrx_word' id='word_1_366' title='bbox 745 3146 891 3202; x_wconf 78' lang='lat' dir='ltr'><strong>lunre</strong></span> <span class='ocrx_word' id='word_1_367' title='bbox 930 3145 1210 3202; x_wconf 84' lang='lat' dir='ltr'><strong>creatione</strong></span> <span class='ocrx_word' id='word_1_368' title='bbox 1237 3162 1544 3213; x_wconf 86' lang='lat' dir='ltr'><strong>numerare,</strong></span> <span class='ocrx_word' id='word_1_369' title='bbox 1581 3148 1706 3218; x_wconf 85' lang='lat' dir='ltr'><strong>quia</strong></span> <span class='ocrx_word' id='word_1_370' title='bbox 1741 3149 2002 3216; x_wconf 81' lang='lat' dir='ltr'><strong>scriptum</strong></span> 
     </span>
    </p>
   </div>
   <div class='ocr_carea' id='block_1_32' title="bbox 2164 1938 3690 2013">
    <p class='ocr_par' dir='ltr' id='par_1_32' title="bbox 2164 1938 3690 2013">
     <span class='ocr_line' id='line_1_32' title="bbox 2164 1938 3690 2013; baseline 0.004 -19"><span class='ocrx_word' id='word_1_371' title='bbox 2164 1938 2254 1994; x_wconf 80' lang='grc'><strong>55.</strong></span> <span class='ocrx_word' id='word_1_372' title='bbox 2292 1938 2572 2013; x_wconf 79' lang='lat' dir='ltr'><strong>Objicitur,</strong></span> <span class='ocrx_word' id='word_1_373' title='bbox 2603 1940 2929 2008; x_wconf 77' lang='lat' dir='ltr'><strong>Sapientiam</strong></span> <span class='ocrx_word' id='word_1_374' title='bbox 2954 1960 3008 1998; x_wconf 80' lang='lat' dir='ltr'><strong>se</strong></span> <span class='ocrx_word' id='word_1_375' title='bbox 3035 1954 3259 1998; x_wconf 71' lang='lat' dir='ltr'><strong>creatam</strong></span> <span class='ocrx_word' id='word_1_376' title='bbox 3280 1945 3474 1999; x_wconf 79' lang='lat' dir='ltr'><strong>testari.</strong></span> <span class='ocrx_word' id='word_1_377' title='bbox 3498 1943 3690 2002; x_wconf 82' lang='lat' dir='ltr'><strong>--Sed</strong></span> 
     </span>
    </p>
   </div>
   <div class='ocr_carea' id='block_1_33' title="bbox 2090 2032 3695 2107">
    <p class='ocr_par' dir='ltr' id='par_1_33' title="bbox 2090 2032 3695 2107">
     <span class='ocr_line' id='line_1_33' title="bbox 2090 2032 3695 2107; baseline 0.006 -22"><span class='ocrx_word' id='word_1_378' title='bbox 2090 2044 2409 2086; x_wconf 81' lang='lat' dir='ltr'><strong>accusamur</strong></span> <span class='ocrx_word' id='word_1_379' title='bbox 2433 2032 2724 2099; x_wconf 79' lang='lat' dir='ltr'><strong>mendacii,</strong></span> <span class='ocrx_word' id='word_1_380' title='bbox 2746 2044 2799 2089; x_wconf 88' lang='lat' dir='ltr'><strong>et</strong></span> <span class='ocrx_word' id='word_1_381' title='bbox 2823 2049 2927 2088; x_wconf 85' lang='lat' dir='ltr'><strong>una</strong></span> <span class='ocrx_word' id='word_1_382' title='bbox 2959 2035 3239 2091; x_wconf 86' lang='lat' dir='ltr'><strong>nobiscum</strong></span> <span class='ocrx_word' id='word_1_383' title='bbox 3266 2036 3506 2092; x_wconf 88' lang='lat' dir='ltr'><strong>doctrina</strong></span> <span class='ocrx_word' id='word_1_384' title='bbox 3534 2052 3695 2107; x_wconf 85' lang='lat' dir='ltr'><strong>apos-</strong></span> 
     </span>
    </p>
   </div>
   <div class='ocr_carea' id='block_1_34' title="bbox 2094 2122 3693 2198">
    <p class='ocr_par' dir='ltr' id='par_1_34' title="bbox 2094 2122 3693 2198">
     <span class='ocr_line' id='line_1_34' title="bbox 2094 2122 3693 2198; baseline 0.002 -17"><span class='ocrx_word' id='word_1_385' title='bbox 2094 2124 2271 2181; x_wconf 69' lang='lat' dir='ltr'><strong>tolicae</strong></span> <span class='ocrx_word' id='word_1_386' title='bbox 2313 2122 2720 2196; x_wconf 70' lang='lat' dir='ltr'><strong>pradicationis</strong></span> <span class='ocrx_word' id='word_1_387' title='bbox 2766 2125 3030 2196; x_wconf 85' lang='lat' dir='ltr'><strong>arguitur,</strong></span> <span class='ocrx_word' id='word_1_388' title='bbox 3084 2128 3427 2184; x_wconf 82' lang='lat' dir='ltr'><strong>nativitatem</strong></span> <span class='ocrx_word' id='word_1_389' title='bbox 3474 2129 3693 2198; x_wconf 88' lang='lat' dir='ltr'><strong>quidem</strong></span> 
     </span>
    </p>
   </div>
   <div class='ocr_carea' id='block_1_35' title="bbox 2093 2215 3704 2290">
    <p class='ocr_par' dir='ltr' id='par_1_35' title="bbox 2093 2215 3704 2290">
     <span class='ocr_line' id='line_1_35' title="bbox 2093 2215 3704 2290; baseline 0.002 -20"><span class='ocrx_word' id='word_1_390' title='bbox 2093 2215 2365 2279; x_wconf 77' lang='lat' dir='ltr'><strong>confessa,</strong></span> <span class='ocrx_word' id='word_1_391' title='bbox 2389 2216 2485 2273; x_wconf 84' lang='lat' dir='ltr'><strong>sed</strong></span> <span class='ocrx_word' id='word_1_392' title='bbox 2519 2217 2877 2274; x_wconf 71' lang='lat' dir='ltr'><strong>aeternitatem</strong></span> <span class='ocrx_word' id='word_1_393' title='bbox 2910 2218 2988 2289; x_wconf 89' lang='lat' dir='ltr'><strong>(e)</strong></span> <span class='ocrx_word' id='word_1_394' title='bbox 3012 2220 3311 2276; x_wconf 74' lang='lat' dir='ltr'><strong>nativitatis</strong></span> <span class='ocrx_word' id='word_1_395' title='bbox 3332 2219 3613 2290; x_wconf 80' lang='lat' dir='ltr'><strong>professa:</strong></span> <span class='ocrx_word' id='word_1_396' title='bbox 3642 2228 3704 2276; x_wconf 87' lang='lat' dir='ltr'><strong>ut</strong></span> 
     </span>
    </p>
   </div>
   <div class='ocr_carea' id='block_1_36' title="bbox 2096 2308 3701 2378">
    <p class='ocr_par' dir='ltr' id='par_1_36' title="bbox 2096 2308 3701 2378">
     <span class='ocr_line' id='line_1_36' title="bbox 2096 2308 3701 2378; baseline 0.003 -13"><span class='ocrx_word' id='word_1_397' title='bbox 2096 2317 2150 2365; x_wconf 88' lang='lat' dir='ltr'><strong>et</strong></span> <span class='ocrx_word' id='word_1_398' title='bbox 2194 2308 2449 2364; x_wconf 84' lang='lat' dir='ltr'><strong>nativitas</strong></span> <span class='ocrx_word' id='word_1_399' title='bbox 2478 2319 2769 2367; x_wconf 81' lang='lat' dir='ltr'><strong>testaretur</strong></span> <span class='ocrx_word' id='word_1_400' title='bbox 2793 2320 3095 2378; x_wconf 75' lang='lat' dir='ltr'><strong>auctorem,</strong></span> <span class='ocrx_word' id='word_1_401' title='bbox 3128 2323 3185 2371; x_wconf 89' lang='lat' dir='ltr'><strong>et</strong></span> <span class='ocrx_word' id='word_1_402' title='bbox 3228 2316 3506 2371; x_wconf 56' lang='lat' dir='ltr'><strong>aeternitas</strong></span> <span class='ocrx_word' id='word_1_403' title='bbox 3535 2314 3588 2371; x_wconf 89' lang='lat' dir='ltr'><strong>in</strong></span> <span class='ocrx_word' id='word_1_404' title='bbox 3617 2329 3701 2370; x_wconf 87' lang='lat' dir='ltr'><strong>sa-</strong></span> 
     </span>
    </p>
   </div>
   <div class='ocr_carea' id='block_1_37' title="bbox 2098 2400 3699 2477">
    <p class='ocr_par' dir='ltr' id='par_1_37' title="bbox 2098 2400 3699 2477">
     <span class='ocr_line' id='line_1_37' title="bbox 2098 2400 3699 2477; baseline 0.004 -21"><span class='ocrx_word' id='word_1_405' title='bbox 2098 2409 2377 2456; x_wconf 89' lang='lat' dir='ltr'><strong>cramento</strong></span> <span class='ocrx_word' id='word_1_406' title='bbox 2403 2400 2601 2459; x_wconf 73' lang='lat' dir='ltr'><strong>divinae</strong></span> <span class='ocrx_word' id='word_1_407' title='bbox 2629 2403 2934 2460; x_wconf 85' lang='lat' dir='ltr'><strong>nativitatis</strong></span> <span class='ocrx_word' id='word_1_408' title='bbox 2953 2420 3173 2462; x_wconf 87' lang='lat' dir='ltr'><strong>sensum</strong></span> <span class='ocrx_word' id='word_1_409' title='bbox 3205 2405 3456 2467; x_wconf 71' lang='lat' dir='ltr'><strong>humanae</strong></span> <span class='ocrx_word' id='word_1_410' title='bbox 3486 2407 3699 2477; x_wconf 87' lang='lat' dir='ltr'><strong>opinio—</strong></span> 
     </span>
    </p>
   </div>
   <div class='ocr_carea' id='block_1_38' title="bbox 2102 2492 3699 2557">
    <p class='ocr_par' dir='ltr' id='par_1_38' title="bbox 2102 2492 3699 2557">
     <span class='ocr_line' id='line_1_38' title="bbox 2102 2492 3699 2557; baseline 0.004 -8"><span class='ocrx_word' id='word_1_411' title='bbox 2102 2492 2185 2549; x_wconf 89' lang='lat' dir='ltr'><strong>nis</strong></span> <span class='ocrx_word' id='word_1_412' title='bbox 2226 2492 2537 2551; x_wconf 80' lang='lat' dir='ltr'><strong>excederet.</strong></span> <span class='ocrx_word' id='word_1_413' title='bbox 2583 2493 2890 2551; x_wconf 83' lang='lat' dir='ltr'><strong>Proi’ertum</strong></span> <span class='ocrx_word' id='word_1_414' title='bbox 2926 2498 3072 2555; x_wconf 83' lang='lat' dir='ltr'><strong>enim</strong></span> <span class='ocrx_word' id='word_1_415' title='bbox 3123 2498 3411 2557; x_wconf 82' lang='lat' dir='ltr'><strong>adversum</strong></span> <span class='ocrx_word' id='word_1_416' title='bbox 3459 2516 3557 2555; x_wconf 86' lang='lat' dir='ltr'><strong>nos</strong></span> <span class='ocrx_word' id='word_1_417' title='bbox 3596 2499 3699 2555; x_wconf 54' lang='lat' dir='ltr'><strong>Sa.</strong></span> 
     </span>
    </p>
   </div>
   <div class='ocr_carea' id='block_1_39' title="bbox 2102 2585 3704 2660">
    <p class='ocr_par' dir='ltr' id='par_1_39' title="bbox 2102 2585 3704 2660">
     <span class='ocr_line' id='line_1_39' title="bbox 2102 2585 3704 2660; baseline 0.003 -20"><span class='ocrx_word' id='word_1_418' title='bbox 2102 2585 2317 2655; x_wconf 86' lang='lat' dir='ltr'><strong>pientiae</strong></span> <span class='ocrx_word' id='word_1_419' title='bbox 2341 2585 2410 2641; x_wconf 91' lang='lat' dir='ltr'><strong>de</strong></span> <span class='ocrx_word' id='word_1_420' title='bbox 2454 2602 2515 2642; x_wconf 88' lang='lat' dir='ltr'><strong>se</strong></span> <span class='ocrx_word' id='word_1_421' title='bbox 2542 2589 2887 2658; x_wconf 85' lang='lat' dir='ltr'><strong>protestatio,</strong></span> <span class='ocrx_word' id='word_1_422' title='bbox 2931 2606 3053 2660; x_wconf 70' lang='lat' dir='ltr'><strong>quae</strong></span> <span class='ocrx_word' id='word_1_423' title='bbox 3083 2601 3319 2648; x_wconf 78' lang='lat' dir='ltr'><strong>creatam</strong></span> <span class='ocrx_word' id='word_1_424' title='bbox 3348 2609 3407 2649; x_wconf 82' lang='lat' dir='ltr'><strong>se</strong></span> <span class='ocrx_word' id='word_1_425' title='bbox 3452 2593 3704 2649; x_wconf 78' lang='lat' dir='ltr'><strong>docuerit</strong></span> 
     </span>
    </p>
   </div>
   <div class='ocr_carea' id='block_1_40' title="bbox 2102 2676 3703 2756">
    <p class='ocr_par' dir='ltr' id='par_1_40' title="bbox 2102 2676 3703 2756">
     <span class='ocr_line' id='line_1_40' title="bbox 2102 2676 3703 2756; baseline 0.007 -25"><span class='ocrx_word' id='word_1_426' title='bbox 2102 2676 2190 2732; x_wconf 85' lang='lat' dir='ltr'><strong>his</strong></span> <span class='ocrx_word' id='word_1_427' title='bbox 2219 2676 2379 2732; x_wconf 85' lang='lat' dir='ltr'><strong>dietis</strong></span> <span class='ocrx_word' id='word_1_428' title='bbox 2410 2696 2426 2732; x_wconf 88' lang='lat'><strong>:</strong></span> <span class='ocrx_word' id='word_1_429' title='bbox 2477 2678 2729 2734; x_wconf 80' lang='lat' dir='ltr'><strong>Dominus</strong></span> <span class='ocrx_word' id='word_1_430' title='bbox 2755 2681 2835 2753; x_wconf 69' lang='grc'><strong>(4)</strong></span> <span class='ocrx_word' id='word_1_431' title='bbox 2860 2684 3048 2738; x_wconf 75' lang='lat' dir='ltr'><strong>crearit</strong></span> <span class='ocrx_word' id='word_1_432' title='bbox 3073 2699 3153 2740; x_wconf 83' lang='lat' dir='ltr'><strong>nte</strong></span> <span class='ocrx_word' id='word_1_433' title='bbox 3176 2685 3247 2756; x_wconf 73' lang='lat' dir='ltr'><strong>(f)</strong></span> <span class='ocrx_word' id='word_1_434' title='bbox 3276 2685 3332 2739; x_wconf 90' lang='lat' dir='ltr'><strong>in</strong></span> <span class='ocrx_word' id='word_1_435' title='bbox 3356 2686 3561 2742; x_wconf 78' lang='lat' dir='ltr'><strong>initium</strong></span> <span class='ocrx_word' id='word_1_436' title='bbox 3589 2686 3703 2742; x_wconf 72' lang='lat' dir='ltr'><strong>via-</strong></span> 
     </span>
    </p>
   </div>
   <div class='ocr_carea' id='block_1_41' title="bbox 2102 2770 2963 2847">
    <p class='ocr_par' dir='ltr' id='par_1_41' title="bbox 2102 2770 2963 2847">
     <span class='ocr_line' id='line_1_41' title="bbox 2102 2770 2963 2847; baseline 0.01 -25"><span class='ocrx_word' id='word_1_437' title='bbox 2102 2786 2218 2824; x_wconf 87' lang='lat' dir='ltr'><strong>rum</strong></span> <span class='ocrx_word' id='word_1_438' title='bbox 2242 2787 2454 2826; x_wconf 82' lang='lat' dir='ltr'><strong>suarum</strong></span> <span class='ocrx_word' id='word_1_439' title='bbox 2487 2770 2673 2844; x_wconf 74' lang='lat' dir='ltr'><strong>(Prov.</strong></span> <span class='ocrx_word' id='word_1_440' title='bbox 2703 2789 2817 2839; x_wconf 79' lang='lat' dir='ltr'><strong>Vttt,</strong></span> <span class='ocrx_word' id='word_1_441' title='bbox 2848 2774 2963 2847; x_wconf 58' lang='grc' dir='ltr'><strong>ἓξ).</strong></span> 
     </span>
    </p>
   </div>
   <div class='ocr_carea' id='block_1_42' title="bbox 2175 2861 3708 2943">
    <p class='ocr_par' dir='ltr' id='par_1_42' title="bbox 2175 2861 3708 2943">
     <span class='ocr_line' id='line_1_42' title="bbox 2175 2861 3708 2943; baseline 0.007 -27"><span class='ocrx_word' id='word_1_442' title='bbox 2175 2861 2267 2917; x_wconf 79' lang='grc'><strong>56.</strong></span> <span class='ocrx_word' id='word_1_443' title='bbox 2304 2861 2431 2929; x_wconf 66' lang='lat' dir='ltr'><strong>Quae</strong></span> <span class='ocrx_word' id='word_1_444' title='bbox 2461 2874 2632 2920; x_wconf 84' lang='lat' dir='ltr'><strong>creata</strong></span> <span class='ocrx_word' id='word_1_445' title='bbox 2663 2882 2696 2920; x_wconf 87' lang='lat' dir='ltr'><strong>a</strong></span> <span class='ocrx_word' id='word_1_446' title='bbox 2723 2867 2935 2932; x_wconf 68' lang='lat' dir='ltr'><strong>circulo,</strong></span> <span class='ocrx_word' id='word_1_447' title='bbox 2966 2868 3144 2924; x_wconf 82' lang='lat' dir='ltr'><strong>cadent</strong></span> <span class='ocrx_word' id='word_1_448' title='bbox 3170 2879 3289 2925; x_wconf 83' lang='lat' dir='ltr'><strong>ante</strong></span> <span class='ocrx_word' id='word_1_449' title='bbox 3308 2870 3558 2927; x_wconf 71' lang='lat' dir='ltr'><strong>sarculum</strong></span> <span class='ocrx_word' id='word_1_450' title='bbox 3582 2873 3708 2943; x_wconf 78' lang='lat' dir='ltr'><strong>fun-</strong></span> 
     </span>
    </p>
   </div>
   <div class='ocr_carea' id='block_1_43' title="bbox 2105 2956 3710 3034">
    <p class='ocr_par' dir='ltr' id='par_1_43' title="bbox 2105 2956 3710 3034">
     <span class='ocr_line' id='line_1_43' title="bbox 2105 2956 3710 3034; baseline 0.006 -23"><span class='ocrx_word' id='word_1_451' title='bbox 2105 2956 2317 3012; x_wconf 84' lang='lat' dir='ltr'><strong>data.-—</strong></span> <span class='ocrx_word' id='word_1_452' title='bbox 2355 2958 2425 3013; x_wconf 83' lang='lat' dir='ltr'><strong>Et</strong></span> <span class='ocrx_word' id='word_1_453' title='bbox 2448 2974 2483 3014; x_wconf 80' lang='grc' dir='ltr'>ο</span> <span class='ocrx_word' id='word_1_454' title='bbox 2512 2970 2564 3015; x_wconf 91' lang='lat' dir='ltr'><strong>te</strong></span> <span class='ocrx_word' id='word_1_455' title='bbox 2588 2962 2774 3027; x_wconf 83' lang='lat' dir='ltr'><strong>miser,</strong></span> <span class='ocrx_word' id='word_1_456' title='bbox 2801 2962 3075 3028; x_wconf 69' lang='lat' dir='ltr'><strong>haeretice,</strong></span> <span class='ocrx_word' id='word_1_457' title='bbox 3100 2964 3190 3034; x_wconf 89' lang='lat' dir='ltr'><strong>qui</strong></span> <span class='ocrx_word' id='word_1_458' title='bbox 3218 2963 3425 3023; x_wconf 86' lang='lat' dir='ltr'><strong>indulta</strong></span> <span class='ocrx_word' id='word_1_459' title='bbox 3453 2965 3710 3023; x_wconf 75' lang='lat' dir='ltr'><strong>Ecclesia:</strong></span> 
     </span>
    </p>
   </div>
   <div class='ocr_carea' id='block_1_44' title="bbox 2106 3049 3712 3124">
    <p class='ocr_par' dir='ltr' id='par_1_44' title="bbox 2106 3049 3712 3124">
     <span class='ocr_line' id='line_1_44' title="bbox 2106 3049 3712 3124; baseline 0.005 -20"><span class='ocrx_word' id='word_1_460' title='bbox 2106 3049 2392 3106; x_wconf 83' lang='lat' dir='ltr'><strong>adversum</strong></span> <span class='ocrx_word' id='word_1_461' title='bbox 2426 3050 2763 3124; x_wconf 80' lang='lat' dir='ltr'><strong>Synagogam</strong></span> <span class='ocrx_word' id='word_1_462' title='bbox 2794 3070 2968 3122; x_wconf 88' lang='lat' dir='ltr'><strong>arma,</strong></span> <span class='ocrx_word' id='word_1_463' title='bbox 2999 3066 3188 3112; x_wconf 78' lang='lat' dir='ltr'><strong>contra</strong></span> <span class='ocrx_word' id='word_1_464' title='bbox 3242 3056 3404 3115; x_wconf 84' lang='lat' dir='ltr'><strong>ﬁdem</strong></span> <span class='ocrx_word' id='word_1_465' title='bbox 3447 3058 3712 3115; x_wconf 77' lang='lat' dir='ltr'><strong>ecclesia—</strong></span> 
     </span>
    </p>
   </div>
   <div class='ocr_carea' id='block_1_45' title="bbox 2109 3145 3712 3215">
    <p class='ocr_par' dir='ltr' id='par_1_45' title="bbox 2109 3145 3712 3215">
     <span class='ocr_line' id='line_1_45' title="bbox 2109 3145 3712 3215; baseline 0.005 -16"><span class='ocrx_word' id='word_1_466' title='bbox 2109 3145 2259 3201; x_wconf 67' lang='lat' dir='ltr'><strong>sticae</strong></span> <span class='ocrx_word' id='word_1_467' title='bbox 2274 3146 2671 3215; x_wconf 64' lang='lat' dir='ltr'><strong>pradicatiouis</strong></span> <span class='ocrx_word' id='word_1_468' title='bbox 2691 3148 2902 3205; x_wconf 79' lang='lat' dir='ltr'><strong>invadis</strong></span> <span class='ocrx_word' id='word_1_469' title='bbox 2927 3167 2944 3206; x_wconf 87' lang='lat'><strong>:</strong></span> <span class='ocrx_word' id='word_1_470' title='bbox 2965 3160 3019 3205; x_wconf 91' lang='lat' dir='ltr'><strong>et</strong></span> <span class='ocrx_word' id='word_1_471' title='bbox 3032 3149 3296 3207; x_wconf 69' lang='lat' dir='ltr'><strong>doctrinm</strong></span> <span class='ocrx_word' id='word_1_472' title='bbox 3315 3153 3573 3207; x_wconf 85' lang='lat' dir='ltr'><strong>salutaris</strong></span> <span class='ocrx_word' id='word_1_473' title='bbox 3592 3167 3712 3209; x_wconf 83' lang='lat' dir='ltr'><strong>mu-</strong></span> 
     </span>
    </p>
   </div>
   <div class='ocr_carea' id='block_1_46' title="bbox 400 3236 3717 3315">
    <p class='ocr_par' dir='ltr' id='par_1_46' title="bbox 400 3236 3717 3315">
     <span class='ocr_line' id='line_1_46' title="bbox 400 3236 3717 3315; baseline 0.003 -22"><span class='ocrx_word' id='word_1_474' title='bbox 400 3238 470 3293; x_wconf 86' lang='lat' dir='ltr'><strong>dc</strong></span> <span class='ocrx_word' id='word_1_475' title='bbox 516 3238 602 3293; x_wconf 89' lang='lat' dir='ltr'><strong>his</strong></span> <span class='ocrx_word' id='word_1_476' title='bbox 660 3237 727 3292; x_wconf 68' lang='lat' dir='ltr'><strong>sit</strong></span> <span class='ocrx_word' id='word_1_477' title='bbox 760 3259 773 3292; x_wconf 90' lang='lat'><strong>:</strong></span> <span class='ocrx_word' id='word_1_478' title='bbox 806 3236 876 3290; x_wconf 87' lang='lat' dir='ltr'><strong>Et</strong></span> <span class='ocrx_word' id='word_1_479' title='bbox 924 3238 1027 3292; x_wconf 84' lang='lat' dir='ltr'><strong>sint</strong></span> <span class='ocrx_word' id='word_1_480' title='bbox 1082 3238 1137 3291; x_wconf 88' lang='lat' dir='ltr'><strong>in</strong></span> <span class='ocrx_word' id='word_1_481' title='bbox 1188 3238 1339 3309; x_wconf 85' lang='lat' dir='ltr'><strong>signa</strong></span> <span class='ocrx_word' id='word_1_482' title='bbox 1380 3249 1426 3293; x_wconf 87' lang='lat' dir='ltr'><strong>et</strong></span> <span class='ocrx_word' id='word_1_483' title='bbox 1476 3248 1707 3311; x_wconf 74' lang='lat' dir='ltr'><strong>tempore</strong></span> <span class='ocrx_word' id='word_1_484' title='bbox 1753 3250 1801 3297; x_wconf 75' lang='lat' dir='ltr'><strong>et</strong></span> <span class='ocrx_word' id='word_1_485' title='bbox 1839 3257 2003 3295; x_wconf 84' lang='lat' dir='ltr'><strong>annos</strong></span> <span class='ocrx_word' id='word_1_486' title='bbox 2032 3240 2077 3304; x_wconf 88' lang='lat' dir='ltr'><strong>C</strong></span> <span class='ocrx_word' id='word_1_487' title='bbox 2113 3241 2435 3295; x_wconf 89' lang='lat' dir='ltr'><strong>nitissitnam</strong></span> <span class='ocrx_word' id='word_1_488' title='bbox 2468 3241 2882 3313; x_wconf 87' lang='lat' dir='ltr'><strong>intelligentiam</strong></span> <span class='ocrx_word' id='word_1_489' title='bbox 2913 3243 3075 3315; x_wconf 81' lang='lat' dir='ltr'><strong>rapis</strong></span> <span class='ocrx_word' id='word_1_490' title='bbox 3103 3244 3388 3302; x_wconf 87' lang='lat' dir='ltr'><strong>adversum</strong></span> <span class='ocrx_word' id='word_1_491' title='bbox 3432 3247 3717 3303; x_wconf 58' lang='lat' dir='ltr'><strong>universor</strong></span> 
     </span>
    </p>
   </div>
   <div class='ocr_carea' id='block_1_47' title="bbox 402 3330 3717 3407">
    <p class='ocr_par' dir='ltr' id='par_1_47' title="bbox 402 3330 3717 3407">
     <span class='ocr_line' id='line_1_47' title="bbox 402 3330 3717 3407; baseline 0.002 -19"><span class='ocrx_word' id='word_1_492' title='bbox 402 3331 558 3405; x_wconf 75' lang='lat' dir='ltr'><strong>(Gen.</strong></span> <span class='ocrx_word' id='word_1_493' title='bbox 587 3347 629 3398; x_wconf 86' lang='grc' dir='ltr'><strong>ι,</strong></span> <span class='ocrx_word' id='word_1_494' title='bbox 661 3330 776 3404; x_wconf 59' lang='lat' dir='ltr'><strong>id).</strong></span> <span class='ocrx_word' id='word_1_495' title='bbox 805 3330 910 3387; x_wconf 89' lang='lat' dir='ltr'><strong>Sed</strong></span> <span class='ocrx_word' id='word_1_496' title='bbox 942 3331 1033 3401; x_wconf 91' lang='lat' dir='ltr'><strong>qui</strong></span> <span class='ocrx_word' id='word_1_497' title='bbox 1066 3341 1192 3387; x_wconf 88' lang='lat' dir='ltr'><strong>ante</strong></span> <span class='ocrx_word' id='word_1_498' title='bbox 1220 3332 1416 3387; x_wconf 70' lang='lat' dir='ltr'><strong>ctelum</strong></span> <span class='ocrx_word' id='word_1_499' title='bbox 1464 3342 1549 3389; x_wconf 89' lang='lat' dir='ltr'><strong>est</strong></span> <span class='ocrx_word' id='word_1_500' title='bbox 1572 3375 1587 3401; x_wconf 93' lang='lat'><strong>,</strong></span> <span class='ocrx_word' id='word_1_501' title='bbox 1620 3336 1764 3405; x_wconf 84' lang='lat' dir='ltr'><strong>quod</strong></span> <span class='ocrx_word' id='word_1_502' title='bbox 1814 3351 2005 3391; x_wconf 66' lang='lat' dir='ltr'><strong>secum</strong></span> <span class='ocrx_word' id='word_1_503' title='bbox 2110 3347 2229 3386; x_wconf 90' lang='lat' dir='ltr'><strong>rum</strong></span> <span class='ocrx_word' id='word_1_504' title='bbox 2276 3333 2542 3400; x_wconf 89' lang='lat' dir='ltr'><strong>salutem;</strong></span> <span class='ocrx_word' id='word_1_505' title='bbox 2588 3345 2894 3391; x_wconf 88' lang='lat' dir='ltr'><strong>creaturam</strong></span> <span class='ocrx_word' id='word_1_506' title='bbox 2935 3335 3210 3392; x_wconf 86' lang='lat' dir='ltr'><strong>Christum</strong></span> <span class='ocrx_word' id='word_1_507' title='bbox 3261 3352 3357 3407; x_wconf 86' lang='lat' dir='ltr'><strong>per</strong></span> <span class='ocrx_word' id='word_1_508' title='bbox 3403 3337 3523 3395; x_wconf 59' lang='lat' dir='ltr'><strong>huic</strong></span> <span class='ocrx_word' id='word_1_509' title='bbox 3552 3340 3717 3394; x_wconf 82' lang='lat' dir='ltr'><strong>verba</strong></span> 
     </span>
    </p>
   </div>
   <div class='ocr_carea' id='block_1_48' title="bbox 404 3425 3718 3501">
    <p class='ocr_par' dir='ltr' id='par_1_48' title="bbox 404 3425 3718 3501">
     <span class='ocr_line' id='line_1_48' title="bbox 404 3425 3718 3501; baseline 0.002 -20"><span class='ocrx_word' id='word_1_510' title='bbox 404 3428 535 3482; x_wconf 88' lang='lat' dir='ltr'><strong>dum</strong></span> <span class='ocrx_word' id='word_1_511' title='bbox 557 3440 659 3481; x_wconf 83' lang='lat' dir='ltr'><strong>vos</strong></span> <span class='ocrx_word' id='word_1_512' title='bbox 677 3425 842 3481; x_wconf 81' lang='lat' dir='ltr'><strong>etiam</strong></span> <span class='ocrx_word' id='word_1_513' title='bbox 867 3433 993 3479; x_wconf 88' lang='lat' dir='ltr'><strong>ante</strong></span> <span class='ocrx_word' id='word_1_514' title='bbox 1022 3434 1234 3496; x_wconf 87' lang='lat' dir='ltr'><strong>tempus</strong></span> <span class='ocrx_word' id='word_1_515' title='bbox 1274 3435 1375 3493; x_wconf 89' lang='lat' dir='ltr'><strong>cst,</strong></span> <span class='ocrx_word' id='word_1_516' title='bbox 1408 3426 1551 3482; x_wconf 88' lang='lat' dir='ltr'><strong>idem</strong></span> <span class='ocrx_word' id='word_1_517' title='bbox 1591 3436 1647 3483; x_wconf 90' lang='lat' dir='ltr'><strong>et</strong></span> <span class='ocrx_word' id='word_1_518' title='bbox 1688 3437 1812 3484; x_wconf 89' lang='lat' dir='ltr'><strong>ante</strong></span> <span class='ocrx_word' id='word_1_519' title='bbox 1839 3444 2013 3485; x_wconf 68' lang='lat' dir='ltr'><strong>sarcu-</strong></span> <span class='ocrx_word' id='word_1_520' title='bbox 2115 3439 2237 3479; x_wconf 83' lang='lat' dir='ltr'><strong>esse</strong></span> <span class='ocrx_word' id='word_1_521' title='bbox 2286 3425 2644 3493; x_wconf 88' lang='lat' dir='ltr'><strong>contendens,</strong></span> <span class='ocrx_word' id='word_1_522' title='bbox 2708 3441 2817 3482; x_wconf 92' lang='lat' dir='ltr'><strong>non</strong></span> <span class='ocrx_word' id='word_1_523' title='bbox 2871 3427 3115 3484; x_wconf 85' lang='lat' dir='ltr'><strong>Judaeum</strong></span> <span class='ocrx_word' id='word_1_524' title='bbox 3173 3431 3373 3501; x_wconf 89' lang='lat' dir='ltr'><strong>potius,</strong></span> <span class='ocrx_word' id='word_1_525' title='bbox 3430 3441 3718 3501; x_wconf 87' lang='lat' dir='ltr'><strong>negantem</strong></span> 
     </span>
    </p>
   </div>
   <div class='ocr_carea' id='block_1_49' title="bbox 408 3516 3721 3588">
    <p class='ocr_par' dir='ltr' id='par_1_49' title="bbox 408 3516 3721 3588">
     <span class='ocr_line' id='line_1_49' title="bbox 408 3516 3721 3588; baseline 0.002 -16"><span class='ocrx_word' id='word_1_526' title='bbox 408 3519 520 3574; x_wconf 85' lang='lat' dir='ltr'><strong>lum</strong></span> <span class='ocrx_word' id='word_1_527' title='bbox 545 3524 647 3574; x_wconf 91' lang='lat' dir='ltr'><strong>est.</strong></span> <span class='ocrx_word' id='word_1_528' title='bbox 673 3516 862 3587; x_wconf 86' lang='lat' dir='ltr'><strong>Neque</strong></span> <span class='ocrx_word' id='word_1_529' title='bbox 886 3517 1062 3571; x_wconf 89' lang='lat' dir='ltr'><strong>solum</strong></span> <span class='ocrx_word' id='word_1_530' title='bbox 1104 3526 1231 3573; x_wconf 89' lang='lat' dir='ltr'><strong>ante</strong></span> <span class='ocrx_word' id='word_1_531' title='bbox 1258 3517 1518 3574; x_wconf 54' lang='lat' dir='ltr'><strong>suculam</strong></span> <span class='ocrx_word' id='word_1_532' title='bbox 1568 3529 1670 3588; x_wconf 88' lang='lat' dir='ltr'><strong>est,</strong></span> <span class='ocrx_word' id='word_1_533' title='bbox 1705 3520 1801 3576; x_wconf 86' lang='lat' dir='ltr'><strong>sed</strong></span> <span class='ocrx_word' id='word_1_534' title='bbox 1845 3522 2010 3577; x_wconf 89' lang='lat' dir='ltr'><strong>etiam</strong></span> <span class='ocrx_word' id='word_1_535' title='bbox 2115 3516 2316 3574; x_wconf 86' lang='lat' dir='ltr'><strong>Christi</strong></span> <span class='ocrx_word' id='word_1_536' title='bbox 2363 3527 2489 3575; x_wconf 90' lang='lat' dir='ltr'><strong>ante</strong></span> <span class='ocrx_word' id='word_1_537' title='bbox 2531 3519 2729 3575; x_wconf 81' lang='lat' dir='ltr'><strong>saecula</strong></span> <span class='ocrx_word' id='word_1_538' title='bbox 2760 3529 2960 3578; x_wconf 69' lang='lat' dir='ltr'><strong>arterna</strong></span> <span class='ocrx_word' id='word_1_539' title='bbox 2991 3522 3325 3578; x_wconf 86' lang='lat' dir='ltr'><strong>divinitatem</strong></span> <span class='ocrx_word' id='word_1_540' title='bbox 3358 3534 3412 3580; x_wconf 92' lang='lat' dir='ltr'><strong>et</strong></span> <span class='ocrx_word' id='word_1_541' title='bbox 3438 3522 3491 3579; x_wconf 88' lang='lat' dir='ltr'><strong>in</strong></span> <span class='ocrx_word' id='word_1_542' title='bbox 3541 3524 3721 3580; x_wconf 90' lang='lat' dir='ltr'><strong>omni-</strong></span> 
     </span>
    </p>
   </div>
   <div class='ocr_carea' id='block_1_50' title="bbox 408 3608 2011 3681">
    <p class='ocr_par' dir='ltr' id='par_1_50' title="bbox 408 3608 2011 3681">
     <span class='ocr_line' id='line_1_50' title="bbox 408 3608 2011 3681; baseline 0.002 -17"><span class='ocrx_word' id='word_1_543' title='bbox 408 3620 539 3664; x_wconf 85' lang='lat' dir='ltr'><strong>ante</strong></span> <span class='ocrx_word' id='word_1_544' title='bbox 581 3609 968 3681; x_wconf 86' lang='lat' dir='ltr'><strong>generationes</strong></span> <span class='ocrx_word' id='word_1_545' title='bbox 997 3608 1413 3679; x_wconf 77' lang='lat' dir='ltr'><strong>generationem</strong></span> <span class='ocrx_word' id='word_1_546' title='bbox 1452 3610 1650 3667; x_wconf 71' lang='lat' dir='ltr'><strong>smcula</strong></span> <span class='ocrx_word' id='word_1_547' title='bbox 1683 3622 2011 3681; x_wconf 72' lang='lat' dir='ltr'><strong>praeeuntes.</strong></span> 
     </span>
    </p>
   </div>
   <div class='ocr_carea' id='block_1_51' title="bbox 409 3699 2013 3772">
    <p class='ocr_par' dir='ltr' id='par_1_51' title="bbox 409 3699 2013 3772">
     <span class='ocr_line' id='line_1_51' title="bbox 409 3699 2013 3772; baseline 0.002 -15"><span class='ocrx_word' id='word_1_548' title='bbox 409 3700 552 3771; x_wconf 82' lang='lat' dir='ltr'><strong>Quid</strong></span> <span class='ocrx_word' id='word_1_549' title='bbox 592 3699 814 3757; x_wconf 85' lang='lat' dir='ltr'><strong>caducis</strong></span> <span class='ocrx_word' id='word_1_550' title='bbox 841 3708 896 3755; x_wconf 90' lang='lat' dir='ltr'><strong>et</strong></span> <span class='ocrx_word' id='word_1_551' title='bbox 920 3701 1176 3768; x_wconf 85' lang='lat' dir='ltr'><strong>terrenis,</strong></span> <span class='ocrx_word' id='word_1_552' title='bbox 1207 3708 1264 3757; x_wconf 90' lang='lat' dir='ltr'><strong>et</strong></span> <span class='ocrx_word' id='word_1_553' title='bbox 1309 3700 1555 3772; x_wconf 87' lang='lat' dir='ltr'><strong>angustis</strong></span> <span class='ocrx_word' id='word_1_554' title='bbox 1585 3702 1768 3760; x_wconf 86' lang='lat' dir='ltr'><strong>divina</strong></span> <span class='ocrx_word' id='word_1_555' title='bbox 1806 3709 1864 3760; x_wconf 88' lang='lat' dir='ltr'><strong>et</strong></span> <span class='ocrx_word' id='word_1_556' title='bbox 1888 3703 2013 3760; x_wconf 79' lang='lat' dir='ltr'><strong>inﬁ—</strong></span> 
     </span>
    </p>
   </div>
   <div class='ocr_carea' id='block_1_52' title="bbox 486 3832 1051 3908">
    <p class='ocr_par' dir='ltr' id='par_1_52' title="bbox 486 3832 1051 3908">
     <span class='ocr_line' id='line_1_52' title="bbox 486 3832 1051 3908; baseline 0.002 -21"><span class='ocrx_word' id='word_1_557' title='bbox 486 3832 566 3908; x_wconf 59' lang='grc' dir='ltr'><strong>(ξ)</strong></span> <span class='ocrx_word' id='word_1_558' title='bbox 602 3832 717 3908; x_wconf 80' lang='lat' dir='ltr'><strong>Quo</strong></span> <span class='ocrx_word' id='word_1_559' title='bbox 741 3842 906 3904; x_wconf 71' lang='lat' dir='ltr'><strong>empta</strong></span> <span class='ocrx_word' id='word_1_560' title='bbox 925 3834 1051 3908; x_wconf 80' lang='lat' dir='ltr'><strong>sint.</strong></span> 
     </span>
    </p>
   </div>
   <div class='ocr_carea' id='block_1_53' title="bbox 487 3904 1402 3977">
    <p class='ocr_par' dir='ltr' id='par_1_53' title="bbox 487 3904 1402 3977">
     <span class='ocr_line' id='line_1_53' title="bbox 487 3904 1402 3977; baseline 0.004 -20"><span class='ocrx_word' id='word_1_561' title='bbox 487 3904 569 3977; x_wconf 69' lang='lat'><strong>(2)</strong></span> <span class='ocrx_word' id='word_1_562' title='bbox 596 3906 873 3977; x_wconf 71' lang='lat' dir='ltr'><strong>Qtnittitur</strong></span> <span class='ocrx_word' id='word_1_563' title='bbox 900 3921 954 3961; x_wconf 82' lang='lat' dir='ltr'><strong>se</strong></span> <span class='ocrx_word' id='word_1_564' title='bbox 978 3904 1034 3960; x_wconf 90' lang='lat' dir='ltr'><strong>in</strong></span> <span class='ocrx_word' id='word_1_565' title='bbox 1062 3918 1165 3961; x_wconf 86' lang='lat' dir='ltr'><strong>ms.</strong></span> <span class='ocrx_word' id='word_1_566' title='bbox 1196 3904 1402 3962; x_wconf 82' lang='lat' dir='ltr'><strong>Veron.</strong></span> 
     </span>
    </p>
   </div>
   <div class='ocr_carea' id='block_1_54' title="bbox 491 3975 1650 4052">
    <p class='ocr_par' dir='ltr' id='par_1_54' title="bbox 491 3975 1650 4052">
     <span class='ocr_line' id='line_1_54' title="bbox 491 3975 1650 4052; baseline 0.002 -21"><span class='ocrx_word' id='word_1_567' title='bbox 491 3975 574 4052; x_wconf 79' lang='grc'><strong>(5)</strong></span> <span class='ocrx_word' id='word_1_568' title='bbox 605 3975 671 4031; x_wconf 86' lang='lat' dir='ltr'><strong>Et</strong></span> <span class='ocrx_word' id='word_1_569' title='bbox 693 3994 724 4030; x_wconf 90' lang='lat' dir='ltr'><strong>a</strong></span> <span class='ocrx_word' id='word_1_570' title='bbox 738 3980 980 4050; x_wconf 72' lang='lat' dir='ltr'><strong>perfectae</strong></span> <span class='ocrx_word' id='word_1_571' title='bbox 1007 3977 1290 4032; x_wconf 79' lang='lat' dir='ltr'><strong>nativitatis</strong></span> <span class='ocrx_word' id='word_1_572' title='bbox 1313 3978 1650 4051; x_wconf 79' lang='lat' dir='ltr'><strong>confessione.</strong></span> 
     </span>
    </p>
   </div>
   <div class='ocr_carea' id='block_1_55' title="bbox 417 4114 2014 4190">
    <p class='ocr_par' dir='ltr' id='par_1_55' title="bbox 417 4114 2014 4190">
     <span class='ocr_line' id='line_1_55' title="bbox 417 4114 2014 4190; baseline -0.002 -15"><span class='ocrx_word' id='word_1_573' title='bbox 417 4121 501 4175; x_wconf 89' lang='lat' dir='ltr'><strong>his</strong></span> <span class='ocrx_word' id='word_1_574' title='bbox 528 4127 844 4175; x_wconf 89' lang='lat' dir='ltr'><strong>occurrunt.</strong></span> <span class='ocrx_word' id='word_1_575' title='bbox 873 4117 1044 4186; x_wconf 83' lang='lat' dir='ltr'><strong>Quem</strong></span> <span class='ocrx_word' id='word_1_576' title='bbox 1070 4114 1251 4187; x_wconf 88' lang='lat' dir='ltr'><strong>itaque</strong></span> <span class='ocrx_word' id='word_1_577' title='bbox 1273 4116 1431 4171; x_wconf 87' lang='lat' dir='ltr'><strong>docet</strong></span> <span class='ocrx_word' id='word_1_578' title='bbox 1458 4115 1590 4172; x_wconf 88' lang='lat' dir='ltr'><strong>ﬁdes</strong></span> <span class='ocrx_word' id='word_1_579' title='bbox 1609 4123 1747 4190; x_wconf 78' lang='lat' dir='ltr'><strong>ante</strong></span> <span class='ocrx_word' id='word_1_580' title='bbox 1773 4125 2014 4190; x_wconf 87' lang='lat' dir='ltr'><strong>tempora</strong></span> 
     </span>
    </p>
   </div>
   <div class='ocr_carea' id='block_1_56' title="bbox 419 4187 2016 4259">
    <p class='ocr_par' dir='ltr' id='par_1_56' title="bbox 419 4187 2016 4259">
     <span class='ocr_line' id='line_1_56' title="bbox 419 4187 2016 4259; baseline -0.001 -14"><span class='ocrx_word' id='word_1_581' title='bbox 419 4202 623 4247; x_wconf 64' lang='lat' dir='ltr'><strong>interna</strong></span> <span class='ocrx_word' id='word_1_582' title='bbox 653 4198 860 4253; x_wconf 89' lang='lat' dir='ltr'><strong>natum,</strong></span> <span class='ocrx_word' id='word_1_583' title='bbox 893 4204 1162 4259; x_wconf 83' lang='lat' dir='ltr'><strong>quemque</strong></span> <span class='ocrx_word' id='word_1_584' title='bbox 1207 4202 1387 4242; x_wconf 86' lang='lat' dir='ltr'><strong>sermo</strong></span> <span class='ocrx_word' id='word_1_585' title='bbox 1432 4187 1623 4259; x_wconf 63' lang='lat' dir='ltr'><strong>aeterni</strong></span> <span class='ocrx_word' id='word_1_586' title='bbox 1650 4189 1819 4258; x_wconf 84' lang='lat' dir='ltr'><strong>patris</strong></span> <span class='ocrx_word' id='word_1_587' title='bbox 1848 4187 2016 4245; x_wconf 83' lang='lat' dir='ltr'><strong>tilium</strong></span> 
     </span>
    </p>
   </div>
   <div class='ocr_carea' id='block_1_57' title="bbox 423 4258 2023 4331">
    <p class='ocr_par' dir='ltr' id='par_1_57' title="bbox 423 4258 2023 4331">
     <span class='ocr_line' id='line_1_57' title="bbox 423 4258 2023 4331; baseline -0.001 -14"><span class='ocrx_word' id='word_1_588' title='bbox 423 4272 718 4331; x_wconf 87' lang='lat' dir='ltr'><strong>nuncupat,</strong></span> <span class='ocrx_word' id='word_1_589' title='bbox 741 4261 882 4315; x_wconf 90' lang='lat' dir='ltr'><strong>hunc</strong></span> <span class='ocrx_word' id='word_1_590' title='bbox 909 4258 1102 4315; x_wconf 80' lang='lat' dir='ltr'><strong>sensus</strong></span> <span class='ocrx_word' id='word_1_591' title='bbox 1125 4273 1231 4313; x_wconf 91' lang='lat' dir='ltr'><strong>non</strong></span> <span class='ocrx_word' id='word_1_592' title='bbox 1252 4258 1478 4331; x_wconf 86' lang='lat' dir='ltr'><strong>percipit</strong></span> <span class='ocrx_word' id='word_1_593' title='bbox 1505 4259 1623 4331; x_wconf 16' lang='lat' dir='ltr'><strong>nisi,</strong></span> <span class='ocrx_word' id='word_1_594' title='bbox 1637 4275 1856 4331; x_wconf 83' lang='lat' dir='ltr'><strong>semper</strong></span> <span class='ocrx_word' id='word_1_595' title='bbox 1874 4262 2023 4317; x_wconf 83' lang='lat' dir='ltr'><strong>exis-</strong></span> 
     </span>
    </p>
   </div>
   <div class='ocr_carea' id='block_1_58' title="bbox 429 4329 2023 4407">
    <p class='ocr_par' dir='ltr' id='par_1_58' title="bbox 429 4329 2023 4407">
     <span class='ocr_line' id='line_1_58' title="bbox 429 4329 2023 4407; baseline -0.001 -18"><span class='ocrx_word' id='word_1_596' title='bbox 429 4329 633 4407; x_wconf 85' lang='lat' dir='ltr'><strong>tentetn</strong></span> <span class='ocrx_word' id='word_1_597' title='bbox 658 4346 983 4407; x_wconf 77' lang='lat' dir='ltr'><strong>semperque</strong></span> <span class='ocrx_word' id='word_1_598' title='bbox 1007 4336 1228 4392; x_wconf 83' lang='lat' dir='ltr'><strong>natum;</strong></span> <span class='ocrx_word' id='word_1_599' title='bbox 1258 4329 1500 4400; x_wconf 86' lang='lat' dir='ltr'><strong>adeoque</strong></span> <span class='ocrx_word' id='word_1_600' title='bbox 1529 4332 1582 4385; x_wconf 90' lang='lat' dir='ltr'><strong>in</strong></span> <span class='ocrx_word' id='word_1_601' title='bbox 1611 4330 1715 4387; x_wconf 88' lang='lat' dir='ltr'><strong>hac</strong></span> <span class='ocrx_word' id='word_1_602' title='bbox 1744 4329 1932 4387; x_wconf 84' lang='lat' dir='ltr'><strong>notitia</strong></span> <span class='ocrx_word' id='word_1_603' title='bbox 1960 4332 2023 4387; x_wconf 86' lang='lat' dir='ltr'><strong>ﬁ-</strong></span> 
     </span>
    </p>
   </div>
   <div class='ocr_carea' id='block_1_59' title="bbox 427 4403 1302 4469">
    <p class='ocr_par' dir='ltr' id='par_1_59' title="bbox 427 4403 1302 4469">
     <span class='ocr_line' id='line_1_59' title="bbox 427 4403 1302 4469; baseline -0.008 -9"><span class='ocrx_word' id='word_1_604' title='bbox 427 4408 573 4460; x_wconf 89' lang='lat' dir='ltr'><strong>nitur</strong></span> <span class='ocrx_word' id='word_1_605' title='bbox 604 4403 763 4469; x_wconf 86' lang='lat' dir='ltr'><strong>ﬁdes,</strong></span> <span class='ocrx_word' id='word_1_606' title='bbox 783 4403 988 4457; x_wconf 75' lang='lat' dir='ltr'><strong>sensus</strong></span> <span class='ocrx_word' id='word_1_607' title='bbox 1016 4410 1072 4457; x_wconf 89' lang='lat' dir='ltr'><strong>et</strong></span> <span class='ocrx_word' id='word_1_608' title='bbox 1099 4416 1302 4456; x_wconf 88' lang='lat' dir='ltr'><strong>sermo.</strong></span> 
     </span>
    </p>
   </div>
   <div class='ocr_carea' id='block_1_60' title="bbox 519 4472 2024 4550">
    <p class='ocr_par' dir='ltr' id='par_1_60' title="bbox 519 4472 2024 4550">
     <span class='ocr_line' id='line_1_60' title="bbox 519 4472 2024 4550; baseline -0.001 -20"><span class='ocrx_word' id='word_1_609' title='bbox 519 4474 594 4550; x_wconf 90' lang='lat' dir='ltr'><strong>(a)</strong></span> <span class='ocrx_word' id='word_1_610' title='bbox 614 4474 691 4550; x_wconf 4' lang='lat' dir='ltr'><strong>(lu</strong></span> <span class='ocrx_word' id='word_1_611' title='bbox 741 4489 886 4550; x_wconf 47' lang='lat' dir='ltr'><strong>mss:</strong></span> <span class='ocrx_word' id='word_1_612' title='bbox 905 4474 1096 4550; x_wconf 72' lang='lat' dir='ltr'><strong>probae</strong></span> <span class='ocrx_word' id='word_1_613' title='bbox 1146 4481 1313 4539; x_wconf 73' lang='lat' dir='ltr'><strong>notte,</strong></span> <span class='ocrx_word' id='word_1_614' title='bbox 1359 4487 1564 4539; x_wconf 85' lang='lat' dir='ltr'><strong>nomen,</strong></span> <span class='ocrx_word' id='word_1_615' title='bbox 1594 4472 1694 4529; x_wconf 78' lang='lat' dir='ltr'><strong>ista</strong></span> <span class='ocrx_word' id='word_1_616' title='bbox 1723 4482 1782 4529; x_wconf 89' lang='lat' dir='ltr'><strong>ut</strong></span> <span class='ocrx_word' id='word_1_617' title='bbox 1813 4483 2024 4529; x_wconf 84' lang='lat' dir='ltr'><strong>natura.</strong></span> 
     </span>
    </p>
   </div>
   <div class='ocr_carea' id='block_1_61' title="bbox 424 4543 944 4603">
    <p class='ocr_par' dir='ltr' id='par_1_61' title="bbox 424 4543 944 4603">
     <span class='ocr_line' id='line_1_61' title="bbox 424 4543 944 4603; baseline -0.008 -1"><span class='ocrx_word' id='word_1_618' title='bbox 424 4543 661 4603; x_wconf 79' lang='lat' dir='ltr'><strong>Consule</strong></span> <span class='ocrx_word' id='word_1_619' title='bbox 685 4561 835 4601; x_wconf 89' lang='lat' dir='ltr'><strong>num.</strong></span> <span class='ocrx_word' id='word_1_620' title='bbox 854 4543 944 4599; x_wconf 73' lang='lat' dir='ltr'><strong>2t.</strong></span> 
     </span>
    </p>
   </div>
   <div class='ocr_carea' id='block_1_62' title="bbox 502 4612 2026 4688">
    <p class='ocr_par' dir='ltr' id='par_1_62' title="bbox 502 4612 2026 4688">
     <span class='ocr_line' id='line_1_62' title="bbox 502 4612 2026 4688; baseline -0.001 -17"><span class='ocrx_word' id='word_1_621' title='bbox 502 4618 579 4688; x_wconf 87' lang='lat' dir='ltr'><strong>(b)</strong></span> <span class='ocrx_word' id='word_1_622' title='bbox 611 4617 790 4672; x_wconf 78' lang='lat' dir='ltr'><strong>Codex</strong></span> <span class='ocrx_word' id='word_1_623' title='bbox 819 4614 945 4688; x_wconf 68' lang='lat' dir='ltr'><strong>vat.</strong></span> <span class='ocrx_word' id='word_1_624' title='bbox 979 4615 1095 4671; x_wconf 88' lang='lat' dir='ltr'><strong>bas.</strong></span> <span class='ocrx_word' id='word_1_625' title='bbox 1126 4628 1249 4688; x_wconf 84' lang='lat' dir='ltr'><strong>cum</strong></span> <span class='ocrx_word' id='word_1_626' title='bbox 1276 4613 1574 4688; x_wconf 37' lang='lat' dir='ltr'><strong>Martindtt</strong></span> <span class='ocrx_word' id='word_1_627' title='bbox 1604 4631 1706 4688; x_wconf 77' lang='lat' dir='ltr'><strong>non</strong></span> <span class='ocrx_word' id='word_1_628' title='bbox 1733 4616 1900 4688; x_wconf 70' lang='lat' dir='ltr'><strong>solum</strong></span> <span class='ocrx_word' id='word_1_629' title='bbox 1924 4612 2026 4670; x_wconf 45' lang='lat' dir='ltr'><strong>Fir-</strong></span> 
     </span>
    </p>
   </div>
   <div class='ocr_carea' id='block_1_63' title="bbox 428 4684 2027 4752">
    <p class='ocr_par' dir='ltr' id='par_1_63' title="bbox 428 4684 2027 4752">
     <span class='ocr_line' id='line_1_63' title="bbox 428 4684 2027 4752; baseline 0 -10"><span class='ocrx_word' id='word_1_630' title='bbox 428 4684 522 4745; x_wconf 73' lang='lat' dir='ltr'><strong>tio.</strong></span> <span class='ocrx_word' id='word_1_631' title='bbox 564 4684 685 4743; x_wconf 78' lang='lat' dir='ltr'><strong>Mox</strong></span> <span class='ocrx_word' id='word_1_632' title='bbox 714 4688 850 4743; x_wconf 87' lang='lat' dir='ltr'><strong>alter</strong></span> <span class='ocrx_word' id='word_1_633' title='bbox 876 4685 1047 4741; x_wconf 81' lang='lat' dir='ltr'><strong>Vatic.</strong></span> <span class='ocrx_word' id='word_1_634' title='bbox 1081 4686 1171 4739; x_wconf 77' lang='lat' dir='ltr'><strong>sed</strong></span> <span class='ocrx_word' id='word_1_635' title='bbox 1200 4696 1247 4740; x_wconf 85' lang='lat' dir='ltr'><strong>et</strong></span> <span class='ocrx_word' id='word_1_636' title='bbox 1291 4684 1458 4739; x_wconf 87' lang='lat' dir='ltr'><strong>Patri.</strong></span> <span class='ocrx_word' id='word_1_637' title='bbox 1493 4686 1629 4741; x_wconf 91' lang='lat' dir='ltr'><strong>Tum</strong></span> <span class='ocrx_word' id='word_1_638' title='bbox 1654 4686 1810 4752; x_wconf 87' lang='lat' dir='ltr'><strong>Bad.,</strong></span> <span class='ocrx_word' id='word_1_639' title='bbox 1846 4687 1942 4743; x_wconf 86' lang='lat' dir='ltr'><strong>Er.</strong></span> <span class='ocrx_word' id='word_1_640' title='bbox 1971 4697 2027 4743; x_wconf 91' lang='lat' dir='ltr'><strong>et</strong></span> 
     </span>
    </p>
   </div>
   <div class='ocr_carea' id='block_1_64' title="bbox 427 4755 2029 4831">
    <p class='ocr_par' dir='ltr' id='par_1_64' title="bbox 427 4755 2029 4831">
     <span class='ocr_line' id='line_1_64' title="bbox 427 4755 2029 4831; baseline -0.001 -17"><span class='ocrx_word' id='word_1_641' title='bbox 427 4759 605 4831; x_wconf 88' lang='lat' dir='ltr'><strong>Lips.,</strong></span> <span class='ocrx_word' id='word_1_642' title='bbox 657 4757 1000 4831; x_wconf 78' lang='lat' dir='ltr'><strong>generationis</strong></span> <span class='ocrx_word' id='word_1_643' title='bbox 1046 4758 1338 4831; x_wconf 72' lang='lat' dir='ltr'><strong>adscribat..</strong></span> <span class='ocrx_word' id='word_1_644' title='bbox 1374 4755 1690 4831; x_wconf 33' lang='lat' dir='ltr'><strong>ln‘qnihus</strong></span> <span class='ocrx_word' id='word_1_645' title='bbox 1732 4760 2029 4831; x_wconf 63' lang='lat' dir='ltr'><strong>peregrina:</strong></span> 
     </span>
    </p>
   </div>
   <div class='ocr_carea' id='block_1_65' title="bbox 431 4826 2000 4886">
    <p class='ocr_par' dir='ltr' id='par_1_65' title="bbox 431 4826 2000 4886">
     <span class='ocr_line' id='line_1_65' title="bbox 431 4826 2000 4886; baseline -0.001 -1"><span class='ocrx_word' id='word_1_646' title='bbox 431 4826 622 4886; x_wconf 79' lang='lat' dir='ltr'><strong>manus</strong></span> <span class='ocrx_word' id='word_1_647' title='bbox 649 4826 914 4884; x_wconf 79' lang='lat' dir='ltr'><strong>secundas</strong></span> <span class='ocrx_word' id='word_1_648' title='bbox 946 4842 1105 4883; x_wconf 87' lang='lat' dir='ltr'><strong>curas</strong></span> <span class='ocrx_word' id='word_1_649' title='bbox 1137 4829 1410 4882; x_wconf 89' lang='lat' dir='ltr'><strong>timemus.</strong></span> <span class='ocrx_word' id='word_1_650' title='bbox 1441 4826 1612 4883; x_wconf 81' lang='lat' dir='ltr'><strong>Porro</strong></span> <span class='ocrx_word' id='word_1_651' title='bbox 1640 4826 1771 4883; x_wconf 87' lang='lat' dir='ltr'><strong>illud</strong></span> <span class='ocrx_word' id='word_1_652' title='bbox 1800 4826 1901 4884; x_wconf 75' lang='lat' dir='ltr'><strong>non</strong></span> <span class='ocrx_word' id='word_1_653' title='bbox 1929 4826 2000 4884; x_wconf 86' lang='lat' dir='ltr'><strong>Fi</strong></span> 
     </span>
    </p>
   </div>
   <div class='ocr_carea' id='block_1_66' title="bbox 430 4882 2105 4971">
    <p class='ocr_par' dir='ltr' id='par_1_66' title="bbox 430 4882 2105 4971">
     <span class='ocr_line' id='line_1_66' title="bbox 430 4882 2105 4971; baseline -0.001 -14"><span class='ocrx_word' id='word_1_654' title='bbox 795 4909 900 4968; x_wconf 84' lang='lat' dir='ltr'><strong>est,</strong></span> <span class='ocrx_word' id='word_1_655' title='bbox 942 4899 1085 4971; x_wconf 85' lang='lat' dir='ltr'><strong>nulla</strong></span> <span class='ocrx_word' id='word_1_656' title='bbox 1117 4898 1246 4971; x_wconf 72' lang='lat' dir='ltr'><strong>Filii</strong></span> <span class='ocrx_word' id='word_1_657' title='bbox 1267 4882 1539 4953; x_wconf 78' lang='lat' dir='ltr'><strong>mentione</strong></span> <span class='ocrx_word' id='word_1_658' title='bbox 1570 4882 1905 4971; x_wconf 22' lang='lat' dir='ltr'><strong>factapPatri</strong></span> <span class='ocrx_word' id='word_1_659' title='bbox 1934 4882 2027 4971; x_wconf 75' lang='lat' dir='ltr'><strong>ge-</strong></span> <span class='ocrx_word' id='word_1_660' title='bbox 2053 4882 2105 4941; x_wconf 82' lang='lat' dir='ltr'><strong>D</strong></span> 
     </span>
    </p>
   </div>
   <div class='ocr_carea' id='block_1_67' title="bbox 431 4967 2023 5040">
    <p class='ocr_par' dir='ltr' id='par_1_67' title="bbox 431 4967 2023 5040">
     <span class='ocr_line' id='line_1_67' title="bbox 431 4967 2023 5040; baseline -0.001 -12"><span class='ocrx_word' id='word_1_661' title='bbox 431 4974 765 5029; x_wconf 87' lang='lat' dir='ltr'><strong>uerationeni</strong></span> <span class='ocrx_word' id='word_1_662' title='bbox 795 4967 1143 5025; x_wconf 82' lang='lat' dir='ltr'><strong>adventitiam</strong></span> <span class='ocrx_word' id='word_1_663' title='bbox 1174 4967 1341 5023; x_wconf 80' lang='lat' dir='ltr'><strong>fuisse</strong></span> <span class='ocrx_word' id='word_1_664' title='bbox 1371 4970 1591 5025; x_wconf 84' lang='lat' dir='ltr'><strong>scribat.</strong></span> <span class='ocrx_word' id='word_1_665' title='bbox 1617 4970 1859 5040; x_wconf 85' lang='lat' dir='ltr'><strong>Namque</strong></span> <span class='ocrx_word' id='word_1_666' title='bbox 1898 4967 2023 5026; x_wconf 72' lang='lat' dir='ltr'><strong>ver-</strong></span> 
     </span>
    </p>
   </div>
   <div class='ocr_carea' id='block_1_68' title="bbox 434 5040 2028 5113">
    <p class='ocr_par' dir='ltr' id='par_1_68' title="bbox 434 5040 2028 5113">
     <span class='ocr_line' id='line_1_68' title="bbox 434 5040 2028 5113; baseline -0.002 -16"><span class='ocrx_word' id='word_1_667' title='bbox 434 5045 562 5099; x_wconf 91' lang='lat' dir='ltr'><strong>bum</strong></span> <span class='ocrx_word' id='word_1_668' title='bbox 588 5041 877 5113; x_wconf 67' lang='lat' dir='ltr'><strong>adscribere</strong></span> <span class='ocrx_word' id='word_1_669' title='bbox 908 5041 1128 5112; x_wconf 86' lang='lat' dir='ltr'><strong>pr0prie</strong></span> <span class='ocrx_word' id='word_1_670' title='bbox 1155 5040 1423 5113; x_wconf 77' lang='lat' dir='ltr'><strong>idemest,</strong></span> <span class='ocrx_word' id='word_1_671' title='bbox 1446 5042 1587 5111; x_wconf 84' lang='lat' dir='ltr'><strong>quod</strong></span> <span class='ocrx_word' id='word_1_672' title='bbox 1615 5045 1691 5097; x_wconf 89' lang='lat' dir='ltr'><strong>rei</strong></span> <span class='ocrx_word' id='word_1_673' title='bbox 1715 5042 1827 5112; x_wconf 87' lang='lat' dir='ltr'><strong>jam</strong></span> <span class='ocrx_word' id='word_1_674' title='bbox 1860 5044 2028 5113; x_wconf 86' lang='lat' dir='ltr'><strong>scrip-</strong></span> 
     </span>
    </p>
   </div>
   <div class='ocr_carea' id='block_1_69' title="bbox 436 5110 2029 5183">
    <p class='ocr_par' dir='ltr' id='par_1_69' title="bbox 436 5110 2029 5183">
     <span class='ocr_line' id='line_1_69' title="bbox 436 5110 2029 5183; baseline -0.002 -15"><span class='ocrx_word' id='word_1_675' title='bbox 436 5125 503 5170; x_wconf 75' lang='lat' dir='ltr'><strong>ta:</strong></span> <span class='ocrx_word' id='word_1_676' title='bbox 531 5115 786 5183; x_wconf 87' lang='lat' dir='ltr'><strong>adjicere.</strong></span> <span class='ocrx_word' id='word_1_677' title='bbox 829 5110 984 5170; x_wconf 82' lang='lat' dir='ltr'><strong>Unde</strong></span> <span class='ocrx_word' id='word_1_678' title='bbox 1035 5122 1090 5167; x_wconf 91' lang='lat' dir='ltr'><strong>et</strong></span> <span class='ocrx_word' id='word_1_679' title='bbox 1121 5125 1218 5180; x_wconf 90' lang='lat' dir='ltr'><strong>pro</strong></span> <span class='ocrx_word' id='word_1_680' title='bbox 1248 5110 1477 5183; x_wconf 80' lang='lat' dir='ltr'><strong>adjicere</strong></span> <span class='ocrx_word' id='word_1_681' title='bbox 1516 5110 1832 5181; x_wconf 75' lang='lat' dir='ltr'><strong>simpliciter</strong></span> <span class='ocrx_word' id='word_1_682' title='bbox 1862 5110 2029 5168; x_wconf 72' lang='lat' dir='ltr'><strong>usita-</strong></span> 
     </span>
    </p>
   </div>
   <div class='ocr_carea' id='block_1_70' title="bbox 438 5181 2025 5253">
    <p class='ocr_par' dir='ltr' id='par_1_70' title="bbox 438 5181 2025 5253">
     <span class='ocr_line' id='line_1_70' title="bbox 438 5181 2025 5253; baseline -0.001 -13"><span class='ocrx_word' id='word_1_683' title='bbox 438 5198 549 5240; x_wconf 91' lang='lat' dir='ltr'><strong>tum</strong></span> <span class='ocrx_word' id='word_1_684' title='bbox 579 5181 680 5239; x_wconf 81' lang='lat' dir='ltr'><strong>est.</strong></span> <span class='ocrx_word' id='word_1_685' title='bbox 715 5186 780 5238; x_wconf 81' lang='lat' dir='ltr'><strong>Et</strong></span> <span class='ocrx_word' id='word_1_686' title='bbox 819 5184 1162 5238; x_wconf 77' lang='lat' dir='ltr'><strong>manifestum</strong></span> <span class='ocrx_word' id='word_1_687' title='bbox 1192 5194 1276 5235; x_wconf 88' lang='lat' dir='ltr'><strong>est</strong></span> <span class='ocrx_word' id='word_1_688' title='bbox 1307 5181 1392 5236; x_wconf 87' lang='lat' dir='ltr'><strong>hic</strong></span> <span class='ocrx_word' id='word_1_689' title='bbox 1421 5183 1742 5253; x_wconf 79' lang='lat' dir='ltr'><strong>reprehendi</strong></span> <span class='ocrx_word' id='word_1_690' title='bbox 1768 5182 2025 5250; x_wconf 84' lang='lat' dir='ltr'><strong>Ariauos,</strong></span> 
     </span>
    </p>
   </div>
   <div class='ocr_carea' id='block_1_71' title="bbox 438 5255 2031 5326">
    <p class='ocr_par' dir='ltr' id='par_1_71' title="bbox 438 5255 2031 5326">
     <span class='ocr_line' id='line_1_71' title="bbox 438 5255 2031 5326; baseline 0.001 -17"><span class='ocrx_word' id='word_1_691' title='bbox 438 5258 579 5326; x_wconf 90' lang='lat' dir='ltr'><strong>quod</strong></span> <span class='ocrx_word' id='word_1_692' title='bbox 607 5257 753 5311; x_wconf 85' lang='lat' dir='ltr'><strong>Patri</strong></span> <span class='ocrx_word' id='word_1_693' title='bbox 776 5256 888 5325; x_wconf 88' lang='lat' dir='ltr'><strong>jam</strong></span> <span class='ocrx_word' id='word_1_694' title='bbox 922 5256 974 5326; x_wconf 86' lang='lat' dir='ltr'><strong>in</strong></span> <span class='ocrx_word' id='word_1_695' title='bbox 1019 5261 1343 5326; x_wconf 63' lang='lat' dir='ltr'><strong>snanatura</strong></span> <span class='ocrx_word' id='word_1_696' title='bbox 1380 5257 1690 5326; x_wconf 78' lang='lat' dir='ltr'><strong>constituto</strong></span> <span class='ocrx_word' id='word_1_697' title='bbox 1721 5255 2031 5325; x_wconf 87' lang='lat' dir='ltr'><strong>generatio-</strong></span> 
     </span>
    </p>
   </div>
   <div class='ocr_carea' id='block_1_72' title="bbox 440 5322 2028 5384">
    <p class='ocr_par' dir='ltr' id='par_1_72' title="bbox 440 5322 2028 5384">
     <span class='ocr_line' id='line_1_72' title="bbox 440 5322 2028 5384; baseline 0 -3"><span class='ocrx_word' id='word_1_698' title='bbox 440 5322 561 5384; x_wconf 79' lang='lat' dir='ltr'><strong>nem</strong></span> <span class='ocrx_word' id='word_1_699' title='bbox 589 5322 863 5384; x_wconf 76' lang='lat' dir='ltr'><strong>tamquam</strong></span> <span class='ocrx_word' id='word_1_700' title='bbox 888 5322 1239 5380; x_wconf 89' lang='lat' dir='ltr'><strong>adventitium</strong></span> <span class='ocrx_word' id='word_1_701' title='bbox 1269 5324 1486 5379; x_wconf 90' lang='lat' dir='ltr'><strong>modum</strong></span> <span class='ocrx_word' id='word_1_702' title='bbox 1514 5322 1824 5381; x_wconf 60' lang='lat' dir='ltr'><strong>adscribunt</strong></span> <span class='ocrx_word' id='word_1_703' title='bbox 1850 5337 1907 5381; x_wconf 92' lang='lat' dir='ltr'><strong>et</strong></span> <span class='ocrx_word' id='word_1_704' title='bbox 1927 5326 2028 5382; x_wconf 88' lang='lat' dir='ltr'><strong>ad-</strong></span> 
     </span>
    </p>
   </div>
   <div class='ocr_carea' id='block_1_73' title="bbox 433 5394 2029 5470">
    <p class='ocr_par' dir='ltr' id='par_1_73' title="bbox 433 5394 2029 5470">
     <span class='ocr_line' id='line_1_73' title="bbox 433 5394 2029 5470; baseline 0 -18"><span class='ocrx_word' id='word_1_705' title='bbox 433 5402 694 5470; x_wconf 72' lang='lat' dir='ltr'><strong>jnngant.</strong></span> <span class='ocrx_word' id='word_1_706' title='bbox 719 5394 1014 5470; x_wconf 78' lang='lat' dir='ltr'><strong>Relutatur</strong></span> <span class='ocrx_word' id='word_1_707' title='bbox 1052 5396 1250 5466; x_wconf 85' lang='lat' dir='ltr'><strong>quippe</strong></span> <span class='ocrx_word' id='word_1_708' title='bbox 1275 5395 1412 5470; x_wconf 7' lang='lat' dir='ltr'><strong>(illud</strong></span> <span class='ocrx_word' id='word_1_709' title='bbox 1454 5394 1652 5470; x_wconf 67' lang='lat' dir='ltr'><strong>Ariiin</strong></span> <span class='ocrx_word' id='word_1_710' title='bbox 1697 5397 2029 5470; x_wconf 59' lang='lat' dir='ltr'><strong>s_ua_Tlialia</strong></span> 
     </span>
    </p>
   </div>
   <div class='ocr_carea' id='block_1_74' title="bbox 440 5466 2031 5540">
    <p class='ocr_par' dir='ltr' id='par_1_74' title="bbox 440 5466 2031 5540">
     <span class='ocr_line' id='line_1_74' title="bbox 440 5466 2031 5540; baseline 0 -17"><span class='ocrx_word' id='word_1_711' title='bbox 440 5466 579 5540; x_wconf 73' lang='lat' dir='ltr'><strong>apud</strong></span> <span class='ocrx_word' id='word_1_712' title='bbox 613 5469 872 5539; x_wconf 83' lang='lat' dir='ltr'><strong>Athanas.</strong></span> <span class='ocrx_word' id='word_1_713' title='bbox 894 5469 991 5522; x_wconf 69' lang='grc' dir='ltr'><strong>υτ.</strong></span> <span class='ocrx_word' id='word_1_714' title='bbox 1015 5481 1050 5520; x_wconf 83' lang='lat' dir='ltr'><strong>tt</strong></span> <span class='ocrx_word' id='word_1_715' title='bbox 1080 5475 1226 5520; x_wconf 88' lang='lat' dir='ltr'><strong>cont.</strong></span> <span class='ocrx_word' id='word_1_716' title='bbox 1259 5469 1378 5540; x_wconf 64' lang='lat' dir='ltr'><strong>An,</strong></span> <span class='ocrx_word' id='word_1_717' title='bbox 1412 5481 1464 5537; x_wconf 91' lang='lat' dir='ltr'><strong>p.</strong></span> <span class='ocrx_word' id='word_1_718' title='bbox 1500 5466 1616 5540; x_wconf 13' lang='lat' dir='ltr'><strong>510A</strong></span> <span class='ocrx_word' id='word_1_719' title='bbox 1632 5477 1687 5523; x_wconf 91' lang='lat' dir='ltr'><strong>et</strong></span> <span class='ocrx_word' id='word_1_720' title='bbox 1714 5466 1822 5540; x_wconf 71' lang='grc'><strong>514</strong></span> <span class='ocrx_word' id='word_1_721' title='bbox 1855 5466 2031 5540; x_wconf 80' lang='lat' dir='ltr'><strong>:Deus</strong></span> 
     </span>
    </p>
   </div>
   <div class='ocr_carea' id='block_1_75' title="bbox 441 5535 2034 5613">
    <p class='ocr_par' dir='ltr' id='par_1_75' title="bbox 441 5535 2034 5613">
     <span class='ocr_line' id='line_1_75' title="bbox 441 5535 2034 5613; baseline -0.002 -18"><span class='ocrx_word' id='word_1_722' title='bbox 441 5535 547 5595; x_wconf 68' lang='lat' dir='ltr'><strong>non</strong></span> <span class='ocrx_word' id='word_1_723' title='bbox 591 5535 789 5613; x_wconf 75' lang='lat' dir='ltr'><strong>semper</strong></span> <span class='ocrx_word' id='word_1_724' title='bbox 820 5548 929 5593; x_wconf 88' lang='lat' dir='ltr'><strong>erat</strong></span> <span class='ocrx_word' id='word_1_725' title='bbox 967 5547 1114 5613; x_wconf 74' lang='lat' dir='ltr'><strong>pater</strong></span> <span class='ocrx_word' id='word_1_726' title='bbox 1142 5552 1160 5591; x_wconf 89' lang='lat'><strong><em>:</em></strong></span> <span class='ocrx_word' id='word_1_727' title='bbox 1191 5536 1280 5591; x_wconf 82' lang='lat' dir='ltr'><strong>sed</strong></span> <span class='ocrx_word' id='word_1_728' title='bbox 1301 5535 1852 5613; x_wconf 43' lang='lat' dir='ltr'><strong>fuit&#39;quandosalum</strong></span> <span class='ocrx_word' id='word_1_729' title='bbox 1890 5538 2034 5613; x_wconf 74' lang='lat' dir='ltr'><strong>Deus</strong></span> 
     </span>
    </p>
   </div>
   <div class='ocr_carea' id='block_1_76' title="bbox 443 5606 2037 5679">
    <p class='ocr_par' dir='ltr' id='par_1_76' title="bbox 443 5606 2037 5679">
     <span class='ocr_line' id='line_1_76' title="bbox 443 5606 2037 5679; baseline -0.001 -12"><span class='ocrx_word' id='word_1_730' title='bbox 443 5620 577 5679; x_wconf 83' lang='lat' dir='ltr'><strong>erat,</strong></span> <span class='ocrx_word' id='word_1_731' title='bbox 619 5625 663 5665; x_wconf 89' lang='lat' dir='ltr'><strong>et</strong></span> <span class='ocrx_word' id='word_1_732' title='bbox 698 5606 850 5678; x_wconf 63' lang='lat' dir='ltr'><strong>pater</strong></span> <span class='ocrx_word' id='word_1_733' title='bbox 898 5606 1127 5665; x_wconf 79' lang='lat' dir='ltr'><strong>nondum</strong></span> <span class='ocrx_word' id='word_1_734' title='bbox 1172 5606 1311 5663; x_wconf 64' lang='lat' dir='ltr'><strong>erat.</strong></span> <span class='ocrx_word' id='word_1_735' title='bbox 1347 5606 1483 5664; x_wconf 83' lang='lat' dir='ltr'><strong>Tum</strong></span> <span class='ocrx_word' id='word_1_736' title='bbox 1514 5609 1583 5664; x_wconf 87' lang='lat' dir='ltr'><strong>de</strong></span> <span class='ocrx_word' id='word_1_737' title='bbox 1633 5610 1807 5667; x_wconf 83' lang='lat' dir='ltr'><strong>Verbo</strong></span> <span class='ocrx_word' id='word_1_738' title='bbox 1852 5628 1866 5663; x_wconf 89' lang='lat'><strong>:</strong></span> <span class='ocrx_word' id='word_1_739' title='bbox 1908 5608 2037 5665; x_wconf 83' lang='lat' dir='ltr'><strong>Fuit</strong></span> 
     </span>
    </p>
   </div>
   <div class='ocr_carea' id='block_1_77' title="bbox 444 5680 2039 5755">
    <p class='ocr_par' dir='ltr' id='par_1_77' title="bbox 444 5680 2039 5755">
     <span class='ocr_line' id='line_1_77' title="bbox 444 5680 2039 5755; baseline 0 -19"><span class='ocrx_word' id='word_1_740' title='bbox 444 5683 652 5755; x_wconf 81' lang='lat' dir='ltr'><strong>quando</strong></span> <span class='ocrx_word' id='word_1_741' title='bbox 701 5700 805 5737; x_wconf 86' lang='lat' dir='ltr'><strong>non</strong></span> <span class='ocrx_word' id='word_1_742' title='bbox 852 5691 959 5737; x_wconf 85' lang='lat' dir='ltr'><strong>erat</strong></span> <span class='ocrx_word' id='word_1_743' title='bbox 993 5694 1196 5755; x_wconf 81' lang='lat' dir='ltr'><strong>:neque</strong></span> <span class='ocrx_word' id='word_1_744' title='bbox 1231 5688 1342 5755; x_wconf 72' lang='lat' dir='ltr'><strong>erat</strong></span> <span class='ocrx_word' id='word_1_745' title='bbox 1380 5690 1499 5735; x_wconf 85' lang='lat' dir='ltr'><strong>ante</strong></span> <span class='ocrx_word' id='word_1_746' title='bbox 1532 5697 1699 5755; x_wconf 3' lang='lat' dir='ltr'><strong>(quam</strong></span> <span class='ocrx_word' id='word_1_747' title='bbox 1736 5682 1898 5755; x_wconf 55' lang='lat' dir='ltr'><strong>ﬁeret,</strong></span> <span class='ocrx_word' id='word_1_748' title='bbox 1949 5680 2039 5755; x_wconf 78' lang='lat' dir='ltr'><strong>sed</strong></span> 
     </span>
    </p>
   </div>
   <div class='ocr_carea' id='block_1_78' title="bbox 445 5750 2043 5821">
    <p class='ocr_par' dir='ltr' id='par_1_78' title="bbox 445 5750 2043 5821">
     <span class='ocr_line' id='line_1_78' title="bbox 445 5750 2043 5821; baseline -0.003 -12"><span class='ocrx_word' id='word_1_749' title='bbox 445 5750 718 5811; x_wconf 71' lang='lat' dir='ltr'><strong>exordium</strong></span> <span class='ocrx_word' id='word_1_750' title='bbox 754 5763 808 5813; x_wconf 85' lang='lat' dir='ltr'><strong>ut</strong></span> <span class='ocrx_word' id='word_1_751' title='bbox 835 5758 1094 5808; x_wconf 84' lang='lat' dir='ltr'><strong>crearetur</strong></span> <span class='ocrx_word' id='word_1_752' title='bbox 1116 5750 1274 5821; x_wconf 70' lang='lat' dir='ltr'><strong>etiam</strong></span> <span class='ocrx_word' id='word_1_753' title='bbox 1309 5751 1483 5821; x_wconf 77' lang='lat' dir='ltr'><strong>ipsum</strong></span> <span class='ocrx_word' id='word_1_754' title='bbox 1519 5750 1713 5809; x_wconf 82' lang='lat' dir='ltr'><strong>habuit.</strong></span> <span class='ocrx_word' id='word_1_755' title='bbox 1737 5750 1875 5807; x_wconf 77' lang='lat' dir='ltr'><strong>Erat</strong></span> <span class='ocrx_word' id='word_1_756' title='bbox 1906 5753 2043 5806; x_wconf 82' lang='lat' dir='ltr'><strong>enim</strong></span> 
     </span>
    </p>
   </div>
   <div class='ocr_carea' id='block_1_79' title="bbox 448 5819 2046 5898">
    <p class='ocr_par' dir='ltr' id='par_1_79' title="bbox 448 5819 2046 5898">
     <span class='ocr_line' id='line_1_79' title="bbox 448 5819 2046 5898; baseline 0.001 -16"><span class='ocrx_word' id='word_1_757' title='bbox 448 5827 592 5887; x_wconf 78' lang='lat' dir='ltr'><strong>solus</strong></span> <span class='ocrx_word' id='word_1_758' title='bbox 610 5823 779 5893; x_wconf 70' lang='lat' dir='ltr'><strong>Deus,</strong></span> <span class='ocrx_word' id='word_1_759' title='bbox 809 5823 1025 5881; x_wconf 83' lang='lat' dir='ltr'><strong>necdum</strong></span> <span class='ocrx_word' id='word_1_760' title='bbox 1053 5831 1159 5878; x_wconf 84' lang='lat' dir='ltr'><strong>erat</strong></span> <span class='ocrx_word' id='word_1_761' title='bbox 1192 5819 1414 5879; x_wconf 80' lang='lat' dir='ltr'><strong>Verbum</strong></span> <span class='ocrx_word' id='word_1_762' title='bbox 1437 5832 1485 5883; x_wconf 87' lang='lat' dir='ltr'><strong>et</strong></span> <span class='ocrx_word' id='word_1_763' title='bbox 1515 5822 1789 5898; x_wconf 72' lang='lat' dir='ltr'><strong>Sapientia</strong></span> <span class='ocrx_word' id='word_1_764' title='bbox 1814 5839 1833 5880; x_wconf 75' lang='grc' dir='ltr'><strong><em>ε</em></strong></span> <span class='ocrx_word' id='word_1_765' title='bbox 1860 5823 2046 5887; x_wconf 71' lang='lat' dir='ltr'><strong>deinde</strong></span> 
     </span>
    </p>
   </div>
   <div class='ocr_carea' id='block_1_80' title="bbox 2121 3611 3724 3688">
    <p class='ocr_par' dir='ltr' id='par_1_80' title="bbox 2121 3611 3724 3688">
     <span class='ocr_line' id='line_1_80' title="bbox 2121 3611 3724 3688; baseline 0.004 -21"><span class='ocrx_word' id='word_1_766' title='bbox 2121 3611 2221 3667; x_wconf 88' lang='lat' dir='ltr'><strong>bus</strong></span> <span class='ocrx_word' id='word_1_767' title='bbox 2252 3613 2507 3682; x_wconf 90' lang='lat' dir='ltr'><strong>operibus</strong></span> <span class='ocrx_word' id='word_1_768' title='bbox 2551 3628 2615 3669; x_wconf 89' lang='lat' dir='ltr'><strong>ac</strong></span> <span class='ocrx_word' id='word_1_769' title='bbox 2642 3614 2906 3670; x_wconf 81' lang='lat' dir='ltr'><strong>doctrinis</strong></span> <span class='ocrx_word' id='word_1_770' title='bbox 2932 3616 3016 3687; x_wconf 77' lang='lat'><strong>(5)</strong></span> <span class='ocrx_word' id='word_1_771' title='bbox 3050 3616 3142 3670; x_wconf 89' lang='lat' dir='ltr'><strong>Dei</strong></span> <span class='ocrx_word' id='word_1_772' title='bbox 3171 3617 3252 3688; x_wconf 75' lang='grc' dir='ltr'><strong>(ο)</strong></span> <span class='ocrx_word' id='word_1_773' title='bbox 3274 3615 3593 3682; x_wconf 72' lang='lat' dir='ltr'><strong>efﬁcaciam,</strong></span> <span class='ocrx_word' id='word_1_774' title='bbox 3626 3630 3724 3685; x_wconf 87' lang='lat' dir='ltr'><strong>per</strong></span> 
     </span>
    </p>
   </div>
   <div class='ocr_carea' id='block_1_81' title="bbox 2126 3704 3725 3779">
    <p class='ocr_par' dir='ltr' id='par_1_81' title="bbox 2126 3704 3725 3779">
     <span class='ocr_line' id='line_1_81' title="bbox 2126 3704 3725 3779; baseline 0.001 -20"><span class='ocrx_word' id='word_1_775' title='bbox 2126 3705 2240 3760; x_wconf 77' lang='lat' dir='ltr'><strong>lucc</strong></span> <span class='ocrx_word' id='word_1_776' title='bbox 2281 3707 2444 3762; x_wconf 82' lang='lat' dir='ltr'><strong>verba</strong></span> <span class='ocrx_word' id='word_1_777' title='bbox 2474 3704 2767 3775; x_wconf 72' lang='lat' dir='ltr'><strong>Sapientia:</strong></span> <span class='ocrx_word' id='word_1_778' title='bbox 2806 3708 3146 3764; x_wconf 88' lang='lat' dir='ltr'><strong>snbsistentis</strong></span> <span class='ocrx_word' id='word_1_779' title='bbox 3188 3708 3569 3779; x_wconf 82' lang='lat' dir='ltr'><strong>exstinguensl</strong></span> <span class='ocrx_word' id='word_1_780' title='bbox 3602 3720 3725 3779; x_wconf 73' lang='lat' dir='ltr'><strong>quas</strong></span> 
     </span>
    </p>
   </div>
   <div class='ocr_carea' id='block_1_82' title="bbox 2198 3842 2879 3913">
    <p class='ocr_par' dir='ltr' id='par_1_82' title="bbox 2198 3842 2879 3913">
     <span class='ocr_line' id='line_1_82' title="bbox 2198 3842 2879 3913; baseline 0.001 -14"><span class='ocrx_word' id='word_1_781' title='bbox 2198 3844 2283 3913; x_wconf 67' lang='lat'><strong>(4)</strong></span> <span class='ocrx_word' id='word_1_782' title='bbox 2315 3842 2516 3899; x_wconf 80' lang='lat' dir='ltr'><strong>Creavit</strong></span> <span class='ocrx_word' id='word_1_783' title='bbox 2547 3861 2627 3900; x_wconf 80' lang='lat' dir='ltr'><strong>me</strong></span> <span class='ocrx_word' id='word_1_784' title='bbox 2653 3845 2879 3900; x_wconf 78' lang='lat' dir='ltr'><strong>initium.</strong></span> 
     </span>
    </p>
   </div>
   <div class='ocr_carea' id='block_1_83' title="bbox 2199 3914 2775 3987">
    <p class='ocr_par' dir='ltr' id='par_1_83' title="bbox 2199 3914 2775 3987">
     <span class='ocr_line' id='line_1_83' title="bbox 2199 3914 2775 3987; baseline -0.003 -15"><span class='ocrx_word' id='word_1_785' title='bbox 2199 3917 2280 3987; x_wconf 81' lang='lat'><strong>(5)</strong></span> <span class='ocrx_word' id='word_1_786' title='bbox 2312 3914 2409 3969; x_wconf 89' lang='lat' dir='ltr'><strong>Dei</strong></span> <span class='ocrx_word' id='word_1_787' title='bbox 2432 3916 2775 3986; x_wconf 61' lang='lat' dir='ltr'><strong>eﬂcicntiam.</strong></span> 
     </span>
    </p>
   </div>
   <div class='ocr_carea' id='block_1_84' title="bbox 2123 4112 3730 4192">
    <p class='ocr_par' dir='ltr' id='par_1_84' title="bbox 2123 4112 3730 4192">
     <span class='ocr_line' id='line_1_84' title="bbox 2123 4112 3730 4192; baseline 0.004 -22"><span class='ocrx_word' id='word_1_788' title='bbox 2123 4132 2240 4192; x_wconf 79' lang='lat' dir='ltr'><strong>cuin</strong></span> <span class='ocrx_word' id='word_1_789' title='bbox 2267 4112 2589 4192; x_wconf 52' lang='lat' dir='ltr'><strong>collapsus</strong></span> <span class='ocrx_word' id='word_1_790' title='bbox 2631 4130 2724 4170; x_wconf 86' lang='lat' dir='ltr'><strong>nos</strong></span> <span class='ocrx_word' id='word_1_791' title='bbox 2753 4116 3006 4192; x_wconf 57' lang='lat' dir='ltr'><strong>condere,</strong></span> <span class='ocrx_word' id='word_1_792' title='bbox 3038 4127 3158 4173; x_wconf 74' lang='lat' dir='ltr'><strong>tunc</strong></span> <span class='ocrx_word' id='word_1_793' title='bbox 3203 4134 3360 4173; x_wconf 76' lang='lat' dir='ltr'><strong>unum</strong></span> <span class='ocrx_word' id='word_1_794' title='bbox 3400 4120 3626 4191; x_wconf 81' lang='lat' dir='ltr'><strong>aliquem</strong></span> <span class='ocrx_word' id='word_1_795' title='bbox 3652 4121 3730 4192; x_wconf 77' lang='lat' dir='ltr'><strong>fe-</strong></span> 
     </span>
    </p>
   </div>
   <div class='ocr_carea' id='block_1_85' title="bbox 2126 4185 3731 4263">
    <p class='ocr_par' dir='ltr' id='par_1_85' title="bbox 2126 4185 3731 4263">
     <span class='ocr_line' id='line_1_85' title="bbox 2126 4185 3731 4263; baseline 0.004 -22"><span class='ocrx_word' id='word_1_796' title='bbox 2126 4189 2384 4263; x_wconf 75' lang='lat' dir='ltr'><strong>cit,quem</strong></span> <span class='ocrx_word' id='word_1_797' title='bbox 2418 4185 2642 4241; x_wconf 83' lang='lat' dir='ltr'><strong>Verbum</strong></span> <span class='ocrx_word' id='word_1_798' title='bbox 2669 4196 2717 4240; x_wconf 80' lang='lat' dir='ltr'><strong>et</strong></span> <span class='ocrx_word' id='word_1_799' title='bbox 2744 4186 3067 4263; x_wconf 69' lang='lat' dir='ltr'><strong>Sapientiam</strong></span> <span class='ocrx_word' id='word_1_800' title='bbox 3091 4192 3392 4246; x_wconf 82' lang='lat' dir='ltr'><strong>nominauit.</strong></span> <span class='ocrx_word' id='word_1_801' title='bbox 3426 4185 3503 4248; x_wconf 60' lang='lat' dir='ltr'><strong>es</strong></span> <span class='ocrx_word' id='word_1_802' title='bbox 3534 4185 3731 4263; x_wconf 64' lang='lat' dir='ltr'><strong>quinas</strong></span> 
     </span>
    </p>
   </div>
   <div class='ocr_carea' id='block_1_86' title="bbox 2129 4261 3730 4385">
    <p class='ocr_par' dir='ltr' id='par_1_86' title="bbox 2129 4261 3730 4385">
     <span class='ocr_line' id='line_1_86' title="bbox 2129 4261 3730 4385; baseline 0.004 -71"><span class='ocrx_word' id='word_1_803' title='bbox 2129 4261 2339 4385; x_wconf 53' lang='lat' dir='ltr'><strong>lliqi’tett.</strong></span> <span class='ocrx_word' id='word_1_804' title='bbox 2394 4272 2517 4314; x_wconf 86' lang='lat' dir='ltr'><strong>cum</strong></span> <span class='ocrx_word' id='word_1_805' title='bbox 2571 4272 2678 4328; x_wconf 88' lang='lat' dir='ltr'><strong>quo</strong></span> <span class='ocrx_word' id='word_1_806' title='bbox 2729 4269 2918 4316; x_wconf 85' lang='lat' dir='ltr'><strong>noster</strong></span> <span class='ocrx_word' id='word_1_807' title='bbox 2977 4261 3217 4318; x_wconf 81' lang='lat' dir='ltr'><strong>Hilarius</strong></span> <span class='ocrx_word' id='word_1_808' title='bbox 3282 4264 3447 4319; x_wconf 85' lang='lat' dir='ltr'><strong>modo</strong></span> <span class='ocrx_word' id='word_1_809' title='bbox 3507 4261 3730 4321; x_wconf 74' lang='lat' dir='ltr'><strong>causam</strong></span> 
     </span>
     <span class='ocr_line' id='line_1_87' title="bbox 2169 4346 2349 4385; baseline 0 0"><span class='ocrx_word' id='word_1_810' title='bbox 2169 4346 2198 4385; x_wconf 91' lang='lat' dir='ltr'><strong>a</strong></span> <span class='ocrx_word' id='word_1_811' title='bbox 2239 4346 2302 4385; x_wconf 88' lang='lat' dir='ltr'><strong>ea</strong></span> <span class='ocrx_word' id='word_1_812' title='bbox 2334 4369 2349 4385; x_wconf 95' lang='lat'><strong>.</strong></span> 
     </span>
    </p>
   </div>
   <div class='ocr_carea' id='block_1_87' title="bbox 2169 4333 2349 4387">
    <p class='ocr_par' dir='ltr' id='par_1_87' title="bbox 2169 4333 2349 4387">
     <span class='ocr_line' id='line_1_88' title="bbox 2169 4333 2349 4387; baseline 0.006 -2"><span class='ocrx_word' id='word_1_813' title='bbox 2169 4333 2349 4387; x_wconf 86' lang='lat' dir='ltr'><strong>abeat.</strong></span> 
     </span>
    </p>
   </div>
   <div class='ocr_carea' id='block_1_88' title="bbox 2209 4399 3729 4472">
    <p class='ocr_par' dir='ltr' id='par_1_88' title="bbox 2209 4399 3729 4472">
     <span class='ocr_line' id='line_1_89' title="bbox 2209 4399 3729 4472; baseline 0.005 -17"><span class='ocrx_word' id='word_1_814' title='bbox 2209 4402 2282 4472; x_wconf 77' lang='grc' dir='ltr'><strong>(ε)</strong></span> <span class='ocrx_word' id='word_1_815' title='bbox 2322 4399 2451 4456; x_wconf 87' lang='lat' dir='ltr'><strong>Mss.</strong></span> <span class='ocrx_word' id='word_1_816' title='bbox 2476 4399 2692 4457; x_wconf 87' lang='lat' dir='ltr'><strong>Martia.</strong></span> <span class='ocrx_word' id='word_1_817' title='bbox 2713 4410 2769 4457; x_wconf 92' lang='lat' dir='ltr'><strong>et</strong></span> <span class='ocrx_word' id='word_1_818' title='bbox 2789 4400 2910 4457; x_wconf 82' lang='lat' dir='ltr'><strong>Vat.</strong></span> <span class='ocrx_word' id='word_1_819' title='bbox 2938 4402 3079 4467; x_wconf 83' lang='lat' dir='ltr'><strong>bas.,</strong></span> <span class='ocrx_word' id='word_1_820' title='bbox 3114 4403 3179 4460; x_wconf 80' lang='lat' dir='ltr'><strong>Et</strong></span> <span class='ocrx_word' id='word_1_821' title='bbox 3206 4421 3325 4460; x_wconf 86' lang='lat' dir='ltr'><strong>cum</strong></span> <span class='ocrx_word' id='word_1_822' title='bbox 3343 4423 3377 4460; x_wconf 88' lang='lat' dir='ltr'><strong>a</strong></span> <span class='ocrx_word' id='word_1_823' title='bbox 3406 4407 3515 4464; x_wconf 79' lang='lat' dir='ltr'><strong>sole</strong></span> <span class='ocrx_word' id='word_1_824' title='bbox 3534 4408 3729 4464; x_wconf 88' lang='lat' dir='ltr'><strong>:male.</strong></span> 
     </span>
    </p>
   </div>
   <div class='ocr_carea' id='block_1_89' title="bbox 2133 4472 3737 4548">
    <p class='ocr_par' dir='ltr' id='par_1_89' title="bbox 2133 4472 3737 4548">
     <span class='ocr_line' id='line_1_90' title="bbox 2133 4472 3737 4548; baseline 0.004 -20"><span class='ocrx_word' id='word_1_825' title='bbox 2133 4472 2233 4548; x_wconf 83' lang='lat' dir='ltr'><strong>Hic</strong></span> <span class='ocrx_word' id='word_1_826' title='bbox 2261 4473 2448 4548; x_wconf 80' lang='lat' dir='ltr'><strong>eadem</strong></span> <span class='ocrx_word' id='word_1_827' title='bbox 2476 4483 2559 4527; x_wconf 89' lang='lat' dir='ltr'><strong>est</strong></span> <span class='ocrx_word' id='word_1_828' title='bbox 2586 4473 2796 4548; x_wconf 78' lang='lat' dir='ltr'><strong>phrasis</strong></span> <span class='ocrx_word' id='word_1_829' title='bbox 2819 4488 2884 4529; x_wconf 89' lang='lat' dir='ltr'><strong>ac</strong></span> <span class='ocrx_word' id='word_1_830' title='bbox 2906 4475 3184 4548; x_wconf 71' lang='lat' dir='ltr'><strong>superior,</strong></span> <span class='ocrx_word' id='word_1_831' title='bbox 3202 4476 3396 4533; x_wconf 82' lang='lat' dir='ltr'><strong>Soletis</strong></span> <span class='ocrx_word' id='word_1_832' title='bbox 3418 4488 3653 4548; x_wconf 77' lang='lat' dir='ltr'><strong>tempore</strong></span> <span class='ocrx_word' id='word_1_833' title='bbox 3671 4479 3737 4534; x_wconf 78' lang='lat' dir='ltr'><strong>de</strong></span> 
     </span>
    </p>
   </div>
   <div class='ocr_carea' id='block_1_90' title="bbox 2132 4544 3733 4606">
    <p class='ocr_par' dir='ltr' id='par_1_90' title="bbox 2132 4544 3733 4606">
     <span class='ocr_line' id='line_1_91' title="bbox 2132 4544 3733 4606; baseline 0.003 -6"><span class='ocrx_word' id='word_1_834' title='bbox 2132 4546 2257 4600; x_wconf 79' lang='lat' dir='ltr'><strong>satis</strong></span> <span class='ocrx_word' id='word_1_835' title='bbox 2285 4561 2345 4597; x_wconf 85' lang='lat' dir='ltr'><strong>ac</strong></span> <span class='ocrx_word' id='word_1_836' title='bbox 2371 4544 2509 4599; x_wconf 78' lang='lat' dir='ltr'><strong>(ante</strong></span> <span class='ocrx_word' id='word_1_837' title='bbox 2533 4546 2787 4599; x_wconf 86' lang='lat' dir='ltr'><strong>creatione</strong></span> <span class='ocrx_word' id='word_1_838' title='bbox 2820 4562 3102 4601; x_wconf 84' lang='lat' dir='ltr'><strong>numerare.</strong></span> <span class='ocrx_word' id='word_1_839' title='bbox 3144 4547 3253 4603; x_wconf 88' lang='lat' dir='ltr'><strong>Nec</strong></span> <span class='ocrx_word' id='word_1_840' title='bbox 3284 4548 3467 4604; x_wconf 76' lang='lat' dir='ltr'><strong>dilfert</strong></span> <span class='ocrx_word' id='word_1_841' title='bbox 3492 4544 3622 4606; x_wconf 81' lang='lat' dir='ltr'><strong>illud</strong></span> <span class='ocrx_word' id='word_1_842' title='bbox 3654 4560 3733 4605; x_wconf 63' lang='lat' dir='ltr'><strong>tce</strong></span> 
     </span>
    </p>
   </div>
   <div class='ocr_carea' id='block_1_91' title="bbox 2134 4617 3302 4682">
    <p class='ocr_par' dir='ltr' id='par_1_91' title="bbox 2134 4617 3302 4682">
     <span class='ocr_line' id='line_1_92' title="bbox 2134 4617 3302 4682; baseline 0.003 -12"><span class='ocrx_word' id='word_1_843' title='bbox 2134 4631 2272 4680; x_wconf 82' lang='lat' dir='ltr'><strong>cunt,</strong></span> <span class='ocrx_word' id='word_1_844' title='bbox 2308 4624 2356 4670; x_wconf 87' lang='lat' dir='ltr'><strong>et</strong></span> <span class='ocrx_word' id='word_1_845' title='bbox 2386 4617 2664 4672; x_wconf 81' lang='lat' dir='ltr'><strong>secundum</strong></span> <span class='ocrx_word' id='word_1_846' title='bbox 2692 4626 2760 4682; x_wconf 82' lang='lat' dir='ltr'><strong>te,</strong></span> <span class='ocrx_word' id='word_1_847' title='bbox 2789 4623 2884 4671; x_wconf 88' lang='lat' dir='ltr'><strong>aut</strong></span> <span class='ocrx_word' id='word_1_848' title='bbox 2906 4627 2995 4672; x_wconf 84' lang='lat' dir='ltr'><strong>tua</strong></span> <span class='ocrx_word' id='word_1_849' title='bbox 3030 4620 3302 4675; x_wconf 79' lang='lat' dir='ltr'><strong>sententia.</strong></span> 
     </span>
    </p>
   </div>
   <div class='ocr_carea' id='block_1_92' title="bbox 2209 4685 3736 4763">
    <p class='ocr_par' dir='ltr' id='par_1_92' title="bbox 2209 4685 3736 4763">
     <span class='ocr_line' id='line_1_93' title="bbox 2209 4685 3736 4763; baseline 0.007 -25"><span class='ocrx_word' id='word_1_850' title='bbox 2209 4685 2290 4758; x_wconf 79' lang='grc' dir='ltr'><strong>(ά)</strong></span> <span class='ocrx_word' id='word_1_851' title='bbox 2317 4686 2654 4763; x_wconf 77' lang='lat' dir='ltr'><strong>Auctoritate</strong></span> <span class='ocrx_word' id='word_1_852' title='bbox 2681 4702 2810 4742; x_wconf 81' lang='lat' dir='ltr'><strong>mss.</strong></span> <span class='ocrx_word' id='word_1_853' title='bbox 2849 4691 3178 4745; x_wconf 84' lang='lat' dir='ltr'><strong>removimus</strong></span> <span class='ocrx_word' id='word_1_854' title='bbox 3200 4690 3329 4763; x_wconf 73' lang='lat' dir='ltr'><strong>hinc</strong></span> <span class='ocrx_word' id='word_1_855' title='bbox 3359 4690 3582 4748; x_wconf 80' lang='lat' dir='ltr'><strong>verbum</strong></span> <span class='ocrx_word' id='word_1_856' title='bbox 3614 4708 3736 4763; x_wconf 83' lang='lat' dir='ltr'><strong>per-</strong></span> 
     </span>
    </p>
   </div>
   <div class='ocr_carea' id='block_1_93' title="bbox 2137 4758 3733 4831">
    <p class='ocr_par' dir='ltr' id='par_1_93' title="bbox 2137 4758 3733 4831">
     <span class='ocr_line' id='line_1_94' title="bbox 2137 4758 3733 4831; baseline 0.006 -21"><span class='ocrx_word' id='word_1_857' title='bbox 2137 4767 2329 4831; x_wconf 79' lang='lat' dir='ltr'><strong>manet,</strong></span> <span class='ocrx_word' id='word_1_858' title='bbox 2365 4769 2419 4814; x_wconf 91' lang='lat' dir='ltr'><strong>et</strong></span> <span class='ocrx_word' id='word_1_859' title='bbox 2443 4758 2742 4829; x_wconf 89' lang='lat' dir='ltr'><strong>adjecimus</strong></span> <span class='ocrx_word' id='word_1_860' title='bbox 2762 4775 2922 4829; x_wconf 87' lang='lat' dir='ltr'><strong>supra</strong></span> <span class='ocrx_word' id='word_1_861' title='bbox 2947 4763 3266 4818; x_wconf 79' lang='lat' dir='ltr'><strong>vocabulum</strong></span> <span class='ocrx_word' id='word_1_862' title='bbox 3294 4760 3488 4831; x_wconf 73' lang='lat' dir='ltr'><strong>Dauid,</strong></span> <span class='ocrx_word' id='word_1_863' title='bbox 3510 4769 3570 4819; x_wconf 88' lang='lat' dir='ltr'><strong>et</strong></span> <span class='ocrx_word' id='word_1_864' title='bbox 3595 4758 3733 4820; x_wconf 73' lang='lat' dir='ltr'><strong>intra</strong></span> 
     </span>
    </p>
   </div>
   <div class='ocr_carea' id='block_1_94' title="bbox 2136 4829 3516 4902">
    <p class='ocr_par' dir='ltr' id='par_1_94' title="bbox 2136 4829 3516 4902">
     <span class='ocr_line' id='line_1_95' title="bbox 2136 4829 3516 4902; baseline 0.004 -19"><span class='ocrx_word' id='word_1_865' title='bbox 2136 4829 2580 4902; x_wconf 70' lang='lat' dir='ltr'><strong>coniunctionem</strong></span> <span class='ocrx_word' id='word_1_866' title='bbox 2591 4840 2645 4902; x_wconf 69' lang='lat' dir='ltr'><strong>et</strong></span> <span class='ocrx_word' id='word_1_867' title='bbox 2670 4837 2795 4886; x_wconf 83' lang='lat' dir='ltr'><strong>ante</strong></span> <span class='ocrx_word' id='word_1_868' title='bbox 2822 4833 3174 4902; x_wconf 78' lang='lat' dir='ltr'><strong>generationes</strong></span> <span class='ocrx_word' id='word_1_869' title='bbox 3198 4829 3516 4891; x_wconf 79' lang='lat' dir='ltr'><strong>delevimus.</strong></span> 
     </span>
    </p>
   </div>
   <div class='ocr_carea' id='block_1_95' title="bbox 2206 4900 3830 4977">
    <p class='ocr_par' dir='ltr' id='par_1_95' title="bbox 2206 4900 3830 4977">
     <span class='ocr_line' id='line_1_96' title="bbox 2206 4900 3830 4977; baseline 0.007 -24"><span class='ocrx_word' id='word_1_870' title='bbox 2206 4902 2278 4977; x_wconf 78' lang='grc' dir='ltr'><strong>(ε)</strong></span> <span class='ocrx_word' id='word_1_871' title='bbox 2311 4902 2364 4954; x_wconf 91' lang='lat' dir='ltr'><strong>In</strong></span> <span class='ocrx_word' id='word_1_872' title='bbox 2394 4900 2685 4977; x_wconf 83' lang='lat' dir='ltr'><strong>mss.-_V_at.</strong></span> <span class='ocrx_word' id='word_1_873' title='bbox 2716 4900 2839 4977; x_wconf 54' lang='lat' dir='ltr'><strong>bas.</strong></span> <span class='ocrx_word' id='word_1_874' title='bbox 2863 4913 2917 4958; x_wconf 90' lang='lat' dir='ltr'><strong>et</strong></span> <span class='ocrx_word' id='word_1_875' title='bbox 2940 4903 3150 4959; x_wconf 76' lang='lat' dir='ltr'><strong>Martio.</strong></span> <span class='ocrx_word' id='word_1_876' title='bbox 3183 4904 3492 4977; x_wconf 71' lang='lat' dir='ltr'><strong>adiungitur</strong></span> <span class='ocrx_word' id='word_1_877' title='bbox 3518 4906 3606 4963; x_wconf 89' lang='lat' dir='ltr'><strong>hic</strong></span> <span class='ocrx_word' id='word_1_878' title='bbox 3625 4922 3722 4963; x_wconf 79' lang='lat' dir='ltr'><strong>na-</strong></span> <span class='ocrx_word' id='word_1_879' title='bbox 3816 4902 3830 4919; x_wconf 67' lang='grc'>⁸</span> 
     </span>
    </p>
   </div>
   <div class='ocr_carea' id='block_1_96' title="bbox 2134 4971 3218 5046">
    <p class='ocr_par' dir='ltr' id='par_1_96' title="bbox 2134 4971 3218 5046">
     <span class='ocr_line' id='line_1_97' title="bbox 2134 4971 3218 5046; baseline 0.006 -19"><span class='ocrx_word' id='word_1_880' title='bbox 2134 4974 2352 5046; x_wconf 65' lang='lat' dir='ltr'><strong>tandem</strong></span> <span class='ocrx_word' id='word_1_881' title='bbox 2379 4990 2392 5027; x_wconf 91' lang='lat'><strong>:</strong></span> <span class='ocrx_word' id='word_1_882' title='bbox 2426 4973 2569 5044; x_wconf 85' lang='lat' dir='ltr'><strong>quod</strong></span> <span class='ocrx_word' id='word_1_883' title='bbox 2597 4971 3041 5046; x_wconf 82' lang='lat' dir='ltr'><strong>interpolatorem</strong></span> <span class='ocrx_word' id='word_1_884' title='bbox 3058 4978 3218 5046; x_wconf 83' lang='lat' dir='ltr'><strong>sapit.</strong></span> 
     </span>
    </p>
   </div>
   <div class='ocr_carea' id='block_1_97' title="bbox 2206 5042 3734 5120">
    <p class='ocr_par' dir='ltr' id='par_1_97' title="bbox 2206 5042 3734 5120">
     <span class='ocr_line' id='line_1_98' title="bbox 2206 5042 3734 5120; baseline 0.005 -23"><span class='ocrx_word' id='word_1_885' title='bbox 2206 5042 2275 5114; x_wconf 81' lang='lat' dir='ltr'><strong>(f)</strong></span> <span class='ocrx_word' id='word_1_886' title='bbox 2316 5042 2643 5120; x_wconf 77' lang='lat' dir='ltr'><strong>Pai-ticulam</strong></span> <span class='ocrx_word' id='word_1_887' title='bbox 2794 5042 3157 5120; x_wconf 72' lang='lat' dir='ltr'><strong>ltic_et_ini‘ra_</strong></span> <span class='ocrx_word' id='word_1_888' title='bbox 3199 5049 3461 5120; x_wconf 78' lang='lat' dir='ltr'><strong>omittunt</strong></span> <span class='ocrx_word' id='word_1_889' title='bbox 3507 5048 3734 5120; x_wconf 73' lang='lat' dir='ltr'><strong>excusi,</strong></span> 
     </span>
    </p>
   </div>
   <div class='ocr_carea' id='block_1_98' title="bbox 2135 5115 3735 5186">
    <p class='ocr_par' dir='ltr' id='par_1_98' title="bbox 2135 5115 3735 5186">
     <span class='ocr_line' id='line_1_99' title="bbox 2135 5115 3735 5186; baseline 0.005 -17"><span class='ocrx_word' id='word_1_890' title='bbox 2135 5117 2602 5186; x_wconf 76' lang='lat' dir='ltr'><strong>Consi-nticntibus</strong></span> <span class='ocrx_word' id='word_1_891' title='bbox 2631 5115 2848 5186; x_wconf 86' lang='lat' dir='ltr'><strong>quidem</strong></span> <span class='ocrx_word' id='word_1_892' title='bbox 2874 5116 3038 5185; x_wconf 78' lang='lat' dir='ltr'><strong>LXX,</strong></span> <span class='ocrx_word' id='word_1_893' title='bbox 3066 5118 3163 5173; x_wconf 83' lang='lat' dir='ltr'><strong>sed</strong></span> <span class='ocrx_word' id='word_1_894' title='bbox 3190 5119 3579 5176; x_wconf 82' lang='lat' dir='ltr'><strong>dissidentibus</strong></span> <span class='ocrx_word' id='word_1_895' title='bbox 3619 5115 3735 5177; x_wconf 40' lang='lat' dir='ltr'><strong>sine</strong></span> 
     </span>
    </p>
   </div>
   <div class='ocr_carea' id='block_1_99' title="bbox 2136 5183 3738 5258">
    <p class='ocr_par' dir='ltr' id='par_1_99' title="bbox 2136 5183 3738 5258">
     <span class='ocr_line' id='line_1_100' title="bbox 2136 5183 3738 5258; baseline 0.007 -21"><span class='ocrx_word' id='word_1_896' title='bbox 2136 5183 2437 5258; x_wconf 63' lang='lat' dir='ltr'><strong>acrioribus</strong></span> <span class='ocrx_word' id='word_1_897' title='bbox 2472 5201 2612 5258; x_wconf 4' lang='lat' dir='ltr'><strong>(mss.</strong></span> <span class='ocrx_word' id='word_1_898' title='bbox 2651 5183 2741 5258; x_wconf 14' lang='lat' dir='ltr'><strong>et,</strong></span> <span class='ocrx_word' id='word_1_899' title='bbox 2773 5183 3033 5244; x_wconf 81' lang='lat' dir='ltr'><strong>subnexis</strong></span> <span class='ocrx_word' id='word_1_900' title='bbox 3080 5189 3267 5245; x_wconf 87' lang='lat' dir='ltr'><strong>llilarii</strong></span> <span class='ocrx_word' id='word_1_901' title='bbox 3310 5192 3505 5247; x_wconf 76' lang='lat' dir='ltr'><strong>verbis.</strong></span> <span class='ocrx_word' id='word_1_902' title='bbox 3562 5194 3738 5258; x_wconf 75' lang='lat' dir='ltr'><strong>Quam</strong></span> 
     </span>
    </p>
   </div>
   <div class='ocr_carea' id='block_1_100' title="bbox 2139 5254 3736 5328">
    <p class='ocr_par' dir='ltr' id='par_1_100' title="bbox 2139 5254 3736 5328">
     <span class='ocr_line' id='line_1_101' title="bbox 2139 5254 3736 5328; baseline 0.006 -18"><span class='ocrx_word' id='word_1_903' title='bbox 2139 5254 2227 5328; x_wconf 87' lang='lat' dir='ltr'><strong>hic</strong></span> <span class='ocrx_word' id='word_1_904' title='bbox 2259 5256 2410 5310; x_wconf 82' lang='lat' dir='ltr'><strong>loeus</strong></span> <span class='ocrx_word' id='word_1_905' title='bbox 2453 5257 2669 5314; x_wconf 78' lang='lat' dir='ltr'><strong>Arianis</strong></span> <span class='ocrx_word' id='word_1_906' title='bbox 2720 5256 3001 5315; x_wconf 80' lang='lat' dir='ltr'><strong>familiaris</strong></span> <span class='ocrx_word' id='word_1_907' title='bbox 3043 5267 3219 5328; x_wconf 87' lang='lat' dir='ltr'><strong>esset,</strong></span> <span class='ocrx_word' id='word_1_908' title='bbox 3268 5254 3736 5328; x_wconf 34' lang='lat' dir='ltr'><strong>GregoriusmNas.</strong></span> 
     </span>
    </p>
   </div>
   <div class='ocr_carea' id='block_1_101' title="bbox 2140 5327 3741 5404">
    <p class='ocr_par' dir='ltr' id='par_1_101' title="bbox 2140 5327 3741 5404">
     <span class='ocr_line' id='line_1_102' title="bbox 2140 5327 3741 5404; baseline 0.008 -24"><span class='ocrx_word' id='word_1_909' title='bbox 2140 5327 2232 5380; x_wconf 88' lang='lat' dir='ltr'><strong>0r.</strong></span> <span class='ocrx_word' id='word_1_910' title='bbox 2285 5342 2576 5404; x_wconf 74' lang='lat' dir='ltr'><strong>xxxvt,_n.</strong></span> <span class='ocrx_word' id='word_1_911' title='bbox 2612 5332 2667 5404; x_wconf 50' lang='lat' dir='ltr'><strong>it,</strong></span> <span class='ocrx_word' id='word_1_912' title='bbox 2711 5336 2940 5385; x_wconf 89' lang='lat' dir='ltr'><strong>testatur</strong></span> <span class='ocrx_word' id='word_1_913' title='bbox 2982 5331 3065 5385; x_wconf 90' lang='lat' dir='ltr'><strong>his</strong></span> <span class='ocrx_word' id='word_1_914' title='bbox 3109 5327 3288 5404; x_wconf 69' lang='lat' dir='ltr'><strong>verbis</strong></span> <span class='ocrx_word' id='word_1_915' title='bbox 3315 5350 3328 5386; x_wconf 94' lang='lat'><strong>:</strong></span> <span class='ocrx_word' id='word_1_916' title='bbox 3357 5327 3487 5388; x_wconf 71' lang='lat' dir='ltr'><strong>iIiud</strong></span> <span class='ocrx_word' id='word_1_917' title='bbox 3535 5336 3741 5404; x_wconf 76' lang='lat' dir='ltr'><strong>quidem</strong></span> 
     </span>
    </p>
   </div>
   <div class='ocr_carea' id='block_1_102' title="bbox 2142 5399 3742 5470">
    <p class='ocr_par' dir='ltr' id='par_1_102' title="bbox 2142 5399 3742 5470">
     <span class='ocr_line' id='line_1_103' title="bbox 2142 5399 3742 5470; baseline 0.006 -17"><span class='ocrx_word' id='word_1_918' title='bbox 2142 5414 2305 5470; x_wconf 80' lang='lat' dir='ltr'><strong>unum</strong></span> <span class='ocrx_word' id='word_1_919' title='bbox 2328 5399 2455 5470; x_wconf 79' lang='lat' dir='ltr'><strong>ipsis</strong></span> <span class='ocrx_word' id='word_1_920' title='bbox 2482 5402 2590 5468; x_wconf 81' lang='lat' dir='ltr'><strong>fere</strong></span> <span class='ocrx_word' id='word_1_921' title='bbox 2632 5400 2687 5455; x_wconf 87' lang='lat' dir='ltr'><strong>in</strong></span> <span class='ocrx_word' id='word_1_922' title='bbox 2727 5409 2967 5470; x_wconf 79' lang='lat' dir='ltr'><strong>promptu</strong></span> <span class='ocrx_word' id='word_1_923' title='bbox 3017 5409 3114 5467; x_wconf 79' lang='lat' dir='ltr'><strong>est,</strong></span> <span class='ocrx_word' id='word_1_924' title='bbox 3155 5401 3412 5461; x_wconf 80' lang='lat' dir='ltr'><strong>Dominus</strong></span> <span class='ocrx_word' id='word_1_925' title='bbox 3447 5399 3633 5461; x_wconf 68' lang='lat' dir='ltr'><strong>enauit</strong></span> <span class='ocrx_word' id='word_1_926' title='bbox 3659 5419 3742 5462; x_wconf 84' lang='lat' dir='ltr'><strong>me</strong></span> 
     </span>
    </p>
   </div>
   <div class='ocr_carea' id='block_1_103' title="bbox 2141 5468 2594 5524">
    <p class='ocr_par' dir='ltr' id='par_1_103' title="bbox 2141 5468 2594 5524">
     <span class='ocr_line' id='line_1_104' title="bbox 2141 5468 2594 5524; baseline 0 -1"><span class='ocrx_word' id='word_1_927' title='bbox 2141 5468 2348 5524; x_wconf 75' lang='lat' dir='ltr'><strong>initium</strong></span> <span class='ocrx_word' id='word_1_928' title='bbox 2372 5469 2594 5523; x_wconf 79' lang='lat' dir='ltr'><strong>uiarum.</strong></span> 
     </span>
    </p>
   </div>
   <div class='ocr_carea' id='block_1_104' title="bbox 2211 5537 3750 5618">
    <p class='ocr_par' dir='ltr' id='par_1_104' title="bbox 2211 5537 3750 5618">
     <span class='ocr_line' id='line_1_105' title="bbox 2211 5537 3750 5618; baseline 0.001 -23"><span class='ocrx_word' id='word_1_929' title='bbox 2211 5538 2288 5611; x_wconf 88' lang='lat' dir='ltr'><strong>(g)</strong></span> <span class='ocrx_word' id='word_1_930' title='bbox 2319 5539 2480 5618; x_wconf 69' lang='lat' dir='ltr'><strong>ljlditi,</strong></span> <span class='ocrx_word' id='word_1_931' title='bbox 2502 5537 2603 5618; x_wconf 77' lang='lat' dir='ltr'><strong>Dei</strong></span> <span class='ocrx_word' id='word_1_932' title='bbox 2631 5540 3107 5618; x_wconf 59' lang='lat' dir='ltr'><strong>efﬁcientiam/uec</strong></span> <span class='ocrx_word' id='word_1_933' title='bbox 3134 5543 3286 5618; x_wconf 54' lang='lat' dir='ltr'><strong>uerita</strong></span> <span class='ocrx_word' id='word_1_934' title='bbox 3314 5545 3596 5618; x_wconf 60' lang='lat' dir='ltr'><strong>Sapientia:</strong></span> <span class='ocrx_word' id='word_1_935' title='bbox 3623 5549 3750 5605; x_wconf 73' lang='lat' dir='ltr'><strong>mb-</strong></span> 
     </span>
    </p>
   </div>
   <div class='ocr_carea' id='block_1_105' title="bbox 2143 5610 3749 5683">
    <p class='ocr_par' dir='ltr' id='par_1_105' title="bbox 2143 5610 3749 5683">
     <span class='ocr_line' id='line_1_106' title="bbox 2143 5610 3749 5683; baseline 0.007 -17"><span class='ocrx_word' id='word_1_936' title='bbox 2143 5610 2367 5683; x_wconf 73' lang='lat' dir='ltr'><strong>sistentis</strong></span> <span class='ocrx_word' id='word_1_937' title='bbox 2394 5613 2723 5683; x_wconf 55' lang='lat' dir='ltr'><strong>exstinguunt</strong></span> <span class='ocrx_word' id='word_1_938' title='bbox 2747 5628 2765 5666; x_wconf 67' lang='grc' dir='ltr'><em>ε</em></span> <span class='ocrx_word' id='word_1_939' title='bbox 2791 5621 2847 5667; x_wconf 91' lang='lat' dir='ltr'><strong>et</strong></span> <span class='ocrx_word' id='word_1_940' title='bbox 2873 5613 3034 5683; x_wconf 86' lang='lat' dir='ltr'><strong>paulo</strong></span> <span class='ocrx_word' id='word_1_941' title='bbox 3065 5622 3195 5670; x_wconf 86' lang='lat' dir='ltr'><strong>ante</strong></span> <span class='ocrx_word' id='word_1_942' title='bbox 3223 5610 3552 5683; x_wconf 59' lang='lat' dir='ltr'><strong>Bad.,&#39;Nam</strong></span> <span class='ocrx_word' id='word_1_943' title='bbox 3572 5620 3749 5677; x_wconf 66' lang='grc' dir='ltr'><strong>Διιάωὶ</strong></span> 
     </span>
    </p>
   </div>
   <div class='ocr_carea' id='block_1_106' title="bbox 2145 5681 3750 5759">
    <p class='ocr_par' dir='ltr' id='par_1_106' title="bbox 2145 5681 3750 5759">
     <span class='ocr_line' id='line_1_107' title="bbox 2145 5681 3750 5759; baseline 0.009 -25"><span class='ocrx_word' id='word_1_944' title='bbox 2145 5681 2317 5759; x_wconf 77' lang='lat' dir='ltr'><strong>potius</strong></span> <span class='ocrx_word' id='word_1_945' title='bbox 2349 5692 2535 5750; x_wconf 78' lang='lat' dir='ltr'><strong>negant</strong></span> <span class='ocrx_word' id='word_1_946' title='bbox 2558 5681 2576 5747; x_wconf 80' lang='lat'><strong><em>;</em></strong></span> <span class='ocrx_word' id='word_1_947' title='bbox 2606 5681 2698 5737; x_wconf 87' lang='lat' dir='ltr'><strong>Er.</strong></span> <span class='ocrx_word' id='word_1_948' title='bbox 2723 5690 2785 5759; x_wconf 70' lang='lat' dir='ltr'><strong>et</strong></span> <span class='ocrx_word' id='word_1_949' title='bbox 2806 5681 2981 5759; x_wconf 74' lang='lat' dir='ltr'><strong>Lips.,</strong></span> <span class='ocrx_word' id='word_1_950' title='bbox 3005 5683 3145 5759; x_wconf 75' lang='lat' dir='ltr'><strong>Nam</strong></span> <span class='ocrx_word' id='word_1_951' title='bbox 3172 5681 3439 5753; x_wconf 55' lang='lat' dir='ltr'><strong>ludorum,</strong></span> <span class='ocrx_word' id='word_1_952' title='bbox 3469 5702 3603 5759; x_wconf 86' lang='lat' dir='ltr'><strong>etc.,</strong></span> <span class='ocrx_word' id='word_1_953' title='bbox 3621 5707 3750 5749; x_wconf 81' lang='lat' dir='ltr'><strong>cor-</strong></span> 
     </span>
    </p>
   </div>
   <div class='ocr_carea' id='block_1_107' title="bbox 2151 5754 3751 5835">
    <p class='ocr_par' dir='ltr' id='par_1_107' title="bbox 2151 5754 3751 5835">
     <span class='ocr_line' id='line_1_108' title="bbox 2151 5754 3751 5835; baseline 0.01 -30"><span class='ocrx_word' id='word_1_954' title='bbox 2151 5754 2396 5835; x_wconf 75' lang='lat' dir='ltr'><strong>riguntur</strong></span> <span class='ocrx_word' id='word_1_955' title='bbox 2426 5768 2545 5835; x_wconf 69' lang='lat' dir='ltr'><strong>ope</strong></span> <span class='ocrx_word' id='word_1_956' title='bbox 2570 5768 2701 5835; x_wconf 45' lang='lat' dir='ltr'><strong>iussn.</strong></span> <span class='ocrx_word' id='word_1_957' title='bbox 2738 5754 2852 5835; x_wconf 72' lang='lat' dir='ltr'><strong>Hoc</strong></span> <span class='ocrx_word' id='word_1_958' title='bbox 2890 5756 3043 5835; x_wconf 76' lang='lat' dir='ltr'><strong>enim</strong></span> <span class='ocrx_word' id='word_1_959' title='bbox 3063 5757 3173 5819; x_wconf 47' lang='lat' dir='ltr'><strong>sibi:</strong></span> <span class='ocrx_word' id='word_1_960' title='bbox 3196 5759 3348 5835; x_wconf 62' lang='lat' dir='ltr'><strong>vult:</strong></span> <span class='ocrx_word' id='word_1_961' title='bbox 3379 5775 3478 5819; x_wconf 79' lang='lat' dir='ltr'><strong>aur</strong></span> <span class='ocrx_word' id='word_1_962' title='bbox 3517 5754 3631 5819; x_wconf 77' lang='lat' dir='ltr'><strong>non</strong></span> <span class='ocrx_word' id='word_1_963' title='bbox 3654 5778 3751 5835; x_wconf 81' lang='lat' dir='ltr'><strong>po-</strong></span> 
     </span>
    </p>
   </div>
   <div class='ocr_carea' id='block_1_108' title="bbox 2154 5823 3766 5907">
    <p class='ocr_par' dir='ltr' id='par_1_108' title="bbox 2154 5823 3766 5907">
     <span class='ocr_line' id='line_1_109' title="bbox 2154 5823 3766 5907; baseline 0.009 -29"><span class='ocrx_word' id='word_1_964' title='bbox 2154 5823 2264 5881; x_wconf 82' lang='lat' dir='ltr'><strong>tius</strong></span> <span class='ocrx_word' id='word_1_965' title='bbox 2309 5823 2394 5881; x_wconf 87' lang='lat' dir='ltr'><strong>his</strong></span> <span class='ocrx_word' id='word_1_966' title='bbox 2435 5824 2617 5889; x_wconf 84' lang='lat' dir='ltr'><strong>verbis</strong></span> <span class='ocrx_word' id='word_1_967' title='bbox 2661 5825 2956 5899; x_wconf 79' lang='lat' dir='ltr'><strong>Sapientiae</strong></span> <span class='ocrx_word' id='word_1_968' title='bbox 2994 5836 3123 5886; x_wconf 18' lang='lat' dir='ltr'><strong>ante.</strong></span> <span class='ocrx_word' id='word_1_969' title='bbox 3159 5831 3359 5891; x_wconf 78' lang='lat' dir='ltr'><strong>saecula</strong></span> <span class='ocrx_word' id='word_1_970' title='bbox 3402 5823 3766 5907; x_wconf 69' lang='lat' dir='ltr'><strong>subsistentia</strong></span> 
     </span>
    </p>
   </div>
  </div>
