4286 6264
635 343 746 401 455

1849 341 2095 401 SANCTI
2134 342 2390 402 HILARll
2419 342 2726 404 EPISCOPI

3832 353 3940 411 456

636 472 699 512 se
724 470 867 513 nunc
906 463 1141 512 creatam
1168 452 1220 510 in
1269 453 1478 510 initium
1512 453 1722 510 viarum
1755 455 1848 511 Dei
1887 466 1943 512 et
1987 459 2038 514 in
2070 473 2233 528 Opera
2262 463 2317 523 Α
2341 461 2518 529 dium;
2570 478 2693 518 eum
2739 461 2854 533 ipsa
2903 461 3184 519 exordium
3229 464 3529 536 temporale
3567 467 3756 523 sortita
3806 468 3936 526 sint.

640 549 760 620 ejus
785 565 815 604 a
843 551 1041 604 saeculo
1067 547 1291 615 dixerit;
1327 563 1396 603 ne
1418 546 1557 603 forte
1585 557 1709 604 ante
1736 549 1956 604 Mariam
1985 566 2093 606 non
2119 567 2230 608 ma-

639 660 773 702 nere
803 645 1201 702 existimaretur
1235 661 1248 697 :
1279 658 1452 714 neque
1480 653 1656 700 tamen
1689 653 1926 701 creatam
1959 663 2017 702 se
2049 647 2114 702 ad
2139 663 2234 702 na-

636 737 859 792 tivitatis
899 735 1314 808 intelligentiam
1343 735 1603 804 referret;
1637 737 1762 808 quia
1802 738 1856 792 in
1895 739 2100 795 viarum
2133 741 2236 795 ini-

632 832 766 888 tium
797 841 850 887 et
879 833 932 887 in
979 847 1143 902 opera
1187 831 1260 887 sit
1287 839 1503 899 creata;
1545 840 1600 887 at
1628 847 1758 888 vero
1791 848 1859 892 ne
1889 832 1992 889 hoc
2020 832 2232 888 viarum

633 923 869 992 initium,
896 924 1039 994 quod
1071 924 1255 996 utique
1279 925 1348 981 de
1373 925 1570 982 divinis
1590 926 1750 982 rebus
1773 927 2022 983 humanae
2048 927 2234 999 cogni-

633 1019 795 1076 tionis
826 1020 1106 1076 exordium
1152 1029 1259 1086 est,
1302 1022 1530 1092 quisque
1563 1021 1628 1076 ad
1660 1020 2050 1091 subjiciendam
2099 1031 2235 1078 tem-

630 1116 747 1188 pori
762 1116 1094 1171 nativitatem
1117 1115 1379 1170 inllnitam
1398 1114 1683 1185 deputaret
1710 1113 2012 1186 (Prov.vm,
2039 1114 2112 1169 22
2128 1131 2229 1170 sec.

633 1208 1120 1282 LXX),lundatam
1153 1222 1212 1264 se
1241 1217 1365 1265 ante
1385 1208 1666 1264 szeculasit
1693 1207 1936 1279 professa
1973 1225 1986 1263 :
2013 1219 2070 1263 ut
2103 1207 2233 1262 dum

631 1301 778 1356 aliud
801 1312 882 1356 est
899 1301 953 1357 in
984 1302 1185 1357 viarum
1206 1302 1414 1357 initium
1437 1307 1492 1356 et
1520 1299 1571 1355 in
1603 1315 1767 1370 opera
1790 1300 2060 1366 creari,'et
2088 1299 2231 1354 aliud

631 1407 715 1453 est
746 1406 871 1452 ante
897 1396 1094 1452 saecula
1124 1395 1334 1452 fundari
1362 1437 1376 1462 ,
1407 1395 1645 1451 anterior
1670 1393 2061 1466 intelligeretur
2112 1407 2234 1449 esse

632 1491 906 1546 creatione
942 1491 1220 1547 fundatio:
1263 1489 1444 1546 ethoc
1491 1489 1691 1560 ipsum,
1724 1488 1867 1559 quod
1915 1487 2136 1543 fundata
2177 1486 2232 1542 in

631 1599 795 1656 opera
821 1593 948 1642 ante
978 1585 1237 1641 saeculum
1259 1593 1364 1649 est,
1395 1582 1472 1656 (a)
1504 1593 1898 1639 sacramentum
1941 1581 2234 1638 creationis

631 1679 980 1744 ostenderet;
1013 1679 1136 1747 quia
1166 1678 1406 1734 fundatio
1452 1686 1576 1733 ante
1618 1677 1901 1744 saeculum,
1944 1683 1999 1732 et
2029 1677 2232 1731 creatio

629 1773 686 1830 in
714 1774 919 1828 viarum
945 1773 1156 1828 initium
1183 1780 1343 1841 atque
1370 1772 1422 1825 in
1447 1785 1610 1840 opera
1637 1777 1757 1838 post
1778 1768 2034 1824 sreeulum
2065 1768 2155 1822 sit.

2339 555 2476 621 Quid
2523 555 2667 610 enim
2719 570 2971 626 magnum
3021 565 3124 622 est,
3175 563 3237 610 ut
3279 566 3404 612 ante
3457 563 3657 613 terram
3685 561 3766 631 ('5)
3797 560 3940 618 Deus

2338 648 2624 705 Dominum
2673 647 2945 704 Christum
2992 650 3277 720 genuerit;
3312 664 3435 705 cum
3465 650 3796 723 Angelorum
3829 653 3941 709 ori-

2340 756 2408 813 go
2461 741 2532 814 (c)
2579 751 2736 798 terrae
2781 741 3056 797 creatione
3123 739 3425 812 reperiatur
3468 744 3780 816 antiquior?
3829 745 3940 803 Aut

2337 850 2433 891 cur
2459 835 2548 906 qni
2579 843 2704 890 ante
2747 842 2947 890 terram
2991 835 3207 906 genitus
3253 835 3552 904 diceretur,
3603 839 3764 893 etiam
3809 849 3938 896 ante

2336 936 2573 993 montes,
2605 942 2778 998 neque
2819 928 2992 982 solum
3036 934 3164 983 ante
3190 936 3424 994 montes,
3473 929 3569 985 sed
3617 929 3779 986 etiam
3810 941 3937 989 ante

2335 1020 2504 1075 colles
2533 1028 2688 1074 natus
2727 1020 3204 1076 manilestaretnr:
3237 1036 3358 1077 cum
3405 1023 3624 1079 collium
3666 1024 3938 1095 signiﬁca-

2338 1112 2414 1166 tio
2443 1119 2564 1182 post
2613 1119 2827 1167 montes
2852 1114 2943 1180 sit,
2978 1113 3239 1169 montium
3272 1129 3404 1170 vero
3428 1115 3782 1187 intelligentia
3815 1127 3937 1189 post

2337 1213 2536 1260 terram
2569 1203 2676 1259 sit?
2707 1203 2810 1260 Per
2836 1203 2978 1276 quod
3025 1205 3322 1262 existimari
3354 1220 3460 1263 non
3494 1215 3694 1277 potest,
3733 1209 3935 1266 idcirco

2337 1299 2455 1353 htec
2483 1311 2607 1353 esse
2632 1295 2800 1364 dicta,
2834 1306 2893 1352 ut
2935 1305 3059 1353 ante
3087 1298 3258 1355 colles
3305 1309 3358 1354 et
3407 1310 3618 1356 montes
3645 1309 3703 1356 et
3732 1309 3930 1358 terram

2336 1405 2458 1447 esse
2486 1391 2878 1463 intelligeretur
2899 1390 3002 1464 (ά),
3035 1393 3125 1462 qui
3171 1408 3255 1461 ea,
3309 1409 3430 1465 qua:
3459 1405 3586 1452 ante
3631 1405 3828 1452 terram
3875 1405 3933 1453 et

2336 1492 2551 1540 montes
2616 1494 2669 1540 et
2716 1484 2886 1541 colles
2931 1493 3079 1554 sunt,
3131 1486 3409 1542 inﬁnitatis
3469 1503 3583 1545 suae
3630 1491 3932 1548 aeternitate

2337 1578 2696 1648 praecelleret.

2409 1670 2500 1727 58.
2546 1670 2869 1741 Infinitalem
2910 1688 3056 1726 suam
3100 1682 3344 1745 quantum
3374 1673 3489 1729 licet
3529 1676 3796 1746 explicuit,
3843 1690 3932 1750 per

2337 1777 2509 1822 creata
2555 1767 2922 1838 comprehendi
2948 1784 3051 1822 non
3082 1770 3267 1838 potuit.
3317 1798 3390 1810 -
3418 1769 3524 1826 Sed
3569 1785 3788 1828 sensum
3835 1787 3934 1829 ηο.

695 1866 784 1922 '57.
806 1864 970 1938 429
994 1865 1114 1919 Non
1135 1862 1470 1935 tempore,sed
1486 1861 1765 1916 aeternitate
1782 1860 2032 1915 siccatum
2046 1875 2237 1930 prazce-
2264 1863 2313 1925 B
2340 1870 2509 1917 strum
2537 1875 2717 1918 sermo
2749 1861 2964 1916 divinus
2992 1877 3098 1917 non
3142 1863 3359 1934 inopem
3406 1862 3632 1920 rationis
3681 1865 3929 1936 reliquit;

635 1959 732 2013 dit.
761 1989 835 2000 —
859 1958 977 2014 lam
1009 1973 1136 2013 vero
1163 1972 1232 2012 ne
1261 1956 1464 2011 creatio
1493 1961 1549 2009 et
1578 1952 1820 2008 fundatio
1849 1953 2005 2007 ﬁdem
2034 1951 2230 2007 divina:

630 2051 926 2108 nativitatis
955 2050 1293 2116 offenderet,
1324 2048 1566 2118 sequitur
1595 2064 1607 2100 :
1640 2044 1802 2100 Prius
1844 2061 2000 2115 quam
2042 2055 2231 2099 terram

631 2148 844 2214 laceret,
868 2144 1014 2216 prius
1041 2158 1198 2214 quam
1223 2150 1419 2196 montes
1448 2138 1719 2204 stabiliret,
1751 2147 1868 2192 ante
1903 2154 2077 2192 omnes
2125 2136 2233 2192 col-

634 2237 708 2292 les
754 2238 932 2309 genuit
977 2252 1058 2290 me
1105 2234 1266 2306 (Ibid.
1294 2233 1366 2290 25
1391 2246 1435 2288 et
1465 2233 1578 2305 26).
1612 2232 1729 2288 Jam
1757 2231 1967 2303 genitus
1992 2240 2075 2288 est
2103 2240 2231 2287 ante

536 2363 538 2365 ›
634 2338 853 2397 terram,
887 2327 968 2403 (1)
999 2327 1240 2399 quiante
1268 2328 1526 2382 stnculum
1570 2325 1821 2381 fundatus
1851 2334 1936 2382 est
1985 2342 2000 2379 :
2053 2340 2229 2395 neque

630 2424 806 2480 solum
851 2431 977 2479 ante
1023 2431 1246 2489 terram,
1293 2421 1389 2478 sed
1437 2422 1600 2476 etiam
1647 2426 1772 2475 ante
1813 2427 2024 2474 montes
2066 2427 2226 2489 atque

629 2516 814 2572 colles.
848 2516 916 2571 Et
945 2517 1000 2571 in
1031 2515 1115 2570 his
1139 2513 1359 2585 quidem
1389 2513 1513 2583 quia
1545 2511 1613 2567 de
1661 2526 1719 2566 se
1748 2509 2020 2580 Sapientia
2052 2510 2224 2580 loqui-

629 2616 738 2677 tur,
770 2609 893 2681 plus
925 2608 1160 2681 loquitur
1183 2622 1342 2678 quam
1373 2607 1608 2662 auditur.
1639 2605 1832 2661 Omnia
1859 2605 2023 2669 enim,
2072 2619 2220 2674 qua:-

629 2715 857 2773 cumque
922 2701 989 2757 ad
1048 2698 1330 2756 inﬁnitatis
1375 2697 1780 2770 intelligentiam
1829 2696 2218 2768 significantur,

624 2793 782 2849 istius
813 2794 956 2849 modi
986 2808 1108 2849 esse
1132 2798 1367 2862 oportet,
1400 2807 1468 2846 ne
1506 2791 1585 2846 rei
1631 2791 1876 2860 cuiquam
1901 2798 1993 2843 aut
2035 2787 2220 2859 generi

627 2887 863 2942 secunda
914 2889 967 2941 in
1019 2897 1261 2956 tempore
1307 2887 1436 2940 sint.
1482 2885 1751 2940 Caeterum
1798 2884 1864 2938 ad
1907 2883 2224 2938 aeternitatis

627 2977 1146 3034 demonstrationem
1176 2991 1515 3048 nequaquam
1543 2975 1626 3049 (2)
1656 2976 1970 3046 temporalia
2009 2975 2085 3047 (ὁ)
2133 2989 2225 3030 co—

622 3073 948 3145 aptahttntur
973 3090 988 3128 :
1017 3074 1140 3144 quia
1179 3087 1276 3143 per
1302 3070 1379 3139 id,
1413 3070 1554 3142 quod
1605 3070 1906 3142 posteriora
1952 3079 2078 3124 sunt
2119 3084 2226 3124 ete-

621 3167 771 3233 teris,
805 3182 900 3236 per
927 3182 987 3223 se
1036 3167 1150 3236 ipsa
1194 3180 1301 3220 non
1345 3163 1694 3221 manilestant
1735 3163 2018 3220 inﬁnitatis
2059 3177 2220 3219 exor-
2249 3154 2294 3219 C

722 3281 774 3346 1)
805 3281 906 3346 Qui
931 3289 1048 3336 ante
1070 3282 1281 3337 saecula.

722 3283 744 3335 1
805 3281 906 3346 Qui
931 3289 1048 3336 ante
1070 3297 1160 3336 stet

691 3280 776 3424 l2;
809 3351 1160 3424 Temporaria.

616 3490 900 3564 uterisiad
945 3489 1390 3561 exstinguendum
1441 3489 1710 3564 Judaeum,
1766 3500 1872 3548 etc.
1919 3490 2212 3564 Sapientiae

615 3573 742 3619 ante
772 3563 989 3618 Mariam
1034 3564 1377 3619 subsistentis
1419 3563 1713 3618 efﬁcaciam
1753 3577 1816 3618 ac
1856 3563 2110 3619 virtutem
2156 3565 2209 3618 in

611 3636 880 3762 gppribusl
904 3651 967 3691 ac
1003 3635 1262 3691 doctrinis
1286 3634 1401 3690 fuse
1430 3644 1746 3698 prosecutus
1772 3644 1856 3690 est
1881 3636 2115 3690 Hilarius
2145 3635 2211 3691 li-

653 3723 726 3762 ris
748 3723 798 3762 tv
823 3723 875 3762 e'
905 3723 958 3762 ν.

653 3705 726 3764 ris
748 3723 798 3762 tv
823 3714 880 3762 et
905 3723 958 3763 ν.

684 3777 762 3862 (α)
790 3779 848 3862 id
875 3789 978 3862 est,
1008 3778 1077 3862 ad
1102 3788 1500 3862 sacramentum
1531 3791 1594 3862 ae
1617 3778 1930 3862 mysterium
1969 3778 2209 3862 (dispen-

611 3848 834 3905 sationis
854 3848 1085 3923 scilicet)
1113 3853 1384 3921 pertinere
1405 3848 1737 3916 ostentleret,
1762 3850 1909 3920 quod
1937 3848 2123 3907 eadem
2146 3866 2209 3906 se

611 3929 850 3976 creatam
883 3921 1220 3977 testiﬁtiatur.

681 3992 890 4065 (b)_._Er.
908 3993 1067 4065 Lips.
1116 4002 1172 4048 et
1212 3993 1361 4059 Par.,
1408 3993 1732 4065 temporaria.
1767 3992 1866 4048 Ms.
1912 3993 2034 4050 Vat.
2063 3996 2204 4062 bas.,

609 4063 869 4134 tempora.
890 4063 995 4118 Alii
1025 4079 1147 4120 eum
1180 4065 1337 4131 Bad.,
1366 4064 1689 4134 temporalia.

682 4133 752 4207 (ε)
794 4133 937 4207 Nihil
969 4136 1020 4190 in
1049 4136 1130 4190 his
1155 4136 1334 4190 verbis
1363 4133 1609 4204 apparet,
1639 4134 1798 4207 quod
1827 4135 2071 4207 'concilio
2103 4135 2207 4191 La-

607 4205 780 4262 teran.
812 4205 903 4273 IV,
932 4207 1268 4271 adversetur,
1301 4221 1354 4262 c.
1387 4208 1436 4271 1,
1469 4209 1535 4262 de
1577 4205 1683 4261 ﬁde
1708 4206 2007 4270 delinienti,
2034 4206 2201 4262 Deum

605 4277 666 4330 ab
698 4279 843 4332 initio
870 4280 1110 4345 temporis
1138 4288 1404 4347 utramque
1433 4277 1496 4331 de
1530 4278 1690 4332 nihilo
1721 4278 2014 4332 condidisse
2057 4295 2201 4332 crea-

609 4356 800 4415 turam,
842 4349 1126 4420 spiritalem
1171 4357 1218 4404 et
1258 4350 1598 4420 corporalem,
1642 4350 1926 4420 angelicam
1971 4349 2200 4404 videlicet

608 4427 656 4488 et
679 4419 1012 4473 mundanam.
1044 4419 1268 4475 Planum
1301 4419 1442 4474 enim
1475 4431 1581 4484 est,
1614 4419 1728 4474 haec
1754 4419 1982 4475 Genesis
2011 4425 2197 4488 verba,

607 4487 676 4563 In
705 4491 956 4563 principio
983 4493 1168 4546 creavit
1195 4491 1333 4546 Deus
1368 4493 1626 4563 etelumiet
1653 4501 1860 4553 terram,
1894 4492 1966 4545 ita
1995 4506 2024 4544 a
2068 4487 2200 4547 con-

605 4562 731 4617 cilio
756 4562 1031 4618 intellecta
1062 4578 1202 4628 esse,
1234 4574 1290 4616 ut
1318 4564 1384 4617 ad
1417 4562 1715 4632 angelicam
1746 4573 1990 4616 naturam
2017 4565 2198 4618 caelum

2335 1971 2460 2010 nam
2507 1970 2722 2011 causam
2771 1954 2900 2010 dicti
2930 1971 3025 2024 per
3064 1956 3179 2011 haec
3223 1971 3345 2027 quae
3390 1971 3795 2028 consequuntur
3837 1973 3931 2030 os-

2337 2047 2506 2103 tendit
2537 2064 2550 2102 :
2590 2047 2725 2102 Deus
2755 2047 2873 2118 fecit
2900 2048 3154 2119 regiones,
3189 2056 3235 2102 et
3263 2047 3640 2114 inhabitabilia,
3690 2060 3736 2103 et
3775 2066 3933 2104 cacu—

2334 2142 2474 2195 mina
2515 2157 2628 2212 qua:
2680 2140 2978 2193 habitantur
3023 2139 3114 2194 sub
3144 2140 3292 2194 caelo.
3323 2139 3453 2194 Cum
3479 2150 3684 2211 pararet
3712 2143 3891 2196 coelum
3911 2183 3930 2210 ,

2332 2233 2406 2308 (ε)
2424 2251 2563 2288 eram
2589 2250 2704 2288 cum
2724 2233 2834 2300 illo,
2867 2231 3046 2304 cllcum
3077 2233 3470 2304 (4)'segregabat
3493 2249 3638 2288 suam
3660 2233 3824 2307 430
3846 2251 3932 2290 se-

2333 2327 2468 2381 dem.
2507 2325 2725 2392 Quando
2753 2340 2906 2395 super
2931 2335 3104 2380 ventos
3144 2326 3340 2380 validas
3371 2327 3590 2399 faciebat
3635 2329 3688 2381 in
3728 2344 3929 2383 summa

2329 2421 2505 2487 nubes,
2550 2430 2598 2475 et
2643 2438 2758 2476 cum
2797 2431 2958 2477 certos
3013 2423 3226 2491 ponebat
3261 2419 3332 2495 (f)
3364 2426 3530 2495 fontes
3578 2422 3669 2477 sub
3701 2423 3846 2491 caelo,
3879 2432 3930 2478 et

2327 2529 2444 2567 cum
2495 2513 2655 2583 fortia
2697 2513 2912 2582 faciebat
2937 2513 3272 2583 fundamenta
3301 2525 3470 2581 terrw,
3500 2530 3590 2586 ego
3617 2531 3758 2570 erant
3783 2515 3929 2585 apud

2323 2604 2472 2659 illum
2501 2619 2806 2676 componens
2823 2603 3092 2677 (Proverb.
3123 2620 3237 2672 νιιι,
3265 2604 3357 2673 26,
3375 2606 3581 2660 secund.
3614 2603 3766 2679 cxx).
3795 2607 3927 2676 Quis

2327 2697 2414 2753 ltic
2451 2707 2752 2767 temporum
2795 2697 2946 2752 locus
2977 2698 3098 2753 est?
3129 2699 3235 2752 Aut
3264 2713 3371 2768 quo
3401 2713 3458 2754 se
3500 2699 3798 2755 extendere
3843 2701 3927 2755 ul-

2325 2797 2406 2844 tra
2432 2788 2506 2862 (g)
2561 2789 2822 2844 inﬁnitam
2852 2787 3111 2860 unigeniti
3143 2789 3237 2844 Dei
3286 2789 3637 2855 nativitatem,
3668 2789 3924 2848 humana:

2327 2885 2699 2956 intelligentiae
2737 2899 2928 2940 sensus
2959 2884 3326 2955 permittitur?
3357 2883 3473 2940 Non
3499 2887 3640 2940 enim
3666 2901 3758 2955 per
3780 2885 3920 2954 haec,

2327 2994 2554 3050 quorum
2582 2978 2918 3034 creationem
2946 2989 3129 3033 mente
3151 2977 3505 3047 concipimus,
3536 2977 3922 3049 comprehendi

2326 3072 2604 3142 generatio
2631 3071 2748 3142 ejus
2779 3078 2976 3141 potest,
3007 3070 3098 3141 qui
3144 3071 3383 3125 anterior
3433 3069 3516 3124 his
3545 3071 3793 3127 omnibus
3836 3079 3924 3129 est

2327 3161 2406 3236 (It)
2457 3171 2514 3218 ut
2544 3163 2789 3233 quamvis
2820 3167 3066 3233 praestet,
3091 3160 3143 3216 in
3174 3169 3437 3231 tempore,
3485 3176 3590 3219 non
3625 3163 3920 3236 tamenin-

2397 3280 2475 3423 ξό)
2503 3277 2644 3337 Deus
2676 3279 2838 3336 Deum
2863 3279 3123 3336 Christum
3149 3288 3370 3352 generet.

2420 3352 2480 3423 4)
2522 3353 2849 3409 Secernebat.

2420 3352 2480 3426 4)
2522 3353 2849 3409 Secernebat.

2317 3500 2537 3561 terram;
2583 3503 2638 3547 ut
2682 3493 2815 3548 illud
2861 3494 2927 3548 sit
2971 3495 3178 3550 creandi
3229 3495 3558 3564 principium,
3612 3504 3730 3551 ante
3779 3498 3918 3566 quod

2317 3566 2501 3619 creatis
2549 3581 2611 3638 ea:
2658 3567 2805 3620 rebus
2851 3567 3056 3620 omnino
3109 3566 3254 3620 nulla
3281 3567 3451 3635 fuerit.
3483 3566 3684 3638 Aperta
3731 3576 3912 3625 tamen

2317 3644 2509 3710 estea
2543 3636 2619 3710 _tle
2664 3652 2722 3710 re
2769 3638 3040 3693 Ambrosii
3091 3639 3355 3693 sententia
3400 3638 3492 3692 lih.
3527 3636 3565 3704 t,
3613 3637 3748 3710 Hes.
3777 3655 3825 3693 c.
3857 3642 3910 3710 1,

2315 3723 2370 3761 η.
2405 3708 2492 3774 19,
2526 3707 2758 3763 dicentis
2805 3725 2818 3762 :
2863 3710 3043 3779 Angeli
3093 3710 3462 3764 dominationes
3511 3719 3554 3764 et
3606 3707 3910 3778 Potestates,

2315 3779 2409 3832 etsi
2441 3779 2719 3853 aliquando
2742 3789 3018 3846 cwperunt,
3051 3792 3192 3853 erant
3220 3789 3384 3834 tamen
3418 3783 3536 3853 jam
3578 3781 3783 3853 quando
3828 3782 3912 3836 hic

2312 3850 2534 3904 mundus
2563 3861 2636 3904 est
2660 3855 2825 3921 factus
2850 3872 2862 3905 :
2889 3859 2945 3906 et
2971 3850 3122 3921 prati.
3157 3851 3206 3904 in
3240 3867 3320 3922 ps.
3346 3866 3382 3919 ι,
3409 3850 3464 3906 ἡ.
3486 3852 3522 3905 2
3548 3867 3567 3906 .·
3589 3851 3720 3906 Ante
3741 3853 3912 3922 ipsum

2311 3921 2514 3975 initium
2542 3923 2718 3975 mundi
2749 3921 3023 3977 Cherubim
3071 3933 3116 3975 et
3166 3922 3442 3992 Seraphim
3493 3939 3609 3976 cum
3652 3924 3906 3978 suavitate

2309 4009 2514 4048 canorw
2554 3994 2688 4047 vocis
2733 3993 2929 4058 dicunt,
2976 3995 3218 4055 Sanctus,
3265 4003 3370 4049 etc.
3416 3993 3674 4050 Eamdetn
3703 3995 3911 4051 Hilario

2311 4077 2496 4119 nostro
2527 4064 2838 4134 Opinionem
2889 4065 3144 4119 Erasmus
3174 4067 3259 4120 hic
3307 4065 3614 4135 adscripsit,
3666 4067 3908 4122 subscri-

2310 4135 2561 4207 bentibus
2611 4137 2660 4189 ei
2709 4146 2973 4207 quotquot
3021 4146 3207 4207 postea
3254 4137 3352 4191 hos
3396 4135 3562 4192 libros
3601 4137 3906 4193 ediderunt.

2308 4205 2450 4261 Nihil
2494 4217 2672 4261 tamen
2704 4205 3054 4272 advertimus,
3105 4221 3202 4261 cur
3248 4207 3318 4260 illi
3365 4217 3515 4262 certo
3560 4209 3906 4267 attribuatur.

2311 4277 2479 4332 Immo
2508 4279 2561 4331 in
2591 4293 2673 4348 ps.
2701 4293 2902 4345 cxxxv,
2939 4296 2993 4332 n.
3020 4280 3074 4342 8,
3097 4278 3295 4333 docere
3318 4278 3548 4344 videtur,
3593 4280 3907 4348 angelorum
3933 4289 3935 4292 ‘

2303 4348 2460 4421 sedes
2486 4351 2881 4418 anteipsosmet
2909 4349 3072 4404 luisse
3099 4348 3738 4421 institutas.Quamquatn
3771 4351 3820 4406 in
3842 4367 3908 4407 ea

2302 4420 2556 4491 opinione
2605 4421 2740 4475 nihil
2783 4421 3113 4476 discriminis
3155 4422 3395 4491 agnoscit
3451 4420 3777 4491 Augustinus
3807 4423 3905 4479 lib.

2302 4489 2376 4555 xi,
2410 4492 2477 4546 de
2506 4490 2623 4547 Civ.
2658 4491 2753 4548 Dei
2781 4507 2831 4548 c.
2875 4492 2967 4556 '52,
3003 4491 3089 4545 ubi
3123 4489 3294 4560 prima
3341 4489 3570 4547 Genesis
3602 4493 3800 4548 verba:
3834 4494 3905 4548 In

2303 4563 2576 4631 principio,
2606 4579 2712 4634 non
2741 4563 2808 4618 de
2832 4563 3092 4634 temporis
3114 4560 3286 4627 initio,
3319 4563 3413 4618 sed
3437 4562 3504 4618 de
3531 4563 3727 4629 Verbo,
3751 4565 3897 4634 quod

607 4642 797 4689 terram
826 4633 892 4688 ad
931 4634 1253 4690 mundanam
1287 4631 1538 4705 referret,
1558 4631 1721 4701 Atqui
1752 4635 1964 4705 Moyses
1994 4635 2192 4688 coelum
2222 4645 2273 4704 D
2300 4634 2463 4705 etiam
2520 4633 2797 4703 Scriptura
2848 4631 3172 4704 principium
3223 4635 3486 4700 nominat,
3555 4631 3904 4705 interpretari

607 4717 732 4760 ante
778 4714 975 4760 terram
1025 4715 1306 4769 memorat,
1350 4703 1684 4774 proindeque
1727 4720 1755 4758 a
1804 4703 2043 4758 Concilio
2083 4719 2188 4760 non

605 4775 875 4844 dissentit,
909 4775 999 4846 qui
1021 4776 1240 4847 angelos
1269 4784 1393 4847 ante
1422 4774 1669 4847 eamdem
1702 4774 2194 4847 priedieat._Neque

605 4849 777 4918 magis
828 4845 1113 4916 repugnat,
1135 4845 1300 4918 ,quod
1347 4847 1421 4899 ait
1468 4845 1701 4900 Hilarius
1749 4857 1937 4918 contra
1975 4845 2195 4902 Auxen-

606 4917 736 4973 tium
769 4935 823 4973 n.
855 4919 940 4984 10,
971 4917 1232 4971 diabolum
1267 4926 1384 4970 ante
1427 4926 1652 4986 tempora
1679 4925 1728 4986 et
1767 4917 1957 4970 swcula
2000 4919 2191 4972 substi-

603 4991 739 5043 tisse.
773 4989 906 5044 Nam
947 5004 1067 5042 cum
1110 4988 1197 5042 hic
1219 4987 1454 5058 disputet
1483 4985 1668 5042 centra
1695 4985 1974 5052 Arianum,
2004 4988 2191 5043 Ariani

603 5072 784 5116 autem
815 5063 992 5115 solent
1021 5069 1250 5128 tempora
1280 5059 1342 5112 de
1365 5060 1489 5113 solis
1515 5075 1574 5112 ac
1620 5058 1758 5112 luna:
1801 5060 2054 5113 creatione
2096 5077 2192 5113 nu-

603 5147 820 5200 merare,
853 5140 912 5186 ut
938 5131 1236 5186 audivimus
1282 5144 1443 5199 supra
1471 5147 1523 5184 n.
1555 5130 1647 5194 54,
1696 5129 1822 5185 hine
1867 5138 2072 5185 tantum
2099 5146 2189 5187 se-

601 5203 784 5274 quitur
827 5203 1071 5274 angelos,
1106 5201 1434 5274 proindeque
1459 5201 1756 5274 diabolum,
1789 5211 1911 5257 ante
1938 5203 2108 5257 solem
2137 5212 2192 5258 et

603 5271 786 5330 lunam
815 5271 1142 5330 substitisse.
1174 5273 1329 5342 Quod
1356 5271 1822 5327 noninﬁeiandum
1844 5283 2032 5328 censet
2061 5274 2186 5343 Epi-

601 5345 830 5416 phanius
855 5347 988 5400 liter.
1019 5343 1108 5410 65,
1161 5360 1216 5399 n.
1270 5346 1338 5410 5,
1369 5353 1586 5414 pr0pter
1612 5344 1743 5398 illud
1772 5343 1927 5399 Joan.
1961 5359 2185 5410 xxxviii,

601 5415 633 5471 7
659 5435 672 5472 :
704 5416 831 5471 Cum
857 5422 992 5488 facta
1019 5425 1137 5470 sunt
1157 5415 1346 5481 sidera,
1378 5417 1711 5470 laudauerunt
1751 5433 1830 5470 me
1871 5432 2042 5470 omnes
2088 5433 2182 5470 an-

598 5489 701 5560 geli
721 5489 819 5542 mei
844 5487 864 5543 .‘
891 5490 1133 5558 quamvis
1161 5489 1276 5559 ipse
1304 5503 1408 5542 non
1442 5489 1633 5558 probet
1659 5503 1774 5552 eos,
1807 5488 1899 5558 qui
1936 5487 2184 5557 aliquan-

599 5559 709 5615 tum
741 5562 999 5632 temporis
1028 5568 1152 5615 ante
1183 5563 1438 5615 mundum
1469 5559 1690 5630 angelos
1714 5559 1960 5632 conditos
2000 5573 2184 5614 sense-

595 5641 754 5697 runt;
796 5631 1063 5687 et'contra
1085 5646 1180 5686 eos
1219 5647 1368 5686 num.
1399 5632 1455 5695 8,
1487 5632 1687 5686 acriter
1711 5631 2021 5697 contendat,
2065 5647 2184 5686 cer-

595 5710 701 5755 tam
752 5703 896 5756 illam
947 5717 1067 5757 esse
1115 5710 1171 5757 et
1217 5703 1604 5756 immutabilem
1667 5703 2012 5768 sententiam,
2067 5711 2185 5756 ante

594 5773 776 5824 caelum
802 5783 850 5826 et
875 5784 1063 5826 terram
1090 5773 1219 5827 nihil
1263 5773 1470 5826 omnino
1509 5787 1676 5825 rerum
1725 5772 2044 5826 conditarum
2097 5789 2183 5826 ea:-

595 5841 752 5914 ¢itisse
780 5858 798 5895 :
827 5843 1069 5915 quoniam
1098 5843 1152 5896 in
1196 5841 1449 5914 principio
1490 5841 1679 5897 creavit
1720 5839 1862 5898 Deus
1908 5844 2091 5899 caelum
2136 5853 2184 5899 et

2302 4703 2488 4776 licere,
2539 4719 2709 4774 eaque
2748 4703 3196 4776 interpretatione
3237 4721 3297 4760 se
3328 4705 3614 4775 plurimum
3644 4703 3903 4762 delectari

2297 4775 2555 4849 declarat.
2587 4776 2700 4830 Hoc
2726 4775 3006 4830 dumtaxat
3027 4777 3323 4831 cavendum
3356 4777 3534 4847 docet,
3583 4793 3650 4832 ne
3676 4779 3901 4849 angelos

2298 4845 2410 4901 Deo
2441 4857 2742 4902 comternos
2771 4849 3120 4903 arbitremur.

2370 4917 2450 4990 (ξι)
2479 4919 2586 4973 Sic.
2620 4917 2778 4984 Bad.,
2806 4917 2899 4973 Er.
2935 4931 2986 4973 et
3017 4918 3166 4990 Lips.
3198 4932 3262 4973 ae
3288 4917 3485 4990 plures
3515 4933 3647 4974 mss.
3681 4919 3903 4990 Aliquot

2297 4989 2479 5059 proba:
2508 4999 2648 5044 notae
2672 5003 2791 5044 cum
2823 4990 2968 5053 Par.,
3008 4989 3127 5060 quia
3170 5006 3249 5044 ea.
3285 4988 3341 5044 In
3373 4992 3558 5047 codice
3587 4990 3708 5046 Vat.
3753 4988 3896 5059 bas.,

2293 5061 2416 5128 quia
2443 5061 2530 5130 qui
2554 5069 2670 5114 ante
2698 5070 2886 5116 terram
2913 5071 2960 5116 et
2986 5068 3180 5115 montes
3206 5070 3252 5114 et
3277 5061 3434 5116 colles
3462 5064 3549 5117 sit.

2369 5129 2709 5202 (eiMartin.
2760 5148 2890 5202 ms.,
2943 5134 3153 5188 aderam
3202 5132 3324 5200 illi,
3359 5143 3404 5188 et
3447 5149 3564 5188 cum
3607 5142 3896 5189 secerneret

2296 5217 2442 5256 suam
2469 5205 2658 5257 sedem.

2369 5273 2438 5340 (f)
2466 5272 2523 5327 In
2555 5289 2711 5339 mss.,
2740 5285 2958 5333 montes.

2369 5345 2443 5415 (g)
2474 5345 2782 5420 Legendum
2814 5361 3063 5417 putamus
3093 5348 3147 5403 in
3173 5347 3473 5420 inﬁnitam:
3500 5355 3561 5403 ut
3582 5346 3895 5419 praepositio

2293 5417 2345 5470 in
2399 5417 2662 5472 exciderit
2702 5429 2921 5489 propter
2964 5420 3196 5476 similem
3229 5417 3507 5492 syllabam
3557 5417 3894 5491 subsequen-

2293 5498 2422 5542 tem.

2363 5557 2444 5630 (h)
2477 5559 2649 5614 Verus
2697 5557 2867 5633 codex
2913 5558 3066 5616 Colb.
3101 5575 3223 5618 eum
3255 5561 3465 5633 Remig.
3507 5570 3563 5617 et
3589 5561 3802 5627 Germ.,
3836 5570 3893 5615 ut

2290 5645 2442 5704 quam
2465 5640 2686 5704 prwstet,
2718 5631 2852 5704 Silv.
2886 5642 2941 5685 ut
2971 5635 3197 5703 quamvis
3233 5631 3450 5704 prwsit}
3482 5648 3591 5688 non
3620 5635 3690 5687 ita
3726 5634 3886 5688 male.

2294 5701 2580 5770 Ecliptieus
2607 5712 2686 5758 est
2717 5701 2805 5758 hic
2831 5701 3032 5771 sermo,
3067 5701 3241 5775 coque
3261 5706 3639 5763 luereticorum
3669 5717 3889 5760 senten-

2292 5775 2366 5828 tia
2391 5781 2626 5846 notatur,
2661 5789 2765 5846 qua
2791 5776 3009 5830 Christo
3035 5777 3104 5830 ita
3131 5778 3360 5846 primum
3392 5779 3444 5833 in
3487 5777 3678 5831 ordine
3706 5792 3890 5833 rerum

2292 5845 2668 5915 temporalium
2702 5845 2882 5903 locum
2911 5845 3214 5905 concedunt
3244 5866 3258 5904 :
3292 5857 3349 5905 ut
3378 5849 3626 5920 quamvis
3656 5847 3722 5904 iis
3749 5860 3890 5920 prae-
