4286 6264
436 287 541 344 457

1629 296 1715 352 DE
1758 293 2126 355 TRINITATE
2166 295 2367 357 LIBER
2398 298 2515 358 XII.

3634 312 3740 370 458

435 401 619 457 ﬁnitus
648 402 742 468 sit,
771 404 858 459 cui
890 403 991 460 hoc
1018 405 1193 461 solum
1223 407 1482 463 tributum
1511 408 1600 475 sit,
1636 420 1695 465 nt
1723 422 1850 469 ante
1899 421 2033 469 tem-
2058 415 2108 472 Α
2139 415 2332 471 riorem
2372 432 2432 472 se
2463 430 2569 472 non
2601 416 2776 473 solum
2805 416 2888 473 his
2924 433 3042 489 quae
3069 431 3251 478 creata
3281 431 3409 480 sunt
3432 423 3611 494 docet,
3640 427 3740 484 sed

436 495 642 566 poralia
690 505 848 551 natus
901 498 994 553 sit.
1039 496 1174 555 Nam
1201 515 1324 554 cum
1362 498 1434 573 (α)
1484 501 1570 557 illa
1606 504 1837 574 tempori
1868 505 1918 559 in
1952 504 2034 560 sui

435 587 826 645 constitutione
852 589 1188 662 subiaceant,
1241 593 1332 649 ille
1374 601 1581 663 tamen,
1625 595 1752 651 licet
1797 598 2036 653 anterior

434 680 523 737 bis
549 682 803 740 omnibus
827 684 920 752 sit,
951 699 1060 741 non
1083 685 1153 741 sit
1177 685 1319 743 liber
1346 702 1378 743 a
1421 697 1702 759 tempore:
1732 689 1854 761 quia
1897 699 2035 747 tem-

439 775 640 846 poralis
684 774 878 832 borum
928 778 1243 834 constitutio
1290 788 1503 848 tempus
1550 780 1848 837 nativitatis
1891 782 2028 852 ejus,

436 868 529 939 qui
552 876 680 924 ante
700 867 773 924 sit
800 880 980 937 natus,
1010 869 1294 938 ostendat;
1319 872 1447 927 dum
1473 871 1576 929 hoc
1608 873 1782 945 ipsum
1811 873 1861 931 ei
1902 883 2036 931 temo

436 974 541 1030 pus
568 969 674 1028 est,
697 959 842 1030 quod
874 962 1266 1032 temporalibus
1296 962 1616 1021 antefertur.

510 1054 603 1110 '59.
650 1053 887 1111 xEternis
913 1072 970 1110 se
1004 1066 1309 1112 cowternam
1348 1059 1541 1114 docuit.
1568 1088 1640 1100 --
1666 1058 1773 1115 Sed
1806 1058 1898 1115 Dei
1925 1074 2039 1116 ser-

441 1162 531 1202 mo
558 1155 611 1203 et
640 1162 785 1204 verae
810 1149 1095 1217 sapientiae
1121 1149 1364 1207 doctrina
1403 1149 1478 1225 (b)
1510 1151 1747 1224 loquitur
1773 1152 2032 1224 perfecta,

438 1250 497 1297 et
541 1241 786 1297 absoluta
822 1242 1113 1315 significat,
1142 1244 1345 1301 docens
1382 1261 1442 1302 se
1492 1263 1600 1303 non
1652 1250 2037 1321 temporalibus

437 1350 560 1393 esse
585 1337 943 1405 anteriorem,
972 1339 1067 1395 sed
1108 1339 1357 1397 inﬁnitis.
1408 1342 1541 1399 Cum
1587 1345 1728 1400 enim
1760 1360 2037 1417 prmpara-

438 1439 587 1486 retur
612 1433 833 1499 cmlum,
862 1432 1052 1490 aderat
1084 1434 1217 1491 Deo.
1244 1434 1515 1509 Numquid
1555 1439 1677 1503 (ιω,Ιί
1711 1439 2038 1510 prteparatio

439 1529 553 1586 Dco
579 1540 662 1587 est
694 1533 1006 1602 temporalis
1031 1534 1109 1607 (t)
1147 1533 1218 1607 (ε)
1250 1544 1307 1591 ut
1332 1550 1531 1607 repens
1558 1536 1896 1609 cogitationis
1923 1554 2040 1594 mo-

443 1630 529 1678 tus
558 1623 737 1680 subito
762 1624 817 1679 in
851 1637 1085 1682 mentem
1117 1637 1388 1699 tamquam
1413 1637 1572 1686 antea
1617 1630 1885 1701 torpidam
1925 1641 2039 1688 stu-

444 1723 763 1787 pentemque
782 1717 1138 1790 subrepserit,
1174 1718 1517 1793 humanoque
1544 1722 1706 1777 modo
1734 1722 2034 1780 fabricandi

2141 509 2358 563 :ctcrnis
2386 518 2734 577 cozeteruam,
2791 514 3171 581 prteparationi
3220 516 3430 573 scilicet
3478 518 3638 586 cmli,
3683 529 3740 575 et

2139 599 2449 657 discretioni
2481 603 2626 660 sedis
2649 604 2764 658 Dei.
2798 602 2915 660 Non
2948 605 3092 661 enim
3130 615 3242 663 tum
3291 609 3525 666 discreta
3579 610 3741 668 sedes

2139 701 2241 758 est,
2279 709 2401 748 cum
2451 694 2641 751 ell‘ecta
2689 703 2774 752 est
2819 714 2832 749 :
2873 696 2995 769 quia
3040 698 3188 756 aliud
3235 710 3321 756 est
3364 700 3603 759 discerni
3647 718 3742 760 se-

2138 785 2283 855 dem,
2302 787 2444 843 aliud
2467 789 2740 859 componi.
2772 788 2958 862 Neque
2988 800 3098 847 tum
3126 803 3373 865 paratum
3405 794 3602 853 coelum
3633 806 3740 865 est,

2138 891 2260 934 cum
2291 891 2650 951 praeparatum
2676 891 2760 939 est
2788 901 2800 937 :
2833 898 2958 940 nam
3003 897 3121 942 erat
3159 886 3301 959 apud
3343 897 3741 959 praeparantem

2139 969 2221 1045 (6)
2245 970 2308 1044 (i)
2330 982 2387 1029 et
2400 973 2819 1033 discernentem.
2854 976 3050 1035 Postea
3070 993 3202 1036 vero
3230 982 3591 1053 componebat
3612 999 3740 1041 curn

2141 1062 2212 1139 (j)
2234 1074 2453 1135 parante
2480 1069 2871 1126 :teternitat’em
2894 1084 3046 1126 suam
3070 1087 3190 1128 cum
3216 1076 3540 1145 prmparanti
3561 1074 3741 1146 adest,

2141 1164 2195 1211 et
2223 1156 2581 1214 ministerium
2628 1161 2846 1231 quando
2884 1178 3004 1219 cum
3052 1175 3280 1235 parante
3327 1168 3606 1239 componit
3651 1183 3743 1227 os-

2142 1250 2392 1308 tendens.
2428 1252 2632 1310 Idcirco
2677 1270 2819 1312 nunc
2853 1256 3014 1313 etiam
3043 1267 3171 1316 ante
3203 1273 3400 1316 terram
3433 1271 3487 1317 et
3527 1271 3742 1320 montes

2140 1353 2197 1400 et
2220 1345 2387 1402 colles
2415 1348 2649 1418 genitam
2678 1364 2800 1405 esse
2838 1365 2897 1407 se
2922 1350 3076 1420 dixit,
3110 1354 3234 1424 quia
3263 1364 3317 1411 et
3357 1356 3742 1428 praeparationi

2142 1438 2264 1493 coeli
2292 1438 2528 1494 adfuisse
2545 1455 2605 1496 se
2626 1441 2848 1497 doceret
2873 1460 2887 1494 :
2913 1452 2971 1498 ut
2996 1443 3113 1501 hac
3133 1444 3246 1515 jam
3276 1454 3423 1516 tunc,
3450 1463 3571 1504 cum
3601 1464 3742 1520 prae-

2142 1538 2423 1600 pararetur
2472 1532 2687 1599 cmlum,
2741 1548 2907 1604 penes
2956 1535 3124 1592 Deum
3154 1536 3294 1593 facta
3345 1553 3466 1596 esse
3515 1556 3612 1612 per
3660 1540 3740 1610 id,

2142 1626 2287 1696 quod
2317 1627 2452 1682 nihil
2495 1629 2603 1684 Deo
2631 1644 2826 1686 novum
2847 1640 2949 1698 est,
2983 1630 3399 1691 demonstraret.

2211 1719 2301 1775 40.
2336 1718 2593 1777 Mundam
2630 1720 2769 1778 Deus
2794 1723 2859 1777 ab
2889 1734 3081 1781 (eterna
3105 1726 3263 1782 simul
3300 1743 3363 1781 ac
3392 1727 3549 1784 semel
3598 1743 3737 1799 pra:-

441 1807 564 1865 cmli
611 1803 910 1880 impensam
957 1821 1013 1867 et
1075 1811 1429 1869 instrumenta
1478 1816 1788 1887 quaesierit?
1837 1816 2036 1889 Atquin
2068 1804 2117 1865 Β
2147 1815 2748 1885 paravit.—Perpetua
2775 1817 2920 1873 enim
2967 1827 3023 1875 et
3073 1828 3273 1876 aeterna
3322 1837 3504 1879 rerum
3550 1838 3744 1880 crean—

439 1901 579 1956 alius
605 1900 882 1971 prophetae
910 1902 978 1958 de
1001 1903 1405 1974 operationibus
1436 1906 1533 1962 Dei
1561 1922 1753 1964 sensus
1783 1919 1887 1977 est,
1914 1924 2035 1966 cum

437 1994 557 2048 ait:
596 1993 761 2049 Verbo
802 1994 1013 2051 Domini
1056 1999 1167 2053 caeli
1210 2000 1405 2069 ﬁrmati
1446 2010 1579 2068 sunt,
1632 2011 1680 2056 et
1704 2003 1893 2075 spiritu
1931 2004 2038 2060 oris

440 2090 554 2161 ejus
598 2089 765 2143 omnis
807 2089 967 2146 uirtus
1012 2107 1186 2146 eorum
1216 2092 1391 2164 (Psal.
1423 2110 1593 2162 χχιιι,
1626 2096 1705 2163 6).
1754 2097 2034 2171 Praecepto

448 2188 628 2236 tamen
661 2181 756 2238 Dei
800 2182 925 2239 caeli
975 2192 1033 2239 ut
1076 2184 1421 2242 firmarentur
1450 2199 1757 2277 eguerunt;
1778 2206 1901 2247 nam
1942 2207 2039 2285 ap?

436 2282 660 2345 paratus
689 2282 744 2329 et
794 2275 967 2332 virtus
1010 2290 1196 2333 eorum
1228 2278 1280 2333 in
1328 2276 1430 2334 hac
1480 2275 1885 2351 imperturbatm
1908 2275 2042 2340 con-'-

436 2366 736 2423 stitutionis
764 2367 845 2441 (2)
891 2384 1005 2425 suae
1054 2370 1330 2440 ﬁrmitate,
1383 2386 1490 2428 non
1531 2372 1601 2431 de
1646 2377 2038 2447 temperatione

440 2459 670 2532 alicujus
694 2460 774 2534 (d)
807 2471 860 2519 et
908 2463 1266 2534 permixtione
1310 2464 1571 2535 materiae,
1614 2464 1777 2541 43],
1829 2470 1922 2526 sed
1969 2486 2035 2527 ex

436 2554 631 2625 Spiritu
654 2555 821 2612 divini
848 2557 961 2614 oris
982 2558 1209 2616 exsistit.
1241 2560 1379 2629 Quid
1412 2576 1541 2634 ergo
1560 2572 1665 2631 est,
1712 2566 2035 2636 praeparanti

434 2649 553 2705 Deo
593 2650 791 2707 cmlum
832 2651 1067 2722 genitam
1097 2653 1165 2709 ab
1193 2668 1260 2711 eo
1290 2654 1481 2712 adesse
1509 2658 1866 2728 sapientiam;
1911 2674 2036 2716 cum

440 2756 616 2813 neque
651 2740 856 2798 ereatio
881 2743 1004 2800 cmli
1035 2759 1100 2800 ex
1129 2747 1520 2816 praeparatione
1547 2749 1830 2817 consistat,
1859 2765 2037 2821 neque

437 2848 646 2894 natura:
679 2838 772 2893 Dei
825 2838 917 2905 sit,
967 2838 1022 2895 in
1071 2850 1331 2911 apparatu
1375 2856 1498 2898 eum
1549 2843 1818 2913 cogitandi
1854 2845 2037 2916 operis

435 2929 513 3002 (3)
550 2929 620 3002 (e)
661 2933 1024 2987 commorari?
1053 2932 1197 2989 Nihil
1220 2934 1365 2991 enim
1394 2950 1502 2990 non
1534 2951 1751 3008 semper
1773 2952 1895 2994 cum
1923 2938 2033 2996 Deo

435 3022 562 3089 fuit,
591 3024 848 3096 quidquid
882 3025 936 3081 in
962 3026 1123 3083 rebus
1153 3037 1238 3084 est
1267 3044 1280 3081 :
1321 3042 1443 3100 quae
1472 3029 1574 3086 etsi
1601 3029 1667 3085 ad
1696 3031 2029 3088 creationem

435 3116 520 3171 sui
548 3124 725 3188 coepta
756 3128 900 3185 sunt,
938 3133 1047 3175 non
1075 3128 1202 3175 sunt
1228 3128 1406 3177 tamen
1436 3120 1501 3195 (f)
1532 3120 1600 3178 ad
1629 3123 1721 3179 Dei
1750 3124 1832 3181 vel
1854 3125 2035 3182 scien-

433 3208 565 3265 tiam
613 3209 698 3264 vel
750 3218 1074 3281 potestatem
1119 3211 1392 3269 inchoata.
1443 3213 1510 3269 Et
1555 3215 1709 3272 testis
1750 3224 1835 3272 est
1875 3217 2037 3273 nobis

432 3303 694 3373 propheta
740 3301 925 3359 dicens
956 3319 970 3359 :
1013 3302 1156 3360 Deus
1182 3306 1271 3376 qui
1300 3305 1464 3378 fecisti
1509 3308 1679 3363 omnia
1718 3323 1833 3376 qua:
1857 3308 2038 3379 futura

434 3404 562 3449 sunt
608 3391 760 3467 (Esa.
816 3411 942 3458 ιιν,
988 3395 1080 3462 11,
1125 3414 1228 3452 sec.
1274 3396 1461 3470 LXX).
1488 3398 1619 3467 ρυω
1668 3399 1813 3456 enim
1860 3399 2038 3457 futura

436 3497 586 3555 sunt,
618 3485 746 3544 licet
777 3487 830 3543 in
856 3503 925 3545 eo
949 3488 1093 3559 quod
1122 3489 1353 3545 creanda
1380 3499 1506 3547 sunt
1530 3491 1706 3547 adhuc
1748 3492 1898 3561 fient,
1927 3494 2038 3550 Deo

440 3587 642 3647 tamen,
691 3581 777 3637 cui
825 3582 875 3635 in
902 3582 1152 3639 creandis
1182 3583 1342 3640 rebus
1372 3584 1504 3640 nihil
1537 3602 1733 3642 novum
1761 3602 1824 3643 ac
1846 3588 1921 3660 (g)
1952 3604 2039 3645 re-

436 3684 569 3741 pens
594 3680 702 3740 est,
728 3672 840 3743 jam
872 3671 1012 3729 facta
1056 3682 1183 3730 sunt
1228 3692 1241 3728 :
1286 3674 1414 3731 dum
1466 3684 1521 3732 et
1570 3685 1871 3749 temporum
1927 3678 2038 3735 dis-

435 3761 684 3834 pensatio
727 3772 813 3820 est
852 3773 1233 3833 ut-creentur,
1270 3779 1325 3823 et
1364 3767 1476 3838 jam
1519 3769 1573 3823 in
1604 3768 1801 3824 divinae
1820 3770 2037 3827 virtutis

438 3852 519 3929 (4)
552 3855 634 3926 (It)
676 3857 992 3928 praesriente
1036 3856 1328 3915 efﬁcientia
1355 3860 1465 3915 sint
1492 3871 1693 3917 creata.
1728 3861 1793 3915 Et
1834 3860 2037 3917 idcirco

436 3962 580 4004 nunc
624 3946 901 4019 Sapientia
940 3957 1123 4006 natam
1148 3966 1208 4008 se
1235 3960 1360 4008 ante
1391 3952 1588 4008 saecula
1633 3952 1854 4023 docens,
1885 3963 2038 4012 aute-

536 4107 590 4185 !)
631 4106 701 4185 Et
722 4125 804 4165 res
832 4110 1178 4185 cogitationis.
1209 4111 1372 4185 Tum,
1401 4112 1676 4185 subrepsit.

534 4178 595 4239 2)
634 4178 1054 4238 Consuetudinis.
1248 4238 1251 4239 ν

536 4109 595 4249 Ιζ
631 4109 701 4165 Et
722 4125 804 4165 res
832 4111 1060 4182 cogitatit

534 4181 570 4235 2
634 4178 1054 4238 Consuetudinis.

509 4109 592 4326 {3)
634 4251 1060 4309 Commemorari.

440 4402 569 4460 stet;
601 4408 695 4449 seu
727 4392 1003 4465 prmcellat
1030 4408 1092 4450 ac
1137 4393 1427 4465 pransistat,
1470 4392 1524 4449 iu
1568 4402 1812 4465 tempore
1855 4403 2038 4452 tamen

439 4470 530 4528 sit,
561 4464 745 4520 etnon
775 4464 1036 4519 inﬁnitus.

519 4535 596 4610 (α)
618 4535 755 4610 Mss.
785 4534 1106 4610 Remig.__ac
1134 4534 1366 4610 Thcod.,
1410 4535 1488 4610 illi
1525 4543 1772 4610 tempora.
1807 4537 2035 4605 Quidam

2141 1903 2331 1961 darum
2364 1915 2446 1961 est
2475 1907 2801 1977 praeparatio
2832 1927 2846 1963 :
2878 1924 3054 1981 neque
3082 1911 3325 1981 partibus
3346 1913 3736 1984 cogitationum

2140 1996 2509 2054 universitatis
2534 1998 2694 2071 hujus
2720 2015 2918 2071 corpus
2945 2001 3194 2059 effectum
3237 2014 3343 2071 est,
3388 2013 3447 2061 ut
3492 2005 3731 2075 primum

2138 2090 2209 2147 de
2244 2091 2385 2148 cmlo
2427 2092 2495 2147 sit
2543 2095 2860 2164 cogitatum,
2911 2101 3024 2149 tum
3076 2108 3262 2165 postea
3308 2105 3470 2153 terrae
3514 2113 3644 2154 cura
3685 2107 3742 2155 et

2141 2193 2399 2241 tractatus
2443 2185 2613 2244 Deum
2656 2185 2859 2253 inierit,
2899 2186 2972 2260 (It)
3030 2190 3431 2263 cogitatumque
3473 2207 3571 2263 per
3627 2192 3742 2249 sin-

2138 2278 2263 2349 gula
2290 2277 2381 2344 sit,
2420 2287 2478 2332 ut
2507 2275 2670 2351 532
2698 2278 2930 2349 primum
2978 2281 3029 2334 in
3078 2281 3353 2351 planitiem
3399 2282 3738 2342 diﬁ‘undere-

2140 2377 2249 2440 tur,
2277 2368 2474 2426 deinde
2504 2380 2690 2439 postea
2722 2371 2946 2427 meliore
2972 2373 3204 2428 consilio
3252 2374 3524 2430 montibus
3551 2375 3741 2431 eleva-

2140 2472 2332 2532 retur,
2388 2478 2607 2519 rursum
2655 2472 2834 2519 autem
2886 2465 3048 2519 etiam
3116 2465 3344 2522 collibus
3406 2466 3733 2534 variaretur,

2138 2567 2335 2629 quarto
2362 2556 2559 2613 deinde
2609 2555 2918 2612 habitabilis
2956 2558 3117 2612 etiam
3168 2558 3220 2612 in
3272 2558 3403 2629 ipsis
3440 2559 3737 2615 cacumini-

2140 2650 2239 2706 bus
2286 2649 2625 2715 redderetur,
2675 2647 2739 2719 (l)
2773 2659 3237 2720 prmparatumque
3266 2650 3465 2706 coelum
3492 2666 3557 2706 ac
3581 2651 3741 2708 sedes

2138 2740 2235 2796 Dei
2267 2748 2664 2812 segregaretur,
2698 2750 3090 2812 ventorumque
3135 2740 3509 2799 exhalationcs
3559 2744 3732 2800 nubes

2138 2832 2192 2888 in
2218 2847 2432 2889 summo
2476 2830 2668 2887 validae
2726 2834 3104 2900 continerent;
3171 2844 3298 2890 tunc
3361 2834 3557 2892 deinde
3604 2838 3742 2893 certi

2138 2927 2239 2983 sub
2282 2926 2422 2982 cmlo
2453 2924 2631 2981 fontes
2661 2935 2926 2994 mearent,
2959 2942 3023 2981 ac
3049 2916 3324 2997 postremo
3368 2927 3736 2987 fundamentis

2140 3028 2285 3076 terra
2334 3020 2560 3075 fortibus
2587 3019 3018 3075 confirmaretur.
3053 3021 3287 3091 Singulis
3315 3023 3459 3077 enim
3507 3023 3591 3080 his
3621 3038 3743 3080 om-

2140 3115 2300 3170 nibus
2332 3115 2656 3173 anteriorem
2697 3130 2757 3172 se
2787 3115 3060 3187 Sapientia
3108 3132 3229 3173 esse
3275 3117 3579 3188 proﬁtetur.
3633 3120 3743 3177 Sed

2062 3195 2108 3259 C
2141 3224 2267 3266 cum
2298 3211 2479 3265 omnia
2511 3225 2610 3283 per
2635 3211 2802 3265 Deum
2832 3226 2952 3281 qua:
2981 3210 3082 3265 sub
3109 3210 3250 3267 caelo
3280 3222 3405 3267 sunt
3436 3212 3572 3268 facta
3603 3213 3740 3281 sint,

2142 3311 2198 3358 et
2236 3302 2614 3373 componendo
2664 3302 2806 3359 cosio
2852 3302 3101 3359 Christus
3161 3303 3416 3373 adfuerit,
3464 3314 3521 3362 et
3564 3306 3741 3377 ipsam

2146 3394 2430 3464 praeparati
2480 3395 2601 3450 cceli
2652 3393 2947 3463 praeveniat
2975 3394 3367 3462 teter-nitatem;
3396 3411 3503 3452 non
3534 3398 3739 3468 patitttr

2141 3486 2246 3544 hoc
2270 3488 2568 3543 existimari
2601 3489 2654 3543 in
2683 3488 2795 3545 Deo
2824 3489 3150 3543 minutarum
3176 3505 3358 3545 rerum
3388 3491 3737 3560 particulatas

2139 3581 2515 3652 cOgitationes,
2549 3580 2672 3651 quia
2705 3580 2882 3637 omnis
2915 3579 3104 3635 horum
3134 3586 3459 3652 praeparatio
3497 3582 3612 3638 Deo
3659 3591 3746 3639 est

2132 3684 2434 3731 'comterna.
2482 3672 2617 3729 Nam
2650 3674 2862 3728 tametsi
2894 3672 3088 3728 habeat
3126 3672 3586 3743 diSpensationem
3633 3675 3745 3741 sui,

2148 3766 2443 3823 secundum
2488 3765 2710 3835 Moysen
2757 3762 2913 3836 (Gen.
2963 3765 3028 3833 ι),
3080 3764 3404 3819 ﬁrmamenti
3468 3764 3747 3833 solidatio,

2145 3860 2312 3914 aridae
2353 3856 2592 3924 nudatio,
2641 3856 2805 3909 maris
2836 3853 3203 3925 congregatio,
3238 3860 3507 3910 astrorum
3535 3855 3744 3912 consti-

2149 3953 2302 4018 tutio,
2346 3962 2603 4023 aquarum
2634 3956 2899 4017 terraeque
2929 3947 2981 4002 in
3004 3946 3286 4018 ejiciendis
3315 3963 3381 4005 ex
3412 3963 3472 4005 se
3502 3948 3582 4022 (6)
3628 3949 3751 4008 ani-

2220 4113 2304 4183 (4)
2343 4112 2694 4170 Prtescientiw
2720 4110 3009 4183 cﬁicicntia.

2222 4185 2303 4258 (5)
2343 4185 2413 4241 Et
2440 4185 2808 4258 decernentem.

2224 4255 2304 4328 (6)
2347 4255 2688 4312 Animalibus.

2146 4399 2328 4448 suerat
2356 4408 2388 4444 a
2413 4388 2513 4463 Dei
2546 4389 2625 4463 uel
2649 4386 2973 4463 pt'wscieutia
2999 4389 3078 4444 vel
3104 4397 3369 4463 potestate.
3402 4389 3560 4463 Apud
3607 4392 3741 4453 Bad.

2145 4474 2200 4518 ct
2231 4462 2348 4527 Eia,
2378 4461 2444 4516 ad
2472 4458 2570 4515 Dei
2585 4458 2673 4532 uel
2700 4458 3225 4532 prtvscientiautpelc.
3274 4458 3566 4532 Sequimur
3606 4481 3741 4524 mss.

2149 4535 2245 4590 ilic
2273 4534 2433 4588 rebus
2462 4529 2718 4596 conditis,
2763 4540 3027 4604 quantum
3059 4531 3124 4585 ad
3152 4529 3432 4586 scientiam
3464 4549 3529 4590 ac
3566 4546 3748 4604 ροιθε.

443 4602 556 4665 alii.
577 4602 679 4679 illa
721 4602 973 4677 tempora:
1008 4606 1124 4663 Vat.
1174 4607 1290 4663 bas.
1325 4621 1391 4679 ac
1434 4602 1671 4672 Martinl,
1713 4602 2041 4679 illa—tempo-
2065 4605 2117 4665 D
2146 4615 2309 4661 tatem
2341 4604 2436 4659 Dei
2466 4606 2681 4679 attinet,
2712 4602 3205 4679 negaturAinitium;
3241 4617 3397 4679 secus
3430 4602 3581 4671 vero,
3614 4607 3661 4661 si
3690 4609 3744 4663 in

443 4681 609 4735 rario.
658 4678 785 4733 "me
833 4693 1043 4733 rursum
1083 4693 1150 4734 ex
1209 4677 1584 4733 ltrereticorum
1631 4681 1898 4736 sententia
1946 4677 2041 4735 ex-

442 4753 804 4823 primuntur:
854 4766 976 4820 qum
1023 4751 1197 4823 verbo
1231 4748 1415 4805 addito
1440 4750 1527 4822 .sic
1570 4750 1809 4821 planiora
1861 4752 2037 4807 ﬁent:

449 4820 589 4878 Nam
611 4823 664 4875 id
692 4821 889 4886 volunt,
918 4831 973 4875 ut
1001 4837 1118 4875 cum
1136 4820 1252 4886 illa,
1283 4829 1388 4875 etc.

519 4893 605 4967 (b)
638 4892 712 4967 in
747 4892 994 4962 vulgatis,
1040 4893 1276 4947 doctrina
1317 4908 1433 4959 qua:
1458 4892 1702 4963 loquitur.
1735 4891 1906 4950 Abest
1929 4909 2044 4965 qua:

445 4980 478 5019 a
502 4964 802 5035 potioribus
834 4978 964 5018 mss.

518 5035 591 5108 (ε)
633 5035 763 5091 Batl.
794 5046 847 5108 et
879 5035 994 5108 Er.,
1028 5045 1073 5089 et
1100 5037 1524 5108 rescogitationis
1568 5044 1708 5108 motu
1748 5034 1936 5108 subito.
1971 5034 2045 5092 U-

446 5104 549 5163 nus
571 5104 601 5161 e
627 5122 756 5178 mss.
794 5104 966 5178 vatic.
999 5104 1388 5178 eumgMar'tin”
1417 5116 1472 5161 ut
1510 5107 1894 5178 recoyitationis
1934 5122 2044 5160 mo-

448 5187 531 5234 tus
557 5195 575 5233 :
605 5177 801 5248 quibus
827 5175 1006 5233 favent
1037 5177 1307 5247 antiquior
1330 5177 1509 5245 Celb.,
1534 5175 1743 5237 Germ”
1773 5177 1938 5232 Corb.
1978 5192 2043 5233 ac

446 5250 679 5323 plurimi
697 5250 812 5316 alii,
844 5250 898 5304 in
929 5249 1124 5323 quibus
1151 5258 1324 5305 exstat
1351 5266 1431 5304 res
1460 5249 1802 5323 cogitationis.

522 5321 605 5394 (d)
638 5320 764 5377 Hmc
803 5318 1095 5394 respiciunt
1121 5335 1360 5394 errorem
1391 5318 1539 5390 ειηρέ
1560 5321 1628 5375 ab
1653 5318 1861 5394 Hilario
1891 5318 2044 5394 refu-

450 5391 641 5465 talum,
681 5408 779 5465 quo
807 5393 1034 5465 fortuitis
1064 5393 1395 5465 concursibus
1424 5394 1560 5465 hunc
1590 5391 1768 5445 mundi
1792 5392 2043 5465 Afhabitum

449 5464 505 5520 in
551 5480 605 5519 se
629 5462 819 5530 coisse,
856 5475 1007 5535 atque
1035 5465 1109 5518 ita
1127 5479 1193 5519 ea:
1217 5463 1595 5518 inordinatione
1622 5464 1676 5518 in
1707 5462 1886 5517 ordine
1915 5479 2041 5535 con.

450 5536 659 5603 stitisse,
681 5535 891 5662 quid5am
921 5533 1035 5591 ausi
1064 5544 1186 5591 sunt
1214 5535 1439 5606 apinari,
1472 5542 1530 5590 ut
1556 5535 1792 5606 loquitur
1815 5535 1868 5589 in
1902 5533 2037 5604 psal.

453 5621 670 5662 CXLVIII.
706 5623 758 5662 n.
831 5650 843 5662 .

453 5621 670 5670 CXLVIII.
706 5623 758 5662 η.
789 5621 843 5662 ἶ).

524 5679 594 5750 (e)
635 5677 914 5763 Yetustior
961 5693 993 5736 e
1038 5692 1171 5735 mss.
1224 5675 1379 5734 Colb.
1409 5691 1531 5733 cum
1579 5676 1794 5734 Martin.
1827 5692 2095 5732 comme-.

454 5765 859 5896 ηηῦῗῗιρείιιε,
888 5821 1030 5892 apud
1061 5821 1186 5878 Par.
1218 5835 1329 5878 non
1350 5828 1646 5891 correctus,
1680 5836 1844 5895 prave
1884 5834 2044 5892 repo-

782 5919 1058 5983 PATBOL.
1136 5916 1221 5978 X.

2147 4693 2207 4733 se
2253 4685 2586 4746 spectantur.
2637 4673 2769 4747 Post
2808 4674 3069 4730 orationis
3100 4674 3245 4743 leges
3275 4673 3524 4732 videntur
3552 4687 3742 4747 postu-

2147 4748 2262 4803 lare
2286 4744 2467 4816 coepta:
2491 4756 2546 4801 et
2574 4744 2847 4816 inchoatae.

2221 4816 2296 4890 (g)
2323 4819 2571 4890 Sicqmss.
2605 4815 2748 4872 Editi
2772 4829 3146 4890 vero,_recens.

2224 4886 2302 4963 (ἢ)
2342 4888 2518 4964 _Editi,
2568 4897 2616 4943 et
2658 4886 2992 4959 prtescieutia:
3036 4887 3302 4958 efﬁcientia
3343 4903 3361 4943 :
3404 4888 3747 4964 corriguntur

2149 4962 2467 5017 auctoritate
2496 4974 2628 5017 mss.

2246 5031 2286 5101 i)
2317 5032 2518 5088 Omnes
2547 5046 2712 5101 prope
2752 5046 2881 5085 mss.
2914 5038 2960 5083 et
2988 5029 3363 5101 discernentem.

2246 5033 2263 5085 i
2317 5032 2518 5088 Omnes
2547 5046 2712 5101 prope
2752 5046 2881 5085 mss.
2914 5038 2960 5083 et
2988 5030 3363 5086 decernentem.

2220 5030 2241 5176 ἕ
2241 5031 2291 5227 1}
2319 5102 2377 5156 In
2409 5101 2703 5172 exemplari
2732 5102 2948 5156 Martin.
2985 5100 3071 5155 hic
3100 5111 3156 5155 et
3186 5101 3341 5165 infra,
3381 5116 3707 5175 prteparante
3727 5122 3749 5163 :

2220 5191 2248 5227 n
2279 5173 2554 5227 unduntur
2593 5171 2782 5227 verba.
2832 5172 3027 5227 auibus
3070 5188 3175 5226 non
3229 5188 3389 5227 unam
3422 5175 3527 5227 vim
3560 5178 3748 5227 tribuit

2147 5171 2782 5238 confunduntur'verba,
2832 5172 3027 5243 quibus
3070 5188 3175 5226 non
3229 5188 3389 5227 unam
3422 5171 3527 5231 vim
3560 5178 3748 5235 tribuit

2146 5244 2402 5300 Hilarius.
2445 5244 2579 5298 Nam
2625 5258 2864 5326 praepara
2903 5250 3163 5297 :eternant
3213 5259 3392 5330 rerum
3433 5245 3750 5330 dispositio.

2148 5331 2296 5383 nem,
2350 5316 2731 5387 temporariam
2786 5324 2966 5369 autem
3012 5314 3325 5370 earumdem
3378 5314 3749 5377 conditionem

2147 5386 2407 5459 paro‘ltie
2419 5386 2598 5459 sonat.

2224 5452 2313 5530 (Ις)⁴
2330 5456 2497 5522 Editi,
2530 5464 2764 5527 excepto
2812 5453 2973 5522 Bad.,
2997 5455 3444 5529 consultatumque
3466 5472 3487 5515 :
3515 5460 3754 5520 reniten-

2150 5529 2293 5586 tibus
2325 5545 2458 5585 mss.

2228 5600 2290 5672 (ι)
2336 5600 2484 5670 Lips.
2532 5608 2597 5677 et_
2632 5597 2779 5662 Par.,
2810 5599 3014 5668 absque
3037 5598 3142 5654 ulla
3167 5601 3511 5677 auctoritate,
3543 5620 3752 5677 prtcpa-

2152 5670 2451 5741 rareturque
2504 5670 2719 5745 caelum;
2746 5679 2808 5745 et
2845 5686 2990 5745 mox,
3043 5671 3424 5745 continerentur
3460 5689 3479 5728 :
3526 5670 3580 5730 et
3630 5670 3754 5745 post

2155 5760 2320 5814 pauca
2349 5760 2418 5800 ex
2445 5742 2560 5799 sola
2599 5741 2810 5798 Erasmi
2858 5742 3198 5815 conjectura,
3245 5742 3414 5814 fontes
3462 5741 3751 5818 manarent,

2156 5831 2253 5888 pro
2283 5825 2528 5872 mearent.
