4322 6248
557 271 667 329 465

1753 254 2001 313 SANC'I'I
2043 250 2297 309 lllLARll
2337 247 2643 306 El’lSCOPi

3757 245 3862 304 464

560 403 786 458 operum
816 395 900 442 est
933 381 1235 454 professus.
1269 377 1497 434 Creatus
1524 381 1707 429 autem
1735 381 1820 428 est
1841 372 1892 426 in
1919 371 2034 425 vias
2060 369 2156 424 Dei
2187 370 2234 429 Α
2265 367 2470 422 tionem
2494 365 2700 421 scilicet
2731 361 2822 417 Dei
2861 370 2916 418 et
2947 367 3146 414 nostra:
3189 358 3510 415 tetcrnitatis
3543 359 3863 430 profectum.

562 497 593 534 a
621 479 825 534 smculo
873 497 886 532 :
924 492 1046 532 cum
1077 473 1142 527 ad
1175 468 1594 539 conspicabilem
1635 464 1873 536 speciem
1917 462 2162 518 subditus

563 583 854 635 creatum,
886 569 1128 623 habitqu
1159 562 1455 619 creatiouis
1486 557 1800 627 assumpsit.

637 666 728 720 46.
771 663 882 716 Via:
930 658 1028 714 Dei
1067 675 1100 711 a
1129 655 1340 722 swculo,
1372 653 1566 725 species
1597 659 1780 704 creata:
1807 665 1838 700 a
1870 645 2038 701 Verbo
2081 661 2166 699 as-

568 766 806 826 sumpta.
839 751 944 807 Cur
982 751 1153 805 varias
1180 745 1532 818 assumpserit.
1560 773 1633 786 —-
1666 740 1953 797 Videamus
1991 738 2170 808 itaque

565 852 622 907 in
653 862 783 918 quas
814 845 911 901 Dei
941 845 1052 900 vias
1075 885 1089 908 ,
1121 851 1174 897 et
1218 842 1270 896 in
1317 854 1437 910 quin
1487 853 1649 909 opera
1677 851 1707 892 a
1737 833 1952 890 saeculis
1989 839 2172 887 creata

570 945 676 1008 sit,
713 949 836 996 nata
880 948 1008 994 ante
1032 935 1232 992 saecula
1275 949 1341 990 ex
1384 933 1497 988 Deo
1535 932 1833 1001 Sapientia.
1864 927 2066 983 Vocem
2095 921 2174 996 (a)

574 1032 972 1091 deambulantis
1003 1031 1056 1085 in
1083 1027 1338 1101 paradiso
1364 1025 1535 1081 Adam
1558 1023 1763 1078 audivit
1790 1022 1942 1092 (Gen.
1973 1034 2032 1074 ιιι
2051 1060 2066 1085 ,
2093 1018 2171 1088 8).

576 1128 818 1182 Putasne
856 1120 1258 1178 deambulantis
1297 1121 1565 1172 incessum
1613 1114 1715 1169 nisi
1757 1113 1807 1166 itt
1859 1112 2040 1182 specie
2090 1123 2180 1162 as-

575 1228 806 1289 sumpta:
855 1215 1146 1280 creationis
1187 1211 1429 1266 auditum
1461 1226 1474 1262 :
1511 1218 1568 1262 ut
1610 1209 1661 1261 in
1695 1205 1872 1275 aliqua
1905 1201 2182 1257 creatione

576 1312 1087 1386 ﬁﬁconsisterel,
1104 1309 1194 1378 qui
1217 1305 1294 1376 (1)
1312 1305 1389 1376 (b)
1407 1303 1746 1358 inambulans
1762 1299 1920 1353 fuerit
1943 1295 2184 1352 auditus?

575 1410 693 1464 Non
737 1406 957 1476 requiro
988 1403 1163 1474 qualis
1194 1400 1260 1454 ad
1292 1398 1421 1453 Cain
1453 1407 1505 1452 et
1551 1396 1686 1451 Abel
1732 1404 1786 1449 et
1815 1392 1929 1448 Noe
1974 1392 2186 1444 locutus

575 1502 685 1566 sit,
719 1508 773 1554 et
793 1497 1120 1553 benedicens
1144 1505 1357 1562 quoque
1389 1487 1571 1543 Enoch
1600 1485 1669 1559 (ε)
1705 1485 1884 1555 qualis
1919 1482 2181 1538 adfuerit.

578 1591 818 1662 Angelus
861 1589 928 1644 ad
987 1588 1130 1658 Agar
1176 1584 1410 1655 loquitur
1445 1579 1611 1652 (Gen.
1663 1593 1785 1643 xvt,
1833 1577 1889 1642 9,
1927 1576 2029 1647 15)
2082 1593 2095 1629 :
2137 1585 2192 1630 et

580 1687 768 1756 utique
797 1685 940 1740 idem
964 1681 1106 1736 Deus
1136 1688 1239 1735 est.
1284 1673 1553 1745 Numquid
1597 1672 1796 1744 speciei
1828 1669 2073 1740 ejusdem
2105 1676 2193 1725 est

2267 459 2404 528 Quid
2435 459 2521 514 hic
2551 471 2693 513 nunc
2723 455 2838 511 hanc
2885 454 3138 510 humanae
3166 452 3353 508 salutis
3395 453 3728 522 dispensatio
3761 463 3867 509 tam

2271 557 2490 626 impiam
2541 561 2765 609 {elerum
2811 548 3108 606 nativitatis
3138 546 3300 619 437
3330 547 3715 602 contumeliam
3759 565 3875 604 mo-

2273 650 2444 705 litur?
2471 648 2689 704 Creatio
2731 648 2832 700 ista
2871 660 2900 699 a
2924 643 3140 700 saeculis
3161 650 3242 696 est
3276 657 3290 696 :
3319 651 3576 697 caeterum
3623 653 3747 697 ante
3772 658 3875 698 sa:-

2273 745 2392 799 cula
2423 743 2634 798 inﬁnita
2665 739 2918 796 nativitas
2950 746 3053 792 est.
3085 734 3207 792 Vim
3261 751 3394 792 sane
3440 737 3511 808 (f)
3564 751 3664 792 nos
3718 736 3876 792 dictis

2276 837 2470 894 afferre
2497 834 2789 896 contende,
2821 833 2865 887 si
2893 830 3201 901 Propheta,
3240 830 3282 884 si
3321 828 3580 884 Dominus
3603 870 3619 895 ,
3661 827 3706 883 si
3733 827 3880 899 Apo-

2277 931 2449 987 stolus
2475 971 2488 996 ,
2530 927 2580 982 si
2602 942 2785 983 sermo
2814 926 2960 981 ullus
2989 924 3054 978 ad
3083 921 3383 977 divinitatis
3422 929 3646 977 aeterna:
3685 919 3882 976 nativi-

2282 1031 2445 1078 tatem
2491 1031 2756 1075 creatnrze
2785 1017 2971 1074 retulit
2999 1031 3216 1071 nomen.
3249 1015 3305 1070 In
3335 1015 3416 1071 his
3451 1015 3594 1072 enim
3633 1013 3885 1071 omnibus

2283 1117 2428 1170 Deus
2451 1157 2466 1182 ,
2496 1114 2585 1184 qui
2612 1113 2749 1183 ignis
2777 1124 3106 1168 consumens
3135 1121 3217 1164 est
3239 1152 3254 1178 ,
3294 1109 3364 1164 ita
3394 1121 3608 1166 creatus
3633 1111 3802 1177 inest,
3830 1116 3891 1164 ut

2284 1209 2617 1265 creationem
2646 1222 2706 1262 ea
2735 1206 2942 1262 virtute
2965 1223 3068 1277 qua
3095 1206 3390 1276 assumpsit
3412 1205 3724 1262 absumeret
3750 1223 3762 1260 :
3790 1221 3888 1277 po-

2290 1315 2408 1360 tens
2437 1302 2660 1358 abolere
2703 1315 2918 1356 rursum
2940 1341 2956 1366 ,
2986 1299 3130 1371 quod
3158 1308 3363 1355 tantum
3411 1300 3477 1354 ad
3508 1313 3723 1355 causam
3753 1314 3891 1355 con-

2291 1392 2661 1464 templationis
2692 1393 2996 1447 exstiterat.

2364 1485 2454 1541 48.
2475 1483 2735 1540 Christum
2759 1493 2814 1539 ut
2841 1484 3095 1539 [continent
3119 1484 3248 1539 dixit
3277 1482 3478 1540 Paulus
3505 1483 3718 1554 factum.
3744 1482 3892 1539 Dixit

2293 1590 2338 1635 et
2364 1579 2905 1635 creatum—Beatam
2933 1589 3114 1634 autem
3161 1580 3304 1634 illam
3329 1588 3384 1634 et
3404 1594 3586 1634 veram
3615 1588 3893 1648 concepta

2297 1673 2434 1727 intra
2458 1672 2716 1744 virginem
2743 1671 2925 1728 carnis
2952 1672 3310 1738 nativitatem,
3335 1671 3460 1742 quia
3495 1679 3607 1726 tum
3639 1679 3898 1726 creaturat

583 1794 708 1835 cum
731 1775 955 1847 angelus
985 1774 1216 1836 videtur,
1241 1768 1395 1840 cujus
1425 1775 1508 1823 est
1533 1766 1585 1820 in
1612 1781 1675 1820 ea
1697 1773 1886 1818 natura
1904 1778 2006 1834 qua
2042 1762 2184 1816 Deus
2215 1768 2263 1830 B
2293 1774 2492 1820 nostra:
2532 1774 2587 1820 et
2635 1775 2841 1820 natura:
2887 1776 2941 1820 et
2977 1764 3184 1835 species
3229 1764 3569 1831 nascebatur,
3601 1772 3898 1820 creaturam

587 1873 702 1929 est?
729 1870 893 1926 Certe
922 1867 1136 1938 species
1164 1863 1343 1933 angeli
1376 1859 1683 1916 ostenditur
1709 1899 1721 1921 ,
1757 1857 1844 1913 ubi
1876 1866 2064 1925 postea
2096 1855 2191 1910 Dei

591 1976 780 2024 natura
806 1968 1159 2020 memoratur.
1188 1956 1296 2012 Sed
1322 1954 1450 2026 quid
1473 1954 1544 2008 de
1571 1952 1763 2022 angelo
1786 1949 1996 2004 dicam?
2021 1947 2195 2003 Homo

588 2060 657 2115 ad
683 2057 957 2115 Abraham
991 2051 1138 2107 venit
1187 2049 1341 2120 (Gen.
1373 2063 1500 2101 xvm
1528 2088 1541 2110 ,
1569 2044 1649 2116 2).
1694 2042 1962 2113 Numquid
2001 2056 2197 2097 secun-

591 2155 722 2210 dum
752 2151 1026 2206 hominem
1060 2147 1113 2199 in
1147 2139 1450 2197 'ereationis
1490 2139 1644 2194 istius
1702 2136 1889 2192 habitu
1943 2133 2197 2190 Christus

600 2247 726 2303 talis
756 2243 999 2304 assistit,
1034 2239 1207 2308 qualis
1237 2245 1293 2291 et
1321 2236 1460 2289 Deus
1485 2232 1603 2288 est?
1648 2230 1727 2303 (2)
1769 2230 1874 2286 Sed
1907 2229 2068 2285 homo
2111 2231 2190 2284 lo-

601 2342 784 2416 quitur
809 2383 823 2406 ,
852 2349 908 2395 et
927 2351 1155 2407 corpore
1185 2331 1426 2396 assistit,
1455 2339 1510 2384 et
1538 2328 1661 2382 cibo
1699 2327 1862 2382 alitur
1888 2344 1900 2379 :
1927 2332 2199 2380 verumta-

599 2451 723 2491 men
753 2435 896 2489 Deus
926 2430 1202 2484 aduratur.
1255 2425 1412 2479 Certe
1444 2422 1533 2492 qui
1580 2429 1703 2474 ante
1742 2419 1968 2490 angelus
1999 2460 2012 2484 ,
2059 2432 2202 2472 nunc

599 2528 760 2583 etiam
816 2524 980 2580 homo
1007 2529 1090 2576 est
1116 2537 1128 2573 :
1157 2533 1223 2572 ne
1255 2515 1554 2570 naturalem
1588 2511 1726 2565 hanc
1770 2525 1889 2564 esse
1939 2508 2032 2564 Dei
2079 2523 2203 2578 spe-

598 2623 740 2678 ciem
768 2616 1054 2674 diversitas
1082 2613 1240 2683 hujus
1275 2611 1446 2682 ipsius
1473 2616 1762 2675 assumpta!
1793 2603 2088 2659 creationis
2115 2618 2208 2672 pa-

603 2724 814 2771 teretur
855 2708 1102 2778 intelligi.
1134 2705 1298 2761 Adest
1319 2712 1496 2757 autem
1527 2699 1594 2754 ad
1618 2697 1786 2754 Jacob
1826 2697 1990 2752 etiam
2037 2707 2208 2765 usque

610 2807 677 2862 ad
701 2807 860 2861 luctan
885 2801 1230 2870 complexum
1263 2797 1315 2850 in
1361 2793 1547 2848 habitu
1601 2792 1834 2846 humano
1861 2832 1876 2858 ,
1907 2799 1960 2844 et
1988 2802 2206 2843 manum

609 2896 886 2957 conserit,
911 2903 966 2948 et
990 2890 1248 2946 membris
1275 2886 1487 2951 nititur,
1515 2891 1571 2939 et
1599 2881 1861 2938 lateribus
1893 2879 2209 2941 inﬂectitur,

612 2998 669 3044 et
712 2989 762 3041 in
793 2983 942 3040 omni
985 2991 1132 3037 motu
1180 2988 1366 3035 nostro
1408 2979 1730 3044 incessuque
1773 2972 2021 3028 consistit
2047 2970 2209 3040 (Gen.

615 3097 802 3144 χχχιι.
832 3077 949 3148 24).
982 3075 1090 3133 Sed
1122 3073 1261 3129 idem
1307 3082 1493 3142 postea
1531 3077 1587 3123 et
1610 3067 1775 3139 Moysi
1806 3080 1926 3121 esse
1958 3064 2096 3136 ignis
2127 3079 2215 3118 os-

2297 1867 2352 1914 et
2371 1857 2628 1912 facturam
2654 1857 2943 1927 Apostolus
2969 1857 3357 1913 nominavit.Et
3375 1867 3522 1913 certe
3543 1873 3664 1914 cum
3696 1874 3760 1914 eo
3786 1857 3896 1930 (se-

2297 1952 2528 2009 cundum
2545 1953 2694 2021 eum)
2720 1968 2859 2008 verte
2878 1952 3170 2008 secundum
3189 1952 3459 2007 hominem
3476 1952 3767 2007 nativitatis
3789 1952 3893 2007 hoc

2298 2061 2492 2101 nomen
2513 2053 2614 2109 est,
2639 2060 2760 2098 cum
2786 2046 2860 2099 ait
2902 2061 2920 2099 .'
2954 2044 3017 2098 At
3043 2043 3125 2098 ubi
3153 2045 3281 2098 venit
3312 2043 3611 2115 adimpletio
3632 2043 3893 2114 temporis,

2299 2141 2438 2193 misit
2466 2137 2604 2193 Deus
2635 2139 2800 2208 [ilium
2849 2157 2998 2193 suunt
3029 2140 3220 2208 factum
3243 2140 3304 2193 de
3324 2141 3565 2206 muliere,
3590 2139 3778 2208 factum
3800 2137 3892 2193 sub

2301 2233 2432 2302 lege,
2463 2242 2516 2285 ut
2543 2247 2625 2286 eos
2648 2233 2736 2302 qui
2760 2231 2853 2286 sub
2895 2231 3005 2302 lege
3032 2241 3146 2286 sunt
3177 2232 3460 2297 redimeret,
3490 2242 3545 2286 ut
3570 2233 3899 2302 adoptionem

2303 2325 2535 2394 ﬁliorum
2566 2323 2645 2396 (θ)
2675 2340 3093 2394 consequeremur
3126 2322 3266 2394 (Gal.
3288 2341 3364 2390 tv,
3398 2323 3477 2395 6).
3527 2324 3693 2380 Filius
3731 2325 3910 2395 itaque

2303 2432 2432 2473 suus
2457 2427 2558 2484 est,
2591 2418 2678 2486 qui
2711 2416 2872 2472 estin
2904 2416 3120 2471 homine
3144 2427 3196 2471 et
3218 2432 3282 2472 ex
3308 2417 3526 2471 homine
3554 2416 3788 2482 factura;
3811 2430 3908 2472 ne-

2304 2527 2410 2582 que
2442 2511 2641 2566 factura
2677 2520 2905 2575 tantum,
2951 2511 3045 2565 sed
3077 2508 3239 2565 etiam
3263 2519 3533 2578 creatura,
3576 2519 3634 2565 ut
3663 2509 3858 2566 dicitur
3888 2527 3904 2566 ε

2308 2603 2454 2660 Sicut
2481 2614 2554 2658 est
2583 2603 2766 2658 veritas
2794 2605 2846 2656 in
2871 2602 3017 2670 Iesu,
3041 2603 3294 2672 deponere
3332 2619 3420 2658 vos
3459 2601 3737 2657 sectntdum
3767 2608 3912 2673 prlo-

2309 2713 2416 2751 rent
2448 2695 2879 2750 conversationem
2931 2704 3142 2750 veterem
3190 2694 3449 2748 hominem
3495 2710 3629 2758 eum,
3660 2693 3748 2763 qui
3787 2708 3910 2746 cor-

2311 2789 2566 2858 rumpitur
2593 2788 3330 2857 secundumconcupiscentias
3369 2787 3696 2857 deceptiouis.
3744 2784 3915 2840 Iuno-

2313 2885 2502 2938 vantini
2549 2892 2720 2936 autent
2769 2882 2953 2950 spiritu
2998 2898 3175 2936 sensus
3214 2881 3390 2947 vestri,
3424 2889 3469 2935 et
3498 2879 3695 2934 induite
3720 2895 3911 2934 novum

2317 2978 2572 3030 hominem
2602 2992 2737 3041 eum,
2767 2976 2854 3046 qui
2883 2976 3161 3030 secundum
3185 2973 3354 3029 Deum
3377 2983 3576 3030 creatus
3597 2982 3667 3028 est
3691 2971 3911 3044 (Ephes.

2317 3085 2392 3133 ιν,
2421 3068 2486 3123 2t
2519 3079 2563 3122 et
2580 3072 2766 3138 δαέντι)
2803 3067 3109 3122 lnduendus
3134 3068 3308 3138 itaque
3333 3083 3504 3123 novus
3523 3066 3787 3122 homoille
3813 3075 3922 3134 est,

621 3176 863 3232 tenditur
896 3169 1093 3243 (Exodi
1121 3184 1214 3234 ιιι,
1237 3165 1295 3238 2)
1322 3184 1334 3218 :
1363 3177 1420 3220 ut
1449 3172 1653 3218 naturm
1675 3170 1870 3217 creata:
1895 3171 2005 3214 tum
2035 3157 2212 3231 potius
2242 3151 2288 3214 C
2319 3162 2406 3234 qui
2430 3162 2726 3218 secundum
2759 3163 2925 3217 Deum
2955 3173 3171 3219 creatus
3201 3173 3304 3218 est.
3333 3160 3434 3231 Qui
3462 3162 3606 3218 enim
3634 3168 3753 3216 erat
3777 3159 3926 3216 ﬁlius

617 3268 684 3323 ad
723 3265 1003 3336 speciem,
1052 3275 1210 3330 quam
1269 3257 1335 3312 ad
1385 3255 1744 3311 substantiam
1787 3260 2027 3315 naturae,
2057 3250 2216 3306 ﬁdem

624 3361 886 3416 disceres.
922 3353 1120 3408 liabuit
1145 3360 1255 3406 tum
1286 3349 1336 3403 in
1372 3364 1430 3403 se
1457 3355 1786 3418 potestatem
1813 3341 2178 3414 conﬁagrandi
2203 3384 2218 3408 ,

623 3467 736 3508 non
790 3458 970 3504 tamen
1021 3443 1321 3500 naturalem
1351 3439 1649 3508 suscipiens
1693 3436 1883 3493 urendi
1931 3437 2224 3492 necessita-

622 3554 732 3600 tem
767 3559 780 3596 :
810 3540 934 3612 quia
963 3538 1084 3594 sine
1111 3535 1231 3592 rubi
1272 3533 1470 3589 damno
1501 3529 1851 3601 conflagratio
1893 3529 2031 3600 ignis
2058 3543 2226 3599 appa-

626 3638 758 3695 ruit.

700 3729 792 3784 47.
841 3726 969 3783 Sine
1013 3720 1314 3780 aeternitatis
1357 3719 1546 3774 dantno
1572 3717 1867 3787 assumpsit.
1925 3715 2004 3771 Ea
2047 3717 2230 3772 virtute

632 3837 734 3891 qua
770 3815 1084 3888 assumpsit,
1114 3812 1415 3884 absuntpsit.
1444 3841 1513 3849 —
1539 3811 1708 3866 Curre
1741 3825 1835 3878 per
1866 3818 2107 3880 tempora
2137 3852 2150 3876 ,
2177 3820 2232 3866 et

638 3911 880 3982 intellige
909 3907 1084 3978 qualis
1112 3906 1259 3960 visus
1285 3904 1387 3969 sit,
1432 3901 1514 3958 vel
1545 3900 1672 3957 Jesn
1705 3900 1852 3956 Nave
1883 3900 2118 3956 nominis
2147 3901 2230 3956 sui

636 4003 939 4075 prophetat,
966 4001 1052 4055 vel
1076 3999 1249 4054 Esaiae
1278 3997 1437 4052 etiam
1466 4011 1588 4051 cum
1614 3993 1794 4066 (Joan.
1827 4009 1929 4060 xu,
1960 3993 2053 4065 41)
2079 4010 2236 4050 evan-

631 4097 807 4168 gelica
838 4091 1147 4150 testimonio
1177 4091 1349 4145 visum
1381 4087 1692 4158 praulicanti
1725 4129 1738 4152 ,
1762 4088 1846 4141 vel
1879 4087 1961 4159 (⁸5)
1986 4085 2066 4159 (d)
2097 4086 2235 4142 Eze-

641 4188 801 4246 chieli
833 4200 1000 4256 usque
1021 4183 1086 4238 ad
1112 4181 1497 4238 conscientiam
1528 4180 1942 4236 resurrectionis
1963 4188 2240 4251 assumpto

635 4279 854 4352 (Ezech.
888 4273 1121 4343 xxxvii),
1153 4275 1234 4330 vel
1266 4273 1468 4328 Danicli
1493 4273 1723 4328 hominis
1753 4273 1916 4329 ﬁlium
1951 4273 2004 4328 iu
2037 4285 2242 4330 aeterno

641 4373 966 4430 saeculorum
1016 4385 1182 4436 regno
1211 4367 1486 4424 conﬁtenti
1515 4366 1675 4439 (Dan.
1708 4383 1802 4433 vn,
1857 4368 1943 4432 t5,
1996 4369 2109 4436 Η),
2141 4383 2247 4424 cae-

641 4467 880 4537 terisque
922 4466 1076 4532 aliis,
1105 4464 1302 4535 quibus
1346 4477 1404 4518 se
1436 4462 1488 4517 in
1523 4462 1703 4518 habitu
1748 4461 1912 4516 variae
1956 4461 2247 4517 creationis

2324 3259 2441 3324 Dei,
2471 3268 2625 3312 natus
2655 3268 2773 3312 erat
2801 3268 2854 3313 et
2885 3257 3025 3313 ﬁlius
3048 3257 3302 3313 hominis.
3331 3257 3466 3324 Quia
3493 3273 3602 3311 non
3626 3255 3926 3311 divinitatis

2324 3360 2441 3406 erat
2487 3352 2759 3418 nativitas,
2799 3351 2894 3407 sed
2937 3360 3185 3408 creatura
3217 3352 3429 3416 carnis;
3473 3349 3956 3429 signiﬁcationem.

2323 3447 2404 3501 sui
2433 3446 2650 3517 generis
2695 3445 2903 3514 accepit
2946 3461 3117 3501 novus
3171 3445 3354 3510 homo,
3400 3445 3695 3500 secundum
3745 3451 3931 3498 natum

2327 3551 2453 3595 ante
2483 3538 2683 3594 saecula
2713 3538 2880 3594 Deum
2907 3547 3146 3594 creatus.
3193 3538 3260 3593 Et
3296 3554 3394 3593 cur
3433 3537 3730 3592 secundum
3761 3535 3934 3592 Deum

2330 3630 2494 3686 homo
2536 3646 2708 3686 novus
2750 3642 2964 3688 creatus
3003 3639 3185 3697 esset,
3213 3631 3454 3687 ostendit
3495 3629 3788 3687 secundum
3816 3629 3937 3685 hate

2330 3726 2591 3796 adjiciens
2624 3743 2638 3780 :
2673 3723 2736 3780 In
2751 3726 2983 3797 justitia,
3006 3737 3052 3779 et
3081 3725 3370 3792 sanctitate,
3421 3734 3468 3780 et
3508 3724 3716 3779 veritate
3753 3720 3934 3795 (Ibid.

2333 3818 2447 3888 2t).
2487 3819 2652 3873 Dolus
2681 3817 2823 3872 enim
2851 3817 2904 3872 in
2929 3834 2994 3874 eo
3051 3834 3158 3873 non
3198 3817 3296 3872 fuit
3327 3836 3340 3871 :
3372 3827 3429 3875 et
3465 3819 3637 3874 factus
3665 3825 3750 3872 est
3779 3814 3939 3871 nobis

2331 3910 2538 3980 jnstitia
2566 3921 2620 3966 et
2644 3909 3020 3974 sanctiﬁcatio,
3051 3919 3106 3965 ct
3131 3910 3246 3982 ipse
3275 3921 3356 3966 est
3381 3912 3602 3967 veritas.
3627 3910 3778 3965 llunc
3805 3923 3938 3980 ergo

2339 4003 2634 4071 Christum,
2663 4004 2753 4074 qui
2781 4005 3078 4059 secundum
3125 4005 3291 4060 Deum
3322 4021 3494 4062 novus
3515 4005 3678 4060 homo
3700 4013 3943 4070 creatur,

2343 4097 2635 4152 induimur.
2671 4095 2786 4169 [(4)
2819 4095 2898 4169 (Ιι)
2926 4097 3233 4153 Secundum
3263 4098 3432 4154 Deum
3468 4108 3644 4154 autem
3681 4105 3896 4153 creatur
3929 4112 3945 4150 :

2344 4189 2467 4259 quia
2492 4188 2788 4244 secundum
2823 4190 2914 4244 Dei
2936 4189 3226 4260 justitiam,
3266 4199 3323 4247 et
3356 4189 3864 4256 sanctiﬁcationem,
3891 4197 3950 4244 et

2346 4281 2626 4334 veritatem
2657 4279 2820 4336 homo
2847 4282 3054 4350 peccati
3087 4282 3302 4338 nescius
3331 4293 3417 4339 est
3446 4281 3709 4354 ereatus.]

2421 4372 2512 4427 49.
2572 4370 2774 4426 Creatio
2820 4374 3071 4428 nativitati
3105 4384 3310 4429 attenta:
3359 4376 3528 4446 nequit
3566 4371 3823 4445 deputari.
3878 4397 3955 4411 —-

2353 4463 2414 4536 (ἱ)
2432 4463 2488 4519 Si
2516 4463 2673 4534 igitur
2692 4465 2989 4534 Sapientia,
3009 4481 3306 4523 memorem
3334 4481 3395 4522 se
3421 4482 3608 4522 eorum
3640 4480 3761 4537 quae
3790 4479 3820 4519 a
3850 4477 3957 4520 sa:-

660 4558 884 4632 ngessit,
935 4556 1004 4627 (e)
1061 4555 1118 4612 in
1147 4557 1260 4612 vias
1295 4555 1386 4610 Dei
1427 4565 1481 4610 et
1521 4555 1574 4610 in
1604 4570 1768 4625 opera
1811 4553 1938 4622 Dei,
1966 4553 2034 4608 ad
2061 4555 2248 4625 eogni-
2277 4549 2331 4609 D
2356 4557 2478 4613 culo
2505 4569 2654 4629 gesta
2681 4567 2807 4614 sunt
2828 4559 3036 4626 dicens,
3068 4560 3119 4615 in
3147 4575 3309 4630 Opera
3356 4559 3522 4634 5,38
3568 4560 3660 4616 Dei
3703 4568 3871 4632 atque
3898 4556 3962 4614 in

751 4696 766 4748 I
839 4691 1240 4747 Inambulantis.

717 4693 801 4838 i2;
844 4765 950 4822 Sed
975 4774 1021 4818 et
1049 4766 1223 4816 homo.

844 4765 950 4822 Sed
975 4774 1021 4818 et
1049 4766 1223 4816 homo.

639 4905 986 4959 admonendos
1012 4946 1026 4970 ,
1059 4911 1112 4955 ut
1143 4902 1235 4955 alii
1281 4901 1348 4953 ad
1377 4900 1593 4954 salutent
1637 4916 1784 4954 suant
1814 4900 2104 4962 crederent,
2147 4903 2240 4957 alii

640 4976 711 5028 ad
737 4993 934 5044 pwnam
965 4989 1110 5027 suam
1147 4990 1246 5026 non
1272 4971 1566 5044 crederent,
1599 4972 1706 5044 ipse
1734 4972 1903 5038 utique
1939 4970 2238 5044 (Christus)

643 5043 744 5101 non
776 5050 827 5099 in
847 5063 1016 5110 carne,
1051 5044 1138 5097 sed
1166 5044 1215 5096 in
1245 5043 1424 5114 spiritu
1453 5043 1709 5114 veniebat,
1740 5043 1863 5114 visis
1889 5044 2128 5112 congruis
2150 5043 2234 5098 al-

643 5119 854 5188 loquens
879 5134 1002 5186 quos
1030 5113 1279 5188 volebat,
1303 5114 1445 5188 sicut
1483 5113 1696 5188 uolebat.
1736 5113 2027 5188 Utriusque
2079 5114 2240 5188 hujus

642 5184 1062 5259 dispensationis
1089 5186 1389 5257 elegantem
1435 5184 1598 5238 habes
1635 5187 2097 5255 comparationem
2144 5187 2237 5242 lib.

641 5276 696 5324 v,
729 5277 781 5313 ιι.
815 5261 903 5313 17.

717 5329 793 5402 (a)
839 5331 892 5402 In
923 5329 1131 5402 duobus
1159 5343 1312 5402 mss,
1341 5324 1863 5402 Qeideambulatttis.

709 5397 791 5470 (b)
832 5401 1114 5470 Antiquior
1140 5398 1311 5454 codex
1348 5397 1502 5451 Coll).
1551 5413 1672 5453 cmn
1706 5398 1918 5470 Martio.
1952 5397 2233 5470 etGerm.

632 5468 852 5526 favente
878 5468 1111 5541 Retnig.,
1142 5471 1193 5522 in
1217 5471 1524 5541 ambulantis
1545 5487 1564 5524 :
1585 5486 1688 5541 non
1716 5468 1968 5538 displicet
1988 5469 2066 5523 sic
2100 5471 2234 5525 duo-

629 5545 741 5601 bus
764 5543 938 5599 verbis
961 5584 974 5607 ,
1005 5539 1062 5594 ut
1088 5557 1185 5595 vox
1217 5541 1383 5607 specie
1411 5539 1570 5595 tacita
1601 5540 1958 5610 intelligatur.

702 5613 782 5681 (ε)
825 5615 971 5671 Idem
999 5613 1171 5666 codex
1205 5612 1384 5675 Colb.,
1405 5614 1578 5681 (qualis
1611 5611 1790 5681 fuerit.

660 5683 787 5808 7(211)
829 5687 886 5742 In
918 5682 1190 5754 plerisque
1217 5696 1372 5749 tuss.,
1396 5680 1702 5748 Ezechiele,
1735 5694 1788 5738 et
1823 5696 1948 5739 mox
1973 5723 1990 5747 ,
2021 5683 2098 5738 vel
2127 5681 2238 5739 Da-

660 5772 720 5808 ιι
777 5771 827 5808 ο.

648 5771 827 5814 τηειρ.

2436 4691 2522 4835 ξό)
2561 4692 2619 4747 1η
2649 4693 2836 4748 codice
2864 4693 3064 4750 Veron.
3099 4695 3355 4762 Ezecielo;
3391 4705 3606 4767 postea,
3635 4693 3882 4750 Danielo.

2462 4765 2518 4835 4)
2559 4763 2780 4820 Uncinis
2811 4765 3016 4821 inclusa
3045 4767 3216 4823 codex
3248 4783 3461 4835 quoque
3487 4776 3672 4823 noster
3696 4766 3882 4822 omittit

2462 4765 2518 4838 4)
2559 4763 2780 4820 Uncinis
2811 4765 3016 4821 inclusa
3045 4767 3216 4823 codex
3248 4763 3461 4839 quoque
3487 4776 3672 4823 noster
3696 4766 3918 4822 omittit.

2423 4900 2493 4976 (ε)
2541 4901 2775 4976 Verbum
2807 4902 3018 4976 ingessit
3052 4906 3102 4958 in
3135 4920 3236 4960 ms.
3264 4904 3474 4976 Remig.
3509 4905 3597 4961 hic
3639 4903 3908 4976 repetitur
3940 4920 3955 4957 :

2348 4973 2500 5040 eujm
2533 4974 2870 5041 repetitionis
2901 4976 3020 5029 loco
3073 4978 3124 5030 in
3177 4993 3306 5029 mss.
3359 4973 3477 5031 Va't.
3507 4977 3623 5031 bas.
3648 5017 3665 5043 ,
3695 4975 3909 5030 Martia.
3935 5015 3953 5042 ,

2347 5045 2502 5118 Colb.
2537 5055 2590 5099 et
2620 5045 2850 5118 Sorhon.
2890 5047 3114 5101 habetur
3136 5088 3150 5112 ,
3183 5048 3411 5100 incessit.
3448 5047 3569 5102 Mox
3619 5047 3762 5118 apud
3806 5045 3960 5117 Lips.

2347 5127 2400 5170 et
2431 5116 2549 5190 Par.
2585 5125 2630 5170 et
2656 5117 3019 5190 cognitionem,
3045 5133 3144 5188 pro
3175 5120 3245 5170 ad
3272 5119 3617 5190 cognitionem
3640 5116 3667 5183 ,_
3685 5118 3852 5173 male.

2421 5185 2492 5258 (ι)
2546 5185 2736 5260 Apud;
2753 5187 2875 5241 Par.
2910 5185 3169 5260 omissum
3199 5185 3456 5254 eratitos,
3490 5188 3824 5260 suffragante
3869 5202 3968 5244 ve-

2351 5257 2466 5312 tere
2498 5275 2598 5310 tus.
2623 5258 2776 5312 Coll).
2811 5274 2931 5313 cum
2955 5257 3141 5315 Germ.

2419 5327 2497 5400 (ῃ)
2538 5327 2593 5382 ln
2629 5343 2734 5403 uno
2763 5344 2863 5385 ms.
2893 5329 3048 5403 Coll):
3075 5339 3128 5384 et
3155 5331 3326 5403 altero
3351 5330 3643 5403 (Sorbonq
3672 5347 3961 5403 conseque-

2347 5399 2519 5453 remur
2547 5416 2636 5468 per
2659 5399 2813 5467 [idem
2841 5417 2861 5454 :
2886 5401 3270 5457 dissidentibus
3314 5402 3437 5457 aliis
3483 5403 3638 5458 libris
3683 5418 3748 5457 ac
3804 5399 3966 5459 sacro

2349 5479 2496 5526 textu
2528 5485 2705 5540 gneco
2738 5481 2791 5524 et
2832 5471 3020 5526 latino.

2421 5542 2503 5613 (It)
2553 5542 2682 5608 Quae
2706 5542 2919 5599 uncinis
2973 5543 3339 5612 includuntur,
3376 5543 3633 5600 omittunt
3672 5559 3796 5601 cum
3830 5543 3970 5600 edit.

2349 5610 2694 5685 BaiI.'om_nes
2714 5626 2845 5668 mss.
2864 5631 2972 5670 uno
2987 5614 3141 5671 Colb.
3162 5625 3217 5670 et
3232 5610 3408 5672 altero
3433 5614 3666 5672 Sorbon.
3694 5617 3967 5685 exceptis.

2425 5685 2489 5758 (i)
2543 5683 2688 5750 Lips.
2742 5692 2797 5738 et
2839 5686 2964 5743 I‘ar.
2985 5731 3000 5757 ,
3033 5687 3122 5744 Sic
3151 5687 3308 5758 igitur
3337 5703 3356 5742 :
3387 5686 3751 5744 renitentibus
3798 5683 3968 5758 Bad.,

2350 5755 2444 5814 Er;
2475 5755 2534 5817 et
2565 5766 2699 5810 mss.
2743 5758 2814 5827 vi};
