4322 6248
435 277 548 335 465

1657 282 1753 340 DE
1797 277 2210 343 TRINlTATE
2249 272 2467 345 LIBER
2505 292 2617 349 xu.

3703 322 3812 379 466

437 397 558 496 vias
583 396 677 454 Dei
709 407 946 454 creatam
976 412 1094 455 esse
1138 412 1197 453 se
1247 398 1420 464 dixit;
1461 404 1627 470 alque
1671 399 1754 452 ita
1802 402 2079 460 creatam,
2117 400 2175 461 Α
2206 418 2350 458 unus
2371 419 2439 460 ex
2467 422 2606 476 uno;
2637 413 2732 467 sed
2762 413 2826 468 ad
2856 416 3230 490 impiissimum
3274 441 3488 483 sensum
3515 471 3530 496 ,
3562 445 3631 485 ne
3661 431 3806 488 Deus

439 501 498 547 ut
529 489 814 546 fundatam
859 507 918 547 se
955 503 1078 547 ante
1123 491 1322 547 saecula
1361 491 1623 560 doceret,
1653 505 1730 547 ne
1767 495 2077 557 assumpta:

441 584 589 640 illius
613 583 762 640 varie
785 599 850 639 ac
879 585 1186 656 frequenter
1211 585 1502 641 ereationis
1529 590 1960 639 sacramentum
1985 578 2083 635 de-

443 663 694 734 mutassé
713 687 960 733 naturam
987 678 1276 744 videretur,
1309 694 1428 734 cum
1469 673 1826 732 iundationis
1853 671 2084 728 ﬁrmitas

442 769 791 826 convellendi
821 778 992 825 status
1023 785 1127 825 non
1161 771 1426 841 reciperet
1453 764 1985 840 perturbationem;
2030 774 2090 821 at

444 877 579 918 vero
628 877 700 918 ne
746 862 990 918 fundatio
1016 863 1158 919 aliud
1187 864 1472 935 quidquam
1516 878 1677 933 quam
1727 855 2086 916 nativitatem

446 955 739 1012 videretur
768 955 1086 1024 OStendere,
1118 965 1242 1013 ante
1265 958 1442 1012 omnia
1475 955 1716 1027 professa
1767 959 1862 1004 εει
1885 965 2004 1006 esse
2025 967 2087 1010 se

443 1049 691 1120 genitam
719 1066 735 1106 :
766 1063 912 1104 nunc
950 1063 1080 1104 vero
1123 1043 1220 1104 cur
1264 1049 1464 1105 crcatio
1495 1048 1561 1104 ad
1594 1043 1952 1104 nativitatem
1993 1045 2088 1102 de-

446 1149 694 1214 putatur,
723 1156 846 1197 cum
876 1157 997 1212 qute
1022 1141 1206 1213 genita
1252 1151 1379 1198 ante
1416 1141 1598 1197 omnia
1640 1149 1756 1206 est,
1821 1136 1930 1208 ipsa
1961 1136 2086 1196 fun-

443 1232 577 1288 data
617 1241 743 1288 ante
789 1233 988 1289 saecula
1041 1242 1154 1300 est;
1195 1249 1316 1304 qua:
1360 1245 1539 1290 autem
1570 1234 1800 1291 fundata
1831 1239 1955 1286 ante
1981 1248 2085 1289 sae-

442 1325 633 1382 culum
665 1335 772 1393 est,
803 1340 867 1381 ea
897 1325 1012 1396 ipsa
1045 1326 1099 1382 in
1127 1326 1337 1383 initium
1369 1329 1576 1384 viarum
1609 1328 1703 1385 Dei
1738 1332 1800 1382 et
1826 1325 1877 1380 in
1911 1341 2078 1398 opera

439 1418 567 1490 ejus
589 1427 774 1475 creata
796 1433 827 1474 a
850 1419 1068 1476 saeculis
1096 1429 1177 1476 est
1207 1439 1220 1475 :
1252 1431 1309 1477 ut
1335 1424 1542 1479 creatio
1563 1439 1593 1479 a
1615 1421 1838 1479 saeculis
1858 1419 2078 1481 differre

437 1513 848 1583 intelligeretur
879 1512 948 1567 ab
984 1529 1070 1578 ea,
1108 1529 1228 1585 qua:
1257 1525 1387 1574 ante
1432 1517 1632 1573 smeula
1675 1527 1732 1573 et
1778 1531 1900 1586 qua:
1949 1527 2078 1575 ante

439 1607 700 1662 universa
734 1603 995 1660 nativitas
1019 1613 1124 1660 est.
1149 1606 1265 1663 Non
1292 1608 1457 1664 habet
1483 1607 1571 1683 (1)
1599 1609 1795 1665 saltem
1821 1607 2076 1680 impietas

436 1698 680 1762 veniam,
703 1704 759 1752 ut
793 1697 1095 1767 praetendat
1116 1699 1416 1770 impietatis
1436 1717 1707 1758 errorem.

2195 497 2432 592 naturali
2465 502 2736 560 nativitate
2762 509 3100 581 subsisteret,
3145 532 3266 572 cum
3307 529 3552 576 creatura
3609 524 3791 592 potius

2195 602 2265 643 ex
2327 589 2497 646 nihilo
2541 593 2703 669 439
2733 599 3081 662 substitisset.
3134 607 3246 663 lloc
3290 611 3518 680 primum
3563 589 3797 669 infelicis

2195 681 2397 736 mentis
2429 691 2532 740 tua:
2560 690 2702 745 virus
2727 700 2827 759 est,
2864 710 2968 750 non
2998 699 3327 756 nativitatem
3361 710 3664 758 creaturam
3696 721 3797 761 no-

2194 773 2429 864 minare,
2461 777 2555 832 sed
2590 796 2685 849 pro
2707 783 2982 841 nativitate
3007 787 3076 860 (ε)
3108 790 3263 846 ﬁdem
3289 793 3544 847 creationi
3577 804 3786 864 aptare.

2192 861 2526 936 Quamquam
2575 871 2623 924 id
2663 872 2876 942 quidem
2924 877 3098 948 inopis
3143 880 3347 952 ingenii
3377 890 3543 950 esset,
3574 861 3669 938 sed
3703 894 3784 940 ta-

2193 972 2317 1011 men
2392 975 2496 1015 non
2570 963 2855 1021 admodum
2911 969 3232 1041 irreligiosi,
3286 984 3522 1029 creatum
3583 975 3788 1031 idcirco

2188 1049 2434 1120 dixisse,
2478 1064 2532 1109 ut
2579 1057 2922 1127 impassibilis
2983 1076 3048 1116 ex
3115 1064 3224 1119 Deo
3285 1072 3555 1136 tamquam
3626 1067 3788 1122 unius

2186 1158 2252 1200 ex
2281 1161 2388 1200 uno
2415 1148 2663 1205 nativitas
2691 1160 3025 1208 nosceretur.

2258 1238 2516 1295 51.!"ides
2537 1251 2776 1297 constans
2788 1245 2850 1297 de
2861 1254 3051 1299 (eterna
3071 1245 3199 1301 Filii
3220 1244 3684 1304 natiuitate.-'—Sed
3703 1247 3788 1303 ni-

2183 1331 2257 1385 hil
2292 1331 2482 1389 horum
2505 1345 2756 1392 constans
2777 1345 2938 1407 atque
2955 1340 3246 1409 apostolica
3272 1340 3402 1396 ﬁdes
3431 1343 3648 1410 patitur.
3671 1340 3787 1397 Scit

2181 1425 2324 1484 enim
2348 1427 2401 1482 in
2430 1444 2532 1500 qua
2554 1431 2955 1502 dispensatione
2982 1436 3241 1506 temporis
3269 1433 3518 1490 Christus
3543 1445 3782 1502 creatus,

2180 1519 2309 1575 etin
2339 1535 2440 1591 qua
2478 1533 2777 1594 temporum
2809 1525 3110 1581 aeternitate
3149 1526 3221 1581 sit
3267 1536 3443 1581 natus.
3483 1527 3653 1583 Natus
3680 1542 3782 1581 au-

2181 1623 2288 1668 tem
2332 1628 2396 1668 ex
2452 1615 2560 1670 Deo
2599 1617 2740 1672 Deus
2769 1625 2872 1683 est,
2911 1629 2966 1673 et
2993 1633 3138 1674 verae
3166 1620 3458 1675 nativitatis
3509 1621 3560 1675 in
3612 1634 3680 1676 eo
3729 1628 3784 1674 et

2180 1705 2436 1777 perfecta:
2482 1711 2848 1779 generationis
2898 1727 3004 1766 non
3056 1713 3302 1785 ambigua
3363 1714 3614 1770 divinitas
3671 1723 3777 1770 est.

510 1792 604 1848 50.
656 1791 776 1857 Quo
804 1807 958 1845 sensu
979 1793 1073 1846 etsi
1099 1793 1352 1864 imperite,
1386 1813 1495 1850 non
1521 1806 1695 1850 tamen
1718 1793 1880 1864 impie
1909 1806 2073 1864 posset
2102 1799 2150 1860 Β
2177 1799 2318 1854 Nihil
2343 1800 2488 1854 enim
2530 1802 2581 1854 in
2619 1801 2790 1880 rebus
2815 1805 2906 1858 Dei
2939 1804 3040 1859 nisi
3069 1813 3250 1860 natum
3279 1814 3333 1861 et
3361 1814 3622 1862 aeternum
3649 1820 3784 1860 con-

430 1883 696 1956 deputari.
725 1911 797 1921 —-
819 1880 1058 1952 Namque
1085 1885 1183 1938 etsi
1213 1885 1510 1942 inﬁrmitas
1542 1884 1932 1956 intelligentia:
1952 1899 2076 1942 sen-

429 1993 552 2033 sum
577 1975 652 2048 (a)
683 1975 951 2047 religiosae
976 1977 1244 2048 opinionis
1281 1979 1604 2051 impediret,
1644 1995 1719 2036 ne
1755 1993 1906 2034 nunc
1955 1995 2075 2052 qua:

428 2071 730 2129 ereationis
761 2071 1058 2143 proprietas
1088 2083 1229 2128 esset
1277 2077 1544 2148 consequi
1595 2084 1844 2149 posset;
1895 2084 2073 2132 tamen

427 2165 514 2221 vel
545 2163 844 2220 secundum
878 2165 1114 2234 Apostoli
1141 2165 1342 2224 dictum
1374 2158 1653 2226 facturam
1694 2183 1858 2226 verte
1887 2169 2082 2226 nativi-

430 2259 524 2315 tati
549 2259 628 2331 (ὁ)
655 2257 1020 2328 deputantem,
1044 2261 1373 2318 creationem
1399 2280 1625 2337 quoque
1657 2266 1779 2323 etsi
1828 2263 2070 2330 indocte,

434 2365 612 2412 tamen
661 2369 770 2409 non
817 2353 998 2424 impie,
1055 2355 1118 2409 ad
1165 2360 1532 2426 generationis
1581 2361 1774 2418 ﬁdem
1815 2358 2082 2431 proﬁcere

433 2457 688 2522 Oportere
709 2447 1014 2502 existimare
1031 2446 1306 2504 debuerat.
1327 2451 1636 2520 Apostolus
1653 2453 1822 2509 enim
1843 2435 2080 2519 videtur,

436 2544 594 2599 unius
621 2557 688 2598 ex
715 2555 824 2596 uno
854 2539 1201 2609 nativitatem,
1243 2543 1294 2597 id
1339 2554 1441 2612 est,
1473 2544 1546 2617 (ε)
1599 2547 1846 2601 Domini
1876 2562 1944 2602 ex
1972 2546 2084 2603 vir-

437 2639 562 2708 gine
582 2635 701 2690 sine
724 2635 1034 2704 passionum
1066 2634 1414 2690 humanarum
1465 2648 1760 2709 conceptu
1814 2639 2084 2710 praedica-

443 2741 616 2799 turus,
649 2744 758 2786 non
786 2739 936 2785 extra
963 2729 1223 2785 rationem
1269 2730 1457 2798 factum
1483 2729 1546 2784 de
1572 2733 1822 2787 muliere
1865 2733 2084 2788 loeutus

445 2840 590 2892 esse,
621 2839 784 2897 quem
813 2832 998 2878 natum
1024 2822 1230 2879 sciebat
1252 2864 1267 2890 ,
1318 2823 1760 2894 frequenterque
1797 2825 2034 2882 dixisset
2066 2843 2081 2881 :

449 2928 510 2975 ιιι
549 2926 605 2976 et
642 2915 897 2974 nativitas
924 2913 1210 2972 veritatem
1240 2915 1611 2986 generationis
1648 2918 1999 2985 ostenderet,
2030 2928 2088 2976 et

456 3013 662 3070 factura
695 3011 855 3068 unius
902 3025 970 3065 ex
1008 3024 1116 3065 uno
1145 3007 1228 3082 (‘2)
1262 3008 1342 3082 (Δ)
1372 3007 1715 3064 nativitatem
1749 3021 2088 3082 protestare-

461 3117 582 3174 tur;
620 3107 748 3179 quia
793 3108 1047 3160 humanae
1095 3101 1470 3173 pet-mixtionis
1495 3115 1828 3172 conceptum
1860 3106 2088 3164 factura:

2179 1889 2412 1945 ﬁtemur.
2465 1891 2660 1948 Natum
2712 1904 2888 1950 autem
2946 1913 3052 1951 non
3103 1907 3227 1967 post
3255 1897 3500 1969 aliquid,
3531 1898 3627 1955 sed
3653 1907 3780 1954 ante

2179 1985 2357 2039 omnia
2392 2005 2408 2039 :
2449 1995 2500 2038 nt
2531 1986 2783 2043 nativitas
2830 1998 3034 2044 tantum
3067 1999 3296 2045 testctur
3329 2003 3636 2058 auctorem,
3672 2005 3778 2046 non

2181 2083 2569 2146 praeposterum
2622 2077 2822 2149 aliquid
2855 2081 2908 2134 in
2941 2095 3000 2135 se
3031 2081 3098 2134 ab
3123 2090 3343 2136 auctore
3389 2081 3674 2152 signiﬁcet.
3716 2082 3784 2137 Et

2183 2168 2394 2238 quidem
2441 2169 2783 2227 confessione
2829 2174 3126 2237 communi,
3171 2173 3406 2229 secunda
3452 2175 3668 2245 quidem
3711 2175 3780 2229 ab

2183 2265 2403 2314 auctore
2452 2261 2703 2316 nativitas
2745 2271 2846 2328 est,
2895 2264 3019 2334 quia
3049 2280 3116 2319 ex
3149 2264 3260 2319 Deo
3301 2276 3418 2332 e51;
3448 2279 3553 2320 non
3603 2275 3781 2320 tamen

2184 2353 2498 2423 separabilis
2551 2355 2618 2410 ab
2667 2365 2935 2424 auctore,
2995 2358 3118 2427 quia
3174 2358 3227 2411 in
3280 2367 3540 2427 quantum
3590 2372 3785 2413 sensus

2187 2456 2372 2504 noster
2394 2449 2803 2520 intelligentiam
2836 2450 3062 2505 teutabit
3084 2451 3380 2504 nativitatis
3408 2451 3695 2515 excedere,
3725 2452 3777 2504 in

2188 2550 2392 2597 tantum
2445 2556 2669 2598 necesse
2707 2553 2792 2597 est
2837 2542 2999 2597 etiam
3027 2543 3102 2612 (f)
3132 2542 3495 2612 generationis
3537 2541 3785 2596 excedat.

2191 2635 2268 2708 (5)
2292 2635 2453 2692 Solus
2475 2635 2655 2705 itaque
2687 2636 2772 2690 hic
2794 2636 2912 2708 pius
2940 2635 3008 2690 de
3042 2636 3148 2690 Deo
3172 2649 3354 2691 sermo
3382 2643 3486 2699 est,
3515 2636 3655 2689 scire
3681 2635 3789 2689 Pa-

2191 2738 2324 2784 trem
2361 2747 2374 2781 :
2407 2729 2548 2784 scire
2589 2738 2643 2783 et
2683 2743 2803 2782 cum
2833 2742 2898 2782 eo
2931 2741 3054 2783 eum
3081 2727 3171 2798 qui
3202 2742 3270 2783 ex
3293 2741 3359 2783 eo
3381 2727 3570 2782 Filius.
3601 2725 3792 2798 Neque

2187 2837 2318 2879 sane
2367 2822 2508 2879 aliud
2546 2822 2615 2878 de
2663 2823 2794 2886 Deo,
2840 2831 3218 2892 praeterquam
3251 2831 3453 2890 patrem
3501 2837 3623 2877 eum
3667 2837 3791 2878 esse

2190 2917 2449 2989 unigeniti
2483 2918 2576 2973 Dei
2607 2927 2661 2972 et
2682 2916 2964 2980 creatoris,
2997 2915 3280 2972 docemur.
3313 2913 3464 2970 Ultra
3504 2929 3563 2969 se
3611 2915 3795 2985 itaque

2193 3013 2475 3070 inﬁrmitas
2507 3013 2738 3068 humana
2768 3026 2873 3066 non
2909 3009 3096 3066 tendat
3138 3028 3151 3064 :
3195 3018 3249 3065 et
3293 3009 3540 3080 loquatur
3569 3007 3670 3062 hoc
3702 3024 3794 3063 so-

2193 3108 2328 3176 lum,
2361 3109 2415 3162 in
2438 3122 2544 3178 quo
2570 3106 2688 3161 solo
2713 3105 2762 3160 ei
2793 3104 2940 3158 salus
2963 3111 3080 3167 est,
3111 3110 3235 3157 ante
3263 3101 3442 3156 carnis
3481 3115 3790 3156 sacramen-

463 3215 663 3258 nomen
682 3197 1022 3265 excluderet,
1045 3211 1168 3252 cum
1197 3194 1368 3250 factus
1399 3210 1523 3250 esse
1559 3210 1626 3250 ex
1665 3197 1882 3268 virgine
1907 3199 2087 3258 disce-
2117 3206 2162 3269 C
2198 3211 2308 3256 tum
2353 3201 2408 3256 in
2458 3200 2685 3255 Domino
2730 3197 2859 3254 Jesu
2907 3195 3124 3251 Christo
3153 3194 3256 3250 hoc
3283 3208 3343 3250 se
3375 3208 3593 3265 semper
3630 3194 3794 3261 scire,

465 3307 641 3363 retur,
662 3296 750 3366 qui
781 3303 940 3348 natus
966 3291 1138 3362 magis
1176 3304 1298 3346 esse
1327 3305 1432 3344 non
1455 3288 1857 3360 ambigebatur.
1877 3293 1950 3349 At
1970 3296 2094 3353 vide

473 3400 552 3454 tu,
583 3404 742 3460 quam
789 3387 867 3442 sis
911 3385 1131 3454 impius,
1183 3397 1218 3438 o
1265 3382 1543 3437 haeretica.
1592 3379 1855 3439 Creatum
1901 3386 2092 3445 Jesum

475 3480 747 3537 Christum
782 3479 958 3549 potius
988 3492 1056 3532 ex
1087 3475 1221 3540 Deo,
1252 3488 1413 3545 quam
1467 3482 1655 3528 natum
1701 3489 1857 3541 esse,
1909 3491 2095 3537 sermo

479 3577 660 3633 nullus
697 3581 789 3630 aut
816 3570 1165 3643 propheticus
1192 3577 1282 3621 aut
1312 3567 1659 3637 evangelicus
1695 3577 1790 3622 aut
1827 3575 2094 3639 apostoli-

480 3683 580 3724 cus
602 3666 919 3724 estlocutus
962 3682 974 3718 :
1020 3670 1079 3718 tu
1109 3674 1240 3716 vero
1270 3659 1604 3714 nativitatem
1639 3675 1824 3730 negas,
1853 3672 1908 3718 et
1939 3666 2091 3722 afﬁr-

484 3774 602 3814 mas
623 3767 948 3822 creaturam,
992 3770 1098 3808 uon
1130 3751 1426 3808 secundum
1458 3751 1908 3821 signiﬁcationem
1945 3760 2093 3826 Apo-

484 3851 634 3920 stoli,
663 3850 860 3906 factum
887 3862 1011 3904 esse
1035 3845 1270 3902 dicentis
1295 3860 1360 3900 nc
1389 3854 1546 3898 natus
1574 3858 1697 3901 esse
1723 3845 2092 3917 ambigeretur

561 3970 641 4042 (1)
685 3969 874 4026 Saltim
903 3980 1004 4038 pro
1030 3965 1210 4021 saltem
1252 3962 1416 4018 habet
1452 3975 1664 4032 quoque
1695 3960 1822 4018 alibi
1864 3966 2100 4036 scriptus

489 4044 632 4101 liber
661 4050 865 4097 noster.

565 4113 644 4187 (‘2)
685 4111 1038 4167 Diviuitatem.

569 4230 644 4302 (a)
690 4229 852 4302 Editi,
879 4225 1191 4302 irreligiostg
1213 4221 1619 4302 {emcndantur
1647 4235 1712 4273 ex
1741 4220 1979 4302 scriptis.

575 4291 649 4372 ib)
693 4301 748 4356 In
777 4291 989 4354 vetusto
1017 4291 1120 4372 fus.
1152 4293 1311 4372 Coll):
1357 4309 1420 4346 ac
1460 4293 1670 4372 C_er_tti.,
1724 4291 2098 4372 deputandum.

496 4362 776 4432 Mallemus
797 4371 1107 4438 deputantis,
1133 4367 1249 4420 scil.
1276 4362 1801 4432 Apostoti.Exetnplo
1828 4363 2096 4432 Apostnli,

499 4449 588 4518 qui
621 4437 896 4518 Christum
924 4450 975 4518 et
997 4449 1185 4518 natum
1220 4439 1358 4518 dixit
1383 4446 1437 4490 et
1468 4437 1683 4500 factum,
1733 4444 1790 4488 ut
1818 4450 1940 4489 cum
1974 4452 2099 4518 vera

499 4509 646 4574 esset
677 4515 817 4570 illius
850 4510 1096 4565 nativitas
1122 4551 1136 4575 ,
1180 4524 1296 4564 eam
1344 4515 1521 4562 tamen
1552 4522 1656 4560 non
1711 4520 1775 4559 ex
1825 4509 2099 4561 communi

503 4591 641 4659 lege,
676 4586 767 4641 sed
792 4601 860 4659 ex
885 4597 986 4636 una
1021 4581 1238 4659 Virgine
1271 4593 1412 4644 esse,
1449 4577 1959 4659 facturae-vocabulo
2001 4577 2100 4632 de-

501 4642 773 4720 clararet;
832 4656 992 4709 docet
1047 4642 1278 4706 Hilarius-
1328 4642 1614 4720 utrumque
1669 4647 1797 4720 illud
1851 4642 2180 4720 verbum,D

503 4747 611 4803 quo
641 4727 912 4803 Sapientia
959 4725 1188 4803 primum
1235 4737 1295 4777 se
1335 4719 1593 4803 genitalia,
1635 4735 1698 4774 ac
1725 4719 1922 4803 deinde
1947 4734 2094 4774 crea-

506 4791 613 4857 tam
653 4791 931 4856 testiﬁcata
962 4791 1067 4860 es',
1113 4793 1178 4847 ad
1223 4804 1480 4847 aeternam
1505 4792 1647 4846 illius
1672 4791 2098 4860 generatiOnem,

506 4874 607 4930 etsi
637 4871 871 4932 indocte,
905 4865 1123 4921 licuisse
1153 4875 1328 4919 tamen
1359 4864 1579 4928 referri;
1623 4862 1783 4917 modo
1809 4861 2103 4916 ereationis

508 4945 727 5000 nomine
781 4956 886 4995 non
940 4937 1315 4992 excluderetur
1369 4935 1661 4988 nativitatis
1730 4933 1950 4997 veritas,
2007 4937 2103 4986 sed

509 5015 888 5072 ostenderetur
940 5018 1142 5062 tantum
1191 5005 1325 5060 ratio
1366 5005 1693 5076 singularis,
1725 5019 1826 5076 qua
1870 5018 2006 5057 unus
2037 5018 2103 5076 ex

511 5103 619 5143 uno
641 5086 843 5154 absque
872 5081 976 5134 ulla
1008 5079 1258 5154 passione
1288 5087 1442 5132 natus
1457 5075 1569 5154 est.
1607 5075 1979 5154 l_lac_indoeta,
2008 5075 2104 5154 sed

511 5175 617 5214 non
664 5144 824 5222 impia
863 5144 1560 5222 interpretatione,”cadent
1609 5144 1902 5222 Sapientia:
1941 5145 2106 5222 verba

512 5215 849 5284 intellexisse
900 5215 1150 5290 leguntur
1203 5219 1427 5290 Basnlius
1487 5221 1686 5289 Ancyr.
1740 5225 1794 5270 et
1838 5215 2106 5290 Georgius

511 5299 732 5357 Laodic.
780 5294 920 5362 apud
954 5287 1350 5360 'Epipliauium,
1385 5289 1517 5362 liter.
1567 5287 1765 5354 Lxxtu,
1797 5303 1852 5362 n.
1883 5288 1984 5351 ‘20,
2018 5287 2106 5340 ubi

512 5375 706 5427 aiunt:
745 5366 790 5420 Γ
795 5358 916 5420 ilius
955 5358 1332 5425 cum-dixisset,
1374 5358 1628 5413 Dominus
1675 5361 1864 5412 creavit
1899 5375 2010 5424 me;
2048 5373 2111 5410 ne

515 5457 835 5498 communem
864 5438 975 5507 ejus
995 5450 1110 5487 cum
1133 5432 1319 5507 creatis
1349 5430 1500 5507 rebus
1524 5433 1718 5507 ueteris
1747 5441 1982 5484 naturam
2005 5443 2111 5507 esse

514 5500 912 5582 suapicaremuf,
940 5505 1240 5582 necessario
1286 5503 1515 5582 subjecit,
1568 5502 1699 5582 Ante
1743 5517 1914 5582 omnes
1958 5500 2111 5554 colles

499 5635 505 5640 ,
515 5573 690 5658 genuit
716 5598 812 5636 me.
851 5578 1044 5658 Quibus
1065 5578 1199 5642 piam
1227 5573 1369 5656 nobis
1396 5589 1457 5626 ac
1478 5574 1728 5656 passionis
1751 5575 1913 5626 onmis
1930 5587 2108 5641 exper-

515 5645 617 5714 tem
646 5657 810 5726 ipsius
832 5667 908 5726 ex,
925 5648 1080 5726 Patre
1105 5645 1750 5726 proprietatem'eapressit.

593 5711 681 5800 (σ)’
711 5723 934 5788 Excusi,
962 5718 1016 5774 id
1038 5711 1134 5784 est,
1165 5711 1334 5772 Deum
1372 5731 1434 5770 ea:
1470 5711 1681 5786 Virgine
1710 5731 1728 5769 :
1756 5711 2113 5770 euitandantur

515 5817 583 5856 ει
611 5812 743 5855 mss.

2199 3295 2341 3366 quod
2374 3302 2531 3349 natus
2557 3302 2658 3349 est.

2272 3387 2362 3443 52.
2408 3385 2544 3440 Huic
2570 3403 2623 3440 se
2651 3383 2910 3440 adhterere
2938 3382 3208 3451 proﬁtetur
3236 3379 3478 3434 Hilarius
3514 3397 3667 3450 quam
3707 3395 3799 3434 nec

2198 3498 2351 3537 sensu
2378 3498 2470 3535 suo
2499 3480 2745 3551 pret/init.
2773 3507 2845 3518 —
2871 3476 2950 3548 (g)
2980 3476 3090 3546 Ego
3134 3473 3375 3544 quidem,
3432 3473 3484 3526 in
3534 3482 3797 3544 quantum

2199 3589 2461 3632 concesso
2494 3575 2622 3629 mihi
2656 3575 2757 3627 hoc
2797 3587 2826 3624 a
2869 3579 2922 3625 te
2965 3569 3155 3639 spiritu
3184 3567 3397 3637 vigebo,
3428 3579 3614 3624 sancte
3643 3567 3801 3622 Pater

2201 3669 2547 3738 omnipotens
2581 3668 2740 3731 Deus,
2776 3673 2831 3720 ut
2859 3672 3120 3718 aeternum
3145 3670 3194 3715 te
3224 3660 3411 3722 Deum,
3435 3657 3505 3711 ita
3533 3669 3802 3714 aeternum

2203 3770 2256 3816 et
2289 3769 2492 3830 patrem
2515 3759 2834 3814 conﬁtebor.
2866 3755 3048 3825 Neque
3085 3755 3136 3810 in
3165 3751 3216 3807 id
3247 3764 3501 3820 umquam
3555 3749 3803 3808 stultitia:

2201 3862 2362 3922 atque
2395 3851 2686 3922 impietatis
2715 3862 3016 3917 erumpam,
3049 3855 3106 3901 ut
3149 3843 3553 3912 omnipotentize
3581 3854 3686 3899 tute
3715 3856 3807 3896 sa-

2281 3969 2358 4039 (5)
2400 3968 2558 4024 Solus
2585 3968 2666 4039 hic
2696 3967 2872 4039 itaque
2889 3965 3004 4039 pius
3031 3961 3095 4015 de
3123 3959 3230 4013 Deo
3267 3975 3448 4039 sermo_
3477 3969 3572 4016 est.
3623 3959 3808 4039 Neque

2207 4030 2352 4094 ultra
2402 4038 2646 4110 procedit
2699 4030 2801 4096 ms:
2862 4030 3014 4118 liber,
3081 4041 3349 4105 postrema
3402 4030 3594 4088 charta
3653 4031 3810 4088 dimi-

2205 4123 2384 4167 HUIUS.

2281 4229 2362 4300 (ά)
2403 4229 2459 4284 In
2507 4223 3109 4300 antiquis_ntss.__Y:t_t.
3162 4221 3316 4300 bas._l
3372 4217 3626 4300 hiat-tim,
3676 4220 3808 4274 Car-

2211 4290 2430 4358 nutfet
2479 4290 2684 4368 aliquot
2731 4295 2872 4362 aliis,
2916 4294 3249 4368 divinitatem.
3277 4290 3805 4368 Reclius_iu_vetere

2206 4371 2386 4431 Colb..
2413 4363 2599 4434 Corbf,
2627 4367 3106 4434 ete.,nativitatem,
3126 4379 3244 4418 cum
3277 4375 3456 4418 sermo
3481 4363 3549 4418 sit
3580 4364 3646 4418 de
3674 4375 3810 4418 tetu-

2209 4442 2419 4512 poraria
2449 4441 2650 4496 Christi
2679 4456 2750 4496 ex
2785 4437 3001 4507 Virgine
3033 4435 3331 4512 nativitate.

2283 4537 2353 4607 (ε)
2393 4535 2538 4590 Loco
2587 4533 2735 4587 verbi
2776 4530 2949 4607 fidem,
3005 4529 3146 4598 Lips.
3195 4533 3256 4607 et
3297 4524 3419 4607 Par:
3476 4541 3542 4580 ex
3571 4525 3805 4607 ‘Erasmi

2207 4596 2446 4676 margine
2482 4607 2674 4658 frustra
2724 4596 3113 4676 subsutueruut
3142 4596 3520 4676 contumeliam.
3556 4597 3806 4676 Arguun-

2209 4689 2294 4734 tur
2321 4667 2557 4732 haeretici
2586 4718 2600 4742 ,
2632 4691 2738 4730 non
2769 4671 2910 4740 quod
2945 4683 3200 4742 teter-nam
3236 4667 3524 4742 Sapientia:
3555 4668 3806 4742 inereata}

2205 4737 2609 4819 generationem
2629 4737 2960 4819 creationem
2987 4741 3201 4819 indocte
3222 4738 3519 4802 nominent,
3535 4737 3636 4819 sed
3663 4738 3808 4806 quod

2209 4809 2372 4890 impie
2401 4819 2561 4874 etiam
2592 4818 2837 4872 credant.
2871 4815 3004 4890 'l_‘_oto
3033 4813 3135 4867 hoc
3175 4823 3422 4890 numero,
3454 4809 3557 4890 sed
3579 4823 3808 4890 pramer-

2209 4881 2304 4945 tini
2338 4893 2518 4945 verbis
2561 4887 3012 4960 subsequentibus
3043 4883 3214 4938 notari
3247 4881 3456 4960 videtur
3489 4881 3812 4960 interpreta-

2210 4964 2284 5016 tio
2318 4962 2497 5016 Basilii
2527 4971 2580 5016 et
2609 4951 2848 5028 Georgii,
2884 4971 3113 5027 quorum
3157 4953 3319 5028 verba
3347 4951 3594 5028 superius
3617 4951 3809 5004 retuli-

2211 5049 2348 5086 mus.
2377 5031 2509 5088 Cum
2535 5042 2717 5103 autem
2747 5024 2863 5082 haec
2893 5024 2965 5103 illi
2996 5024 3311 5103 scripserint
3335 5026 3563 5103 atieyrae
3585 5037 3813 5103 congre-

2209 5105 2316 5174 gati
2346 5113 2472 5158 ante
2501 5103 2643 5175 diem
2675 5102 2876 5175 festum
2915 5094 3138 5175 Pascha:
3181 5094 3442 5175 ειηηὶγὸᾅὸ
3463 5134 3476 5158 ,
3507 5094 3813 5162 conjectare

2210 5169 2293 5229 est
2323 5175 2464 5229 hunc
2494 5174 2686 5228 librum
2709 5169 2916 5242 synodo
2938 5170 3030 5223 illa
3053 5183 3175 5223 esse
3207 5169 3586 5236 posteriorem.

2284 5265 2353 5341 (ο
2397 5265 2536 5320 Editi
2571 5307 2585 5331 ,
2637 5273 2864 5341 excepto
2925 5262 3074 5341 liam,
3115 5258 3371 5341 generatio
3398 5298 3412 5323 ,
3472 5258 3815 5341 paulo-.ante

2214 5329 2416 5392 omissa
2448 5329 2584 5391 voce
2604 5329 2906 5389 nativitatis.
2940 5332 3071 5388 Post
3093 5329 3414 5403 vocabulum
3446 5329 3812 5403 generationis,

2216 5411 2347 5464 satis
2379 5406 2698 5476 intelligitur
2725 5407 2882 5476 tacita
2906 5419 3006 5458 vox
3033 5400 3592 5476 intelligentiam,'qu:e
3620 5400 3671 5454 in
3706 5416 3808 5454 ms.

2215 5480 2439 5535 Pratell.
2475 5475 2636 5533 etiam
2669 5475 3014 5546 eXprimitur.

2293 5569 2369 5643 (g)
2411 5569 2467 5623 lu
2491 5584 2604 5643 ins.
2631 5568 2856 5643 Carnut.
2881 5565 2971 5643 hie
2999 5565 3136 5643 tituli
3161 5565 3212 5620 in
3237 5577 3440 5643 morem
3465 5570 3816 5643 prmnotatur,

2220 5631 2446 5769 :Jra'tio:
2490 5640 2546 5696 in
2595 5640 2715 5695 aliis
2768 5638 3205 5705 recentioribus,
3280 5631 3478 5689 Oratio'
3501 5633 3664 5688 sancti
3719 5631 3816 5686 Hi-

2241 5730 2361 5767 artt.

2241 5730 2361 5767 ατη.
