4286 6264
545 325 648 381 471

1781 325 1848 382 IN
1887 325 2143 385 LIBRUM
2189 326 2278 385 DE
2315 327 2606 391 SYNODIS

3748 338 3860 394 472

547 456 650 514 per
676 440 956 500 Christum
992 450 1173 500 creata
1219 450 1575 510 memoraret;
1608 442 1678 500 de
1709 443 1915 516 Spiritu
1956 454 2146 503 sancto
2173 449 2224 509 Α
2251 449 2355 503 mei
2382 449 2521 504 dona
2545 448 2830 507 mihihanc
2855 450 3205 508 conscientia:
3228 466 3365 508 meae
3392 465 3578 509 vocem
3601 460 3688 510 :ut
3709 453 3856 525 quod

545 535 911 592 sufﬁcientem
959 535 1065 592 sibi
1113 532 1562 606 signiﬁcationem
1614 551 1731 592 eam
1783 537 2145 606 existimavit,

551 627 694 698 quod
728 628 871 682 hunc
932 625 1194 696 Spiritum
1252 635 1401 682 tuum
1457 627 1681 684 diceret.
1728 629 1862 684 Cum
1931 629 2014 686 his
2051 647 2149 702 ego

547 717 770 788 proprie
800 717 988 773 electis
1013 717 1106 771 tibi
1136 716 1265 773 viris
1297 717 1411 775 haec
1436 721 1504 775 ita
1537 721 1785 789 sentiam,
1812 731 1869 776 ut
1901 723 2036 779 sicut
2061 726 2146 779 ni-

547 809 626 866 hil
650 809 792 865 aliud
820 809 960 865 ultra
981 808 1146 882 M4
1167 825 1383 867 sensum
1406 813 1780 884 intelligentia:
1795 831 1930 871 metu
1955 831 2146 872 secun-

548 899 677 957 dum
707 916 801 957 eos
830 901 898 957 de
931 901 1220 973 Unigenito
1252 913 1342 959 tuo
1363 905 1561 971 dicam,
1596 923 1752 977 quam
1781 923 1900 964 esse
1930 922 2142 978 natum;

548 993 623 1050 ita
650 1009 866 1066 quoque
889 994 1023 1050 ultra
1049 995 1248 1065 ingenii
1267 996 1485 1052 humani
1513 1000 1822 1070 opinionem
1851 1003 2145 1059 secundum

549 1101 646 1141 eos
688 1085 822 1141 nihil
871 1086 1014 1142 aliud
1055 1087 1121 1143 de
1145 1097 1334 1144 saneto
1361 1090 1563 1162 Spiritu
1598 1102 1687 1146 tuo
1735 1094 1954 1163 loquar,
1989 1111 2146 1166 quam

548 1177 810 1247 Spiritum
862 1187 1008 1234 tuum
1042 1195 1184 1235 esse.
1214 1180 1396 1250 Neque
1449 1183 1520 1237 sit
1547 1183 1677 1238 mihi
1731 1185 1932 1240 inutilis
1975 1203 2149 1258 pugna

554 1268 871 1336 verborum,
901 1270 994 1324 sed
1027 1272 1388 1328 incunctantis
1427 1273 1546 1330 ﬁdei
1580 1284 1834 1330 constans
1863 1277 2147 1348 professio.

622 1360 713 1416 57.
750 1360 1324 1432 Oratio.-Conserva,
1353 1381 1470 1432 oro,
1493 1367 1629 1422 hanc
1653 1368 1774 1423 ﬁdei
1803 1385 1937 1425 mea:
1965 1373 2152 1429 incon-

547 1454 864 1512 taminatam
897 1458 1239 1530 religionem,
1267 1471 1320 1518 et
1343 1478 1511 1534 usque
1531 1463 1598 1520 ad
1623 1480 1903 1522 excessum
1930 1469 2151 1540 spiritus

625 1595 702 1678 (α)
730 1595 948 1678 νει-1η,-
965 1615 1068 1678 una
1093 1609 1256 1678 tecu_m
1283 1601 1530 1660 adorem:
1549 1615 1804 1677 sanctum,
1836 1608 2150 1668 desideran-

554 1674 645 1724 tur
674 1667 726 1721 in
751 1682 882 1723 mss.
908 1667 1064 1725 Colb.
1090 1687 1152 1726 ac
1180 1672 1363 1728 Germ.

620 1737 697 1809 (b)
722 1738 814 1794 His
855 1741 1139 1814 subjicitur
1163 1745 1212 1797 in
1248 1761 1348 1800 ms.
1394 1743 1596 1802 Corb.:
1632 1749 1858 1814 Explicit
1890 1754 2018 1808 liber
2048 1772 2145 1812 xu.

550 1807 830 1892 Legehcunt
858 1807 1405 1892 pace‘Dontini‘nostri
1428 1817 1555 1892 Iesu
1575 1807 1770 1892 Christi
1804 1807 2021 1892 feliciter
2050 1807 2146 1882 ξ-

554 1895 664 1934 uno
691 1881 925 1939 Sorbon.
956 1881 1188 1954 Explicil
1219 1887 1345 1941 liber
1375 1903 1446 1943 xu
1485 1889 1684 1945 Hilarii
1713 1881 1937 1964 episcopi
1976 1896 2151 1952 Trini-

556 2013 2237 2046 M—

2254 542 2308 597 in
2342 545 2767 614 regenerationis
2795 561 2930 601 mem
2955 545 3239 618 Symbolo,
3271 545 3576 616 baptizatus
3613 546 3666 601 in
3695 546 3854 603 Patre

2253 645 2304 691 et
2331 636 2466 692 Filio
2496 647 2550 692 et
2592 637 2795 708 Spiritu
2850 647 3068 704 saneto,
3109 635 3390 708 professus
3437 652 3581 702 sum,
3635 652 3852 710 semper

2259 730 2532 784 ohtineam
2564 749 2575 782 :
2615 731 2824 785 Patrem
2855 730 3060 785 scilicet
3102 737 3154 783 te
3183 739 3446 796 nostrum,
3475 729 3670 784 Filium
3703 741 3848 786 tuum

2252 819 2328 893 (α)
2358 837 2458 876 una
2491 831 2664 877 tecum
2695 823 2913 878 adorem
2947 840 2959 875 :
2989 833 3231 877 sanetum
3270 821 3531 892 Spiritum
3558 832 3728 890 tuum,
3759 827 3850 894 qui

2253 931 2321 970 ex
2353 924 2404 970 te
2428 929 2522 985 per
2555 916 2884 986 unigenitum
2920 924 3065 969 tuum
3083 925 3185 981 est,
3205 929 3532 984 promereor.
3554 914 3689 982 Quia
3720 915 3850 970 mihi

2256 1010 2484 1066 idoneus
2513 1012 2577 1066 ad
2611 1012 2768 1067 ﬁdem
2799 1013 2950 1068 testis
2972 1019 3074 1078 est,
3100 1011 3284 1066 dicens
3317 1029 3330 1064 :
3360 1010 3717 1076 Puter,omnia
3739 1028 3850 1066 mea

2254 1111 2340 1156 tua
2366 1113 2506 1169 sunt,
2534 1113 2580 1158 et
2611 1114 2699 1158 tua
2730 1121 2844 1159 mea
2885 1103 3068 1177 (Joan.
3102 1119 3230 1170 xvu,
3260 1103 3375 1173 10),
3410 1103 3665 1158 Dominus
3696 1117 3850 1158 meus

2253 1197 2410 1254 Jesus
2431 1197 2700 1266 Christus,
2730 1215 2954 1255 manens
2987 1201 3038 1254 in
3064 1209 3116 1254 te
3141 1207 3195 1254 et
3217 1213 3286 1254 ex
3312 1208 3362 1253 te
3390 1209 3440 1254 et
3458 1197 3596 1270 apud
3632 1207 3683 1254 te
3704 1213 3851 1254 sem-

2255 1305 2351 1362 per
2379 1291 2521 1346 Deus
2547 1309 2560 1347 :
2592 1293 2679 1362 qui
2725 1301 2807 1348 est
2835 1291 3151 1348 benedictus
3182 1291 3235 1345 in
3281 1289 3477 1345 saecula
3509 1290 3850 1345 saeculorum.

2255 1383 2450 1439 Amen.
2488 1382 2562 1456 (b)

2257 1621 2375 1675 tatis
2402 1621 2617 1690 feliciter
2650 1638 2668 1677 :
2701 1621 2752 1676 in
2779 1620 2911 1676 Silv.
2951 1619 3179 1689 Explicit
3223 1619 3352 1674 liber
3391 1634 3468 1674 xu
3495 1617 3688 1690 Hilarii
3743 1619 3857 1686 epi-

2256 1689 2408 1762 scopi
2425 1693 2488 1747 de
2517 1693 2620 1762 ﬁde
2636 1693 2972 1747 sanctissima:
2995 1691 3261 1746 Trinitatis
3283 1691 3526 1746 adversus
3549 1689 3854 1762 hwreticos:

2259 1764 2308 1818 in
2338 1761 2620 1820 VindoCin.
2674 1764 2974 1831 Expliciunt
3001 1763 3120 1818 libri
3137 1779 3209 1817 xu
3235 1764 3398 1816 sancti
3421 1761 3741 1816 inimitabilis
3764 1761 3858 1817 riri

2258 1834 2451 1890 Hilarii
2474 1837 2536 1890 de
2567 1836 2669 1906 ﬁde
2700 1835 2876 1890 Patris
2900 1846 2944 1889 et
2974 1833 3100 1888 Filii
3122 1844 3169 1888 et
3193 1833 3422 1902 Spiritus
3451 1833 3632 1889 sancti.

2555 2021 3863 2047 Μ

729 2032 2421 2269 “5mm?

1967 2032 2659 2269 Eat-BE
2795 2122 3659 2272 SYNODIS

1761 2356 2641 2467 PRIEFATIO.

1589 2564 2241 2610 *Ἥ

621 2669 664 2724 ῐ.
713 2671 814 2728 Ubi
841 2682 888 2729 et
922 2677 1130 2746 quando
1158 2679 1382 2753 scriptus
1409 2683 1476 2736 sit
1509 2681 1592 2738 hic
1619 2681 1916 2740 Tractatus.
1942 2714 2014 2725 —
2041 2684 2156 2740 Non

547 2771 634 2819 est
675 2765 1042 2838 sejungendus
1083 2787 1113 2824 a
1157 2771 1310 2830 libris
1341 2773 1409 2830 de
1439 2775 1702 2833 Trinitate
1732 2778 1820 2834 hic
1861 2787 2158 2845 tractatus,

547 2871 712 2927 quem
743 2874 878 2914 mss.
911 2877 1082 2934 prope
1108 2880 1298 2922 omnes
1318 2881 1440 2922 cum
1472 2869 1582 2924 illis
1609 2870 1682 2924 ita
1713 2871 2066 2942 conjungunt,
2101 2882 2159 2929 ut

550 2950 612 3006 in
658 2950 872 3008 duobus
898 2952 1227 3014 Colbertinis
1282 2969 1338 3016 et
1381 2960 1775 3028 Germanensi,
1836 2968 1946 3020 imo
1974 2980 2004 3018 a
2032 2965 2163 3020 Cas-

547 3040 774 3099 siodoro
840 3046 970 3101 liber
1016 3048 1243 3104 decimus
1306 3055 1485 3108 tertius
1552 3066 1914 3127 nuncupetur.
1975 3057 2159 3129 Neque

548 3133 716 3189 etiam
759 3135 925 3192 distat
953 3147 1198 3211 tempore
1229 3153 1322 3198 aut
1352 3147 1599 3202 materia.
1629 3147 1763 3204 Nam
1795 3159 1850 3205 et
1880 3149 2004 3206 ﬁdei
2039 3152 2161 3206 illu-

546 3227 788 3283 strandre
818 3245 980 3286 causa
1012 3246 1299 3306 susceptus
1327 3246 1433 3305 est,
1465 3249 1519 3294 et
1545 3241 1742 3309 exsilii,
1779 3259 1883 3298 non
1913 3259 2071 3300 secus
2097 3260 2160 3300 ac

541 3317 651 3406 illi,
692 3330 877 3392 partus
908 3323 1030 3380 fuit.
1060 3326 1178 3382 Jam
1208 3329 1353 3384 enim
1385 3331 1644 3400 Hilarius,
1670 3335 1744 3389 uti
1776 3334 2017 3392 declarat
2046 3338 2160 3409 ipse

2246 2571 2830 2607 ψ-

2259 2687 2462 2743 nirent.
2516 2688 2669 2756 Quod
2724 2703 2848 2744 cum
2901 2703 3043 2744 anno
3086 2687 3191 2744 358
3241 2685 3524 2743 desinente
3596 2691 3861 2741 statutum

2261 2776 2453 2845 fuerit;
2501 2795 2660 2835 nemo
2700 2795 2808 2836 non
2841 2779 2998 2836 facile
3051 2778 3350 2843 concedet,
3381 2779 3522 2833 hunc
3571 2784 3858 2832 tractatum

2260 2885 2405 2928 anno
2429 2870 2534 2928 559
2558 2873 2798 2939 ineunte,
2828 2872 2915 2928 vel
2944 2873 3106 2928 etiam
3131 2884 3365 2929 exeunte
3393 2871 3520 2938 558,
3553 2869 3718 2927 fuisse
3743 2870 3862 2925 edi-

2262 2971 2395 3020 tum.
2433 2965 2543 3020 l-loc
2572 2974 2720 3022 certe
2757 2974 3006 3031 constat,
3054 2975 3107 3022 et
3139 2975 3261 3036 post
3291 2980 3531 3021 mensem
3562 2967 3857 3036 Augustum

2260 3071 2350 3111 an.
2385 3055 2513 3124 558,
2537 3066 2592 3114 et
2621 3065 2746 3115 ante
2774 3059 2971 3114 Maium
3001 3073 3089 3114 an.
3123 3059 3254 3124 559,
3283 3059 3544 3128 epoeham
3574 3057 3718 3114 illius
3739 3071 3861 3113 esse

2259 3145 2550 3218 ﬁgendann

2332 3237 2398 3292 ll.
2435 3239 2549 3307 Qua
2575 3242 2860 3296 occasione.
2885 3241 2997 3309 Quo
3021 3243 3142 3312 ﬁne.
3165 3272 3238 3284 ——
3259 3243 3480 3298 Litteras
3508 3258 3538 3297 a
3569 3240 3860 3299 Gallicanis

2262 3333 2534 3401 episcOpis
2564 3335 2724 3402 paulo
2767 3344 2886 3405 post
2913 3336 3222 3392 damnatam
3260 3337 3327 3391 ab
3369 3336 3560 3392 iisdem
3591 3335 3859 3392 Sirmien-

560 3425 714 3471 num.
746 3414 781 3468 2
808 3425 862 3471 et
890 3415 981 3484 65,
1014 3426 1185 3474 totum
1217 3421 1511 3479 triennium
1542 3425 1594 3480 in
1641 3425 1835 3482 exsilio
1877 3438 2160 3500 exegerat,
2191 3421 2237 3485 C
2270 3438 2384 3480 sem
2417 3427 2700 3482 formulam
2733 3429 3056 3497 secundam,
3091 3445 3190 3485 nec
3220 3430 3377 3500 longe
3404 3438 3533 3484 ante
3565 3429 3858 3500 Ancyrana:

549 3511 607 3559 et
639 3505 814 3563 adhuc
851 3508 990 3564 intra
1035 3511 1222 3568 decem
1251 3514 1395 3570 Asia:
1439 3518 1749 3588 provincias
1791 3522 2156 3590 consistebat,

549 3610 674 3652 cum
727 3599 875 3654 illum
927 3602 1116 3658 edidit.
1167 3605 1432 3673 Quocirca
1483 3596 1774 3681 postremis
1822 3612 1980 3683 hujus
2035 3614 2158 3670 libri

548 3690 732 3746 verbis
776 3691 970 3751 fratres
998 3711 1160 3762 suos,
1195 3707 1255 3753 ut
1299 3701 1349 3755 in
1379 3702 1718 3760 orationibus
1749 3707 1953 3761 sanctis
1981 3707 2158 3761 exsilii

545 3785 632 3839 sui
679 3800 954 3843 memores
1002 3791 1146 3856 sint,
1191 3803 1366 3863 rogat.
1402 3793 1458 3849 Si
1493 3804 1670 3852 tamen
1714 3797 2017 3854 Scultetum
2062 3799 2157 3872 (in

546 3879 771 3950 analysi,
801 3899 920 3953 pag.
957 3881 1087 3955 595)
1117 3885 1326 3951 audias,
1355 3889 1578 3959 scriptus
1600 3899 1671 3944 est
1699 3891 1781 3945 Itic
1807 3893 1934 3947 liber
1954 3893 2032 3947 vel
2060 3892 2157 3949 Se-

547 3970 727 4025 leuciae
758 3974 816 4026 in
845 3975 1078 4044 synodo,
1111 3978 1189 4031 vel
1229 3978 1692 4054 Constantinopoli,
1727 3986 1804 4038 vel
1843 3986 1895 4039 in
1923 3987 2039 4058 ipsa
2076 4003 2157 4040 re-

547 4061 855 4132 formatione
884 4066 1215 4124 ecclesiarum
1239 4068 1567 4139 Italicarum,
1599 4091 1713 4128 cum
1727 4076 1841 4146 jam
1869 4077 1932 4130 ab
1964 4077 2153 4132 Orien-

544 4153 611 4206 tis
660 4155 918 4223 partibus,
967 4158 1021 4210 in
1063 4160 1247 4228 quibus
1286 4163 1638 4231 exsulaverat,
1686 4167 1934 4224 retliisset.
1971 4168 2154 4240 USquc

543 4244 684 4302 adeo
713 4249 911 4304 animis
938 4249 1248 4307 dominatur
1278 4253 1466 4311 iuolita
1496 4257 1564 4312 de
1593 4259 1784 4325 rebus,
1816 4275 1924 4317 non
1959 4277 2154 4319 secun-

545 4335 676 4391 dum
707 4338 882 4408 ipsas,
911 4341 1006 4397 sed
1049 4345 1347 4401 secundum
1377 4349 1592 4418 propria
1621 4352 1846 4422 placita,
1872 4353 2153 4423 judicandi

544 4431 914 4488 consuetudo!
967 4434 1166 4491 Eodem
1211 4438 1344 4494 vitio
1384 4439 1692 4510 implicatus
1736 4445 1995 4502 Erasmus
2044 4465 2148 4505 non

544 4523 776 4579 multum
822 4529 1052 4584 attendit
1090 4530 1217 4601 quid
1259 4532 1492 4601 diceret,
1526 4551 1650 4592 cum
1695 4555 1855 4608 quem
1889 4555 2153 4599 memorat

541 4613 912 4690 Hieronymus
940 4621 1127 4678 Hilarii
1151 4623 1345 4681 librum
1369 4627 1730 4685 Ariminensis
1756 4641 1812 4685 et
1835 4634 2146 4690 Seleucian-

540 4706 623 4764 sis
671 4710 888 4768 concilii
938 4712 1221 4769 historiam
1270 4717 1670 4785 continentem,
1729 4721 1853 4778 huic
1923 4723 2143 4782 forsitan

537 4801 799 4857 tractatui
845 4802 1144 4860 admixtum
1191 4807 1580 4878 pronuntiavit.
1623 4811 1762 4879 Quid
1798 4815 1940 4869 enim
1993 4815 2045 4870 in
2078 4833 2145 4874 eo
2177 4805 2224 4868 D

537 4894 770 4965 reperit,
800 4897 945 4967 quod
971 4913 1078 4954 non
1107 4909 1232 4955 ante
1261 4901 1514 4970 prmdicta
1545 4905 1769 4960 concilia
1798 4907 1869 4962 sit
1893 4918 2103 4979 gestuin
2130 4955 2143 4976 ,

538 4997 636 5043 aut
654 4990 796 5060 quod
822 5006 917 5060 per
937 5006 995 5046 se
1013 4991 1079 5046 ad
1102 5007 1289 5049 eorum
1316 4995 1598 5054 historiam
1619 5000 1888 5070 pertineat
1910 5003 2142 5076 (Erasm.

537 5083 747 5154 praefat.
781 5085 836 5138 in
877 5083 1123 5155 Hilar.)?
1151 5087 1355 5144 Verum
1405 5106 1472 5146 ex
1517 5092 1707 5150 Hilarii
1753 5095 1921 5167 ipsius
1967 5101 2146 5155 verbis

537 5188 693 5232 num.
723 5177 778 5246 8,
809 5181 1154 5252 perspicuum
1186 5191 1291 5251 est,
1323 5185 1585 5256 scriptum
1612 5203 1732 5244 esse
1755 5191 1896 5246 hunc
1920 5191 2140 5260 librum,

538 5279 662 5322 cum
684 5268 797 5338 jam
827 5282 1050 5342 propter
1078 5281 1238 5329 terra:
1268 5284 1496 5340 motum,
1528 5279 1618 5346 qui
1643 5295 1732 5334 an.
1763 5281 1888 5344 358,
1919 5283 2006 5340 die
2029 5285 2141 5340 Au-

537 5361 680 5430 gusti
707 5360 801 5429 24,
831 5365 1156 5436 contigerat,
1181 5369 1468 5424 concilium
1492 5370 1845 5442 Nicomediae,
1871 5377 1956 5431 vel
1978 5379 2138 5433 etiam

537 5452 736 5511 Nicaaae
783 5456 837 5512 in
873 5459 1135 5531 Bithynia
1189 5465 1554 5535 congregandi
1610 5467 1948 5526 immutatum
1998 5483 2146 5531 esset

535 5549 912 5619 propositum;
963 5567 1198 5627 eumque
1245 5558 1482 5613 nondum
1532 5559 1808 5616 decretum
1855 5573 2034 5632 esset,
2085 5575 2144 5623 ut

539 5655 733 5697 omnes
759 5653 1023 5716 quotquot
1064 5660 1285 5717 possent
1313 5653 1614 5708 Ariminum
1645 5663 1804 5726 atque
1836 5655 2138 5714 Seleuciam

538 5742 892 5802 cogerentur;
922 5739 1017 5793 sed
1049 5748 1255 5797 tantum
1282 5753 1338 5798 ut
1360 5744 1468 5799 bini
1493 5756 1585 5800 aut
1605 5749 1800 5818 singuli
1823 5766 1888 5804 ex
1911 5750 2142 5821 singulis

536 5826 862 5897 provinciis,
907 5828 1055 5901 iique
1102 5835 1370 5909 Ancyram
1418 5848 1580 5908 atque
1610 5838 1910 5895 Ariminum
1942 5856 2141 5900 conve-

2261 3518 2452 3589 syuodi
2485 3519 2944 3588 celebrationem,
2977 3521 3221 3593 adeoque
3260 3523 3401 3577 circa
3434 3535 3675 3578 mensem
3720 3521 3858 3576 Mar-

2263 3611 2394 3665 tium
2426 3611 2554 3666 anni
2586 3613 2691 3669 558
2719 3623 2955 3684 accepta:
2979 3657 2994 3681 ,
3045 3616 3313 3686 rescripto
3351 3615 3476 3670 huic
3519 3614 3854 3670 occasionem

2260 3705 2628 3773 praebuerunt.
2674 3707 2840 3779 Cujus
2891 3723 3122 3779 scapus,
3157 3710 3212 3764 l'
3237 3709 3635 3764 communionis
3677 3707 3856 3763 domi-

2261 3800 2395 3853 nicae
2427 3799 2656 3857 reddere
2685 3803 2895 3868 vicem;
2925 3802 2985 3856 2°
3017 3803 3398 3857 nonnullorum
3439 3801 3638 3872 optatis
3677 3800 3857 3858 facere

2258 3894 2418 3958 satis,
2450 3894 2700 3964 quiquid
2737 3894 3024 3950 Orientales
3069 3897 3122 3948 in
3164 3895 3288 3965 ﬁdei
3329 3893 3728 3966 professionibus
3769 3911 3856 3966 ge-

2255 3996 2373 4040 rant
2404 3998 2494 4040 aut
2519 3997 2805 4056 gesserunt,
2836 3987 3033 4058 quidve
3063 4004 3215 4057 super
3249 3988 3480 4042 omnibus
3505 4003 3680 4042 eorum
3705 3987 3854 4041 dictis

2257 4082 2373 4150 ipse
2403 4081 2628 4136 sentiret
2653 4123 2669 4148 ,
2701 4083 2902 4136 rescire
2931 4081 3241 4151 eupieraut;
3271 4080 3329 4135 5°
3359 4080 3409 4134 id
3447 4079 3757 4147 elaborare,
3793 4089 3853 4134 ut

2255 4174 2560 4230 Orientales
2604 4184 2658 4229 et
2688 4174 2860 4242 Galli,
2901 4175 2992 4245 qui
3023 4184 3211 4251 contra
3255 4183 3626 4245 erumpentem
3666 4174 3850 4229 novis-

2253 4265 2391 4320 sime
2420 4265 2807 4320 Anomoeorum
2840 4265 3092 4322 haeresim
3137 4267 3544 4336 conspirarant,
3587 4265 3682 4322 sed
3728 4281 3848 4320 mu-

2255 4355 2359 4409 tuis
2405 4363 2582 4409 tamen
2619 4355 2760 4410 inter
2806 4370 2866 4411 se
2912 4357 3308 4426 saepicionibus
3357 4356 3698 4422 laborantes,
3745 4355 3847 4411 etsi

2254 4447 2390 4500 forte
2433 4461 2537 4500 non
2569 4447 2858 4503 admodum
2905 4449 3226 4514 sententiis,
3265 4460 3412 4503 certe
3452 4449 3628 4504 verbis
3670 4447 3847 4503 adhuc

2251 4537 2610 4611 447-448
2648 4539 3004 4608 dissidebant,
3040 4540 3092 4595 in
3123 4541 3344 4613 synodis
3369 4541 3617 4613 proxime
3638 4540 3844 4596 haben-

2251 4633 2334 4686 dis
2377 4633 2486 4703 jam
2520 4636 2571 4688 in
2621 4650 2785 4688 unum
2812 4635 3205 4701 convenirent,
3239 4651 3303 4692 ac
3345 4637 3657 4706 suspicione
3699 4638 3847 4693 omni

2251 4726 2493 4796 deposita
2529 4727 2686 4782 ﬁdem
2715 4743 2876 4782 unam
2908 4730 3418 4800 complecterentur.

2325 4820 2411 4875 lll.
2446 4821 2588 4876 Libri
2629 4839 2852 4877 summa.
2879 4854 2950 4862 —
2979 4823 3150 4893 llujus
3201 4826 3273 4880 rei
3303 4826 3479 4896 gratia
3501 4866 3515 4889 .
3564 4835 3846 4898 postquam

2249 4911 2419 4968 Gallis
2449 4913 2516 4967 de
2543 4913 2711 4968 illmsa
2741 4925 2794 4969 ct
2820 4917 3088 4971 consmnti
3118 4916 3333 4971 illorum
3368 4917 3472 4973 ﬁde
3507 4919 3685 4974 verbis
3714 4920 3847 4974 amio

2251 5006 2485 5061 cissimis
2526 5015 2608 5061 est
2651 5009 2981 5076 gratulatus,
3031 5009 3261 5080 primum
3307 5011 3661 5076 Sirmiensem
3703 5012 3849 5068 blas-

2252 5100 2523 5169 phemiam
2569 5099 2737 5156 refert
2768 5101 2926 5172 eique
2952 5105 3174 5174 opponit
3215 5120 3349 5175 quas
3394 5104 3701 5162 Orientales
3733 5109 3844 5163 An-

2249 5205 2393 5263 cyrae
2422 5200 2609 5246 contra
2639 5191 2936 5250 Anomaaos
2978 5195 3262 5252 ediderant
3307 5197 3431 5254 ﬁdei
3464 5200 3841 5268 deﬁnitiones;

2246 5282 2312 5337 iis
2343 5291 2519 5338 tamen
2543 5285 2869 5355 suppressis,
2905 5302 3036 5356 quas
3065 5303 3250 5344 eorum
3278 5291 3434 5363 legati
3466 5293 3722 5348 Sirmium
3750 5310 3843 5350 ve-

2247 5377 2458 5433 nientes
2505 5379 2851 5436 reticuerant.
2896 5381 3030 5436 Tum
3076 5384 3203 5451 ﬁdes
3246 5401 3417 5441 omnes
3457 5387 3676 5456 Subjicit
3723 5395 3845 5456 post

2245 5479 2485 5526 sanctam
2526 5473 2792 5543 synodum
2823 5473 3096 5530 Nicrenam
3145 5477 3375 5533 diversis
3419 5479 3753 5548 temporibus
3789 5488 3844 5537 et

2241 5564 2375 5620 locis
2421 5568 2785 5637 conscriptas,
2836 5571 3226 5627 Antiochenam
3277 5573 3527 5629 videlicet
3567 5590 3658 5630 an.
3706 5575 3831 5643 541,

2243 5658 2850 5728 pseudo-Sardieensem
2887 5680 2976 5719 an.
3008 5666 3132 5730 5W,
3165 5673 3218 5722 et
3256 5665 3608 5722 Sirmiensem
3649 5677 3839 5723 contra

2241 5749 2526 5805 Photinun:
2558 5767 2646 5806 an.
2680 5755 2806 5822 551,
2841 5772 2973 5826 quas
3004 5772 3190 5812 omnes
3219 5772 3342 5814 sese
3387 5759 3674 5830 complecti
3723 5760 3841 5831 cpio

2238 5844 2388 5916 sc0pi
2433 5845 2662 5916 Ancyra:
2710 5849 3018 5918 congregati
3068 5849 3118 5906 in
3165 5865 3264 5908 sua
3301 5852 3562 5924 synodica
3609 5852 3837 5925 epistola
