4286 6264
581 354 687 412 473

1816 353 1880 409 ΙΝ
1921 350 2179 408 LIBRUM
2222 349 2310 406 DE
2350 349 2643 410 SYNODIS

3778 356 3887 412 476

582 472 679 528 sed
706 479 763 528 et
788 471 933 543 quod
965 485 1145 527 veram
1172 485 1236 525 ac
1257 468 1434 525 vivam
1469 483 1579 540 pm
1601 482 1662 524 se
1689 466 1825 524 ierat
1852 466 2175 523 sanctissimi
2206 468 2252 527 A
2352 464 2421 521 Χ.
2454 467 2533 523 An
2559 468 2661 523 sint
2688 472 2975 543 fragmenta
2994 511 3009 537 ,
3042 486 3109 524 an
3148 479 3302 524 noue.
3336 471 3413 525 An
3443 470 3640 525 nullum
3662 472 3888 542 amplius

584 566 840 622 Praesulis
880 564 1137 634 efﬁgiem.
1173 564 1229 619 in
1258 578 1325 618 eo
1353 564 1498 619 enim
1530 578 1638 619 uno
1680 571 1908 618 tractatu
1948 560 2091 617 velut
2125 562 2180 614 in

586 656 807 729 speculo
846 656 1194 727 resplendent
1243 670 1412 726 prope
1454 668 1645 710 omnes
1694 654 1879 710 Hilarii
1921 654 2180 718 virtutes,

588 749 893 822 prudentia,
923 750 1224 804 constantia
1246 791 1261 815 ,
1292 749 1455 804 animi
1482 747 1793 820 magnitudo
1822 747 1979 803 simul
2004 755 2061 803 et
2085 747 2183 802 de-

588 841 779 897 missio
808 855 903 895 seu
933 840 1209 896 humilitas
1237 841 1562 907 Christiana,
1595 852 1774 897 castus
1798 856 1951 895 amor
1976 839 2183 910 patrita,

589 947 858 988 summum
891 934 1038 1003 pacis
1067 933 1303 988 studium
1329 977 1343 999 ,
1377 933 1501 988 ﬁdei
1547 935 1833 990 sinceritas
1863 942 2022 1003 atque
2049 932 2192 987 inte-

589 1027 789 1096 gritas,
828 1037 934 1081 etc.
966 1026 1196 1085 Maxime
1225 1036 1406 1089 autem
1449 1028 1661 1098 egregia
1709 1025 1796 1081 illa
1834 1025 2189 1081 conciliandis

590 1120 695 1176 sibi
741 1121 982 1176 omnium
1029 1121 1225 1177 animis
1276 1131 1396 1175 nata
1450 1121 1642 1177 lenitas
1694 1130 1855 1191 atque
1903 1120 2187 1186 modestia,

593 1228 697 1284 qua
742 1213 1025 1281 praeditum
1073 1230 1198 1268 eum
1261 1213 1425 1268 luisse
1487 1223 1714 1268 testatur
1764 1212 1992 1267 Ruﬁnus
2023 1211 2191 1284 (lib.t

600 1306 655 1362 11
662 1308 769 1370 ist.,
798 1325 845 1361 e.
877 1305 989 1380 3i),
1021 1309 1156 1362 adeo
1182 1308 1381 1378 ubique
1405 1308 1609 1372 elucet,
1641 1316 1702 1361 ut
1730 1307 1812 1361 vel
1829 1305 2067 1361 nondum
2101 1321 2195 1359 auc

596 1400 710 1456 dite
741 1400 918 1455 Ruﬁni
951 1402 1292 1465 testimonio,
1324 1407 1758 1472 prmconceptam
1795 1398 1937 1468 vulgi
1980 1397 2191 1467 opinio.

597 1508 759 1559 nem,
791 1508 896 1563 qua
942 1492 1111 1548 animi
1156 1508 1278 1548 eum
1331 1493 1491 1562 paulo
1535 1490 1904 1548 concitatioris
1940 1504 2001 1545 ac
2030 1490 2196 1545 velte-

597 1587 881 1642 tncntioris
908 1586 1076 1642 fuisse
1102 1594 1310 1656 putant,
1345 1587 1528 1641 statim
1558 1585 1961 1641 exettsserimus
1990 1585 2063 1639 uti
2096 1584 2197 1640 {al-

597 1696 714 1739 sam
760 1690 817 1737 et
845 1682 1101 1753 iniquam.
1135 1681 1250 1750 Qua
1295 1683 1347 1736 in
1391 1682 1657 1737 sententia
1700 1696 1808 1736 non
1854 1680 2200 1738 mediocriter

600 1776 1069 1832 conﬂrmamurex
1093 1775 1294 1831 sedatis
1310 1790 1373 1830 ac
1392 1776 1549 1829 melle
1576 1774 1807 1829 conditis
1835 1774 2112 1844 responsis
2132 1772 2198 1827 ad

2286 558 2700 617 desiderandum.
2729 592 2802 604 ——
2833 563 2908 619 De
2953 562 3037 618 his
3082 564 3359 634 ambigere
3406 565 3562 627 licet.
3616 567 3888 623 selectane

2286 652 2395 707 sint
2440 653 2719 723 amplioris
2756 655 3019 727 apologize
3050 653 3346 726 fragmenta
3375 671 3404 710 a
3432 656 3677 713 studioso
3705 660 3889 729 aliquo

2287 744 2401 799 suis
2444 745 2580 801 locis
2614 753 2827 816 aptata,
2867 763 2934 800 an
2972 762 3100 802 vero
3131 746 3241 802 sint
3286 755 3491 802 tantum
3525 756 3669 804 nota:
3696 759 3751 805 et
3790 765 3887 819 ap-

2292 836 2545 907 pendices
2570 838 2635 894 ad
2665 838 3011 894 illustrandos
3042 841 3200 909 hujus
3230 840 3349 894 libri
3382 840 3560 905 locos,
3590 844 3678 912 qui
3709 857 3896 913 repre—

2292 929 2539 985 hensioni
2589 931 2764 986 locum
2807 932 3100 997 dederant,
3154 935 3222 988 ab
3260 934 3490 1003 ipsemet
3538 935 3744 990 ililarie
3801 937 3896 991 ad-

2293 1031 2485 1088 textae,
2538 1032 2591 1078 et
2619 1024 2685 1080 ad
2712 1040 2969 1082 censores
3007 1041 3135 1083 suos
3166 1042 3288 1083 cum
3333 1028 3471 1085 libro
3510 1030 3574 1085 iis
3603 1032 3747 1086 netis
3777 1031 3897 1086 illu-

2294 1125 2466 1173 stran
2516 1118 2716 1174 titissm.
2774 1119 3059 1177 Probabile
3110 1130 3287 1177 tamen
3340 1131 3617 1192 putamus,
3666 1124 3815 1178 illum
3867 1139 3899 1180 a

2260 1234 2263 1241 ε
2295 1208 2546 1265 Lucifero
2566 1210 2633 1265 de
2656 1210 2722 1271 iis
2743 1226 2863 1282 qua:
2887 1222 2996 1267 tum
3019 1214 3143 1280 sibi,
3172 1223 3282 1269 tum
3307 1214 3425 1268 aliis
3452 1215 3503 1268 in
3529 1215 3631 1269 hoc
3646 1215 3899 1271 Tractatu

2296 1302 2681 1371 displicuerant
2723 1302 3093 1369 admonitum,
3138 1306 3393 1361 eumdem
3440 1307 3543 1377 ipsi
3588 1307 3902 1364 Tractatum

2301 1395 2553 1451 brevibus
2574 1397 2681 1451 illis
2703 1398 2981 1467 responsis
3002 1409 3218 1455 anetum
3242 1400 3475 1465 misisse,
3501 1401 3692 1471 quibus
3712 1419 3903 1458 etnnes

2300 1487 2369 1542 de
2398 1488 2523 1544 ﬁdei
2550 1505 2659 1544 sua‘
2690 1490 3003 1547 sinceritate
3028 1492 3291 1548 certiores
3316 1492 3538 1549 faceret.
3569 1495 3648 1548 An
3676 1508 3806 1549 vero
3836 1509 3903 1549 ex

2302 1581 2408 1637 illis
2437 1582 2713 1651 responsis
2743 1583 2952 1638 nullum
2976 1586 3207 1654 amplius
3233 1583 3649 1640 desiderantium
3678 1589 3767 1651 sit,
3796 1601 3904 1642 non

2302 1674 2473 1728 ausim
2504 1689 2750 1731 asserere
2780 1693 2794 1731 :
2826 1677 2871 1731 si
2896 1677 3113 1747 quidem
3144 1677 3227 1732 vel
3257 1693 3320 1732 ex
3355 1679 3441 1744 iis,
3468 1694 3590 1749 quae
3620 1694 3763 1733 mine
3795 1681 3909 1749 pri-

2306 1783 2449 1822 mum
2481 1768 2735 1835 eduntur,
2779 1769 2996 1825 codices
3039 1769 3131 1824 alii
3174 1769 3279 1823 alia
3328 1770 3564 1837 habent,
3610 1772 3788 1826 nullus
3817 1773 3909 1843 qui

601 1885 686 1938 ea,
716 1885 838 1941 qum
869 1870 920 1923 tu
952 1869 1120 1925 hocce
1158 1883 1257 1924 ευο
1290 1875 1518 1924 tractam
1558 1867 1803 1922 nonnulli
1842 1866 1983 1921 male
2024 1880 2207 1937 reprc.
2237 1867 2280 1927 Β
2308 1860 2508 1915 omnia.
2537 1860 2593 1916 In
2619 1861 2798 1915 multis
2817 1860 3023 1917 nullum
3044 1863 3299 1918 occurrit.
3328 1863 3381 1917 in
3408 1865 3653 1934 pluribus
3674 1866 3912 1937 reperire

604 1961 931 2019 henderunt.
985 1961 1041 2017 lu
1092 1961 1158 2015 iis
1202 1961 1349 2017 enim
1396 1960 1543 2018 clare
1592 1966 1817 2030 apparet
1869 1959 2065 2014 invicta
2118 1959 2207 2015 illa

604 2053 770 2111 animi
800 2053 1180 2123 tranquillitas,
1211 2066 1316 2122 qua
1345 2054 1516 2123 potuit
1543 2054 1706 2106 etiam
1740 2051 1930 2115 la~sus,
1967 2060 2207 2121 pacatam

604 2144 870 2201 dictorum
903 2144 1168 2200 rationem
1194 2143 1493 2209 reddendo,
1523 2158 1651 2199 suos
1679 2142 1909 2199 delinire
1927 2157 2207 2210 censores,

606 2236 768 2292 irasci
798 2238 1013 2307 propria
1046 2237 1098 2290 in
1129 2250 1290 2291 causa
1329 2250 1549 2307 prorsus
1589 2235 1840 2290 nescivit.
1873 2233 1981 2291 Sed
2007 2233 2076 2287 de
2103 2232 2212 2288 illis

607 2330 922 2399 responsis,
968 2344 1091 2399 quae
1134 2343 1276 2383 nunc
1309 2328 1543 2398 primum
1586 2342 1617 2384 e
1647 2328 1887 2383 tenebris
1924 2333 2211 2392 eruuntur,

610 2420 855 2477 nonnihil
884 2421 972 2480 hie
996 2420 1461 2491 prtelequendum.

683 2514 818 2570 Vill.
864 2513 1015 2571 Unde
1049 2522 1199 2569 eruta
1254 2514 1357 2569 sint
1397 2513 1717 2586 apologotica
1768 2514 1927 2588 hujus
1971 2512 2088 2569 libri
2134 2530 2216 2569 re-

611 2624 818 2679 sponsa.
865 2637 936 2654 -ν
984 2607 1041 2662 In
1099 2606 1288 2662 codice
1338 2606 1661 2662 Carnutensi
1712 2607 1972 2663 Romanis
2020 2606 2218 2662 litteris

610 2700 814 2771 scripto
836 2709 960 2756 ante
980 2713 1173 2766 annos,
1199 2698 1278 2755 uti
1299 2699 1661 2767 videtur,900,
1682 2715 1889 2755 necnon
1913 2700 1969 2756 in
1990 2700 2220 2757 Michae-

610 2792 725 2849 lino
748 2793 887 2846 hunc
912 2792 1108 2846 librum
1135 2790 1439 2846 invenimus
1463 2790 1629 2847 variis
1656 2792 1708 2847 in
1733 2792 1865 2847 locis
1893 2793 2212 2848 auctiorem.

614 2886 722 2950 Ea,
771 2885 965 2957 quibus
1006 2884 1275 2940 auctiores
1298 2894 1456 2950 sunt,
1492 2900 1671 2956 neque
1716 2885 1947 2940 orationi
1994 2886 2222 2956 reliquas

614 2977 744 3033 satis
775 2976 1072 3044 coharrent,
1103 2993 1275 3046 neque
1305 2978 1530 3035 omnino
1581 2978 1648 3032 ad
1701 2975 2053 3050 “1‘53
2099 2991 2220 3033 eam

616 3085 724 3124 nou
749 3070 1044 3139 pertinent,
1081 3069 1343 3124 Hilarium
1378 3086 1509 3126 vero
1540 3085 1764 3139 prorsus
1793 3071 2035 3140 spirant,
2061 3084 2222 3141 quem

616 3163 875 3218 exhibent
910 3177 1008 3231 pro
1051 3178 1112 3218 se
1140 3164 1362 3234 preprio
1390 3163 1609 3221 nomine
1636 3163 2073 3233 respondentem.
2120 3163 2225 3219 Ea-

2309 1960 2393 2009 est
2441 1952 2671 2021 primum
2722 1952 2843 2009 sine
2887 1953 3003 2009 aliis
3048 1971 3062 2009 :
3099 1952 3399 2010 secundum
3447 1965 3624 2011 autem
3675 1959 3763 2011 ttni
3806 1972 3910 2013 ms.

2308 2044 2363 2101 S.
2400 2043 2542 2129 Patri
2569 2044 2636 2100 de
2662 2044 2806 2103 Urbe
2833 2046 3093 2102 debemus
3125 2064 3138 2100 :
3169 2048 3408 2118 denique
3435 2050 3487 2104 in
3516 2048 3837 2107 Caruntensi
3862 2062 3918 2107 et

2308 2138 2450 2200 aliis,
2469 2138 2522 2192 in
2536 2138 2729 2208 quibus
2741 2150 2935 2195 extera
2949 2150 3184 2208 exstant,
3201 2140 3695 2197 desideranturduo
3711 2145 3913 2214 priora.

2386 2229 2478 2286 XI.
2525 2230 2674 2287 Utule
2708 2249 2762 2286 se
2790 2242 2973 2304 purget
3007 2232 3261 2289 Hilarius.
3293 2264 3360 2277 ——
3392 2234 3613 2306 Singula
3642 2247 3822 2292 autent
3852 2235 3917 2292 ad

2312 2324 2652 2392 suspiciones
2678 2323 3005 2380 amovendas
3051 2339 3119 2381 eo
3164 2326 3335 2396 magis
3366 2334 3492 2382 sunt
3521 2327 3745 2396 idonea,
3774 2328 3937 2399 quod.

2314 2430 2380 2470 ex
2414 2415 2480 2470 iis
2508 2416 2638 2488 ipsis
2679 2416 2816 2472 locis
2846 2432 2967 2473 sese
2998 2428 3190 2490 purget
3221 2419 3489 2487 Hilarius,
3524 2421 3576 2475 in
3608 2421 3800 2492 quibus
3832 2438 3923 2476 rc-

2316 2508 2614 2579 preheusus
2643 2508 2840 2565 fuerat.
2870 2510 3248 2568 Necessarium
3288 2523 3437 2568 certe
3478 2521 3596 2568 erat
3634 2512 3737 2569 hec
3764 2528 3924 2570 scan-

2317 2605 2500 2659 dalum
2532 2621 2548 2661 :
2578 2615 2636 2659 ut
2663 2605 2732 2660 ab
2777 2608 2894 2676 ipso
2924 2621 3044 2661 cum
3088 2606 3326 2676 jucunda
3369 2606 3596 2676 quadam
3637 2608 3803 2662 animi
3832 2607 3927 2663 ad.

2320 2700 2604 2755 miratione
2626 2700 2959 2764 audiremus,
2984 2710 3185 2771 quanta
3212 2702 3262 2755 in
3290 2701 3650 2771 temperandis
3670 2701 3926 2757 omnibus

2321 2791 2444 2847 libri
2470 2791 2553 2847 sui
2585 2792 2765 2848 verbis
2804 2792 3086 2863 prudentia
3129 2808 3258 2847 usus
3285 2800 3449 2848 esset.
3478 2793 3608 2860 Quis
3636 2793 3780 2848 enini
3810 2792 3926 2863 jam

2322 2899 2428 2940 non
2458 2885 2685 2940 miretur
2712 2886 2872 2940 simul
2896 2893 2948 2939 et
2973 2896 3118 2940 amet
3141 2885 3625 2950 tletuonstrautem,
3658 2898 3715 2939 se
3737 2883 3933 2939 Orien-

2326 2979 2461 3032 tales
2493 2976 2712 3047 quidem
2743 2976 3027 3044 laudasse,
3062 2978 3156 3032 sed
3185 2977 3389 3047 absque
3418 2976 3743 3031 adulationis
3775 2977 3930 3042 vitio,

2327 3078 2515 3139 utpote
2543 3084 2680 3139 quos
2709 3069 2996 3139 objurgare
3042 3083 3141 3123 suo
3169 3069 3288 3123 loco
3331 3084 3436 3123 non
3484 3069 3839 3139 praeterierit;
3871 3085 3933 3124 ac

2327 3161 2455 3216 licet
2480 3160 2701 3216 blandos
2727 3174 2822 3216 eos
2847 3175 3101 3216 sermone
3129 3160 3394 3216 allocutus
3415 3161 3506 3226 sit,
3539 3160 3589 3214 id
3620 3174 3678 3215 se
3706 3174 3934 3231 praeser-

617 3254 742 3309 dem
770 3254 1137 3308 additamenta
1171 3254 1358 3309 iisdem
1391 3255 1442 3309 in
1476 3254 1609 3310 locis
1648 3270 1762 3326 prie
1791 3270 1851 3311 se
1883 3255 2060 3311 ierunt
2088 3269 2219 3311 mss.
2252 3251 2299 3315 C
2333 3253 2425 3307 tim
2459 3252 2651 3308 iecisse
2673 3294 2686 3320 ,
2721 3262 2779 3307 ut
2821 3253 3066 3321 procacia
3111 3251 3372 3324 effugiens
3401 3251 3642 3306 convicia
3663 3294 3677 3318 ,
3724 3253 3933 3308 occulta

620 3346 954 3403 Tellerianus
994 3355 1048 3401 et
1076 3347 1348 3402 recentior
1375 3346 1759 3414 Carnutensis,
1794 3347 1891 3403 sed
1932 3347 1999 3402 ad
2028 3351 2225 3418 margi—

620 3455 743 3495 netu
781 3437 1060 3493 dumtaxat
1108 3439 1398 3509 adscripta.
1447 3438 1797 3510 Hcmigianus
1839 3454 1968 3496 vero
2011 3440 2115 3495 alia
2172 3441 2224 3495 in

620 3534 739 3603 ipso
772 3541 941 3600 textu,
973 3534 1076 3588 alia
1106 3533 1159 3587 in
1187 3548 1280 3588 ora
1314 3532 1435 3587 libri
1464 3532 1644 3597 habet,
1677 3534 1955 3604 praetulisse
1981 3533 2228 3589 admoui-

622 3627 769 3681 tione
811 3625 955 3696 qued
987 3640 1048 3680 ea
1081 3634 1295 3681 exstent
1342 3626 1393 3679 in
1435 3625 1754 3696 quibusdam
1801 3626 2222 3696 exemplaribus.

631 3717 871 3787 Denique
899 3718 951 3775 in
993 3727 1302 3788 perretusto
1332 3718 1569 3775 basilicae
1597 3719 1869 3773 Vaticanus
1897 3719 2226 3789 exemplari,

629 3813 769 3883 quod
812 3813 1039 3883 primaut
1072 3821 1277 3867 tantum
1327 3812 1486 3882 hujus
1527 3812 1650 3867 libri
1702 3820 1904 3882 partem
1949 3813 2227 3869 continere

623 3905 734 3975 jam
762 3904 1027 3972 diximus,
1071 3904 1179 3959 duo
1224 3904 1529 3976 huiusmodi
1573 3904 1936 3963 additamenta
1985 3905 2228 3976 reperire

624 4006 705 4051 est
738 3996 837 4065 ipsi
871 3998 1035 4052 textui
1067 3999 1267 4068 pariter
1300 4000 1526 4054 inserta.
2103 4054 2106 4061 ,

702 4092 789 4145 lx.
837 4090 1033 4147 Eorum
1082 4093 1301 4151 utilitas.
1345 4123 1416 4139 -—-
1452 4093 1526 4149 Ea
1579 4103 1760 4153 autem
1807 4096 1987 4152 omnia
2040 4095 2227 4153 Hilarii

627 4199 750 4241 esse
779 4193 887 4239 tam
921 4185 1266 4254 perspicuum
1305 4195 1420 4254 est,
1453 4195 1511 4241 ut
1542 4184 1596 4242 id
1624 4188 1852 4257 probare
1877 4188 2016 4243 velle
2040 4203 2231 4258 super-

628 4294 922 4334 vacaneum
973 4279 1239 4334 videatur.
1272 4278 1344 4335 At
1389 4282 1527 4336 sicut
1574 4280 1704 4351 ipsis
1752 4281 1873 4336 libri
1926 4281 2087 4338 dictis
2130 4283 2225 4337 into

631 4376 819 4440 mixta,
853 4389 1040 4430 eorum
1072 4374 1315 4430 ordinem
1362 4374 1725 4443 confundunt;
1759 4376 1829 4431 ita
1857 4378 2086 4432 seorsim
2118 4377 2232 4432 suis

631 4466 765 4522 locis
808 4468 1016 4537 posita,
1071 4483 1268 4537 magno
1321 4468 1574 4538 praesidio
1625 4479 1752 4525 sunt
1799 4468 1865 4525 ad
1918 4470 2231 4526 enodandas

630 4562 957 4631 quzestiones
1000 4564 1307 4630 nonnullas,
1339 4563 1407 4618 de
1437 4563 1632 4633 quibus
1657 4564 1953 4619 etiamnum
1983 4566 2217 4632 disputa-

2330 3359 2517 3400 eorum
2558 3344 2957 3415 expositionum
2999 3345 3251 3399 scandala
3284 3343 3467 3399 utilius
3499 3344 3695 3399 deinde
3736 3344 3931 3414 prode.

2331 3448 2415 3496 ret
2445 3458 2458 3495 :
2492 3455 2666 3511 neque
2699 3455 2826 3495 vero
2855 3455 2915 3495 se
2953 3457 3167 3496 omnem
3200 3441 3267 3495 ab
3294 3442 3373 3497 cis
3414 3441 3776 3511 suspicionem
3807 3441 3935 3496 ade.

2330 3536 2524 3600 misse,
2559 3548 2695 3604 quos
2726 3550 2827 3588 non
2857 3549 3028 3588 verum
3055 3534 3239 3604 fidem,
3275 3534 3370 3590 sed
3406 3542 3610 3589 tantum
3655 3550 3786 3589 rem
3813 3535 3935 3604 ﬁdei

2327 3631 2625 3687 revocandae
2650 3647 2790 3700 spem
2820 3631 3053 3684 attulisse
3079 3630 3277 3684 dixerit
3304 3648 3318 3685 :
3351 3645 3409 3685 se
3440 3629 3675 3698 denique
3706 3631 3934 3682 [mtuam-

2328 3727 2439 3779 siou
2472 3726 2697 3779 invitum
2729 3738 2793 3780 ac
2823 3723 2939 3779 sole
2973 3724 3119 3792 pacis
3148 3723 3348 3790 studio,
3381 3737 3449 3777 ne
3481 3723 3730 3777 videlicet
3763 3739 3791 3776 a
3824 3722 3936 3777 Lu.

2329 3818 2497 3874 cii‘ere
2546 3817 2675 3872 illud
2730 3816 3059 3888 praedicante
3107 3816 3431 3884 dissideret,
3479 3815 3687 3870 cautela
3737 3823 3933 3887 quanta

2331 3910 2562 3966 maxima
2585 3908 2927 3977 suscepisse?

2401 4000 2515 4057 XII.
2565 3999 2722 4054 Falso
2769 3998 2996 4053 creditur
3045 3997 3336 4054 Orientales
3379 4006 3436 4052 ut
3481 3998 3793 4052 orthodoxe:
3837 3998 3933 4052 lia-

2333 4094 2519 4149 buiase.
2546 4123 2620 4135 ——
2644 4092 2723 4147 Ex
2751 4091 2948 4162 quibus
2977 4091 3085 4162 jam
3123 4089 3410 4146 manifeste
3452 4090 3717 4146 refellitur
3746 4086 3949 4159 vulga?

2332 4187 2409 4242 ris
2439 4186 2644 4256 opinio,
2678 4199 2781 4255 qua
2826 4184 3059 4239 Hilarius
3098 4182 3439 4250 Orientales,
3489 4184 3577 4253 qui
3611 4183 3936 4238 Semiariaui

2332 4281 2492 4352 vulgo
2543 4283 3016 4351 cognominantur,
3064 4278 3212 4333 velut
3264 4277 3599 4333 orthodoxos
3648 4276 3932 4341 habuisse,

2334 4389 2631 4445 eorumque
2667 4373 2926 4428 formulas
2966 4380 3240 4441 tamquam
3282 4370 3577 4427 catholicas
3606 4371 3939 4442 approbasse

2336 4468 2695 4522 existimatur.
2725 4466 2869 4521 Vidit
2909 4466 3124 4534 quidem
3156 4480 3251 4521 eos
3282 4463 3348 4520 ad
3392 4479 3574 4519 veram
3614 4464 3771 4519 ﬁdem
3816 4480 3940 4533 pre-

2338 4573 2580 4630 gressum
2614 4562 2821 4622 facere,
2857 4558 2988 4612 vidit
3027 4573 3215 4611 eorum
3259 4556 3518 4611 formulas
3549 4570 3709 4610 sensu
3752 4557 3942 4610 catho-

537 4710 543 4717 ,
632 4661 741 4708 tur.
773 4652 965 4723 Aliqua
1003 4653 1167 4712 etiam
1216 4670 1312 4709 nos
1358 4655 1554 4711 decent
1588 4655 1771 4712 Hilarii
1804 4665 1951 4726 gesta
1984 4657 2122 4711 scitu
2151 4657 2234 4712 di—
2257 4651 2312 4712 D
2339 4656 2442 4709 lico
2468 4653 2765 4709 intellectas
2806 4650 3039 4720 quodam
3082 4650 3242 4705 modo
3272 4648 3402 4704 ferri
3432 4662 3624 4717 posse:
3660 4646 3934 4715 laudavit,

631 4747 913 4819 gnissima,
931 4763 1049 4817 qua:
1069 4748 1326 4804 hactenus
1348 4748 1636 4816 latuerant,
1655 4750 1908 4805 nimirum
1934 4750 2232 4821 piissimum

634 4841 928 4898 l‘rtrsuletn
976 4841 1115 4895 male
1157 4841 1298 4910 apud
1344 4840 1603 4911 quosdam
1653 4842 1723 4896 ob
1756 4843 1897 4896 hunc
1945 4850 2233 4897 tractatum

634 4935 892 5002 audiisse,
926 4950 1157 5003 eumque
1186 4934 1501 4989 nominatim
1533 4949 1562 4987 a
1594 4932 1864 5001 Lucifero,
1900 4932 2044 4989 haud
2070 4934 2235 4991 dubie

635 5028 945 5084 Calaritane
969 5028 1153 5103 (quem
1187 5028 1387 5085 indolis
1419 5028 1579 5098 paulo
1608 5027 1842 5084 durioris
1872 5039 2033 5100 atque
2057 5038 2236 5085 auste-

635 5123 797 5178 rioris
829 5122 993 5177 fuisse
1021 5138 1180 5177 nemo
1211 5122 1424 5194 nescit),
1457 5123 1729 5193 culpatum
1764 5122 1931 5179 fuisse
1961 5134 2232 5194 tamquam

636 5215 786 5271 verbi
847 5216 1137 5290 ὁμοιούσιον
1177 5216 1625 5285 approbatorem,
1676 5225 1731 5272 et
1759 5216 2097 5272 adulatorem
2147 5216 2232 5272 ni-

638 5310 913 5380 miumque
943 5309 1272 5365 laudatorem
1297 5309 1670 5375 Orientalium,
1696 5312 2016 5381 quibuscum
2046 5312 2236 5366 remis-

638 5401 751 5457 sius
774 5416 971 5473 agens,
1007 5403 1126 5458 Illos
1156 5403 1318 5458 veluti
1352 5418 1493 5459 verte
1525 5402 1649 5460 ﬁdei
1681 5402 2066 5475 praedicatores
2095 5404 2239 5459 cele-

636 5492 869 5549 brasset.
900 5493 1085 5563 Neque
1111 5508 1141 5547 a
1180 5494 1476 5563 majoribus
1508 5495 1746 5550 auditum
1777 5504 1923 5561 erat,
1953 5511 2073 5550 eum
2103 5510 2236 5566 ape.

636 5585 927 5657 logeticnm
980 5602 1114 5657 opus
1163 5588 1507 5645 instituisset
1548 5588 1691 5658 quod
1741 5587 1931 5642 saltem
1980 5603 2045 5642 ex
2088 5598 2240 5658 parte

640 5682 797 5736 nobis
833 5692 1223 5751 repraesentant
1260 5682 1515 5751 praedicta
1548 5680 1833 5737 corollaria
1858 5724 1871 5746 ,
1906 5698 2025 5753 qute
2056 5684 2241 5749 apolo-

651 5777 815 5845 getica
842 5776 909 5830 ad
934 5776 1320 5844 reprehensores
1347 5776 1462 5831 libri
1492 5778 1555 5831 de
1583 5777 1812 5853 Synodis
1840 5793 2085 5853 responsa
2109 5793 2244 5833 nun-

645 5878 846 5933 cupare
875 5865 1072 5934 placet.

2339 4754 2393 4800 et
2413 4754 2671 4815 quantum
2696 4744 2871 4813 potuit
2895 4740 3161 4811 promovit
3186 4738 3529 4802 accedentes,
3556 4740 3728 4811 iisque
3751 4753 3938 4795 verum

2339 4838 2740 4893 confessionum
2772 4850 2990 4891 suarum
3014 4849 3231 4890 sensum
3261 4833 3345 4908 (ut
3375 4835 3443 4887 ita
3467 4831 3667 4903 dicam)
3695 4832 3936 4901 digessit,

2340 4941 2394 4987 et
2428 4930 2577 5002 quasi
2613 4929 2871 4999 liquatum
2915 4926 3109 4982 blande
3155 4925 3458 4995 propinavit
3491 4940 3504 4976 ε
3540 4932 3595 4978 at
3636 4933 3687 4978 ut
3724 4936 3944 4993 prorsus

2340 5025 2636 5081 catholicos
2682 5023 2869 5078 habuit
2906 5036 3194 5093 numquam
3217 5062 3230 5086 ,
3264 5035 3437 5090 neque
3482 5018 3846 5089 suspicionem
3878 5018 3946 5073 ab

2340 5120 2419 5176 eis
2448 5120 2687 5175 adimere
2715 5118 2900 5173 voluit.

2411 5211 2783 5289 453-454.
2831 5209 2967 5266 Xlll.
3025 5208 3183 5264 Falso
3227 5208 3457 5263 creditur
3508 5208 3570 5261 de
3616 5220 3790 5259 eorum
3839 5204 3950 5275 {or-

2339 5311 2492 5364 mulis
2532 5311 2732 5363 diversa
2774 5309 2837 5360 ab
2877 5304 3161 5359 Athanasio
3213 5302 3448 5357 sensisse.
3504 5296 3823 5353 Cenciliatur
3870 5297 3951 5349 di-

2340 5417 2485 5457 versa
2537 5403 2800 5470 utriusque
2848 5395 3086 5465 loquendi
3134 5395 3267 5448 ratio
3314 5408 3378 5447 ea:
3444 5393 3589 5460 scapi
3630 5389 3943 5445 diversitate.

2341 5522 2412 5535 --
2438 5492 2571 5548 Hinc
2612 5504 2826 5561 quoque
2863 5487 3157 5550 evanescit,
3206 5484 3347 5556 quod
3403 5497 3573 5553 prope
3608 5483 3660 5534 in
3707 5480 3948 5534 omnium

2348 5584 2545 5644 animis
2577 5582 2885 5648 insederat,
2922 5579 3181 5635 Hilarium
3223 5578 3279 5632 in
3323 5576 3426 5630 hoc
3473 5583 3705 5629 tractatu
3736 5572 3805 5628 de
3843 5573 3953 5626 fni"-

2352 5676 2514 5732 mulis
2545 5675 2901 5731 Orientalium
2929 5672 3145 5728 diversa
3173 5670 3241 5724 ab
3275 5667 3579 5723 Athanasio
3610 5668 3663 5721 in
3691 5665 3830 5720 libro
3861 5680 3951 5733 pa-

2366 5773 2497 5827 riter
2523 5770 2586 5822 «ιε
2604 5767 2830 5839 Syttodis
2852 5766 3113 5836 inscripto
3133 5763 3393 5829 sensisse,
3419 5773 3471 5818 et
3493 5759 3639 5834 quod
3656 5760 3747 5816 ille
3765 5769 3957 5831 aperte

2363 5863 2587 5920 damnat
2626 5859 2894 5917 laudasse.
2932 5858 2988 5917 Si
3019 5859 3162 5914 enim
3190 5870 3319 5925 eos,
3351 5853 3441 5928 qui
3467 5852 3698 5928 Ancyra
3729 5866 3958 5924 congre-
