4286 6264
370 386 475 441 ιττ

1805 375 2199 436 ΡιιλειτΑτιο.

3568 373 3673 428 4’8

370 501 484 575 guti
507 501 790 559 Ληουιωό
815 499 1013 555 acriter
1042 500 1374 565 restiterunt,
1403 496 1634 568 Filiique
1658 510 1782 552 cum
1810 494 1974 551 Patre
1999 496 2055 556 Α
2078 492 2170 548 bus
2196 492 2241 547 si
2267 491 2391 561 quid
2419 492 2597 548 vitiose
2621 492 2786 548 inesse
2819 490 3142 564 intelligitur,
3174 508 3319 546 nemo
3347 490 3469 544 mihi
3500 490 3674 544 vilium

372 596 426 652 in
456 594 759 651 substantia
788 590 1197 648 similitudinem
1245 596 1325 646 tot
1369 590 1602 646 decretis
1634 594 1970 654 senserunt,

2078 593 2238 655 potest
2263 585 2526 657 assignare
2550 586 2824 652 dictorum,
2858 585 3204 640 internuntius
3231 585 3388 650 enim,
3427 593 3481 636 ut
3511 582 3679 637 volui~

372 702 556 759 neque
580 702 751 742 seram
775 685 933 755 ﬁdem
955 685 1189 743 attulisse
1212 684 1422 747 sensit;
1471 683 1632 753 longe
1676 681 1854 735 minus
1877 694 1975 734 eos
2072 680 2187 745 stis,
2228 696 2340 735 sum
2374 680 2505 751 ipse,
2556 697 2657 735 non
2685 680 2962 746 conditor;
3008 680 3051 735 si
3094 679 3215 734 illas
3252 680 3321 733 ab
3357 676 3503 732 omni
3543 677 3677 730 vitio

371 774 624 841 attulisse
650 780 906 847 senserit,
923 778 1016 850 qui
1035 786 1131 834 aut
1143 779 1466 843 Antiochiae,
1481 787 1572 832 aut
1588 773 1971 846 Philippopoli,

374 887 469 929 aut
496 874 679 930 Sirmii
711 872 948 927 nondum
983 873 1051 926 ita
1087 887 1252 943 prope
1282 872 1347 927 ad
1391 886 1575 926 veram
1607 870 1767 925 fidem
1795 882 1978 924 acces-

373 974 580 1024 serant.
608 966 667 1023 Si
704 971 883 1021 autem
924 965 1048 1034 quis
1076 974 1318 1035 quierat,
1348 979 1447 1019 cur
1476 978 1583 1019 non
1612 961 1827 1018 diversa
1852 974 1974 1015 scn-

375 1060 540 1124 tiens,
578 1065 687 1113 tam
722 1058 934 1113 diversa
964 1056 1204 1124 loquitur
1230 1048 1250 1110 ε’
1284 1057 1334 1111 itt
1362 1064 1613 1127 promptu
1639 1063 1723 1110 est
1751 1066 1977 1123 respon-

374 1152 478 1206 sio.
521 1149 781 1208 Attendat
804 1150 944 1215 enim
978 1151 1263 1221 utriusque
1289 1163 1545 1219 scopum:
1575 1155 1632 1204 et
1659 1146 1815 1202 facile
1840 1159 1974 1201 con-

372 1243 578 1299 ciliabit
633 1242 913 1314 utriusque
981 1256 1310 1298 sermonem.
1374 1243 1504 1310 Quis
1567 1240 1711 1296 enim
1770 1238 1978 1295 nesciat

372 1335 566 1392 iisdcm
596 1336 664 1392 de
700 1337 863 1392 rebus
883 1377 899 1405 ,
944 1352 1040 1407 pro
1072 1336 1284 1392 consilii
1318 1335 1630 1392 diversitate
1654 1375 1669 1401 ,
1704 1333 1973 1389 diversam

373 1432 648 1488 sermonis
675 1431 965 1488 iocundam
989 1446 1111 1487 esse
1138 1427 1402 1495 rationem
1420 1430 1446 1486 τ
1466 1431 1761 1491 Athanasio
1789 1426 1976 1500 itaque

374 1525 465 1595 qui
493 1525 594 1580 hoc
621 1524 723 1580 sibi
768 1539 870 1580 suo
900 1524 1037 1580 libro
1066 1522 1477 1593 praescripserat
1500 1563 1512 1586 ,
1550 1529 1608 1576 ut
1641 1522 1874 1575 Arianos
1908 1537 1974 1576 ex

378 1617 505 1672 fidei
536 1616 783 1673 formulis
810 1618 972 1671 toties
998 1616 1160 1671 editis
1194 1616 1465 1685 totiesqtte
1495 1613 1747 1678 mutatis,
1784 1613 1973 1669 incon-

376 1710 570 1763 stantis
591 1707 834 1778 adeoque
859 1721 1128 1777 perversa:
1155 1705 1280 1761 lidei
1302 1706 1686 1776 convinceret,
1717 1704 1891 1775 palam
1921 1712 1978 1763 et

376 1812 564 1873 aperte
591 1803 941 1872 improbanda
983 1808 1101 1855 erat
1140 1808 1284 1855 tanta
1330 1798 1681 1855 formularum
1718 1796 1970 1853 varietas.

2076 788 2238 845 puras
2268 773 2669 829 existimasseti
2695 774 2830 841 Quid
2869 772 2970 828 sibi
3000 774 3112 827 vult
3137 771 3280 841 quod
3310 770 3393 826 his
3435 771 3679 840 proxime

2076 867 2315 937 subiicit,
2350 866 2462 940 Ego
2478 883 2591 937 qua
2616 878 2758 938 gesta
2782 876 2898 921 sunt
2917 865 3136 937 ﬁdeliter
3163 866 3458 920 transmisi:
3488 879 3574 918 uos
3604 879 3673 918 ait

2075 962 2351 1030 catholica,
2372 979 2440 1018 an
2463 964 2699 1017 hwretica
2721 965 2842 1027 sint,
2867 962 2985 1031 ﬁdei
3006 970 3183 1016 uestrae
3220 959 3427 1035 judicio
3447 975 3609 1029 campi
3623 974 3679 1011 o-

2078 1061 2227 1128 bate;
2276 1060 2377 1115 nisi
2419 1075 2478 1113 se
2519 1074 2580 1114 ea
2632 1074 2698 1113 ne
2733 1058 2801 1111 ab
2842 1057 3065 1113 limresis
3111 1057 3329 1129 quidem
3372 1056 3676 1122 suspicione

2078 1155 2249 1213 aliena
2278 1153 2571 1225 judicare?
2614 1152 2813 1215 Verum
2845 1152 3108 1222 expositis
3152 1151 3401 1206 omnibus
3432 1146 3682 1204 Orienta-

2077 1248 2205 1303 lium
2236 1247 2503 1313 formulis,
2535 1247 2736 1301 nullam
2768 1260 2952 1300 earum
2991 1244 3095 1299 sibi
3130 1242 3344 1314 probari
3383 1241 3683 1295 luculenter

2078 1340 2299 1404 indicat,
2332 1356 2479 1395 num.
2504 1340 2595 1403 65,
2622 1340 2706 1394 ubi
2736 1339 2995 1395 miserum
3021 1337 3257 1393 Orientis
3276 1343 3472 1390 statum
3496 1334 3684 1405 deplo-

2078 1448 2223 1507 rans,
2260 1431 2503 1493 Tantum.
2546 1433 2749 1503 inquit,
2798 1431 3143 1487 Ecclesiarum
3177 1429 3521 1483 Orientalium
3546 1430 3683 1500 peri-

2077 1526 2252 1581 culum
2281 1534 2374 1592 est,
2403 1532 2459 1579 ut
2486 1540 2659 1577 rarum
2687 1524 2754 1578 sit
2792 1524 2948 1594 hujus
2973 1522 3093 1592 ﬁdei
3118 1521 3254 1594 (qua:
3285 1520 3452 1591 qualis
3479 1520 3565 1585 sit,
3595 1535 3682 1574 vos

2071 1621 2306 1691 judicate
2330 1618 2350 1688 )
2373 1629 2461 1672 aut
2488 1619 2779 1673 sacerdotes
2802 1628 2891 1671 aut
2914 1617 3161 1687 populum
3186 1616 3419 1670 inveniri.
3454 1614 3683 1669 Maxittie

2077 1728 2199 1771 cum
2229 1711 2280 1768 id
2313 1712 2486 1782 ipsum
2517 1710 2719 1781 denuo,
2742 1726 2888 1763 nttm.
2920 1708 3009 1776 66,
3037 1723 3159 1763 cum
3189 1707 3418 1779 quadam
3441 1706 3683 1776 emphasi

2078 1814 2304 1875 repetat.
2330 1802 2465 1869 Qttid
2493 1811 2768 1871 postremo
2789 1810 2945 1855 sonat
2975 1800 3106 1855 illttd
3133 1816 3281 1854 num.
3306 1800 3358 1862 5,
3383 1799 3523 1868 quod
3554 1797 3685 1852 Gal-

375 1894 447 1951 At
474 1910 604 1950 vero
632 1894 861 1962 Hilario,
892 1896 983 1964 qui
1006 1892 1111 1948 hoc
1130 1892 1231 1948 sibi
1253 1893 1486 1947 maxime
1514 1897 1892 1963 proposuerat,
1917 1898 1976 1945 ut
2006 1890 2052 1949 B
2079 1897 2255 1951 lorttm
2286 1896 2409 1950 lidel
2439 1893 2579 1949 fama
2606 1892 2855 1964 quosdam
2894 1892 3235 1967 Orientalium
3265 1893 3532 1962 episcopos
3568 1907 3683 1945 sero

376 1996 430 2044 et
458 1986 818 2043 Orientalium
842 1985 1276 2042 benevolentiam
1307 1985 1597 2055 captando,
1625 1993 1678 2040 et
1706 1984 1759 2039 in
1786 1999 1978 2047 eorum

376 2078 620 2133 favorem
656 2075 903 2131 nonnihil
945 2075 1213 2132 flectendo
1252 2073 1627 2132 Occidentales
1652 2117 1666 2142 ,
1722 2082 1978 2154 utrosque

376 2171 444 2227 ad
477 2170 826 2227 concordiam
858 2177 914 2225 et
944 2184 1129 2240 pacem
1159 2169 1215 2224 in
1246 2168 1468 2241 synodis
1502 2167 1611 2242 jam
1644 2166 1859 2223 indictis
1893 2168 1977 2220 iu-

376 2263 612 2321 euudam
632 2269 984 2335 przepararet,
1000 2262 1167 2317 multa
1199 2259 1415 2316 fnermt
1439 2259 1848 2326 dissimulanda,
1866 2259 1977 2312 for-

378 2356 646 2413 mularum
694 2356 888 2411 iterato
918 2352 1322 2410 condendarum
1360 2351 1730 2423 excogitanda:
1766 2366 1977 2418 causae,

377 2465 443 2506 ac
467 2450 701 2520 denique
727 2449 867 2504 dicta
889 2448 1084 2520 quibus
1104 2447 1529 2504 enuntiabantur
1550 2446 1781 2521 benigne
1809 2447 1979 2502 inter-

376 2541 661 2614 pretanda.

449 2632 588 2690 XIV.
656 2630 979 2688 Conciliatur
1046 2648 1111 2687 ex
1164 2631 1452 2687 diversitate
1510 2633 1770 2705 temporis.
1839 2630 1980 2687 Libri

376 2728 448 2783 ad
503 2725 862 2782 Constantium
915 2724 1046 2781 nihil
1098 2724 1286 2780 habent
1333 2726 1473 2796 quod
1539 2741 1653 2779 cum
1705 2725 1802 2779 hoc
1851 2742 1981 2799 pug—

376 2827 480 2874 net.
502 2849 571 2861 —
593 2818 857 2875 Prteterea
886 2818 952 2874 lis
982 2834 1087 2872 non
1117 2833 1221 2872 una
1254 2822 1463 2873 ratione
1491 2815 1822 2887 loquendum
1858 2816 1978 2884 hiit,

377 2915 467 2986 qui
517 2928 626 2968 non
680 2927 787 2967 uno
832 2920 1075 2982 tempore
1137 2912 1493 2983 scripserunt.
1546 2910 1777 2985 Scripsit
1830 2924 1980 2965 nam-

376 3024 478 3080 que
503 3006 738 3063 illlarius
759 3012 884 3062 ante
909 3007 1301 3061 Ariminensem
1329 3003 1619 3077 synodum,
1641 3019 1761 3059 cum
1784 3006 1832 3060 ei
1857 3020 1981 3075 spes

374 3112 487 3158 erat
500 3142 515 3165 ,
533 3108 593 3155 ut
614 3097 1065 3171 quemadmodum
1088 3096 1390 3154 Orientales
1407 3097 1673 3153 adversus
1686 3096 1981 3156 Anommos

375 3208 406 3248 a
432 3191 791 3248 Constantino
816 3189 983 3246 auditi
1008 3197 1197 3257 erant,
1224 3191 1294 3245 ita
1325 3192 1472 3269 ipse,
1517 3189 1660 3261 qtiod
1696 3191 1745 3244 in
1771 3191 1972 3260 optatis

2080 1992 2188 2059 iam
2214 1988 2284 2043 ad
2325 1989 2546 2059 aliquem
2582 1987 2831 2059 pudorem
2861 1987 3064 2040 nutrin
3088 1985 3273 2040 exinde
3304 1985 3560 2039 haereseos
3588 2001 3682 2038 au-

2079 2091 2270 2155 tneque
2308 2080 2613 2149 commovit;
2655 2080 2754 2136 nisi
2786 2078 2856 2137 ab
2894 2078 3081 2134 iisdem
3118 2077 3486 2135 Orientalibus
3518 2092 3685 2151 usque

2080 2173 2146 2229 ad
2173 2172 2516 2249 Ancyranam
2544 2170 2831 2245 synodum,
2866 2170 3201 2247 proindeque
3227 2177 3282 2224 et
3309 2168 3609 2226 Antiochiae
3630 2175 3687 2223 ct

2080 2265 2340 2341 Philippis
2374 2272 2430 2320 et
2470 2266 2671 2329 Sirmii,
2718 2264 2978 2323 nutritam
3024 2263 3187 2319 fuisse
3230 2261 3476 2321 haeresim
3523 2270 3686 2331 atque

2080 2360 2332 2417 auctam?
2763 2358 2876 2421 Imo
2928 2356 3073 2435 quod
3119 2358 3173 2411 in
3232 2357 3345 2429 ipsa
3396 2359 3682 2428 Ancyrana

2080 2453 2288 2533 synodo
2341 2455 2455 2513 ausi
2509 2462 2652 2525 sunt,
2686 2452 2900 2524 impium
2936 2465 3057 2506 esse
3090 2464 3197 2511 non
3229 2448 3348 2505 sine
3374 2446 3576 2503 doloris
3600 2446 3686 2503 sui

2081 2545 2462 2603 tesdficatione
2482 2545 2721 2605 declarat
2748 2561 2894 2599 num.
2922 2543 2976 2599 9.

2152 2640 2290 2697 XVI.
2326 2639 2535 2695 Falsum
2565 2638 2818 2715 synodum
2851 2635 3208 2692 Sardicensem
3236 2649 3335 2688 non
3379 2631 3554 2689 habuit
3584 2648 3682 2701 pro

2081 2751 2220 2788 uera.
2241 2734 2456 2800 —Qu:e
2479 2747 2599 2786 cum
2629 2732 2700 2787 ita
2729 2731 2859 2795 sint,
2889 2742 2994 2784 neu
3025 2728 3259 2783 occurrit
3283 2724 3438 2783 nobis
3466 2740 3572 2795 qua
3600 2741 3685 2780 ra-

2083 2827 2230 2881 tione
2260 2824 2518 2891 nitantur,
2543 2822 2633 2894 qui
2659 2822 2847 2879 volunt
2877 2825 3118 2875 sanctum
3142 2816 3531 2876 confessorem.
3560 2831 3683 2873 cum

2083 2919 2223 2974 hunc
2250 2919 2446 2974 librum
2472 2918 2757 2983 scriberet,
2790 2914 2977 2970 falsam
3008 2912 3273 2985 synodum
3307 2911 3683 2966 Sardiccnseut

2085 3030 2182 3086 pro
2212 3028 2335 3071 vera
2363 3011 2635 3068 habuisse.
2670 3012 2751 3065 An
2778 3011 2919 3085 quod
2943 3007 3105 3065 iidem
3134 3006 3281 3063 illius
3320 3020 3426 3062 non
3449 3004 3684 3061 vocave-

2083 3109 2155 3162 rit
2198 3101 2794 3183 Philippopolitauam?
2836 3099 2909 3156 At
2952 3101 3054 3155 hoc
3097 3097 3399 3170 prudentia:
3445 3096 3564 3163 fuit,
3617 3112 3684 3152 ne

2084 3214 2219 3271 quos
2248 3198 2538 3254 conciliare
2568 3194 2886 3267 peroptabat
2915 3191 3222 3248 Orientales
3262 3192 3540 3247 alienaret.
3576 3188 3683 3244 Sed

375 3301 593 3356 semper
639 3284 921 3352 habuerat,
970 3282 1233 3339 adversus
1275 3281 1556 3338 Valentem
1596 3290 1650 3336 et
1689 3280 1974 3340 Ursaclum

2084 3307 2255 3364 neque
2284 3307 2401 3345 eam
2432 3288 2809 3346 Sardicenscm
2843 3286 2999 3352 dixit,
3030 3301 3097 3341 ne
3124 3284 3401 3355 deciperet
3420 3282 3683 3338 Occiden-

376 3377 609 3449 benigne
635 3376 934 3433 audiretur.
969 3376 1081 3432 Hoc
1105 3385 1286 3431 autem
1321 3376 1363 3429 si
1396 3374 1499 3432 sibi
1537 3390 1789 3446 umquam
1812 3374 1972 3430 dare-

378 3480 497 3535 tur,
543 3472 678 3527 duos
715 3471 840 3527 illos
876 3471 1090 3526 Ariame
1131 3476 1294 3525 seetse
1336 3468 1534 3536 duces,
1573 3470 1663 3541 qui
1699 3468 1973 3526 Orientem

376 3564 835 3636 Occidentemque
876 3571 1044 3629 totum
1091 3562 1545 3633 commovebant,
1596 3562 1753 3624 facile
1789 3563 1977 3621 devito-

375 3655 611 3729 oendos,
633 3662 691 3717 et
730 3655 1115 3727 imperatorem
1145 3655 1322 3726 ipsum
1351 3653 1568 3715 tandem
1603 3653 1671 3713 ad
1700 3670 1878 3715 veram
1910 3655 1973 3715 li-

377 3751 500 3807 dem
521 3748 885 3807 revocandum
914 3762 1040 3806 esse
1067 3746 1395 3803 confidebat.
1430 3745 1584 3813 Quod
1616 3762 1741 3801 cum
1769 3748 1975 3818 cogita-

374 3850 482 3913 ret,
529 3841 663 3897 fitles
713 3838 1116 3917 Orientalium,
1174 3839 1369 3915 quibus
1427 3848 1538 3894 tum
1586 3838 1721 3894 mire
1763 3837 1977 3897 favebat

375 3935 760 4003 Constantius,
801 3931 1107 3995 damnanda
1149 3932 1198 3991 ei
1230 3948 1336 3993 non
1366 3938 1504 4001 erat,
1535 3929 1630 3993 sed
1651 3970 1668 3998 ,
1717 3936 1973 4005 quantum

375 4029 594 4095 licebat,
625 4026 890 4084 laudanda
913 4034 970 4085 et
988 4025 1353 4097 approbando.
1391 4026 1460 4082 At
1481 4038 1611 4080 vero
1639 4022 1976 4083 Athanasius

375 4122 594 4192 scripsit
617 4129 737 4194 post
765 4120 1074 4191 prmdiotam
1104 4118 1392 4190 synodum,
1415 4116 1629 4188 quando
1646 4117 1757 4188 jam
1790 4131 1978 4186 posce-

374 4216 471 4271 bat
514 4213 772 4270 Ecclesi'e
796 4213 1030 4287 utilitas,
1067 4218 1124 4267 ut
1157 4211 1301 4284 quod
1334 4215 1386 4267 in
1416 4219 1494 4266 tot
1527 4210 1651 4266 fidei
1681 4208 1977 4266 confessio-

374 4308 535 4369 nibus
558 4307 810 4371 vitiosum
842 4314 992 4371 erat.
1036 4318 1144 4367 non
1181 4302 1645 4370 dissimularetur,
1676 4311 1731 4361 et
1758 4300 1978 4375 quando

374 4404 493 4472 ipse
530 4402 695 4460 etiam
734 4401 969 4461 Hilarius
1011 4415 1114 4464 nec
1145 4398 1541 4462 dissimulavit.
1572 4410 1670 4455 nec.
1714 4395 1973 4466 pepercit.

373 4492 511 4550 Tum
541 4494 686 4549 enim
716 4492 899 4550 libello
937 4491 1003 4549 sd
1041 4490 1417 4547 Constantium
1439 4530 1454 4556 ,
1487 4502 1811 4559 rursumque
1839 4488 1976 4544 libro

374 4588 547 4651 altero
578 4586 839 4651 adversus
867 4584 1117 4650 eumdem
1157 4583 1548 4660 Imperatorem
1571 4624 1584 4646 ,
1620 4580 1973 4645 formularum

2077 3386 2235 3440 tales.
2263 3384 2340 3439 Eo
2360 3390 2536 3436 autem
2564 3386 2989 3451 temperamento
3015 3379 3161 3433 illum
3187 3378 3498 3448 inscripsit:
3525 3375 3683 3431 Fides

2077 3477 2356 3532 secundum
2390 3476 2613 3530 Orientis
2651 3474 2901 3545 synodum
2927 3490 2945 3538 ;
2978 3481 3034 3526 ut
3065 3471 3249 3527 illmsis
3276 3471 3643 3526 Orientalibus
3662 3510 3679 3537 ,

2078 3572 2211 3627 satis
2237 3571 2565 3642 significaret
2595 3568 2740 3631 illam
2768 3583 2954 3629 eorum
2977 3581 3121 3637 esse,
3147 3566 3235 3641 qui
3263 3566 3330 3623 ab
3357 3564 3618 3625 Occiderit
3637 3585 3681 3613 :-

2082 3662 2221 3720 iibus
2250 3662 2489 3719 Serdica:
2515 3660 2857 3732 congregatis
2885 3666 3226 3717 secesserant
3249 3674 3262 3723 ;
3287 3656 3428 3726 quod
3459 3658 3683 3727 perinde

2080 3763 2166 3811 est
2213 3769 2277 3810 ac
2328 3752 2374 3808 si
2420 3753 2967 3824 Philippopolitanam
3009 3758 3277 3816 vocasset.
3325 3748 3681 3805 Surdicensem

2079 3850 2297 3921 quidem
2321 3864 2439 3904 eam
2461 3847 2599 3902 dixit
2628 3847 2766 3900 libro
2790 3847 2840 3900 in
2869 3843 3241 3899 Constantium
3266 3859 3280 3908 ;
3313 3841 3405 3897 sed
3440 3857 3543 3897 nou
3575 3848 3681 3897 tam

2080 3958 2147 3998 ex
2177 3956 2310 4007 sua,
2359 3955 2518 4012 quam
2555 3937 2861 3996 Constantii
2908 3937 3075 4007 ipsius
3115 3950 3273 4006 quem
3310 3933 3684 4004 alloquebatur

2080 4034 2369 4090 sententis.
2404 4031 2473 4086 Et
2498 4045 2630 4089 sane
2655 4029 2722 4085 de
2744 4030 2905 4084 rebus
2930 4028 3166 4085 Orientis
3190 4038 3317 4083 tunc
3340 4037 3456 4083 erat
3484 4029 3683 4083 instrn—

2079 4128 2240 4193 ctior,
2267 4141 2429 4198 quam
2460 4133 2515 4189 ut
2548 4139 2688 4183 vera:
2716 4138 2778 4179 ac
2802 4121 2950 4181 falsa:
2980 4121 3169 4197 synodi
3198 4120 3536 4178 Ssrtllcensis
3567 4119 3681 4176 dis-

2079 4221 2284 4281 crimen
2311 4220 2605 4289 ignoraret.

2149 4311 2313 4369 XVII.
2356 4312 2576 4367 Etiamsi
2618 4319 2797 4365 autem
2835 4308 3083 4365 nonnihil
3122 4317 3428 4383 suspectam
3460 4308 3683 4364 haberet

2078 4403 2428 4465 Orientalium
2458 4402 2641 4473 fidem,
2666 4417 2825 4475 quam
2858 4411 3035 4458 tamen
3067 4403 3146 4456 eis
3178 4403 3280 4457 hoc
3313 4400 3448 4456 lihro
3478 4400 3680 4475 patere.

2080 4498 2154 4559 cit
2177 4496 2631 4565 benevolentiam,
2664 4495 2825 4553 etiam
2851 4505 3035 4569 postea
3060 4493 3321 4555 Seleucia:
3342 4503 3395 4551 et
3416 4491 3681 4553 Constan-

2079 4591 2306 4662 tinopoli
2338 4590 2699 4647 conservarit.
2734 4588 2843 4645 Nec
2879 4588 3037 4649 aliter
3073 4603 3199 4659 erga
3241 4601 3335 4645 eos
3369 4602 3491 4643 sese
3515 4588 3683 4657 gessit

373 4680 778 4745 multitudinem
804 4679 979 4750 palam
1008 4687 1065 4734 ει
1088 4688 1275 4749 aperte
1303 4675 1648 4746 improbavit.
1681 4674 1976 4746 iustisque
2004 4686 2055 4747 D
2083 4685 2437 4750 Athanasius,
2481 4684 2570 4764 qui
2611 4682 2770 4745 etiam
2819 4691 2939 4759 post
2975 4697 3172 4743 annum
3204 4680 3328 4747 560,
3376 4681 3430 4734 in
3480 4680 3572 4734 lib.
3614 4681 3681 4738 de

374 4772 550 4837 libris,
582 4780 791 4828 mutato
812 4772 922 4841 jam
942 4786 1122 4827 rerum
1143 4780 1309 4836 statu,
1337 4767 1813 4839 mutavitstylum;
1839 4783 1966 4837 non,

372 4876 434 4920 ut
467 4865 687 4937 quidam
719 4865 902 4920 volunt
931 4905 947 4933 ,
993 4864 1285 4936 pugnantia
1315 4878 1439 4925 eum
1485 4861 1551 4917 iis
1590 4876 1712 4933 quas
1743 4860 1879 4923 libro
1905 4860 1974 4918 de

373 4958 612 5035 Synodis
640 4957 853 5013 dixerat
881 4957 1097 5023 locutus
1128 4966 1230 5012 est.

446 5048 564 5113 XV.
598 5049 761 5115 Quam
780 5049 953 5111 multis
977 5048 1133 5124 Itujns
1151 5048 1267 5107 libri
1287 5048 1411 5111 locis
1432 5047 1616 5107 indicet
1636 5046 1974 5109 Orientalium

375 5142 530 5212 ﬁdem
555 5141 649 5197 sibi
685 5159 787 5199 non
815 5141 1041 5214 probari.
1073 5169 1143 5185 --
1174 5140 1360 5211 Neque
1384 5154 1514 5197 vero
1542 5155 1606 5196 es
1642 5139 1819 5195 verbis
1839 5154 1975 5209 apu-

381 5236 539 5313 logia:
568 5242 800 5302 tantum,
823 5233 919 5292 sed
950 5240 1006 5299 et
1029 5249 1098 5290 ex
1126 5234 1358 5309 ipsomet
1385 5239 1613 5297 tractatu
1637 5232 1975 5304 perspicuum

380 5341 486 5397 est,
516 5328 871 5393 Orientalium
895 5325 1267 5387 confessiOues
1288 5331 1419 5386 tunc
1448 5324 1709 5397 temporis
1736 5323 1840 5394 ipsi
1868 5340 1976 5383 non

373 5421 545 5481 fuisse
576 5434 674 5491 per
697 5435 759 5479 se
790 5428 846 5477 et
889 5419 1139 5477 absolute
1192 5416 1465 5488 probatas.
1505 5417 1779 5484 Quorsum
1803 5417 1975 5483 enim,

376 5530 527 5569 num.
562 5513 617 5594 ϐ’,
646 5525 970 5582 rursumque
1007 5525 1160 5566 num.
1207 5508 1298 5575 65,
1340 5516 1451 5563 tam
1490 5510 1651 5566 enixe
1675 5511 1977 5566 obtestatus

372 5616 479 5673 est,
515 5622 582 5665 ne
609 5606 679 5671 de
709 5622 769 5667 se
806 5613 933 5673 ante
964 5605 1231 5671 sermonis
1275 5603 1800 5667 consummationem
1825 5605 1976 5681 judi-

372 5709 614 5768 caretur,
646 5700 749 5761 nisi
778 5698 900 5771 quia
925 5714 990 5761 es
1019 5697 1271 5769 benignis
1296 5696 1836 5766 interpretationibus
1863 5696 1978 5761 suis

378 5795 450 5859 de
480 5810 542 5859 su
568 5810 731 5867 posse
753 5795 898 5861 male
922 5793 1152 5866 iudicari
1174 5790 1540 5867 prenderet?
1563 5791 1735 5869 Quam
1756 5793 1826 5850 ob
1848 5807 1979 5853 catt-

384 5903 526 5957 sam,
543 5904 692 5947 num.
721 5887 777 5955 7,
800 5886 870 5948 de
894 5885 1136 5945 formulis
1154 5902 1183 5942 a
1205 5900 1264 5943 sc
1289 5885 1622 5957 exponendis
1642 5888 1749 5944 ait:
1777 5885 1842 5943 In
1862 5887 1979 5960 qni-

2079 4778 2285 4857 Syuod.
2321 4796 2441 4855 pag.
2464 4776 2590 4845 9lfi.
2625 4777 2831 4842 scribit.
2859 4793 2979 4835 cum
3004 4777 3201 4839 Basilio
3222 4775 3510 4851 Ancyrauo
3532 4777 3680 4847 ejus-

2079 4886 2185 4943 que
2214 4871 2481 4935 similibus
2510 4871 2589 4927 sic
2629 4872 2895 4941 agendum
2923 4885 3046 4927 esse
3069 4911 3085 4935 ,
3129 4870 3294 4928 voluti
3334 4885 3455 4927 eum
3500 4870 3565 4925 iis
3593 4870 3682 4938 qui

2080 4979 2181 5016 non
2204 4963 2353 5033 longe
2372 4963 2556 5019 absunt
2575 4980 2605 5014 (ι
2622 4964 2917 5035 recipienda
2934 4979 3054 5019 voce
3074 4962 3544 5019 conmbstantialis.
3574 4961 3683 5017 Ne-

2079 5069 2174 5123 que
2194 5054 2348 5119 enim,
2379 5054 2552 5126 inquit
2572 5055 2728 5125 paulo
2751 5064 2895 5123 ante,
2929 5055 3173 5110 adversus
3196 5071 3278 5109 eos
3312 5054 3466 5111 veluti
3495 5053 3680 5111 adver-

2082 5162 2170 5201 sus
2194 5145 2539 5205 At'iontanltas
2568 5156 2659 5203 aut
2693 5148 2938 5204 adversus
2968 5146 3186 5205 Patrum
3225 5149 3393 5207 hostes
3421 5148 3682 5205 contrudi-

2084 5237 2279 5301 cimus;
2299 5237 2391 5291 sed
2414 5238 2568 5291 veluti
2600 5245 2785 5310 fratres
2809 5255 2923 5292 cum
2958 5239 3202 5309 [rati-ibus
3229 5240 3593 5308 disceptamus,
3626 5248 3680 5292 ut

2080 5345 2197 5383 cum
2226 5327 2408 5397 quibus
2437 5328 2579 5382 nobis
2599 5329 2776 5385 eadem
2802 5332 2866 5385 sit
2891 5332 3163 5397 sententia,
3197 5331 3538 5387 controversia
3577 5348 3674 5387 au-

2083 5429 2184 5476 tem
2204 5422 2267 5475 de
2304 5418 2485 5474 verbis.
2520 5420 2577 5481 ln
2604 5436 2711 5492 quo
2736 5421 2929 5479 melius
2954 5421 3023 5481 de
3050 5421 3416 5484 Orientalibus
3437 5424 3678 5485 sensisse

2083 5514 2317 5580 videtur.
2342 5528 2503 5583 quam
2537 5520 2723 5572 noster
2742 5512 2977 5572 Hilarius
3003 5514 3125 5585 :qni
3152 5530 3272 5571 cum
3296 5515 3491 5571 similia
3524 5532 3676 5588 qlia}-

2081 5607 2204 5662 dam
2232 5606 2378 5661 dicat
2416 5606 2518 5661 sub
2543 5606 2703 5661 finem
2748 5621 2895 5661 num.
2943 5606 2998 5674 8,
3046 5622 3109 5664 ca
3148 5622 3209 5662 se
3252 5622 3358 5662 non
3392 5614 3497 5663 tum
3527 5619 3677 5675 certo

2078 5716 2455 5775 asseverasse,
2498 5717 2655 5774 quam
2703 5703 2787 5781 pia
2818 5700 3049 5781 quadam
3090 5702 3256 5773 animi
3284 5705 3676 5777 propensiuue,

2079 5810 2203 5867 quis
2241 5794 2473 5859 necdum
2501 5796 2618 5859 sine
2645 5794 2935 5859 formidine
2967 5805 3105 5860 erat.
3141 5797 3377 5862 locutum
3410 5813 3533 5859 esse
3564 5800 3652 5869 plu

2084 5888 2233 5950 ribus
2254 5887 2376 5946 aliis
2396 5888 2679 5947 sententiis
2710 5888 3065 5949 demonstrat.
3104 5889 3180 5947 Ita
3203 5890 3312 5949 duo
3338 5891 3415 5951 illi
3443 5892 3682 5957 clarissi-
