4286 6264
362 284 465 341 481

1139 277 1346 334 LIBER
1384 275 1474 333 DE
1515 274 1805 334 SYNODIS
1834 319 1848 343 ,
1891 275 2024 334 SEU
2068 275 2152 332 DE
2195 274 2354 332 FIDE
2394 273 2888 334 ORIENTALIUM.

3556 283 3664 342 482

381 380 384 384 ’
434 398 488 451 9..
518 395 708 451 Gallia?
732 393 988 464 episcopis
1008 394 1296 465 gratulatur
1323 393 1385 448 ob
1409 403 1648 465 negatam
1679 393 1962 448 Saturnino
1991 395 2037 455 A
2070 401 2256 448 lronos
2277 391 2439 462 hujus
2466 392 2737 447 hacresEos
2789 389 3097 461 ingerenda:
3147 390 3467 461 quibusdam
3513 395 3667 452 vobis

366 491 797 554 communionem,
824 490 886 542 ob
937 489 1230 542 damnatam
1281 487 1462 543 Sirmii
1509 488 1684 558 ﬁdem.
1731 518 1801 528 --
1854 487 1964 544 Sed

365 582 540 639 beata:
571 580 698 637 ﬁdei
720 588 914 636 vestrae
953 580 1032 652 (a)
1063 581 1257 636 litteris
1279 580 1541 652 sumptis,
1585 597 1810 652 quarum
1859 582 1966 637 len-

367 676 654 731 titudinem
679 689 742 729 ac
765 674 1044 729 raritatem
1099 673 1167 729 de
1221 674 1395 730 exsilii
1428 675 1534 730 mei
1559 684 1613 730 et
1636 675 1966 746 longitudine

367 777 424 841 et
447 777 660 825 secreto
709 767 954 837 intelligo
997 767 1339 831 constitisse;
1395 767 1693 837 gratulatus
1737 781 1857 821 sum
1911 767 1965 822 in

371 861 604 918 Domino
623 903 638 927 ,
668 859 1122 916 incontaminatos
1145 873 1244 914 vos
1265 867 1320 915 et
1342 859 1542 914 illaesos
1568 859 1637 914 ab
1663 859 1814 914 omni
1834 875 1969 916 con-

368 955 516 1026 tagio
542 952 878 1009 detestanda:
906 950 1180 1006 haereseos
1203 952 1506 1020 perstitisse
1524 992 1538 1014 ,
1581 965 1784 1023 vosque
1813 967 1966 1007 com-

371 1047 666 1120 participes
687 1046 860 1102 exsilii
885 1044 1020 1112 mei,
1055 1044 1110 1099 in
1130 1044 1274 1114 quod
1297 1059 1383 1098 me
1414 1043 1766 1110 Saturninus,
1798 1047 1966 1115 ipsam

371 1140 760 1198 conscientiam
784 1153 934 1194 suam
959 1138 1161 1192 veritus
1179 1177 1192 1203 ,
1213 1137 1582 1191 circumvento
1629 1136 1704 1208 (ὁ)
1737 1138 1968 1208 impera-

373 1243 488 1293 tore
514 1237 852 1296 detruserat,
877 1241 1068 1302 negata
1118 1231 1218 1300 ipsi
1271 1245 1442 1300 usque
1484 1229 1587 1286 hoc
1617 1240 1829 1300 tempus
1856 1238 1971 1284 toto

367 1330 477 1401 jam
500 1329 735 1385 triennio
769 1323 1183 1388 communione,
1210 1321 1317 1376 ﬁde
1364 1320 1496 1375 mihi
1547 1336 1610 1376 ac
1660 1322 1854 1389 Spiritu
1879 1336 1973 1377 co-

371 1422 581 1476 haerere
610 1441 623 1476 :
653 1429 709 1475 et
731 1418 950 1472 missam
985 1414 1233 1485 proxime
1262 1413 1417 1468 vobis
1445 1427 1512 1469 ex
1542 1412 1824 1468 Sirmiensi
1871 1430 1972 1483 op-

373 1513 501 1586 pido
523 1510 758 1568 inﬁdelis
787 1509 909 1564 ﬁdei
939 1507 1272 1576 impietatem
1297 1543 1311 1569 ,
1343 1520 1448 1559 non
1482 1503 1642 1559 modo
1699 1520 1804 1558 non
1856 1519 1975 1560 sus-

382 1605 626 1676 cepisse,
657 1603 751 1658 sed
775 1600 1072 1655 nuntiatam
1099 1598 1262 1654 etiam
1309 1596 1774 1667 signiﬁcatamque
1823 1595 1976 1650 dam-

383 1711 562 1753 nasse.
584 1692 966 1750 Necessarium
991 1691 1121 1745 mihi
1152 1705 1214 1744 ac
1239 1689 1558 1760 religiosum
1615 1689 1852 1744 intellexi
1876 1730 1890 1754 ,
1919 1697 1979 1743 ut

2070 487 2297 542 testibus
2317 487 2759 542 denuntiaveram
2785 527 2800 550 ,
2830 485 3124 556 innocens,
3158 486 3226 556 (f)
3259 486 3544 553 inviolata,
3576 503 3667 545 re-

2069 578 2278 648 ligiosa.

2142 672 2196 727 5.
2229 669 2430 726 Πωτεεὶ
2475 679 2806 744 proruptura:
2844 685 2947 723 non
2989 669 3202 736 cedunt,
3253 680 3670 742 prorumpentem

2070 765 2420 838 franguntAd
2434 765 2843 835 resipiscentiam
2861 763 3149 818 Orientales
3165 763 3399 835 exemplo
3413 781 3507 820 suo
3526 783 3670 820 cont-

2071 867 2290 912 movent.
2306 887 2377 896 —
2393 855 2765 927 Exspectastis
2780 855 2924 910 enim
2952 866 3155 911 sanctae
3178 866 3233 912 et
3262 856 3671 914 indemutabilis

2071 950 2492 1020 perseverantiae
2521 949 2815 1020 gloriosum
2846 949 3180 1020 triumphum
3200 990 3216 1016 ,
3266 965 3372 1005 non
3423 951 3668 1008 cedendo

2072 1043 2348 1100 Saturnini
2376 1043 2564 1109 minis,
2597 1044 2988 1112 potestatibus,
3022 1045 3214 1102 bellis:
3244 1055 3299 1102 et
3337 1063 3459 1103 cum
3492 1049 3674 1105 omnia

2074 1138 2394 1195 inchoandaa
2423 1137 2842 1208 blaspliemimin
2877 1138 3044 1194 Deum
3067 1141 3362 1197 certamina
3390 1156 3676 1199 moveren-

2074 1239 2180 1298 tur,
2211 1239 2492 1287 manentes
2524 1244 2666 1284 nunc
2692 1245 2864 1301 usque
2890 1245 3098 1286 mecum
3122 1232 3174 1286 in
3205 1232 3420 1288 Christo
3450 1234 3637 1291 ﬁdeles
3658 1276 3674 1304 ,

2076 1339 2251 1394 neque
2287 1332 2445 1378 antea
2496 1324 2562 1378 ad
2615 1322 2955 1378 occasionem
3010 1333 3350 1395 proruptura:
3404 1326 3676 1385 haereseos

2077 1417 2353 1486 cessistis,
2384 1425 2440 1473 et
2469 1433 2610 1473 nunc
2641 1432 2854 1472 omnem
2884 1418 3001 1488 ejus
3062 1420 3409 1488 petulantiam
3467 1421 3520 1477 in
3553 1438 3677 1493 pro-

2077 1510 2344 1580 ruptionis
2366 1511 2752 1581 congressione
2783 1510 3036 1582 fregistis.
3075 1512 3290 1568 Vicistis
3313 1513 3455 1568 enim
3475 1557 3489 1581 ,
3544 1516 3676 1570 Fra-

2082 1612 2221 1668 tres,
2251 1617 2373 1657 cum
2407 1601 2608 1672 ingenti
2638 1601 2759 1658 ﬁdei
2790 1603 3094 1658 communis
3148 1605 3509 1674 gratulatione
3554 1625 3566 1661 :
3626 1617 3682 1663 et

2081 1696 2350 1767 geminam
2384 1695 2570 1750 habuit
2603 1696 2788 1751 illmsm
2818 1695 2896 1768 (g)
2928 1700 3248 1754 constantiae
3280 1708 3474 1755 vestrae
3505 1700 3680 1757 honor

379 1802 527 1844 nunc
556 1786 704 1857 quasi
735 1785 1026 1856 episcopus
1057 1782 1328 1853 episcopis
1384 1796 1593 1836 mecum
1652 1781 1702 1834 in
1755 1779 1972 1838 Christo
2004 1795 2048 1856 Β
2075 1789 2302 1859 gloriam
2323 1829 2337 1852 ,
2387 1789 2454 1843 de
2483 1787 2792 1858 integritate
2821 1791 3030 1846 scilicet
3079 1792 3428 1850 conscientia)
3449 1837 3463 1860 ,
3513 1805 3566 1851 et
3612 1797 3683 1854 de

377 1877 902 1936 communicantibus
927 1876 1184 1930 salutaris
1204 1888 1268 1929 ac
1295 1873 1474 1928 ﬁdelis
1497 1873 1766 1928 sermonis
1810 1873 1961 1928 collo-

379 1973 502 2045 quia
531 1971 997 2027 transmitterem:
1031 1976 1088 2024 et
1113 1967 1205 2037 qui
1247 1982 1344 2036 per
1387 1974 1589 2021 metum
1623 1965 1974 2032 incertorum,

379 2064 727 2122 conscientim
751 2068 958 2117 tantum
981 2069 1138 2115 antea
1164 2074 1298 2115 mea:
1320 2099 1334 2124 ,
1366 2057 1511 2129 quod
1559 2057 1627 2114 ab
1678 2057 1762 2112 bis
1805 2058 1982 2112 omni-

381 2156 484 2213 bus
501 2171 679 2211 essem
705 2155 864 2221 liber,
896 2151 1229 2224 gratulabar,
1255 2165 1400 2206 nunc
1421 2150 1531 2220 jam
1583 2150 1883 2205 communis
1914 2150 1980 2203 li—

385 2249 475 2306 dei
493 2247 1014 2317 nostrtcintegritate
1025 2243 1339 2314 gauderem.
1361 2242 1408 2297 Ο
1427 2242 1679 2313 gloriosae
1700 2244 1982 2297 conscien-

388 2345 476 2399 tia:
497 2352 690 2399 vestra:
737 2342 1111 2396 inconcussam
1149 2337 1526 2393 stabilitatem!
1571 2335 1615 2391 Ο
1648 2338 1856 2390 ﬁrmam
1907 2336 1977 2406 (c)

393 2439 567 2494 ﬁdelis
591 2446 752 2506 petra:
775 2434 1082 2490 fundamine
1107 2432 1361 2488 domum!
1403 2431 1448 2486 0
1495 2432 1831 2487 intemeratm
1883 2447 1976 2487 νος

397 2533 618 2589 luntatis
640 2530 860 2586 illaesam
885 2527 1434 2599 imperturbatamque
1461 2525 1542 2598 (tl)
1586 2527 1942 2581 constantiam
1967 2527 1980 2580 !

395 2623 592 2680 Mansit
612 2636 874 2691 namque,
896 2628 1061 2692 atque
1088 2623 1250 2674 ctiam
1285 2632 1424 2673 nunc
1451 2617 1616 2690 460
1663 2626 1944 2689 permanet
1967 2660 1983 2688 ,

389 2727 514 2790 post
537 2717 726 2789 synodi
757 2715 1080 2770 Biterrensis
1111 2713 1504 2785 professionem
1525 2753 1540 2780 ,
1569 2714 1621 2768 in
1645 2729 1749 2784 qua
1796 2715 1866 2786 (ε)
1896 2730 1990 2785 pa-

463 2875 540 2950 (a)
566 2874 866 2950 Siquidem
923 2873 988 2950 iis
1042 2873 1233 2950 litteris
1279 2873 1498 2950 didicit,
1553 2872 1737 2950 Gallos
1785 2871 1983 2929 editam

395 2945 538 3004 anno
563 2946 1108 3016 557,_conlessionem
1164 2945 1517 3001 Sirmicnsem
1577 2945 1683 3014 (vel
1755 2957 1811 2998 ut
1855 2960 1986 2999 con-

393 3030 600 3076 stanter
622 3025 803 3075 exstat
829 3017 880 3072 in
909 3031 1036 3071 mss.
1063 3017 1397 3084 Sirmensem)
1422 3033 1526 3070 non
1553 3016 1711 3068 modo
1732 3031 1837 3070 non
1863 3031 1984 3070 sus-

393 3095 602 3162 cepisse
626 3131 642 3157 ,
661 3090 754 3145 sed
781 3088 1177 3162 etidamnasse;
1206 3088 1381 3162 liquct_
1395 3103 1488 3162 eas
1517 3097 1610 3142 aut
1638 3097 1981 3162 cxennte_an.

394 3158 500 3218 537
527 3173 727 3218 autan.
753 3161 858 3216 558
881 3161 1098 3216 ineunte
1124 3160 1191 3213 ab
1213 3161 1330 3229 ipso
1361 3159 1524 3214 fuisse
1544 3169 1816 3225 acceptas.
1849 3158 1983 3214 Cum

395 3244 576 3290 autem
603 3235 919 3288 inconcussa
949 3231 1039 3286 illa
1067 3231 1118 3285 in
1151 3230 1451 3284 damnanda
1484 3229 1736 3300 pratdicta
1767 3232 1980 3286 confes-

397 3287 866 3362 sioneCallurum
928 3304 1226 3357 constantia
1282 3287 1646 3356 Orientalibus
1692 3287 2057 3356 iuuotueritC

396 3389 524 3432 ante
549 3375 752 3431 Pascha
783 3390 872 3429 an.
897 3374 1033 3439 558,
1061 3375 1161 3427 hoc
1186 3385 1267 3428 est
1287 3414 1302 3439 ,
1364 3375 1508 3441 prius
1554 3388 1710 3441 quam
1759 3373 1991 3443 Ancyra}

399 3449 788 3511 convenirent,
818 3461 1037 3501 necesse
1081 3455 1162 3500 est
1197 3444 1414 3499 easdem
1470 3443 1672 3498 litteras
1714 3460 1819 3497 non
1874 3455 1993 3511 post

400 3535 641 3575 mensem
670 3518 913 3572 Martium
959 3533 1047 3570 an.
1105 3515 1212 3572 558
1274 3515 1472 3570 Hilario
1524 3516 1689 3570 fuisse
1733 3515 1987 3570 redditas.

401 3591 572 3646 Valde
600 3590 743 3646 enim
774 3588 1056 3656 probabile
1084 3594 1167 3642 est
1187 3629 1200 3651 ,
1225 3586 1527 3642 Orientales
1571 3603 1668 3657 per
1700 3586 1872 3657 ipsum
1900 3602 1993 3639 au-

401 3663 566 3718 diisse
587 3661 726 3732 quod
761 3662 812 3715 in
843 3661 1014 3717 Callia
1042 3659 1238 3713 factum
1262 3668 1363 3712 est.
1395 3660 1465 3732 At
1486 3656 1994 3732 certe_ab0_r_ienta-

401 3734 543 3788 libus
573 3729 687 3799 ipse
719 3748 820 3786 non
848 3731 1054 3786 audivit
1075 3733 1277 3798 primus
1298 3769 1312 3793 ,
1341 3729 1433 3798 qni
1479 3740 1605 3785 ante
1647 3729 1742 3783 has
1789 3729 1994 3784 litteras

403 3804 472 3860 de
498 3804 770 3860 Gallorum
798 3802 901 3858 ﬁile
932 3804 1169 3858 incertus
1195 3807 1311 3855 erat
1337 3811 1392 3856 et
1418 3801 1630 3854 anxius.

505 3877 557 3944 ll)
584 3874 897 3930 Constantio
927 3876 1078 3939 scil.,
1110 3873 1203 3942 qui
1253 3881 1362 3944 tum
1405 3871 1691 3927 Mediolani
1743 3871 1991 3942 degebat.

407 3942 616 4003 Vide—sis
642 3946 736 4000 lib.
765 3962 801 4000 ll
830 3946 894 4000 ad
917 3945 1195 4000 Constant.
1232 3942 1356 3996 n.2.

479 4017 551 4088 (ε)
578 4018 760 4074 Gallos
779 4018 863 4072 hic
885 4017 1100 4071 laudare
1130 4015 1347 4088 videtur
1369 4013 1612 4088 Hilarius
1631 4055 1668 4088 ,ί
1701 4012 1842 4088 quod
1871 4028 1995 4088 cou-

407 4083 543 4147 fes'si'
562 4092 666 4144 sint
691 4089 859 4143 lilium
888 4088 1012 4151 Dei,
1060 4085 1304 4142 alludens
1330 4085 1579 4140 nimirum
1608 4087 1673 4140 ad
1699 4083 1999 4140 confessio-

409 4177 533 4218 nem
557 4161 732 4225 Petri,
766 4161 832 4215 de
859 4176 960 4228 qua
993 4160 1084 4213 lib.
1119 4158 1251 4212 nde
1281 4157 1430 4211 Trin.
1466 4174 1518 4210 ιι.
1545 4156 1616 4228 9.5
1653 4175 1666 4211 :
1703 4155 1872 4211 Unum
1903 4157 2003 4228 igie

412 4245 495 4287 tur
522 4233 616 4286 hoc
639 4241 711 4286 est
733 4226 988 4286 immobile
1009 4231 1398 4302 fundtnnentum
1421 4270 1434 4292 ,
1466 4226 1706 4302 unahwc
1735 4227 2001 4302 {alim/itlei

412 4313 557 4375 petra
579 4302 722 4375 Petri
749 4298 1088 4375 orecontessa
1109 4343 1123 4366 ,
1153 4299 1230 4355 Tu
1253 4315 1304 4375 es
1331 4298 1584 4375 ﬁlius‘Dei
1609 4298 1804 4375 vivi;'e_t
1825 4300 1916 4375 lib.
1945 4315 2000 4375 vt

412 4370 470 4431 ιι.
495 4376 562 4431 36
597 4393 608 4427 :
639 4374 809 4444 Super
833 4370 964 4428 hanc
988 4375 1146 4444 igitur
1175 4371 1508 4442 confessionis
1532 4380 1729 4442 petram
1760 4370 2004 4425 Ecclesia:

413 4447 686 4516 (edi/icatio
708 4454 800 4500 est.

487 4512 567 4589 (Et)
596 4518 815 4589 Aliquot
844 4532 973 4572 mss.
1012 4513 1396 4589 conscieittiant_
1425 4528 1444 4567 :
1469 4513 1609 4568 male
1632 4530 1660 4589 ;_
1693 4512 1804 4589 jam
1846 4513 2002 4589 enim

415 4581 765 4645 conscientia:
790 4590 1050 4643 stabilitas
1075 4586 1306 4641 laudata.
1333 4584 1504 4640 Minus
1558 4581 1708 4640 male
1740 4587 1792 4640 in
1837 4581 1999 4640 Caru.

413 4661 731 4716 sententiam.

491 4731 559 4805 (e)
592 4732 646 4786 ln
671 4747 772 4805 sex_
792 4744 923 4785 mss.
945 4739 1256 4805 _patronum__,
1289 4744 1453 4805 quem
1494 4726 1776 4784 commode
1803 4726 2000 4805 intelli-

418 4799 550 4874 gere
576 4813 719 4859 esset
740 4801 1090 4874 Saturninum
1117 4799 1342 4874 Arelat.“
1365 4801 1681 4874 Ariauarum
1737 4799 1998 4874 partium,

422 4870 496 4929 uti
523 4890 645 4930 eum
679 4885 831 4928 vocat
862 4872 1128 4943 Sulpicius
1154 4888 1206 4942 p.
1239 4872 1376 4934 265,
1402 4872 1614 4927 ducem.
1647 4870 1753 4943 Sed
1801 4886 1924 4943 cum
1950 4873 2002 4924 in

421 4946 803 5003 vetustioribus
833 4941 1074 5010 legamus
1103 4941 1380 5010 patronos;
1407 4959 1510 4998 una
1541 4958 1664 4998 cum
1716 4941 2005 4998 Saturnino

421 5015 686 5088 designati
715 5017 801 5088 hic
822 5013 1071 5071 videntur
1092 5013 1344 5088 Ursacius
1367 5027 1418 5070 et
1445 5015 1641 5088 Valens
1657 5057 1672 5080 ,
1695 5013 2004 5088 qu_orum_in

421 5082 652 5144 concilio
683 5087 966 5143 Mediolan.
1001 5103 1089 5141 an.
1119 5086 1249 5153 555,
1275 5087 1339 5140 ad
1359 5082 1728 5157 ingerendam‘
1758 5082 2006 5157 haeresim

422 5170 648 5215 conatus
702 5170 752 5214 et
807 5168 950 5214 artes
975 5166 1157 5213 narrat
1197 5158 1336 5213 idem
1387 5155 1656 5228 Sulpicius
1700 5155 2004 5228 paguﬁﬂ.

424 5233 631 5300 Quibus
654 5232 793 5286 lavet
821 5230 964 5300 quod
986 5231 1059 5284 ait
1079 5229 1308 5284 Hilarius
1337 5229 1387 5282 in
1410 5226 1690 5293 Constant,
1711 5226 1774 5300 ir.
1824 5226 1863 5300 f2
1883 5267 1908 5300 ._
1948 5241 2008 5282 se

425 5297 550 5358 c—um
603 5297 892 5358 Gallicanis
935 5301 1203 5371 episcopis
1249 5300 1491 5371 proxime
1539 5308 1671 5371 post
1719 5297 2003 5353 Mediolan.

425 5373 724 5430 Concilium
751 5369 1065 5429 aSaturnini
1089 5369 1134 5425 et
1160 5369 1360 5427 Ursacii
1377 5382 1424 5427 et
1454 5369 1674 5424 Valentis
1699 5371 2011 5423 communio-

426 5464 494 5501 ne
512 5445 824 5501 discessisse
844 5489 858 5511 ,
893 5444 1093 5498 indulta
1121 5444 1317 5498 ueteris
1369 5458 1543 5497 eorum
1564 5441 1874 5496 consortibus
1889 5442 2010 5495 resi-

429 5518 657 5589 piscendi
689 5518 950 5587 facultate.

506 5588 572 5660 (ι’)
603 5584 999 5660 Editiexcepto
1029 5587 1182 5652 Bad.,
1207 5585 1548 5660 inviolataque
1568 5584 1746 5660 religio
1779 5600 1824 5660 _:
1868 5585 2011 5656 quod

428 5668 484 5716 et
508 5654 705 5715 habent
733 5659 837 5713 duo
863 5654 992 5714 mss.
1024 5660 1139 5714 sine
1170 5658 1430 5727 Particula
1453 5654 1570 5728 que.
1598 5654 1792 5712 Caeteri
1833 5654 2010 5714 autem

426 5746 550 5786 cum
583 5731 733 5796 Bad.,
761 5731 1025 5794 inviolata,
1052 5729 1291 5800 religiosa
1323 5729 1584 5800 :supple,
1635 5732 1936 5784 constantia.

502 5801 579 5880 (g)
605 5801 684 5858 Ita
712 5803 967 5875 praecipui
999 5817 1126 5860 mss.
1160 5805 1226 5857 At
1252 5801 1442 5859 excusi
1470 5843 1486 5873 ,
1525 5802 1862 5859 conscientias

2079 1879 2314 1949 exempli
2343 1880 2683 1935 auctoritate.
2713 1880 2843 1934 Nam
2869 1881 2990 1936 ﬁdei
3036 1893 3229 1939 vestrae
3280 1886 3680 1956 imperturbata:

2081 1971 2528 2042 inconcussazque
2555 1972 2692 2026 fama
2715 2013 2728 2038 ,
2760 1974 3020 2042 quosdam
3051 1976 3405 2033 Orientalium
3465 1982 3680 2050 episco-

2083 2077 2181 2134 pos
2204 2077 2328 2118 sero
2343 2062 2456 2132 jam
2481 2061 2548 2117 ad
2569 2063 2806 2134 aliquem
2834 2065 3092 2134 pudorem
3110 2069 3325 2124 nutrita:
3345 2071 3541 2127 exinde
3567 2073 3680 2128 Ine-

2087 2169 2272 2210 reseos
2295 2163 2573 2225 auctmquc
2593 2159 2890 2210 commovit
2917 2174 2930 2210 :
2961 2167 3017 2212 et
3039 2158 3238 2214 auditis
3285 2162 3348 2216 iis
3391 2178 3512 2233 qum
3541 2163 3682 2234 apud

2088 2247 2343 2304 Sirmium
2373 2246 2679 2317 conscripta
2709 2249 3026 2319 impiissime
3056 2261 3240 2321 erant,
3260 2253 3682 2326 irreligiosorum

2086 2341 2325 2396 audaciae
2345 2340 2667 2412 quibusdam
2697 2343 3088 2398 sententiarum
3111 2359 3329 2401 suarum
3344 2347 3582 2404 decretis
3605 2349 3689 2422 (lt)

2089 2433 2558 2489 contradixerunt.
2609 2433 2678 2488 Et
2723 2433 2848 2490 licet
2897 2452 3002 2490 non
3057 2438 3175 2493 sine
3235 2440 3416 2510 aliquo
3471 2443 3685 2498 auriqu

2087 2525 2344 2581 seandalo
2364 2532 2420 2580 et
2445 2524 2546 2595 pia:
2567 2525 2949 2581 sollicitudinis
2979 2528 3276 2586 oﬁ'ensione
3328 2534 3627 2588 restiterint
3673 2551 3688 2588 :

2094 2631 2271 2676 tamen
2295 2620 2430 2675 adeo
2454 2623 2803 2686 restiterunt,
2832 2630 2888 2675 ut
2921 2621 3069 2691 ipsos
3099 2623 3220 2678 illos
3239 2667 3253 2690 ,
3278 2626 3366 2695 qui
3394 2637 3520 2681 tunc
3548 2627 3690 2698 apud

2091 2714 2344 2771 Sirmium
2371 2714 2422 2768 in
2455 2714 2777 2769 sententiam
2803 2713 3031 2770 Potamii
3059 2723 3220 2787 atque
3257 2718 3324 2788 (i)
3357 2717 3501 2785 Osii,
3535 2719 3607 2774 ita
3637 2729 3695 2778 et.

2172 2874 2248 2945 (Ιι)
2279 2874 2374 2949 llic
2398 2882 2652 2930 notantur
2675 2874 3188 2949 Ancyranaesynodi
3214 2878 3455 2936 decreta.
3491 2881 3696 2941 Deinde

2096 2956 2218 3025 post
2246 2946 2466 3025 verbum
2492 2947 2912 3025 contradixerunt
2933 2990 2947 3014 ,
2978 2946 3043 3002 in'
3072 2951 3226 3025 prius
3268 2952 3497 3022 vulgatis
3527 2954 3696 3025 subji-

2094 3017 2342 3094 ciebatur
2372 3033 2385 3068 :
2411 3016 2475 3094 lit
2503 3019 2548 3071 si
2579 3017 2850 3094 diligenter
2866 3016 3114 3094 sententia
3140 3019 3249 3094 [nec
3271 3016 3495 3090 expisnsa
3523 3016 3690 3094 esset,

2094 3091 2229 3165 [orte
2250 3089 2402 3165 totius
2425 3086 2696 3165 Tractntns
2712 3091 2816 3165 mei
2833 3090 2966 3143 ratio
2990 3108 3091 3165 non
3139 3086 3347 3160 [uisset'
3373 3086 3682 3165 suspiciosa;

2095 3159 2216 3214 Non
2248 3161 2380 3213 enim
2407 3161 2678 3213 tacuissem
2705 3161 2810 3213 illic
2837 3201 2850 3225 ,
2879 3162 3015 3231 quod
3041 3159 3147 3217 non,
3168 3165 3267 3218 nisi
3291 3182 3412 3219 cum
3437 3159 3686 3224 seandalo

2094 3241 2223 3286 esset
2247 3231 2580 3285 audiendum.
2615 3231 2745 3298 Quae
2769 3233 2930 3304 verba
2963 3234 3182 3304 reliquae
3208 3238 3435 3292 orationi
3468 3255 3576 3293 non
3603 3255 3698 3296 co-

2095 3304 2330 3366 bmrent,
2362 3317 2534 3374 neque
2569 3310 2781 3374 exstant
2807 3303 2859 3357 in
2892 3319 3021 3359 mss.
3051 3303 3231 3374 prob-.1:
3258 3314 3400 3363 nota:
3422 3306 3693 3366 Colberti-

2094 3374 2176 3428 nis
2203 3373 2429 3438 duobus,
2452 3373 2829 3434 Germ.,Carn.
2866 3373 3139 3431 Habentur
3166 3384 3344 3434 tamen
3374 3381 3425 3434 in
3457 3382 3692 3438 veterri-

2095 3445 2448 3522 mo‘ecclesia;
2466 3444 2744 3522 _Vatican:e
2765 3446 2968 3522 codice,
2985 3447 3144 3522 Corb.
3173 3450 3398 3522 aliisque
3427 3453 3691 3522 pluribus.

2093 3515 2234 3593 Quis
2256 3533 2361 3593 non
2391 3516 2598 3593 videat,
2633 3531 2695 3570 ex
2729 3520 2870 3593 notis
2897 3519 3275 3589 apologeticis.
3311 3515 3377 3577 de
3418 3515 3692 3593 quibusin

2095 3587 2409 3665 pra-latione
2431 3587 2632 3665 dictum
2665 3597 2780 3652 cst,
2828 3587 2966 3665 hanc
2999 3587 3156 3665 unam
3184 3607 3340 3665 esse,
3372 3587 3490 3661 qum
3523 3597 3693 3665 respi-

2095 3657 2202 3714 ciat
2229 3658 2423 3734 verba,
2457 3657 2522 3712 Et
2553 3659 2790 3734 licetnon
2831 3660 2940 3712 sine
2982 3661 3153 3734 aliqua
3199 3657 3402 3734 auriam
3428 3657 3696 3734 scandala,

2099 3741 2205 3804 etei.
2238 3730 2314 3783 He
2344 3730 2456 3798 ipsa
2487 3729 2645 3804 enim
2666 3729 2764 3784 hac
2788 3745 2889 3784 una
2923 3729 3190 3787 sententia
3227 3733 3393 3801 probe
3423 3729 3697 3804 expensa,

2099 3802 2318 3873 relictus
2350 3815 2454 3853 non
2487 3810 2604 3854 erat
2635 3801 3104 3873 Incussustiicioni
3127 3844 3141 3866 ,
3175 3805 3224 3857 in
3257 3819 3415 3873 quam
3463 3801 3699 3864 Hilarius

2101 3873 2170 3926 ob
2203 3868 2344 3925 hunc
2374 3880 2654 3924 tractatum
2684 3871 2857 3937 venit,
2889 3868 3038 3939 quasi
3078 3868 3385 3930 Orientales
3415 3877 3699 3935 catholica:

2103 3943 2309 3998 veritati
2343 3957 2437 4011 per
2459 3941 2636 3995 omnia
2660 3953 3018 4012 congruentes
3036 3945 3361 4000 existimarit
3388 3965 3400 4002 :
3425 3963 3544 4003 cum
3569 3965 3700 4006 con-

2100 4015 2272 4093 ceptis
2294 4014 2471 4093 verbis
2495 4025 2708 4067 moneat
2729 4013 3018 4093 ,_qumdam
3069 4015 3140 4093 in_
3172 4018 3424 4093 pi'_:edicta
3452 4022 3696 4093 _synodo

2102 4085 2316 4140 decreta
2347 4083 2540 4148 fuisse,
2565 4099 2684 4153 quae
2716 4083 2828 4154 pias
2859 4100 3018 4141 aures
3062 4083 3420 4146 oﬁeiidereut.
3451 4083 3554 4148 Ubi
3591 4109 3698 4149 non

2105 4159 2335 4232 obscure
2361 4163 2511 4210 notat
2538 4155 2644 4209 duo
2668 4164 2935 4232 pestrema
2961 4156 3174 4213 decreta
3195 4202 3209 4225 ,
3269 4162 3338 4214 ab
3392 4161 3698 4232 Epiphanio

2103 4227 2294 4291 relata,
2321 4227 2451 4281 hmr.
2483 4242 2668 4293 Lsxut,
2701 4244 2754 4281 ιι.
2781 4228 2868 4290 11,
2903 4244 3126 4298 quorum
3151 4232 3320 4287 altero
3351 4227 3563 4289 Patrem
3590 4251 3698 4292 non

2105 4297 2405 4373 substantia
2434 4299 2638 4362 solum,
2675 4297 3189 4373 sedetauctoritate
3244 4313 3448 4373 patrem
3489 4320 3699 4363 assere-

2107 4370 2268 4449 bant,
2299 4371 2471 4449 aitero
2509 4378 2686 4424 autem
2720 4369 3040 4449 homousion
3085 4369 3553 4449 damnabantJlla
3582 4379 3704 4449 qui-

2106 4441 2238 4519 dent
2254 4443 2306 4496 in
2330 4441 2432 4519 hoc
2454 4449 2682 4519 tractatu
2716 4441 2951 4519 [ιιοιιιιθιιε
2973 4445 3258 4519 supprimit
3280 4446 3513 4519 llilarius
3535 4489 3549 4514 ,
3573 4441 3699 4519 quia

2109 4513 2362 4589 nimirum
2392 4512 2694 4589 Orientales
2724 4513 2823 4582 ipsi
2874 4512 3128 4569 Sirmium
3161 4517 3481 4573 accedentes
3503 4512 3565 4573 ea
3590 4512 3700 4589 pri-

2110 4584 2182 4640 mi
2209 4585 2569 4639 reticuerant:
2600 4585 2694 4640 sed
2713 4598 2898 4638 eorum
2933 4593 3108 4640 tamen
3161 4602 3220 4642 se
3265 4589 3542 4644 conscium
3577 4584 3705 4646 fuis-

2030 4677 2082 4737 D
2110 4672 2169 4737 se
2191 4697 2206 4721 ,
2235 4666 2346 4737 tum
2379 4656 2499 4719 hic,
2534 4665 2643 4710 tum
2672 4655 2798 4737 alibi
2816 4653 3035 4737 indicat.
3055 4657 3332 4737 Quocirca
3364 4660 3437 4737 i_n_
3456 4661 3705 4737 apologe-

2111 4727 2213 4803 lica
2234 4735 2382 4793 nota,
2398 4743 2494 4803 pro
2506 4743 2606 4781 non
2621 4727 2751 4803 enim
2765 4737 2877 4803 tacti
2885 4727 3034 4803 issem
3049 4730 3177 4803 illic,
3196 4729 3336 4803 haud
3349 4730 3379 4785 d
3389 4727 3510 4786 ιιι)ἱὸ
3525 4727 3708 4803 legén-

2108 4799 2258 4871 dum,
2275 4815 2377 4853 non
2389 4799 2524 4854 enim
2543 4799 2680 4854 tacui
2691 4815 2798 4853 esse
2817 4799 2947 4853 illic.
2968 4799 3096 4856 Item
3113 4801 3162 4854 in
3183 4802 3370 4871 primis
3396 4799 3708 4859 verbis'Etsi

2111 4869 2821 4954 diligenter,supervacanea
2848 4879 2928 4926 est
2946 4869 3286 4941 particulaet,
3322 4888 3496 4947 neque
3534 4885 3709 4932 exstat

2113 4951 2163 4996 in
2191 4957 2323 4998 mss.
3577 4951 3592 4958 ’

2180 5013 2318 5085 (i)ln
2349 5013 2757 5088 antiquislibris
2808 5013 2920 5068 Usii
2974 5029 3190 5088 nomen
3231 5032 3351 5072 cum
3402 5017 3603 5088 duplici
3629 5034 3703 5076 ss.

2117 5093 2428 5160 constanter
2456 5085 2712 5160 pingitur,
2747 5094 2871 5160 puta
2892 5125 2906 5151 ,
2961 5085 3300 5160 OssiinTum
3359 5089 3412 5143 iu
3443 5085 3705 5160 vulgatis,

2114 5157 2186 5210 ita
2213 5167 2270 5227 ut
2287 5156 2385 5226 ipsi
2407 5155 2910 5227 consentientes.Ex
2945 5157 3245 5227 potioribus
3295 5174 3424 5216 mss.
3473 5155 3708 5216 restitui-

2116 5243 2234 5282 mus
2255 5226 2329 5280 ita
2352 5235 2396 5280 et
2413 5227 2508 5298 ipsi
2529 5268 2542 5288 ,
2570 5242 2639 5280 ex
2669 5226 2920 5282 omnibus
2949 5226 3151 5284 autem
3200 5231 3494 5286 sentientes.
3549 5233 3705 5298 Quod

2117 5299 2204 5370 hic
2224 5298 2428 5370 delibat
2457 5297 2689 5370 Hilarius
2715 5338 2728 5362 ,
2764 5298 2971 5370 plenius
3001 5303 3344 5370 prosequitur
3368 5317 3521 5357 num.
3554 5297 3623 5360 78
3652 5311 3709 5358 et

2117 5367 2332 5446 79,_ubi
2355 5368 2592 5423 declarat
2610 5367 3068 5446 quosdamcoacta
3114 5367 3421 5446 ignorantia:
3446 5389 3554 5428 sua:
3593 5391 3710 5446 pro-

2115 5442 2334 5516 fessione
2357 5449 2410 5494 et
2439 5455 2572 5516 nova
2601 5439 3018 5516 subscriptione,
3039 5439 3284 5516 quamvis
3309 5444 3410 5498 sibi
3433 5439 3704 5516 suspecta,

2116 5509 2401 5567 damnasse
2428 5509 2573 5581 quod
2597 5509 2860 5576 fecerant;
2887 5521 2996 5566 tum
3035 5509 3157 5568 vero
3189 5513 3471 5570 Ursacium
3522 5509 3578 5572 et
3603 5509 3711 5573 Va?-

2115 5584 2313 5658 lentetn
2338 5582 2650 5658 nominatim
2678 5583 3045 5658 exagitattut
3103 5586 3297 5658 quibus
3347 5588 3708 5658 ignorantiam

2117 5654 2411 5710 obtendere
2432 5653 2652 5712 minime
2683 5653 2911 5708 licuerit.
2938 5655 3077 5721 Quin
3108 5653 3225 5713 time
3250 5653 3464 5714 illorum
3517 5667 3704 5716 coacta

2117 5724 2444 5802 subscriptio
2469 5726 2858 5802 proxime__post
2883 5726 3224 5802 Ancyranam
3279 5730 3544 5802 synodum
3576 5745 3707 5787 con-

2120 5795 2348 5869 tigerit,'
2382 5797 2598 5872 quando
2645 5795 2764 5854 scil.
2821 5795 3052 5856 Basilius
3077 5799 3288 5875 aliique
3309 5795 3496 5875 'lcgati
3545 5802 3706 5880 hujus
