4286 6264
331 299 443 357 485

1146 294 1352 353 LIBER
1391 293 1480 353 oe
1517 293 1827 363 SYNODIS,
1867 292 1997 353 seu
2038 292 2128 352 os
2165 276 2326 355 nos
2363 290 2865 357 ORIENTALIUM.

3530 294 3638 354 ‘88

333 416 482 471 nium
514 424 679 484 atque
704 414 866 471 etiam
914 414 1201 471 verborum
1227 416 1430 472 additis
1469 428 1566 487 per
1595 431 1682 472 me
1724 415 1937 484 exposi-
1964 417 2013 477 Α
2039 417 2108 471 ab
2134 417 2496 475 Orientalibus
2540 420 2810 490 episcopis
2857 424 3003 473 esset
3048 417 3333 481 eil‘eclutn;
3384 426 3437 471 et
3492 433 3590 471 vos
3623 462 3637 483 ,

335 509 571 565 tionibus
592 508 882 564 destinavi.
916 510 974 564 in
1000 512 1200 580 quibus
1223 511 1268 565 si
1299 511 1427 581 quid
1450 512 1938 583 (ajvitioseinesse

332 602 678 673 intelligitur,
702 615 865 657 nemo
893 601 1025 656 mibi
1048 603 1235 658 vitium
1260 612 1439 674 potest
1459 606 1733 676 assignare
1761 603 1940 659 dicto-

335 713 457 753 rum
490 714 504 750 :
533 696 900 752 internuntius
931 696 1097 764 enim,
1127 708 1184 752 ut
1214 698 1486 763 voluistis,
1514 712 1635 754 sum
1668 697 1803 767 ipse,
1834 706 1941 752 non

334 789 607 846 conditor.
657 789 712 847 Si
741 788 871 858 quid
917 804 1046 844 vero
1092 797 1301 846 rectum
1350 801 1514 862 atque
1563 807 1628 847 es
1676 790 1942 846 doctrinis

320 881 647 953 apostolicis
702 881 776 952 (ὁ)
827 882 1200 952 praescriptum
1259 884 1722 955 deprehenditur,
1781 894 1943 939 nemo

341 974 565 1043 ambigit
594 989 703 1028 non
743 973 1149 1045 interpretantis
1199 977 1252 1031 in
1294 991 1361 1033 eo
1388 992 1511 1033 esse
1549 977 1797 1047 gloriam,
1847 975 1944 1031 sed

324 1052 601 1124 auctoris.
632 1067 742 1137 Ego
773 1078 953 1122 tamen
981 1083 1104 1139 qua:
1137 1078 1288 1139 gesta
1316 1080 1464 1136 sunt,
1497 1069 1730 1125 ﬁdeliter
1761 1074 1943 1124 trans-

346 1161 467 1216 misi
503 1178 515 1213 :
547 1174 641 1215 Vos
668 1175 735 1214 an
763 1158 1051 1225 catholica,
1077 1177 1148 1216 an
1178 1159 1431 1218 haeretica
1472 1161 1604 1231 sint,
1662 1161 1785 1217 ﬁdei
1821 1176 1946 1217 ves-

344 1262 441 1307 tne
466 1251 675 1324 judicio
700 1253 1071 1322 comprobato.

415 1348 468 1397 8.
500 1343 628 1409 Quis
657 1359 864 1414 scapus.
892 1342 1234 1399 Orientalium
1251 1356 1297 1400 et
1319 1344 1592 1401 Gallorum
1616 1355 1808 1402 tuatua:
1853 1361 1944 1401 su-

345 1436 695 1505 spiciones.—-
718 1435 1049 1507 Quamquam
1082 1438 1224 1492 enim
1254 1438 1571 1507 responderi
1600 1438 1794 1494 litteris
1823 1448 1943 1493 res—

351 1529 448 1584 tris
479 1530 849 1587 necessarium
897 1529 1079 1599 fuerit,
1110 1532 1306 1601 quibus
1350 1534 1786 1589 communionem
1816 1532 1948 1588 mihi

346 1624 670 1681 dominicam
700 1623 823 1681 ﬁdei
848 1636 1039 1682 vestrae
1068 1629 1287 1699 scriptis
1313 1627 1615 1695 miseratis;
1648 1641 1705 1685 et
1729 1630 1948 1700 quidam

351 1721 515 1776 etiam
546 1736 611 1775 ex
645 1721 799 1776 vobis
849 1721 917 1775 ad
948 1722 1211 1793 synodum
1233 1738 1352 1791 qua:
1379 1723 1431 1777 in
1458 1722 1707 1795 Bithynia
1746 1722 1822 1795 (ο)
1861 1722 1947 1778 fu-

2040 526 2178 581 quos
2211 512 2444 566 maxime
2471 512 2664 567 vellem
2695 512 2892 566 futuris
2936 508 3157 583 synodis
3188 509 3499 581 probabiles
3526 511 3642 565 elu-

2042 616 2190 665 cere,
2238 612 2591 674 nonpatcrer
2620 619 2729 657 uno
2767 612 2926 673 atque
2965 603 3156 659 eodem
3186 601 3495 671 apostolica:
3518 601 3640 657 fidei

2043 709 2202 751 sensu
2234 694 2307 768 (f)
2330 696 2596 753 catholica
2627 699 2946 762 sentientes,
2974 696 3150 768 aliqua
3177 694 3369 751 Saltem
3398 704 3427 751 a
3454 696 3643 753 cathoo

2042 788 2162 844 lica:
2187 788 2310 845 ﬁdei
2340 790 2673 857 sinceritate,
2707 790 2952 861 ignorata
3007 787 3297 845 verborum
3348 787 3640 860 opinione,

2044 882 2281 938 diﬁ‘erre.

2115 974 2168 1027 9.
2212 972 2555 1028 Orientalium
2602 974 2848 1029 adversus
2900 974 3081 1029 Sirmii
3110 975 3390 1047 formulam
3435 975 3641 1031 decreta

2046 1082 2138 1118 cur
2164 1066 2248 1118 hic
2274 1065 2458 1120 relata.
2491 1096 2562 1105 —
2608 1065 2679 1121 Et
2710 1066 2925 1138 quidem
2959 1077 3164 1123 rectum
3208 1085 3273 1123 ac
3316 1070 3644 1126 conveniens

2045 1160 2313 1226 existimo,
2333 1169 2532 1215 utante
2553 1176 2711 1231 quam
2739 1160 2806 1215 de
2835 1162 3119 1216 verborum
3153 1163 3548 1231 suspicionibus
3576 1178 3640 1218 ac

2045 1254 2481 1310 dissensionibus
2523 1255 2645 1310 ineo
2674 1262 2980 1328 sermonem
3000 1297 3013 1320 ,
3045 1268 3110 1310 ea
3141 1264 3258 1325 qua:
3285 1254 3353 1309 ab
3398 1256 3647 1311 Orienta-

2050 1346 2189 1402 libus
2215 1345 2484 1417 episcopis
2514 1340 2801 1402 adversum
2833 1347 3190 1418 conscriptam
3224 1348 3365 1417 apud
3387 1345 3647 1403 Sirmium

2049 1438 2300 1495 limi-esito
2327 1439 2469 1495 dicta
2496 1451 2550 1495 et
2575 1440 2867 1495 constituta
2886 1438 3015 1505 sint,
3048 1440 3228 1496 verbis
3255 1454 3413 1511 quam
3445 1440 3646 1510 possim

2046 1531 2463 1587 absoltttisslniis
2491 1532 2859 1588 demonstrem
2879 1544 3015 1587 :non
3033 1532 3174 1604 quod
3190 1547 3292 1587 non
3312 1533 3379 1589 ab
3391 1530 3513 1589 aliis
3530 1532 3651 1603 plu-

2048 1616 2636 1698 nisslmcmomuia
2655 1626 2797 1681 edita
2827 1625 2966 1692 sint;
2997 1625 3090 1682 sed
3123 1625 3261 1696 quod
3286 1626 3445 1698 (g)ex
3475 1630 3651 1697 grtec'o

2053 1720 2106 1774 in
2137 1720 2360 1775 latinum
2384 1721 2451 1775 ad
2481 1722 2701 1776 verbum
2728 1734 2990 1792 expressa
3032 1718 3313 1775 translatio
3339 1719 3497 1776 afl‘crt
3540 1721 3653 1791 plc-

358 1821 476 1867 tura
507 1812 783 1868 ridebatur
821 1810 986 1884 “3
1016 1815 1194 1881 acciti,
1226 1814 1530 1871 ﬁrmissima
1560 1815 1679 1872 ﬁdei
1708 1816 1791 1889 (ἀ)
1818 1831 1950 1873 eon-
1982 1804 2029 1862 Β
2054 1822 2281 1885 rumque
2317 1815 2721 1881 obscuritatem,
2754 1812 2880 1870 dum
2922 1814 3193 1871 custodita
3228 1813 3511 1871 rerborum
3542 1815 3653 1869 col-

345 1906 540 1960 stantia
608 1907 744 1960 intra
795 1908 1230 1962 communionem
1303 1923 1364 1963 se
1433 1924 1606 1964 meam
1666 1910 1949 1965 continen-

351 2009 453 2065 tes,
488 2015 518 2054 a
546 2000 761 2056 ezcteris
803 2008 957 2055 extra
1000 1999 1202 2056 Gallias
1243 2001 1615 2058 abstinerent:
1650 2013 1706 2059 et
1725 2002 1946 2074 dignum

349 2107 479 2148 sane
518 2101 637 2148 erat
661 2092 955 2164 episcopali
977 2094 1281 2149 ministerio
1308 2110 1373 2149 ac
1402 2109 1555 2160 voce,
1592 2096 1646 2149 in
1671 2104 1821 2149 tanto
1840 2095 1950 2149 lue-

352 2190 644 2241 reticorum
688 2186 902 2254 lurore,
949 2186 1125 2257 aliqua
1165 2188 1441 2243 vobiscum
1492 2204 1586 2258 per
1612 2187 1819 2243 litteras
1850 2188 1952 2257 piae

352 2280 477 2335 iidei
526 2277 751 2335 consilia
799 2278 1071 2335 conterre.
1122 2279 1239 2334 Non
1287 2280 1430 2335 enim
1464 2294 1584 2335 cum
1636 2280 1953 2351 corporibus

351 2371 552 2426 nostris
591 2370 866 2436 exsulans,
918 2369 1157 2427 vinctum
1198 2387 1259 2427 ac
1302 2372 1579 2427 detentum
1624 2388 1745 2428 esse
1777 2372 1953 2444 potuit

356 2462 446 2520 Dei
480 2466 726 2530 verbum,
763 2478 819 2519 ut
864 2481 970 2520 non
1013 2466 1407 2521 communicari
1445 2466 1725 2521 vobiscum
1772 2476 1953 2537 posset

352 2557 682 2628 ubicumque
705 2556 855 2627 (Viti.
889 2556 929 2609 t.
962 2572 994 2612 ι
1020 2555 1084 2611 de
1104 2556 1372 2623 Trinitats,
1397 2572 1449 2611 η.
1479 2555 1562 2629 4).
1586 2556 1691 2613 Sed
1722 2556 1955 2612 maxime

358 2662 487 2702 cum
513 2648 899 2719 comperissem
947 2647 1183 2720 synodos
1207 2646 1276 2721 (ε)
1311 2651 1360 2703 in
1391 2650 1601 2720 Ancyra
1642 2658 1802 2720 atque
1830 2648 1955 2704 Ari-

356 2743 505 2795 mino
524 2738 950 2812 congregandas,
985 2749 1039 2795 et
1076 2756 1107 2795 a
1148 2740 1377 2812 singulis
1410 2741 1701 2810 provinciis
1722 2741 1957 2798 Gallica-

357 2835 441 2888 nis
472 2833 626 2888 binos
655 2832 739 2887 rel
772 2832 1010 2903 singulos
1037 2848 1104 2888 eo
1129 2848 1252 2889 esse
1277 2843 1575 2899 venturos;
1609 2848 1697 2899 ea,
1726 2848 1848 2905 qua:
1876 2834 1959 2889 in-

357 2934 441 2982 ter
483 2940 581 2981 nos
610 2936 770 2996 atque
797 2925 1100 2982 Orientales
1137 2926 1422 2998 episcOpos
1463 2927 1666 2983 mutuis
1696 2927 1959 2996 suspicio-

359 3021 517 3076 nibus
545 3019 855 3077 detinentur
878 3061 894 3089 ,
930 3038 1022 3092 per
1060 3038 1182 3092 me,
1221 3023 1312 3094 qui
1354 3025 1405 3077 in
1443 3021 1678 3079 Orientis
1716 3021 1959 3094 partibus

358 3114 695 3180 eontinebar,
740 3116 1056 3185 exponenda
1098 3116 1277 3181 vobis,
1322 3115 1448 3173 licet
1468 3116 1578 3187 jam
1621 3116 1958 3185 scientibus,

2055 1906 2184 1961 latio
2213 1905 2460 1961 eamdem
2492 1906 2887 1961 absolutionem
2902 1920 3009 1961 non
3041 1912 3218 1976 potest
3246 1906 3315 1962 ad
3342 1904 3648 1978 intelligen-

2054 1999 2144 2053 tite
2172 1997 2571 2069 simplicitatem
2596 2006 2946 2054 conservare.

2128 2091 2215 2147 10.
2274 2090 2454 2146 Sirmii
2497 2091 2724 2161 formula
2764 2090 2890 2161 quid
2937 2098 3205 2147 tentatum.
3233 2120 3304 2133 —
3334 2090 3653 2148 Meministis

2058 2199 2289 2255 namque
2322 2184 2374 2238 in
2415 2199 2479 2240 ea
2521 2184 2634 2253 ipsa
2678 2184 2877 2255 scripta
2925 2184 3171 2255 proxime
3210 2185 3349 2255 apud
3398 2184 3657 2240 Sirmium

2058 2274 2388 2347 blasphemia
2418 2274 2468 2332 id
2498 2285 2761 2333 tentatum
2790 2292 2853 2332 ac
2878 2274 3179 2332 laboratum
3207 2276 3394 2343 fuisse,
3427 2279 3501 2333 uti
3529 2278 3657 2332 dum

2060 2362 2219 2426 Pater
2250 2385 2387 2426 unus
2414 2378 2470 2426 et
2497 2371 2646 2428 solus
2682 2371 2923 2425 omnium
2958 2371 3097 2426 Deus
3129 2369 3487 2440 praedicatur,
3520 2370 3662 2425 Deus

2059 2477 2184 2519 esse
2230 2463 2401 2519 Filius
2453 2474 2743 2534 negaretur
2775 2481 2787 2516 :
2818 2472 2871 2519 et
2899 2462 3026 2518 dum
3058 2463 3126 2519 de
3177 2461 3463 2519 liomousio
3494 2478 3556 2518 ac
3594 2461 3664 2519 de

2062 2556 2368 2611 immicusio
2422 2555 2587 2609 taceri
2633 2554 2962 2621 decernitur,
3005 2555 3058 2609 id
3105 2555 3379 2611 decretum
3434 2570 3577 2621 esse,
3608 2563 3666 2609 ut

2064 2654 2157 2701 aut
2179 2662 2244 2701 ex
2266 2646 2432 2701 nihilo
2461 2656 2518 2702 ut
2543 2656 2813 2713 creatura,
2844 2656 2936 2702 aut
2962 2662 3028 2703 ex
3055 2648 3160 2702 alia
3177 2648 3413 2703 essentia
3437 2657 3494 2702 ut
3529 2662 3664 2702 con-

2063 2741 2344 2810 sequentia
2375 2749 2783 2807 creaturarum,
2811 2749 2866 2795 et
2913 2750 3020 2795 non
3066 2750 3133 2797 ex
3166 2738 3279 2795 Deo
3328 2740 3489 2795 Patre
3519 2738 3663 2795 Deus

2072 2830 2247 2888 Filius
2279 2841 2436 2887 natus
2476 2830 2908 2889 conﬁrmaretur.
2942 2832 3075 2888 Tum
3119 2842 3279 2904 porro
3309 2834 3362 2888 in
3399 2849 3496 2900 eo,
3524 2833 3667 2903 quod

2068 2920 2296 2991 honore,
2328 2925 2623 2996 dignitate,
2650 2927 2916 2994 claritate,
2971 2927 3254 2997 majestate
3298 2927 3457 2984 Pater
3498 2927 3672 2997 major

2068 3019 2345 3073 diceretur
2368 3059 2381 3081 ,
2413 3017 2465 3072 id
2495 3033 2617 3073 esse
2648 3020 2932 3089 qumsitum
2954 3060 2968 3085 ,
2991 3025 3051 3073 ut
3078 3017 3248 3074 Filius
3272 3018 3357 3075 his
3383 3019 3670 3088 omnibus,

2066 3111 2263 3181 quibus
2309 3110 2468 3166 Pater
2504 3110 2678 3181 major
2730 3116 2846 3175 est,
2878 3112 3165 3182 indigeret.
3216 3110 3500 3168 Postremo
3542 3110 3672 3167 dum

361 3219 525 3277 atque
544 3209 752 3263 edenda
782 3208 1084 3264 existimavi
1118 3227 1132 3265 :
1164 3217 1221 3263 ut
1242 3224 1362 3264 cum
1418 3211 1554 3265 hanc
1603 3220 1967 3283 prorumpen-
1996 3196 2041 3259 C
2076 3205 2389 3277 ignorabilis
2418 3205 2666 3260 nativitas
2696 3206 2814 3275 ejus
2844 3204 3127 3272 asseritur,
3163 3221 3258 3276 per
3288 3206 3392 3262 hoc
3423 3207 3677 3277 ignoran-

364 3308 473 3354 tem
499 3317 527 3359 ιι
559 3300 758 3355 Sirmio
791 3302 1037 3356 lncresiin
1071 3310 1122 3357 et
1154 3319 1248 3357 vos
1276 3302 1761 3370 condemnassetis,
1794 3316 1848 3360 et
1886 3305 1963 3360 illi

365 3407 487 3446 cum
526 3395 867 3449 anathemate
890 3392 1240 3463 judicassent,
1276 3396 1486 3451 sciretis
1514 3407 1693 3452 tamen
1724 3398 1775 3452 in
1808 3398 1971 3467 cujus

368 3484 492 3539 iidei
525 3485 859 3555 professione
881 3486 931 3540 id
954 3488 1150 3555 ipsum,
1174 3484 1315 3558 quod
1344 3502 1439 3543 vos
1466 3488 1779 3560 gesseratis,
1802 3491 1969 3545 etiam

446 3637 524 3711 (ιι)
555 3639 716 3712 Editi.
750 3640 988 3694 vitiosum
1019 3640 1447 3712 :rciragantibus
1474 3658 1601 3699 mss.
1630 3642 1805 3699 Verba
1832 3643 1967 3710 lucc,

372 3713 419 3765 si
449 3710 570 3780 quid
597 3710 772 3786 vitiose
801 3713 983 3786 inesse,
1034 3710 1242 3767 necnon
1291 3715 1630 3768 internuntius
1676 3728 1931 3786 suntipse
1952 3755 1971 3782 ,

374 3800 474 3835 non
500 3782 733 3835 conditor
756 3797 773 3835 :
793 3784 837 3836 si
856 3784 978 3852 quid
1001 3799 1116 3837 vero
1136 3794 1352 3850 rectum,
1380 3796 1511 3851 ctc.,
1542 3789 1593 3840 in
1625 3782 1975 3854 ipsasoricn-

379 3856 563 3907 talium
597 3855 853 3927 iormulas
882 3855 1099 3919 cadunt,
1132 3870 1238 3909 non
1272 3857 1326 3910 in
1355 3872 1537 3911 earum
1573 3857 1979 3927 interpretatio-

383 3940 511 4000 nos;
545 3933 777 4000 suntque
810 3925 1072 3993 timentis,
1106 3943 1173 3981 ne
1194 3943 1327 3998 quas
1362 3929 1585 4000 benigne
1612 3925 1852 3994 excusat,
1874 3943 1975 3999 ap-

376 3998 609 4067 probare
637 3998 897 4051 videatur.

451 4086 817 4163 (biAdtlimus
862 4103 925 4163 ex
975 4104 1103 4145 mss.
1135 4096 1190 4145 et
1237 4089 1377 4154 Mira,
1405 4092 1754 4163 prwscriptum
1779 4108 1797 4147 :
1825 4093 1969 4163 quod

379 4160 435 4214 in
463 4162 585 4213 aliis
614 4160 770 4213 editis
800 4162 1059 4215 omissum
1103 4170 1238 4216 erat.
1289 4160 1539 4219 Proxime
1594 4160 1868 4228 Hilarius,
1917 4175 1976 4219 ut

372 4233 489 4306 jam
520 4231 882 4306 observatum,
918 4247 1015 4306 pru
1038 4234 1207 4287 lenter
1260 4236 1493 4306 reticens
1521 4232 1648 4306 quid
1677 4237 1744 4291 de
1782 4234 1977 4291 Orien-

381 4301 564 4377 talium
595 4303 698 4377 {ide
726 4301 839 4377 ipse
869 4305 1115 4367 sentiret,
1144 4320 1261 4358 eam
1284 4306 1445 4359 etiam
1473 4301 1782 4363 btcrcticam
1814 4322 1978 4377 posse

381 4372 617 4444 judicari
646 4390 749 4427 non
779 4373 1053 4429 dillitctur.

456 4444 530 4516 (ε)
564 4445 887 4498 Νινιιιιιεόιιρ
924 4445 1198 4509 videlicet,
1234 4448 1319 4502 ubi
1346 4458 1560 4516 promer
1583 4458 1739 4504 terra:
1769 4461 1977 4505 motum

382 4533 491 4591 quo
505 4518 617 4591 lucc
633 4519 776 4591 urbs
792 4518 878 4570 die
898 4517 969 4571 24
994 4520 1213 4586 Augusti
1253 4536 1342 4573 an.
1366 4519 1471 4575 ’558
1493 4518 1747 4591 concidit,
1774 4523 1981 4591 nequiit

382 4588 669 4651 celebrari,
703 4590 775 4640 uti
814 4602 1032 4642 narrant
1060 4591 1331 4656 Socrates,
1373 4592 1464 4646 lib.
1498 4607 1556 4657 ιι,
1590 4607 1640 4646 e.
1672 4588 1762 4657 57,
1794 4588 1983 4650 et‘So—

387 4674 669 4724 ltililCﬂliS,
697 4660 790 4713 lib.
824 4675 895 4721 tv,
929 4674 978 4715 c.
1021 4659 1102 4715 16.

466 4747 546 4821 (d)
579 4749 767 4823 Plures
796 4767 952 4814 mss.,
993 4750 1088 4806 sed
1117 4766 1221 4806 non
1248 4752 1506 4823 potiores,
1536 4757 1869 4811 conscientia.
1902 4757 1983 4812 Ex

392 4820 485 4897 iis,
505 4838 624 4891 qua:
657 4822 739 4897 hic
767 4822 954 4897 scribit
980 4820 1695 4897 llilarius,'coniiciquidam
1744 4838 1930 4897 putant
1961 4869 1976 4894 ,

388 4894 673 4963 episcopos
701 4892 1007 4966 Gallicanos
1027 4894 1093 4947 ad
1114 4897 1377 4966 synodum
1402 4892 1866 4953 Nicomedien'sem
1887 4892 1982 4955 ae-

388 4968 547 5041 citos,
577 4967 685 5032 jam
728 4964 792 5041 ad
837 4964 1221 5036 ipsummet’in
1256 4967 1540 5041 Phrygiam
1576 4986 1742 5039 usque
1786 4986 1982 5041 perre-

391 5037 561 5115 ηἱδερ,
584 5049 705 5088 cum
728 5036 831 5089 hoc
848 5053 981 5115 (ιριιέ
1012 5052 1294 5115 aggressus
1322 5036 1425 5094 est;
1454 5039 1521 5093 At
1546 5036 1979 5115 tion'tiecé‘iria

392 5116 476 5181 est
505 5107 620 5159 haec
654 5107 985 5181 consecutio.
1020 5110 1157 5173 Quid
1186 5113 1326 5164 enim
1375 5122 1539 5176 vetat,
1572 5107 1869 5181 quoruinu?
1890 5127 1989 5167 eos

396 5180 535 5230 intra
568 5192 719 5231 suam
768 5179 937 5249 ipsius
977 5184 1410 5235 communienem
1451 5196 1508 5235 se
1537 5179 1881 5238 continentes
1920 5197 1990 5237 eo

396 5263 563 5321 sensu
596 5264 737 5303 nunc
765 5248 931 5315 dicat,
952 5265 1060 5320 quo
1089 5255 1356 5321 superius,
1390 5266 1533 5306 num.
1576 5254 1631 5319 2,
1666 5254 1826 5318 dixit,
1857 5255 1985 5310 Gal-

397 5318 591 5397 barum
624 5320 907 5397 episcopos
935 5318 1246 5397 sibiiide'ac
1269 5324 1459 5397 spiritu
1484 5318 1779 5393 cohzrrere,
1810 5337 1859 5380 et
1883 5340 1997 5397 quo

396 5391 618 5446 eosdem
639 5462 650 5468 _
673 5404 822 5445 nunt.
868 5392 904 5447 6
935 5394 1184 5460 laudavit,
1213 5391 1355 5464 quod
1383 5395 1465 5468 in_
1491 5391 1772 5468 proposito
1797 5391 1997 5468 persis-

397 5470 575 5516 terent
602 5462 671 5517 ab
709 5479 896 5519 eorum
924 5479 984 5519 se
1013 5462 1393 5520 communione
1422 5462 1744 5532 abstinendi,
1768 5462 1857 5577 qui
1880 5471 2003 5539 epi-

399 5548 596 5577 scnnns
626 5535 815 5577 Inprugi
845 5534 1192 5577 nilcpreniitpe
1234 5537 1284 5577 in
1317 5537 1477 5577 mcilin
1514 5539 1759 5577 .hnimmr
1840 5540 1992 5577 num!

399 5548 596 5602 scopas
622 5535 817 5609 ΔΙιιειορξὶ
845 5534 1192 5609 adversantes
1232 5537 1284 5590 in
1317 5537 1477 5591 exilio
1514 5534 1801 5593 detinent“?
1840 5534 1995 5609 Quod

396 5620 532 5680 sane
560 5606 720 5680 etiam
753 5606 1209 5680 Galliarmnliues
1234 5618 1341 5663 non
1372 5610 1605 5677 egressis
1632 5606 1892 5680 praestare
1915 5614 1999 5666 eis

400 5676 587 5751 licuitL
742 5672 997 5751 quidquid
1019 5678 1111 5743 sit,
1141 5679 1219 5735 illi
1249 5681 1318 5734 ab
1357 5672 1743 5751 episcopis-qui
1773 5697 1877 5737 non
1905 5694 1998 5738 es»

399 5755 523 5800 sent
548 5745 685 5825 Galli
714 5745 1111 5825 abstinuerunt,
1138 5759 1198 5807 ut
1223 5745 1445 5809 decreto
1463 5745 1739 5823 superuis,
1756 5768 1907 5811 num.
1936 5752 1998 5823 4,

401 5822 704 5876 memorato
730 5822 1022 5890 pareretit.i
1344 5869 1355 5875 .

2080 3301 2171 3357 tite
2200 3299 2472 3355 decretum
2495 3338 2511 3363 ,
2547 3298 2754 3353 nescire
2778 3297 2920 3368 quod
2967 3313 3033 3351 ex
3079 3297 3192 3352 Deo
3222 3296 3293 3351 sit
3323 3297 3673 3368 juberemur:

2084 3390 2308 3462 perinde
2344 3391 2497 3461 quasi
2548 3389 2725 3460 juberi
2766 3388 3095 3460 decernique
3124 3389 3317 3459 possit,
3346 3400 3403 3443 ut
3444 3388 3563 3460 quis
3589 3397 3682 3444 aut

2084 3485 2225 3558 quod
2255 3483 2598 3556 ignoraturus
2629 3482 2700 3537 sit
2740 3482 2895 3550 sciat,
2936 3489 3029 3537 aut
3057 3480 3200 3553 quod
3222 3482 3408 3537 scierit
3446 3478 3679 3552 ignoret.

2157 3639 2225 3714 (ε)
2263 3640 2515 3714 Abestiu
2557 3653 2584 3692 a
2620 3654 2749 3714 mss.
2784 3636 2941 3714 Solus
2965 3637 3202 3695 Hilarius
3232 3639 3471 3714 meminit
3495 3638 3679 3714 Ancy.

2090 3707 2225 3776 rant,
2259 3722 2379 3780 post
2409 3707 2733 3781 Nicomedie
2769 3710 3013 3773 cladem,
3059 3710 3450 3779 congreganda:
3475 3707 3685 3781 synodo

2086 3784 2257 3839 fuisse
2286 3783 2642 3851 designatum.
2685 3780 2801 3834 Non
2832 3791 3092 3851 repugnat
3123 3788 3302 3835 tunen
3324 3780 3681 3851 Suzoniettus,

2086 3852 2181 3911 ιιι).
2215 3870 2285 3916 ιγ,
2312 3870 2360 3908 c.
2399 3850 2486 3916 iii,
2521 3851 2609 3905 ubi
2641 3851 2806 3905 refert
2843 3850 2987 3905 varia
3010 3866 3039 3904 a
3082 3852 3315 3905 diversis
3344 3850 3461 3906 loca
3487 3852 3554 3906 ad
3583 3852 3687 3909 hoc

2088 3925 2256 3980 fuisse.
2284 3923 2576 3995 pt'ppositzt:
2608 3916 2793 3991 Neque
2813 3922 3058 3995 alienum
3086 3932 3201 3977 erat
3228 3923 3297 3976 ab
3344 3922 3559 3992 ingenio
3586 3925 3688 3978 Ba-

2091 3995 2218 4061 silii,
2249 3988 2334 4049 eiii
2359 3988 2518 4063 liujus
2540 3988 2617 4047 rei
2645 3988 2769 4064 cura
2794 3992 3120 4049 demandata
3145 4004 3282 4059 erat,
3318 3999 3376 4047 ut
3397 3988 3512 4064 ipse
3547 3996 3685 4052 civi-

2093 4058 2257 4122 tatem
2287 4064 2375 4121 cui
2423 4058 2650 4136 praeerat
2698 4058 2940 4134 eligeret.
2991 4064 3126 4120 illud
3156 4058 3370 4135 quoque
3415 4058 3693 4136 singulare

2092 4147 2179 4195 est
2210 4138 2349 4208 quod
2377 4132 2474 4204 ait,
2502 4132 2711 4205 aliquos
2740 4132 3018 4191 dumtaxat
3044 4152 3075 4191 e
3124 4132 3350 4207 singulis
3398 4132 3689 4206 provinciis

2088 4207 2393 4278 Ariminum
2441 4218 2494 4262 et
2541 4211 2813 4278 Ancyram
2860 4222 2983 4263 esse
3020 4215 3292 4263 venturos.
3355 4207 3691 4264 Sozomcnus

2092 4282 2237 4335 enim
2268 4274 2370 4335 etsi
2393 4274 2966 4350 tneniorat,lib.iv,c.
2993 4279 3081 4344 lo,
3111 4281 3436 4350 episeopose
3451 4280 3694 4349 qualibet

2087 4364 2251 4423 gente
2278 4352 2507 4407 selectos
2552 4347 2919 4423 Nicomediam
2950 4347 3246 4423 accersitos
3276 4347 3439 4406 fuisse
3453 4347 3483 4418 ,⁷
3500 4364 3556 4406 ιιι
3585 4353 3691 4407 vice

2089 4421 2320 4478 euntium
2347 4423 2626 4494 prouincia:
2649 4437 2759 4475 suae
2786 4422 3142 4494 episcoporum
3171 4421 3223 4475 in
3250 4424 3468 4476 concilio
3491 4425 3691 4479 reside-

2086 4507 2222 4568 rent,
2279 4505 2324 4549 et
2348 4492 2593 4568 judicio
2612 4493 2909 4568 interessent
2944 4509 2963 4548 :
2991 4492 3401 4568 ibitlett_t__t.'_\mcn
3430 4497 3585 4568 testis
3609 4502 3695 4568 est

2010 4579 2065 4642 1)
2091 4564 2512 4642 Imperatorem,
2547 4565 2635 4619 ubi
2660 4564 2972 4642 mutandum
2999 4564 3215 4642 concilii
3250 4565 3425 4642 locum
3450 4566 3693 4642 rescivit,

2095 4634 2387 4693 mandasse
2417 4647 2477 4692 ut
2524 4652 2629 4690 non
2658 4635 2767 4704 jam
2795 4652 2860 4690 ex
2890 4636 3114 4705 singulis
3140 4635 3434 4705 provinciis
3465 4636 3695 4707 singuli,

2093 4711 2190 4765 Sed
2220 4726 2410 4764 omnes
2431 4719 2694 4779 quotquot
2724 4710 2968 4763 valerent
2991 4717 3445 4764 convocareutur.

2170 4804 2243 4877 (θ
2274 4806 2496 4876 Aliqum
2520 4818 2652 4858 mss.
2685 4802 2955 4856 catholica.

2169 4897 2247 4968 lg)
2279 4894 2546 4951 Baronius
2596 4893 2663 4949 ad
2708 4912 2810 4968 an.~
2840 4892 2969 4968 357,
3000 4888 3177 4968 mil,
3201 4894 3362 4968 falso
3391 4892 3694 4968 existimat,

2097 4938 2328 5023 inec-Had
2376 4968 2743 5037 blasphemam
2789 4938 3099 5022 Sirmiensis
3144 4938 3264 5021 dilui
3307 4938 3694 5037 professionem

2099 5040 2381 5094 referenda
2404 5036 2522 5093 csse
2548 5057 2559 5091 :
2595 5052 2755 5107 atque
2774 5037 2896 5092 inde
2922 5050 3199 5107 perperam
3217 5036 3508 5104 concludit,
3530 5048 3586 5092 ῐι.
3612 5036 3699 5104 l3,

2103 5109 2362 5164 Hilarium
2395 5112 2445 5164 in
2477 5124 2785 5180 germanam
2818 5107 3091 5179 praedicta:
3127 5109 3482 5165 Confesslonis
3509 5108 3703 5180 editio-

2104 5192 2379 5251 nein.qn:e
2403 5179 2566 5236 latine
2594 5182 2901 5250 conscripta
2918 5182 3039 5248 fuit,
3059 5190 3395 5252 nequaquam
3422 5179 3702 5252 incidisse,

2107 5254 2202 5307 sed
2234 5250 2286 5306 in
2309 5264 2559 5323 graecam.
2587 5252 2717 5323 Quis
2740 5253 2882 5305 enim
2916 5266 3022 5306 non
3056 5250 3218 5318 videt,
3244 5250 3359 5306 iure
3387 5250 3706 5323 deiisdicta

2107 5339 2231 5379 esse
2260 5321 2380 5394 qum
2408 5321 2716 5378 Orientales
2747 5323 2972 5394 Aiiryrm
3002 5324 3377 5394 Constituorint
3399 5321 3423 5375 ?
3446 5321 3555 5378 Sed
3598 5334 3706 5377 ma-

2109 5396 2193 5465 gis
2216 5392 2563 5464 stupendum,
2596 5392 2873 5464 quomodo
2907 5409 2969 5448 ex
3011 5395 3111 5450 hoc
3159 5393 3279 5449 lOCO
3308 5394 3480 5464 decipi
3509 5400 3705 5465 potue-

2112 5464 2220 5520 rint
2250 5468 2526 5533 Erasmus,
2550 5465 2821 5521 Scultetns
2850 5477 3008 5536 atque
3038 5465 3385 5536 Giilotius,rut
3406 5474 3575 5521 totum
3605 5464 3708 5520 hoc

2112 5550 2251 5606 opus
2277 5553 2304 5591 a
2336 5536 2539 5593 Grzccis
2562 5537 2762 5591 editum
2782 5577 2797 5606 ,
2821 5548 2873 5591 et
2899 5534 2967 5591 an
2996 5534 3199 5591 Hilario
3235 5535 3401 5592 latine
3431 5538 3709 5591 dumtaxat

2113 5577 2730 5678 dbuiit‘innlpu‘iii’v‘eiint.
2762 5577 2857 5663 liic
2884 5608 3068 5680 mirari
3098 5608 3246 5662 Subit
3287 5577 3630 5680 antiquorum
3651 5609 3707 5662 in

2115 5679 2504 5751 transferendis
2535 5693 2566 5735 e
2594 5692 2772 5750 εγωεο
2802 5680 2855 5751 in
2883 5679 3106 5733 latinum
3133 5680 3347 5751 scriptis
3370 5679 3710 5751 religionem.

2122 5750 2217 5806 Vix
2243 5750 2510 5816 ehim,uti
2548 5746 2977 5821 pfmmonuimus
3004 5792 3018 5817 ,
3048 5749 3221 5821 magis
3245 5746 3317 5805 'ad
3358 5746 3584 5809 verbum
3615 5764 3714 5808 ex-

2118 5823 2280 5893 primi
2307 5833 2506 5896 queant
2532 5829 2821 5896 sequentes
2852 5821 3038 5881 Hilarii
3064 5823 3364 5882 versiones.
