4286 6264
629 299 735 357 487

1840 283 2089 343 SANCTI
2128 280 2391 340 HILARII
2429 278 2735 339 EPISCOI’I

3836 274 3943 334 488

631 414 812 485 Ipsam
840 419 1018 469 autem
1055 425 1120 466 ex
1161 405 1335 464 solido
1365 402 1697 476 impiissima:
1735 400 2087 471 blasphemia:
2114 413 2239 470 pes-
2263 400 2321 462 Α
2343 398 2545 455 debere
2574 395 2851 469 praedicari
2879 410 2894 463 ;
2942 394 3069 468 quia
3095 393 3212 466 ipse
3237 393 3498 451 Dominus
3540 392 3708 450 dixit:
3754 392 3850 448 Ibo
3878 395 3949 449 ad

642 513 751 562 tem
782 505 980 559 invitus
1003 503 1127 557 licet
1149 498 1365 555 subdidi
1389 540 1405 565 ,
1437 507 1494 552 ut
1523 493 1596 567 (a)
1637 494 2052 565 reSponsionum
2080 535 2094 557 ,
2121 508 2242 562 qua:

552 638 563 645 -
640 614 672 655 e
695 598 911 654 diverso
940 594 1009 649 ab
1036 589 1401 649 Orientalibus
1432 588 1622 659 posita:
1649 594 1814 653 sunt,
1855 584 2158 639 absolutius
2188 590 2243 638 et

640 693 811 747 virtus
838 698 894 745 et
934 686 1074 742 ratio
1102 692 1444 751 nosceretur,
1474 681 1669 754 quibus
1701 680 1777 753 (ὁ)
1805 678 1967 735 studii
1996 678 2137 745 fuit,
2185 688 2243 733 ut

642 781 936 839 secundum
967 777 1335 850 intelligentia:
1374 791 1487 831 suae
1515 789 1737 831 sensum
1767 772 2017 829 onmibus
2064 770 2242 828 hatre-

643 879 872 936 ticorum
908 876 1113 932 artibus
1140 872 1495 932 contrairent.

645 1011 719 1086 (ε)
748 1010 1058 1083 Exemplum
1086 1008 1432 1081 Blasphemt’tc
1459 1005 1614 1079 Apud
1660 1003 1910 1061 Sirmium
1949 1018 2039 1074 per
2067 1001 2247 1057 Osium

904 1113 951 1159 et
980 1102 1271 1158 Potamium
1291 1100 1597 1171 conscripta:
1626 1096 1789 1171 (anno
1812 1097 1966 1169 557).

721 1239 809 1295 ll.
842 1237 1011 1293 Deum
1040 1253 1148 1293 esse
1175 1253 1354 1291 unum.
1403 1234 1720 1291 Substantia:
1758 1248 1926 1289 vocem
1959 1235 2245 1289 tacendum.

651 1331 863 1391 Patrem
877 1332 1016 1388 Filio
1041 1348 1148 1389 esse
1167 1333 1436 1402 majorem.
1452 1359 1523 1371 --
1541 1346 1560 1381 ι
1587 1328 1722 1385 Cum
1742 1329 1999 1385 nonnulla
2029 1337 2243 1399 putare-

651 1438 741 1485 tur
766 1442 888 1484 esse
917 1426 985 1482 de
1011 1425 1116 1481 fide
1156 1422 1321 1497 565
1349 1423 1673 1494 disceptatio
1693 1462 1707 1487 ,
1754 1421 2043 1492 diligenter
2069 1419 2247 1475 omnia

650 1522 793 1595 apud
823 1520 1076 1579 Sirmium
1108 1527 1331 1574 tractata
1356 1526 1483 1573 sunt
1507 1525 1562 1572 et
1581 1515 1857 1581 discussa,
1890 1513 2247 1585 praesentibus

651 1614 1009 1675 sanctissimis
1036 1611 1289 1668 fratribus
1317 1619 1374 1667 et
1393 1609 1730 1680 coepiscopis
1752 1607 1973 1675 nostris,
1996 1607 2242 1674 Valente,

654 1709 877 1777 Ursacio
915 1715 973 1764 et
1022 1704 1299 1763 Germinio
1341 1702 1444 1776 (ά).
1491 1701 1667 1759 Unum
1700 1700 1774 1774 (ε)
1826 1707 2039 1757 constat
2087 1701 2252 1756 Deum

654 1815 776 1858 esse
801 1798 1228 1869 omnipotentem
1261 1795 1329 1867 (Ι)
1360 1804 1416 1850 et
1441 1803 1647 1866 patrem
1674 1836 1688 1857 ,
1735 1795 1873 1849 sicut
1899 1808 1998 1865 per
2035 1792 2257 1849 univer—

2346 509 2546 569 patrem
2563 512 2735 553 meum
2770 504 2817 551 et
2842 494 2911 549 ad
2926 503 3125 568 patrem
3151 501 3394 557 vestrum,
3422 491 3491 546 ad
3515 492 3677 547 Deum
3706 509 3875 548 meum
3900 502 3950 547 et

2354 591 2423 646 ad
2448 589 2615 645 Deum
2640 598 2861 644 uestrum
2882 585 3061 660 (Joan.
3086 601 3180 652 xx,
3204 584 3320 657 17).
3372 584 3500 641 Ideo
3528 585 3770 642 omnium
3799 584 3947 642 Deus

2357 685 2435 757 (g)
2468 700 2603 741 unus
2629 694 2712 740 est
2737 724 2751 750 ,
2781 682 2921 739 sicut
2947 679 3238 752 Apostolus
3261 677 3467 735 docuit.
3516 680 3599 734 An
3636 676 3949 735 Judteorum

2346 779 2486 834 Deus
2522 776 2771 834 tantum?
2840 791 3010 831 nonne
3065 784 3112 829 et
3160 773 3432 845 gentium?
3481 772 3597 829 Imo
3621 783 3669 829 et
3697 774 3946 846 gentium.

2350 870 2606 937 Quoniam
2631 869 2838 938 quidem
2864 882 2994 921 unus
3018 863 3160 921 Deus
3182 909 3197 933 ,
3235 866 3323 936 qui
3357 864 3435 939 (It)
3454 866 3714 939 justiﬁcat
3731 868 3953 922 cireum-

2350 964 2594 1018 cisionem
2614 977 2677 1017 ea:
2696 962 2819 1032 ﬁde,
2837 971 2886 1016 et
2911 960 3222 1030 prwputium
3239 976 3327 1031 per
3347 959 3502 1031 ﬁdem
3529 959 3706 1033 (Rom.
3738 976 3818 1027 nt,
3854 961 3947 1031 29,

2351 1055 2423 1113 30
2444 1054 2486 1127 ).
2536 1055 2641 1111 Sed
2687 1063 2745 1110 et
2785 1064 2981 1110 caetera
3032 1062 3440 1120 convenerunt,
3486 1067 3587 1110 nec
3638 1053 3802 1109 ullam
3849 1052 3949 1109 lia-

2353 1150 2482 1207 bere
2522 1156 2817 1221 potuerunt
2840 1147 3273 1218 discrepantiam.
3319 1147 3473 1216 Quod
3513 1162 3639 1204 vero
3677 1144 3744 1220 (i)
3784 1163 3951 1219 quos-

2354 1239 2479 1295 dam
2520 1249 2613 1295 aut
2640 1239 2840 1295 multos
2881 1240 3133 1296 movebat
3162 1239 3231 1296 de
3256 1239 3555 1296 substantia
3581 1281 3597 1307 ,
3626 1256 3746 1311 qua:
3773 1255 3952 1312 graece

2359 1334 2474 1388 usia
2499 1332 2825 1404 appellatur,
2854 1332 2905 1387 id
2936 1340 3019 1388 est
3059 1329 3079 1404 (
3105 1340 3165 1387 ut
3194 1332 3510 1403 expressius
3538 1332 3907 1405 intelligatur)
3933 1373 3951 1402 ,

2359 1425 2706 1490 homousion,
2741 1423 2813 1499 (j)
2842 1433 2932 1480 aut
2961 1425 3105 1495 quod
3128 1424 3328 1480 dicitur
3356 1424 3716 1491 homteusion,
3747 1425 3953 1482 nullam

2357 1518 2579 1575 omnino
2608 1518 2727 1575 fieri
2777 1525 3030 1588 oportere
3068 1516 3441 1585 mentionem;
3491 1532 3592 1573 nec
3627 1532 3954 1591 quemquam

2359 1611 2657 1683 praedicare
2688 1609 2764 1682 (k)
2793 1625 2854 1665 ea
2892 1610 2961 1666 de
2990 1624 3148 1665 causa
3180 1620 3236 1666 et
3262 1609 3469 1667 ratione
3492 1609 3636 1682 quod
3666 1625 3769 1667 nec
3796 1612 3851 1666 in
3872 1611 3958 1667 di-

2360 1704 2501 1759 vinis
2531 1703 2825 1774 Seripturis
2855 1704 3196 1759 contineatur
3215 1745 3230 1771 ,
3276 1711 3332 1758 et
3358 1702 3501 1774 quod
3527 1717 3692 1775 super
3720 1700 3957 1758 hominis

2362 1797 2641 1854 scientiam
2677 1798 2782 1863 sit,
2833 1812 2936 1853 nec
2964 1797 3248 1868 quisquam
3278 1796 3447 1866 possit
3473 1796 3804 1852 nativitatem
3833 1795 3959 1852 Filii

557 1964 560 1967 λ
654 1911 775 1952 sum
804 1895 990 1951 orbem
1018 1891 1289 1949 creditur:
1338 1899 1393 1945 et
1436 1890 1654 1945 unicum
1697 1888 1867 1946 ﬁlium
1911 1890 2030 1960 ejus
2068 1888 2255 1947 Jesum
2283 1858 2335 1921 Β
2361 1905 2652 1959 enarrare,
2694 1892 2763 1946 de
2795 1905 2903 1962 quo
2931 1889 3202 1960 Scriptum
3251 1898 3368 1959 est,
3416 1888 3810 1946 Generationem
3847 1890 3959 1962 ejus

656 1988 933 2046 Christum
984 1986 1270 2043 Dominum
1316 1982 1638 2039 salvatorem
1687 1990 1973 2050 nostrum,
2025 1998 2093 2039 ex
2139 1984 2257 2055 ipso

658 2089 787 2138 ante
813 2078 1009 2137 saecula
1034 2078 1296 2150 genitum.
1328 2076 1474 2131 Duos
1503 2082 1683 2130 autem
1704 2073 1837 2130 deos
1856 2089 1958 2130 nec
1978 2088 2137 2145 posse
2157 2091 2259 2134 nec

773 2245 851 2314 (a)
884 2238 1284 2314 Responsiones
1312 2237 1719 2314 Ancyranorum
1745 2232 1965 2289 Patrum
1986 2249 2094 2314 non
2136 2243 2264 2289 sunt

661 2305 882 2385 quidem
936 2305 1133 2385 pe'r_se
1185 2308 1358 2385 primo
1415 2305 1607 2385 posita:
1651 2305 1910 2385 adversus
1958 2306 2258 2385 subjectum

661 2375 1010 2445 Sirmiensem
1042 2375 1351 2447 formulam,
1383 2375 1478 2433 sed
1510 2376 1769 2432 adversus
1796 2375 2256 2441 Eudoxii,'Acacii

663 2460 1002 2526 aliorumque
1025 2451 1456 2526 Aetiifautorum
1470 2448 2257 2526 _At_t_tioebiae_congregatorum

663 2518 965 2586 sententias
995 2535 1051 2581 et
1078 2524 1260 2590 verba,
1288 2536 1408 2592 qua:
1435 2520 1504 2575 ab
1538 2518 1862 2592 Epiphanio,
1894 2518 2027 2592 liter.
2054 2535 2218 2592 Lxxm
2241 2561 2258 2588 ,

664 2617 720 2656 η.
749 2600 844 2667 21,
876 2596 1277 2667 describuntur.
1307 2589 1461 2667 :Quia
1499 2600 1676 2667 tamen
1706 2592 1759 2645 in
1787 2589 1869 2646 his
1888 2590 2174 2667 _Eudoxius
2200 2605 2262 2647 ac

661 2671 797 2727 socii
831 2662 974 2725 ’cum
1042 2664 1321 2724 Sirmiensi
1367 2662 1593 2717 lormula
1648 2663 2051 2732 congruebant,
2102 2672 2263 2732 atque

664 2742 811 2798 illius
840 2749 1118 2797 auctorum
1146 2734 1395 2806 exemplo
1425 2735 1695 2803 provocati
1726 2733 1795 2806 ad
1821 2735 1961 2806 eain
1987 2733 2260 2803 publicum

665 2812 994 2885 proferenda
1022 2814 1260 2885 animum
1291 2804 1635 2885 adiecerant;
1667 2804 2118 2885 eademdecreta,
2138 2819 2263 2876 quae

665 2877 926 2941 adversus
956 2880 1182 2938 Eudoxii
1215 2888 1270 2933 et
1298 2877 1627 2932 asseclarum
1654 2877 1949 2946 sententias
1976 2891 2071 2946 per
2088 2890 2150 2931 se
2174 2891 2262 2944 po-

668 2956 772 3011 sita
799 2964 949 3023 sunt,
980 2968 1087 3007 non
1118 2949 1340 3023 dubium
1366 2956 1454 3006 est
1505 2946 1677 3019 posita
1706 2961 1828 3003 esse
1861 2945 2121 3002 adversus
2151 2946 2266 3005 Sir-

667 3022 939 3082 miensem
956 3022 1368 3093 blasphemiam.
1471 3091 1502 3093 ﬂ
1722 3075 1729 3079 .

740 3095 815 3169 (b)
843 3089 1106 3169 Expressa
1132 3099 1217 3169 est
1237 3091 1324 3147 hic
1358 3092 1413 3146 in
1437 3091 1642 3162 aliquot
1662 3104 1793 3147 mss.
1825 3089 2016 3145 vocula
2044 3090 2118 3158 id,
2143 3105 2265 3161 qua:

669 3169 723 3225 in
758 3166 1057 3225 notioribus
1083 3166 1357 3220 reticetur.

794 3184 1057 3222 OHOI'IDUS
1083 3184 1357 3220 I'CIICBIUI'.

740 3184 815 3313 (ἓ)
849 3237 1088 3313 Titulum
1119 3236 1271 3313 hunc
1294 3235 1361 3313 ab
1387 3235 1506 3304 ipso
1536 3231 1741 3313 Hilario
1770 3231 2069 3313 praefixum,
2125 3231 2261 3288 nihil

669 3305 761 3369 est
789 3305 887 3366 cur
927 3309 1065 3378 apud
1104 3305 1456 3378 Athanasium
1484 3313 1561 3378 etA
1582 3305 1860 3378 Socratem
1902 3305 2260 3378 requiramus.

2363 1985 2480 2059 quis
2502 1986 2762 2040 enarrabit
2802 1984 2824 2059 (
2847 1985 2994 2040 Esai.
3020 1989 3134 2051 Lni,
3162 1984 3197 2040 8
3223 1982 3242 2055 )
3264 1983 3291 2038 7?
3321 1983 3473 2040 Scire
3501 1994 3680 2041 autem
3703 1982 3965 2040 manifeso

2368 2091 2479 2136 tum
2506 2088 2588 2137 est
2616 2080 2788 2136 solum
2809 2078 3024 2135 Patrem
3037 2076 3308 2149 quomodo
3324 2077 3574 2149 genuerit
3589 2076 3757 2133 tilium
3778 2090 3960 2146 suum,

2435 2239 2517 2312 (ά)
2544 2238 2700 2312 Apud
2728 2239 3082 2312 Athanasium
3107 2248 3159 2312 et
3188 2238 3467 2312 socratam
3493 2236 3713 2312 additur
3739 2235 3827 2291 hic
3850 2277 3865 2301 ,
3914 2241 3967 2290 et

2366 2309 2506 2366 aliis.
2540 2309 2725 2365 Nullos
2752 2310 2885 2367 alios
2917 2309 3193 2366 Eudoxius
3241 2310 3361 2364 loco
3388 2309 3674 2366 Sozomeni
3704 2323 3829 2365 mox
3856 2322 3969 2364 me-

2370 2390 2581 2437 morato
2611 2381 2871 2437 nominat.
2906 2380 3126 2438 -Huicnc
3169 2380 3460 2436 conventui
3492 2379 3797 2436 interfuerit
3821 2379 3968 2434 Con-

2368 2456 2618 2518 stantius,
2654 2456 2942 2509 incertum.
2975 2453 3081 2509 Sed
3115 2455 3158 2508 si
3188 2451 3522 2509 interfuisset
3548 2494 3564 2517 .
3598 2467 3776 2508 nonne
3800 2449 3968 2508 Ursa-

2363 2527 2431 2581 cii
2461 2536 2516 2582 ct
2552 2526 2789 2582 Valentis
2833 2528 3092 2581 intererat
3116 2534 3175 2581 ut
3199 2524 3251 2580 id
3281 2524 3616 2580 declararent
3645 2567 3660 2589 ,
3706 2541 3814 2596 quo
3860 2527 3969 2583 for-

2366 2598 2525 2652 mulae
2552 2614 2663 2652 sum
2696 2597 2984 2652 accederet
3012 2596 3349 2651 auctoritatis
3376 2596 3581 2652 robur?
3608 2596 3691 2650 An
3716 2612 3843 2653 vero
3865 2598 3969 2657 hoc

2368 2677 2599 2739 tacuere,
2631 2678 2686 2722 ut
2709 2668 3004 2724 Catholicis
3031 2669 3204 2723 solum
3236 2665 3347 2722 Osii
3382 2683 3573 2723 nomen
3592 2668 3774 2739 magis
3793 2668 3970 2739 impo-

2368 2738 2563 2795 neret?
2588 2739 2749 2795 Certe
2780 2740 3042 2795 interesse
3074 2738 3267 2809 potuit,
3293 2740 3380 2808 qui
3399 2754 3538 2794 anno
3552 2736 3678 2804 557,
3705 2736 3961 2799 Sirmium

2366 2811 2451 2866 bis
2494 2812 2791 2867 accessisse
2843 2810 3058 2882 legitur.
3105 2809 3422 2882 Ammianus
3462 2811 3679 2882 quippe,
3705 2809 3797 2864 lib.
3828 2827 3921 2868 xvi
3949 2855 3967 2880 ,

2371 2884 2600 2948 scribit,
2633 2881 3006 2937 Constantium
3034 2881 3068 2936 4
3110 2881 3217 2937 kal.
3270 2881 3449 2950 iunias
3486 2882 3553 2935 ab
3574 2881 3717 2938 Urbe
3749 2885 3968 2952 profec-

2376 2961 2485 3026 tum
2520 2968 2613 3024 per
2639 2953 2955 3009 Tridentum
3003 2955 3058 3026 in
3127 2953 3549 3026 IllyricumLiter
3583 2952 3867 3026 festinasse
3897 2970 3966 3010 ac

2375 3024 2633 3080 Sirmium
2683 3026 2917 3081 venisse.
2984 3023 3215 3080 Rursum
3270 3023 3452 3079 Sirmii
3513 3039 3633 3093 eum
3689 3025 3971 3083 exstitisse

2374 3110 2561 3151 mense
2585 3096 2884 3158 decemhri,
2921 3097 3080 3151 fidem
3110 3096 3235 3152 facit
3263 3095 3384 3150 data
3408 3095 3478 3151 ab
3504 3110 3572 3151 eo
3597 3096 3681 3150 lex
3737 3095 3806 3149 27
3835 3097 3967 3154 Cod.

2375 3166 2612 3238 fljheodq
2647 3167 2715 3222 de
2742 3167 3168 3238 Apellationibus
3193 3185 3207 3231 ;
3230 3183 3350 3222 cum
3380 3166 3702 3223 intermedio
3730 3175 3973 3237 tempore

2374 3237 2659 3294 Mediolani
2699 3237 2821 3294 eum
2855 3247 3116 3310 moratum
3146 3254 3268 3295 esse
3299 3246 3477 3308 pateat
3504 3254 3570 3294 ex
3599 3237 3762 3293 variis
3793 3238 3971 3310 legum

2376 3309 2881 3379 subscriptionibus.
2926 3310 3044 3382 Jam
3080 3308 3149 3365 de
3179 3319 3423 3382 tempore
3454 3310 3612 3378 hujus
3641 3308 3872 3382 synodi,
3900 3326 3971 3366 an

672 3374 982 3454 Subiectam
1020 3385 1199 3434 autem
1227 3375 1510 3454 formulam
1527 3374 1688 3454 Qsius
1709 3390 1814 3430 non
1857 3384 1962 3429 tam
1986 3375 2267 3454 scripsisse
2294 3377 2340 3442 C
2374 3382 2572 3454 medio,
2593 3374 2671 3454 "an
2700 3392 2930 3454 exeunte
2957 3381 3060 3438 hoe
3088 3396 3229 3454 anno
3259 3374 3651 3454 habitafuerit,
3671 3374 3969 3451 'quzcritur.

675 3444 943 3526 putandus
965 3461 1070 3526 est,
1105 3464 1263 3519 quam
1284 3448 1797 3526 sub_s_criptione_s_ua
1829 3455 1996 3526 ratam
2012 3444 2222 3526 fecisse
2248 3463 2263 3500 :

673 3517 728 3582 ct
754 3525 856 3581 hoc
875 3566 890 3591 ,
934 3522 1009 3577 uti
1038 3517 1204 3577 te$tes
1226 3531 1352 3591 sunt
1380 3521 1655 3591 Socrates,
1687 3518 1783 3573 lib.
1806 3532 1867 3585 ll,
1890 3532 1939 3571 c.
1965 3517 2054 3581 51,
2088 3531 2151 3572 ac
2167 3517 2267 3591 Sq-

672 3588 948 3662 zomenus,
976 3593 1069 3649 lib.
1099 3608 1173 3655 ιν,
1203 3606 1252 3646 c.
1284 3590 1317 3646 6
1338 3598 1394 3647 et
1415 3589 1505 3659 12,
1525 3590 1575 3662 vi
1601 3588 2268 3662 tormentorumeompul-

671 3683 788 3737 sus,
812 3674 868 3722 et
891 3658 949 3721 ut
975 3662 1244 3737 Sulpicius
1273 3658 1653 3737 Severus,_lib.
1683 3676 1745 3737 ιι,
1767 3676 1833 3716 ex
1859 3658 2083 3737 perditis
2117 3658 2272 3713 Hila-

671 3741 740 3796 rii
767 3730 1012 3811 epistolis
1040 3730 1238 3811 tradit.
1281 3733 1591 3811 centenario
1626 3732 1828 3811 major.
1879 3730 2041 3811 Forte
2090 3738 2266 3811 tamen

673 3802 944 3867 eam'Osii
982 3821 1105 3864 esse
1146 3806 1268 3862 ideo
1297 3804 1578 3875 scripserit
1623 3803 1893 3875 Hilarius,
1926 3802 2052 3875 quia
2103 3802 2271 3875 ipsius

673 3882 892 3939 nomine
916 3880 1063 3936 illam
1088 3872 1539 3933 circumferebant
1564 3874 1770 3930 Ariani.
1794 3874 1908 3941 Qua
1932 3872 2000 3929 de
2027 3888 2085 3928 re
2111 3872 2272 3928 Phin-

675 3953 865 4009 badius
893 3953 1079 4022 Agenn
1106 3965 1119 4002 :
1149 3947 1268 4002 Non
1296 3963 1410 4003 sum
1438 3947 1708 4022 nescius...
1742 3945 2080 4022 antiquissimi
2101 3958 2271 3997 sacer-

676 4024 811 4093 dotis
836 4033 888 4078 et
918 4016 1168 4093 promptae
1195 4034 1393 4089 semper
1420 4019 1541 4093 ﬁdei
1566 4016 1680 4093 0_sii_
1719 4032 1903 4093 nomen
1928 4018 2072 4084 quasi
2092 4031 2270 4093 quem-

677 4088 799 4151 dam
822 4096 878 4149 in
903 4088 997 4149 nos
1025 4088 1233 4148 arietem
1261 4088 1550 4163 temperari.
1583 4088 2019 4163 Quiimmissum
2042 4089 2269 4163 arietem

676 4166 972 4239 prudenter
997 4171 1275 4239 retorquet
1298 4158 1379 4216 his
1408 4161 1585 4239 verbis
1610 4158 1714 4239 εξί
1745 4159 2022 4231 nonaginta
2047 4160 2272 4239 [ere'an-

677 4229 758 4294 nis
776 4238 909 4292 male
922 4235 1140 4290 credidit
1161 4229 1181 4300 ξ
1202 4242 1315 4304 post
1335 4233 1613 4304 nonaginta
1637 4229 1938 4304 illumreete
1955 4229 2269 4304 sentiretnon

676 4310 901 4364 credam.
922 4307 1180 4363 Eamdem
1204 4300 1333 4360 Osio
1353 4300 1677 4372 adscriptam
1699 4301 1898 4372 vidisse
1916 4301 2129 4356 videtur
2150 4300 2272 4370 Epi-

678 4380 932 4451 phanius,
982 4379 1113 4433 liter.
1143 4390 1329 4442 Lxxtu,
1360 4391 1414 4429 ιι.
1450 4370 1547 4451 id,
1572 4373 1663 4451 ubi
1692 4373 1766 4451 ait
1793 4390 1807 4427 :
1843 4370 2126 4451 Ecclesium
2149 4388 2272 4426 con-

678 4445 919 4507 demnare
942 4465 996 4503 se
1015 4464 1164 4521 posse
1191 4456 1434 4518 putarunt
1479 4446 1546 4521 iis
1573 4445 1784 4521 litt_eris,_
1814 4460 1940 4515 quas
1968 4445 2031 4521 ab
2060 4458 2272 4521 venera-

680 4520 767 4579 bili
793 4513 1030 4595 episcopo
1063 4513 1315 4595 Osio'per
1346 4518 1582 4595 fraudem
1618 4513 1957 4595 abstulerunt,
1987 4516 2041 4569 in
2091 4513 2274 4584 quibus

679 4586 944 4650 dissimilis
966 4586 1184 4647 essentia
1215 4586 1419 4661 legitur.
1447 4588 1543 4644 Cui
1564 4587 1886 4661 suffragatur
1911 4586 2271 4661 Soeomenus,

679 4665 772 4723 lib.
798 4681 873 4734 tv,
904 4679 955 4719 c.
988 4662 1075 4719 12.
1102 4656 1373 4734 luter_'eos
1401 4673 1616 4730 quoque
1635 4656 1956 4734 ,__t'|lt_i__hall_(_)
1987 4656 2272 4734 formulam

679 4727 1143 4802 conscripserunt,
1171 4731 1358 4787 Osium
1387 4727 1634 4786 recenset
1661 4729 1884 4799 Vigilius
1905 4728 2095 4802 T_aps.,
2115 4727 2209 4802 lib.
2242 4742 2273 4780 ν

679 4820 869 4864 contra
894 4798 1302 4879 Eutych.'_lllius
1317 4810 1495 4858 tamen
1520 4798 1770 4879 auctores
1794 4799 2097 4879 praecipuos
2110 4798 2275 4879 fuisse

682 4879 960 4938 Ursacium
980 4869 1021 4942 ,’
1052 4875 1334 4931 Valentem
1355 4914 1372 4940 ,
1417 4881 1577 4942 atque
1604 4869 1902 4942 Potamium
1947 4869 2276 4926 thbadius

681 4966 789 5007 non
820 4941 1048 5007 obscure
1074 4944 1362 5018 significat.
1395 4941 1511 4998 Huc
1538 4951 1746 5018 spectat
1764 4941 1905 5018 _i_|lud
1934 4942 2231 5018 _Sozottieiii
2258 4981 2273 5005 ,

681 5024 775 5079 lib.
808 5037 884 5090 tv,
916 5036 966 5075 c.
997 5018 1087 5085 12,
1118 5011 1261 5086 Quod
1288 5031 1409 5090 eum
1439 5013 1721 5090 agentibus
1764 5011 2017 5090 Ursacio,
2053 5011 2276 5090 Valente

680 5104 734 5151 et
764 5084 1042 5152 Germinio
1061 5084 1426 5145 Consensisset
1452 5085 1633 5147 Osius,
1661 5092 1718 5139 ut
1739 5099 1913 5154 neque
1952 5084 2270 5140 homousion

682 5180 861 5236 neque
902 5161 1243 5219 homoeusion
1274 5166 1625 5236 usurparetur
1651 5197 1666 5222 ,
1693 5163 1805 5236 etc.
1828 5174 1841 5209 :
1863 5155 1944 5210 Ad
1970 5172 2084 5236 eos,
2098 5165 2274 5236 utpote

680 5226 909 5310 qni-Osi}
958 5250 1112 5310 super
1150 5249 1208 5288 ea
1237 5248 1297 5310 re
1340 5226 1530 5286 litteras
1572 5229 1972 5310 expressissent,
2005 5226 2275 5310 epistolium

681 5296 822 5363 misit
851 5296 1146 5370 Eudoazius,
1168 5302 1359 5375 gratias
1385 5318 1541 5375 agens
1557 5296 1800 5375 Valenti,
1834 5298 1878 5356 U
1885 5296 2066 5375 rsaqid
2077 5307 2121 5353 et
2136 5296 2275 5375 _(_Jer-

681 5381 860 5443 minio,
883 5369 1464 5448 eorumque'minjsterio
1499 5371 1828 5448 adserimus,
1859 5370 1995 5441 quod
2025 5369 2275 5448 Occiden-

683 5451 812 5506 tales
836 5441 968 5505 recte
990 5441 1251 5505 sentirent.
1280 5445 1502 5500 Demum
1524 5442 1764 5516 Hilarius
1794 5442 1937 5516 ipse,_
1955 5456 2079 5516 eum
2102 5441 2198 5496 lib.
2221 5442 2272 5495 in

685 5523 996 5587 Constant.,
1021 5536 1076 5574 ιι.
1100 5518 1204 5584 24,
1236 5516 1478 5587 ejusdem
1513 5514 1758 5587 formulae
1783 5513 2278 5587 dicta'deliramenta

686 5593 801 5649 Osii
825 5602 872 5648 et
900 5582 1207 5648 incrementa
1240 5582 1441 5643 Ursacii
1466 5595 1514 5642 et
1558 5584 1780 5641 Valentis
1810 5593 2121 5655 nuncupat,
2144 5582 2272 5654 quid

684 5663 790 5722 sibi
828 5663 942 5719 vult
992 5661 1136 5719 aliud
1167 5701 1183 5726 ,
1215 5659 1320 5715 nisi
1350 5673 1472 5715 eam
1500 5657 1569 5713 ab
1597 5656 1726 5713 Osio
1775 5657 1992 5727 quidem
2017 5671 2083 5727 ex
2124 5663 2277 5726 parte

684 5737 978 5863 :eripta’m,
1034 5732 1104 5788 ab
1140 5729 1367 5788 Ursacio
1408 5737 1588 5787 autem
1626 5736 1683 5786 et
1725 5727 1953 5786 Valente
1991 5726 2272 5785 adauctam

711 5819 852 5860 llISSO
1664 5840 1674 5846 -

711 5806 852 5860 uisse
866 5805 891 5859 Ἰ
1664 5840 1674 5846 -

2375 3452 2450 3525 Ex
2479 3452 2667 3525 Hilarii
2693 3453 2876 3509 verbis
2912 3469 2973 3508 ea
3003 3456 3143 3509 inter
3186 3452 3325 3508 banc
3353 3461 3410 3509 et
3434 3452 3775 3525 Ancyranam
3805 3468 3975 3525 syno-

2370 3524 2495 3579 dum
2541 3524 2703 3580 debet
2741 3524 3077 3581 intercedere
3112 3526 3369 3594 temporis
3397 3540 3566 3589 mora,
3602 3534 3660 3579 ut
3688 3525 3974 3582 commode

2372 3595 2605 3663 potuerit
2655 3596 2798 3651 illius
2828 3597 3055 3652 formula
3085 3596 3138 3650 in
3169 3594 3373 3652 Gallias
3411 3596 3725 3665 deportari,
3773 3594 3974 3652 deinde

2370 3666 2773 3739 Gallicanorum
2803 3669 3178 3739 episcoporum
3207 3669 3494 3739 convocari
3521 3666 3780 3739 synodus,
3804 3665 3968 3739 hujus

2370 3737 2561 3811 synodi
2589 3737 2803 3794 decreta
2833 3737 2884 3794 in
2918 3737 3108 3811 Asiam
3135 3742 3201 3793 ad
3248 3738 3511 3811 Hilarium
3537 3737 3563 3805 ,ἡ
3584 3747 3634 3792 et
3666 3738 3748 3811 ab;
3763 3737 3970 3811 Hilario

2371 3808 2437 3865 ad
2482 3808 2784 3879 Orientales
2812 3809 3036 3882 perferri
3056 3852 3077 3882 ν,
3121 3813 3210 3881 qui
3239 3809 3514 3866 Gallorum
3541 3809 3790 3882 exemplo
3819 3809 3977 3866 exci-

2375 3882 2490 3948 tati,
2524 3880 2860 3954 Ancyranam
2895 3881 3162 3954 synodum
3194 3883 3487 3954 coegerint.
3535 3880 3798 3947 Quocirca
3846 3895 3977 3951 pro-

2373 3953 2604 4009 babilior
2629 3963 2713 4008 est
2752 3953 3018 4010 sententia
3051 3968 3235 4009 eorum
3261 3993 3278 4019 ,
3327 3953 3418 4022 qui
3469 3953 3612 4009 hunc
3646 3961 3974 4008 conventum

2372 4024 2725 4082 Sirmiensem
2779 4024 2925 4082 circa
2979 4024 3216 4080 medium
3276 4038 3478 4079 annmn
3547 4023 3653 4081 357
3732 4023 3977 4080 habitum

2373 4102 2618 4153 censent.

2450 4165 2525 4241 (ε)
2578 4165 2636 4220 ln
2665 4167 2855 4238 grmcis
2882 4166 3294 4241 exemplaribus
3308 4165 3597 4241 Athanasii
3618 4175 3672 4223 et
3694 4163 3934 4224 Socratis
3952 4210 3970 4237 ,

2374 4238 2679 4299 συύέστηκεν
2703 4279 2718 4304 ,
2764 4239 3011 4295 constitit.
3061 4238 3385 4295 l’lttebadius
3416 4248 3597 4295 tamen
3622 4252 3744 4295 cum
3787 4248 3976 4296 nostro

2373 4310 2584 4380 Hilario
2613 4310 2742 4380 legit
2763 4319 2980 4365 constat.
3204 4351 3213 4357 .

2452 4378 2521 4453 (Ι)
2542 4379 2644 4453 _Sic
2670 4378 2799 4453 mss.
2851 4381 2923 4436 At
2964 4381 3313 4453 pat'ticulaet
3356 4381 3409 4438 in
3442 4381 3676 4453 vulgatis
3702 4423 3718 4450 ,
3764 4397 3977 4439 necnon

2376 4451 2514 4524 apud
2541 4451 2835 4519 Plicebad.,
2870 4451 3127 4508 Albanas.
3156 4462 3210 4509 et
3229 4452 3439 4510 Socrat.
3465 4451 3825 4524 desideratur.

2376 4522 2421 4650 b'
2449 4523 2527 4650 (lg)
2575 4524 2904 4580 Athanasius
2944 4536 2998 4580 et
3042 4524 3293 4581 Socrates
3324 4542 3431 4581 non
3462 4522 3775 4597 exprimunt
3808 4538 3977 4581 voca-

2415 4612 2447 4650 “
2477 4611 2562 4650 um
2596 4613 2749 4650 unus.

2415 4611 2562 4650 utum
2596 4613 2749 4651 unus.

2452 4665 2532 4739 (Ιι)
2562 4666 2636 4741 In
2650 4667 2946 4736 potioribus
2977 4682 3107 4724 mss.
3135 4669 3459 4740 justi/icavit.
3505 4666 3639 4723 Cum
3672 4683 3849 4741 graece
3876 4666 3979 4741 ha-

2302 4761 2353 4823 D
2379 4737 2570 4823 beatur
2595 4737 2878 4823 dumetae:
2901 4779 2916 4806 ,
2972 4754 3083 4823 nec
3121 4737 3435 4823 quidquam
3457 4741 3509 4823 in
3556 4737 3979 4823 antiquisdibris

2381 4810 2677 4865 solentnius
2727 4812 2819 4876 sit,
2852 4826 3009 4879 quam
3035 4822 3093 4864 ut
3116 4810 3146 4864 ὁ
3177 4813 3230 4866 in
3253 4809 3286 4866 u
3328 4821 3586 4878 mutetur,
3610 4811 3766 4867 facile
3784 4809 3980 4867 damus

2379 4881 2663 4952 legendum
2692 4895 2814 4937 esse
2829 4881 3159 4951 justiﬁcabit.

2456 4973 2699 5111 (guns.
2727 4984 2779 5030 et
2809 4974 2957 5041 Pan,
2988 4976 3238 5045 quosdam
3279 4975 3418 5031 haud
3451 4978 3657 5035 multos.
3701 4976 3805 5033 Alii
3847 4992 3979 5034 vero

2379 5046 2452 5103 lib
2548 5046 2798 5111 quosdam
2841 5056 2928 5100 aut
2981 5048 3214 5103 multos:
3259 5051 3403 5111 quod
3446 5049 3610 5111 graeci
3657 5058 3976 5111 verterunt,

2548 5046 2798 5121 quosdam
2841 5056 2928 5100 aut
2981 5048 3170 5102 multos
3195 5064 3214 5103 :
3259 5051 3403 5120 quod
3446 5049 3610 5121 graeci
3657 5058 3976 5116 verterunt,

2377 5119 2595 5181 πολλοὺς
2618 5140 2779 5181 τινας.

2453 5211 2531 5286 (j_)
2558 5210 2650 5268 Sic
2679 5210 2913 5282 optimus
2941 5211 3113 5269 codex
3142 5211 3300 5286 Colb.
3323 5228 3445 5269 cum
3470 5212 3658 5286 Germ.
3681 5216 3866 5286 sicque
3898 5214 3977 5270 le-

2373 5284 2606 5407 gendum
2635 5292 2847 5339 constat
2885 5299 2951 5340 ex
2991 5284 3186 5354 graecis
3222 5285 3644 5356 exemplaribus.
3683 5290 3752 5342 At
3779 5284 3982 5357 vulgati

2397 5354 2680 5407 tomousion
2717 5354 2853 5407 auod
2883 5355 3072 5407 dicitur
3109 5365 3198 5407 aut
3220 5356 3557 5407 Immanuion.
3606 5357 3770 5407 Deest
3795 5368 3980 5407 autem

2397 5354 2680 5409 iomousion
2717 5354 2853 5425 quod
2883 5355 3072 5410 dicitur
3109 5365 3198 5410 aut
3220 5354 3557 5413 Itomaeusion.
3606 5357 3770 5414 Deest
3795 5354 3980 5413 autem

2379 5426 2433 5480 in
2467 5440 2597 5501 mss.
2629 5425 2817 5501 Carm,
2845 5425 3007 5483 Corb.
3038 5442 3102 5484 ac
3124 5428 3365 5499 pluribus
3388 5427 3542 5497 aliis,
3570 5429 3822 5501 autquod
3848 5429 3984 5483 dici—

2378 5506 2462 5550 tur
2491 5496 2824 5552 Itomaeusion.
3126 5496 3138 5499 ’
3532 5496 3535 5497 ⁷
3696 5496 3707 5501 ’
3728 5523 3733 5529 ο

2454 5587 2531 5663 (k)
2562 5588 2729 5665 Bad.,_
2748 5588 2843 5645 Er.
2873 5598 2934 5646 et
2961 5589 3107 5665 Min,
3134 5591 3313 5649 eadem
3350 5608 3465 5665 esse
3488 5592 3892 5665 ratione;Lips.
3925 5602 3983 5648 et

2380 5660 2542 5727 Par.,
2589 5677 2650 5716 ea
2696 5662 2759 5716 de
2802 5676 2963 5716 causa
3000 5663 3233 5719 ratione:
3278 5664 3637 5723 emendantur
3672 5681 3739 5720 ex
3767 5660 3897 5721 m‘ss.
3926 5672 3982 5720 et

2379 5746 2554 5861 graia
2581 5733 2830 5822 versione
2855 5732 2940 5792 διὰ
2979 5735 3174 5796 ταύτην
3213 5741 3305 5799 τὴν
3346 5737 3513 5796 αἰτίαν
3554 5740 3641 5795 καὶ
3686 5734 3775 5795 διὰ
3799 5743 3981 5795 τοῦτον

2381 5825 2466 5861 τσν
2517 5825 2747 5861 ονισιιον.

2381 5825 2466 5863 τσν
2488 5825 2747 5879 aequae».
