4286 6264
414 286 522 342 489

1190 294 1393 352 LIBER
1437 296 1524 353 DE
1553 299 1859 374 SYNODIS,
1901 303 2033 362 SEU
2074 304 2163 363 DE
2210 306 2365 367 FIDE
2404 306 2901 373 ORIENTALIUM.

3610 330 3717 388 490

412 414 465 458 et
485 401 702 514 ,ξηιίυηῖ
727 406 1001 512 quomodo
1023 410 1249 514 genitu:
1262 414 1333 468 sit
1357 430 1384 468 a
1412 415 1588 474 Patre.
1642 419 1793 476 Nulla
1839 423 2009 479 ambi-
2034 427 2082 486 Α
2113 427 2486 487 condiderunt.
2519 432 2626 488 Sed
2647 432 2771 504 quia
2797 434 3048 505 frequens
3077 438 3233 497 nobis
3260 445 3590 514 nuncupatio
3619 464 3713 503 es-

409 496 588 567 guitas
622 507 741 563 est,
774 501 1033 570 majorem
1061 519 1186 560 esse
1214 505 1453 565 Patrem.
1499 510 1641 568 Nulli
1685 524 1865 584 potest
1908 517 2010 573 du-

410 589 556 647 bium
598 607 720 648 esse
741 633 758 660 ,
785 592 1001 651 Patrem
1035 596 1240 654 honore
1265 640 1280 665 ,
1309 601 1600 673 dignitate.
1637 606 1712 679 (ιι)
1743 608 2011 676 claritate,

410 686 714 755 majestate,
744 695 799 743 et
823 687 941 759 ipso
967 690 1187 748 nomine
1212 694 1381 763 patris
1403 696 1663 766 majorem
1693 713 1813 754 esse
1839 700 2011 770 Filio,

409 776 527 848 ipso
553 784 808 846 testante,
840 779 1034 848 Quinte
1057 784 1219 853 misit,
1247 790 1418 859 major
1433 804 1515 843 me
1536 799 1609 843 est
1646 789 1667 861 (
1688 790 1849 847 Joan.
1881 808 1972 849 xw
1993 836 2009 862 ,

410 869 525 941 28).
546 870 616 927 Et
640 870 744 929 hoc
763 873 1090 933 catholicum
1118 893 1262 949 esse,
1287 896 1449 937 nemo
1473 882 1703 952 ignorat,
1729 884 1865 942 duas
1893 902 2014 957 per-

413 978 580 1021 sonas
620 979 739 1021 esse
767 966 942 1023 Patris
985 977 1041 1024 ct
1070 969 1190 1026 Filii
1220 1013 1234 1038 ,
1276 975 1533 1044 majorem
1565 974 1731 1049 5.66
1755 978 1966 1036 Patrem
1992 1022 2009 1049 ,

413 1058 608 1115 Filium
640 1058 716 1131 (ὁ)
745 1060 1048 1130 subjectum
1071 1078 1195 1120 cum
1225 1067 1477 1123 omnibus
1510 1068 1593 1125 his
1617 1086 1735 1141 quae
1763 1071 1865 1142 ipsi
1906 1073 2012 1129 Pa-

414 1160 498 1208 ter
521 1152 770 1223 subjecit.
803 1154 1019 1212 Patrem
1051 1156 1263 1213 initium
1285 1174 1393 1215 non
1422 1160 1627 1218 habere
1645 1203 1660 1229 ,
1685 1163 2013 1222 invisibilem

410 1260 563 1311 esse,
605 1247 969 1303 immortalem
998 1263 1154 1317 esse,
1186 1248 1261 1323 (ε)
1301 1253 1686 1323 impassibilem
1736 1271 1877 1312 esse.
1931 1257 2012 1314 Fi-

411 1336 540 1392 lium
567 1348 748 1393 autem
779 1348 961 1395 natum
990 1357 1111 1398 esse
1132 1352 1202 1398 ‘ex
1228 1343 1408 1411 Patre,
1440 1346 1611 1402 Deum
1642 1364 1711 1403 ex
1744 1350 1857 1405 Deo
1884 1391 1898 1415 ,
1927 1350 2012 1405 lu-

413 1443 535 1484 men
564 1443 637 1485 cx
671 1430 897 1486 lumine.
927 1429 1091 1503 Cujus
1120 1433 1247 1491 Filii
1276 1438 1681 1506 generationem
1717 1479 1732 1505 ,
1788 1450 1847 1495 ut
1888 1450 2015 1498 ante

411 1522 615 1580 dictum
645 1535 749 1591 est,
784 1526 1055 1583 neminem
1083 1528 1220 1584 scire
1247 1529 1351 1585 nisi
1377 1530 1594 1587 Patrem
1617 1548 1796 1588 suum.
1833 1535 2011 1605 Ipsum

415 1626 593 1672 autem
614 1615 812 1672 Filium
842 1618 936 1674 Dei
966 1619 1254 1676 Dominum
1278 1631 1334 1677 et
1355 1622 1521 1678 Deum
1555 1633 1820 1693 nostrum,
1855 1626 2014 1683 sicuti

418 1708 613 1782 legitur
633 1750 648 1776 ,
679 1724 897 1767 carnem
927 1712 1011 1767 vel
1038 1726 1256 1783 corpus,
1300 1713 1353 1768 id
1380 1723 1483 1781 est,
1526 1714 1803 1772 hominem
1832 1732 2016 1775 susce-

420 1803 565 1874 pisse
592 1818 658 1859 ex
684 1812 841 1858 utero
868 1803 1092 1874 virginis
1122 1803 1303 1859 Maria:
1333 1845 1348 1871 ,
1379 1805 1520 1861 sicut
1546 1807 1786 1878 Angelus
1812 1807 2013 1879 praedi-

418 1896 561 1953 cavit
581 1894 732 1968 (Luc.
763 1912 803 1963 ι,
827 1894 941 1968 51).
971 1895 1041 1952 Ut
1060 1906 1239 1953 autem
1265 1897 1560 1970 Scriptum
1580 1913 1772 1955 omnes
1795 1899 2014 1966 docent,

419 2001 473 2046 et
504 1990 770 2060 prmcipue
797 1989 912 2062 ipse
940 1990 1196 2061 magister
1224 1991 1464 2060 gentium
1496 1992 1809 2062 Apostolus,
1842 1991 2017 2048 homi-

422 2099 543 2139 nem
571 2085 877 2155 suscepisse
905 2083 974 2139 de
1019 2084 1183 2139 Maria
1216 2082 1436 2156 Virgine
1459 2127 1474 2153 ,
1528 2102 1622 2157 per
1659 2102 1818 2157 quem
1869 2102 2016 2143 com—

421 2194 612 2249 passns
636 2188 739 2234 est.
771 2179 866 2235 Illa
888 2190 1066 2235 autem
1112 2179 1194 2252 (ά)
1215 2181 1455 2237 clausula
1497 2191 1582 2238 est
1610 2184 1776 2239 totius
1813 2182 1934 2240 ﬁdei
1963 2191 2019 2240 et

422 2270 513 2326 illa
539 2271 898 2341 conﬁrmatio,
931 2271 1074 2343 quod
1104 2272 1343 2329 Trinitas
1372 2289 1589 2346 semper
1614 2275 1882 2332 servanda
1910 2284 2014 2342 est,

422 2363 561 2419 sicut
597 2364 824 2436 legimus
872 2364 926 2419 in
958 2364 1285 2436 Evangelia:
1336 2363 1417 2420 Ite
1452 2375 1501 2420 et
1549 2365 1801 2438 baptizate
1843 2384 2018 2423 omnes

423 2468 594 2530 gentes
643 2459 697 2514 in
749 2460 953 2515 nomine
999 2458 1174 2513 Patris
1216 2468 1265 2515 et
1305 2458 1436 2515 Filii
1477 2469 1526 2515 et
1572 2460 1803 2532 Spiritus
1853 2462 2020 2517 sancti

423 2551 641 2625 (Matth.
675 2569 864 2620 smn,
889 2553 1000 2625 l9).
1044 2552 1288 2623 Integer,
1322 2552 1592 2625 perfectus
1619 2569 1875 2610 numerus
1899 2554 2018 2610 Tri-

426 2646 610 2703 nitatis
640 2656 747 2703 est.
784 2644 856 2719 (e)
887 2647 1200 2705 Paraclctus
1228 2657 1406 2704 autem
1434 2647 1666 2719 Spiritus
1694 2663 1792 2720 per
1818 2648 2016 2704 Filium

425 2751 550 2809 est;
579 2740 670 2812 qui
693 2743 891 2799 missus
914 2744 1061 2797 venit
1085 2741 1238 2813 juxta
1268 2742 1612 2814 promissum,
1645 2752 1702 2797 ut
1728 2742 2020 2813 Apostolus

423 2843 479 2890 ct
502 2849 692 2892 omnes
721 2836 1003 2892 credentes
1030 2835 1343 2901 instrueret,
1366 2837 1608 2901 doceret,
1631 2835 2013 2892 sanctiﬁearet.

497 2929 588 2984 l2.
635 2928 872 2985 Essentia
898 2939 946 2984 et
974 2930 1259 2986 substantia
1292 2930 1439 3002 quid.
1466 2929 1745 3001 Ancyrana
1774 2929 2022 3001 Sgnodus

420 3040 545 3079 ann.
562 3023 690 3080 358.
724 3022 891 3080 Filius
917 3035 973 3079 ut
998 3025 1167 3096 imago
1198 3040 1298 3079 non
1319 3024 1430 3079 sola
1455 3024 1659 3078 nomine
1685 3024 1820 3080 alius
1845 3040 1877 3077 a
1908 3022 2019 3077 Pa-

423 3126 517 3171 m.
546 3146 620 3157 —
644 3117 739 3173 llis
764 3118 950 3189 itaque
978 3126 1057 3174 tot
1084 3126 1140 3174 et
1166 3117 1328 3173 tantis
1348 3116 1641 3188 impietatis
1669 3114 2024 3186 professioni-

2116 522 2307 575 sentiae
2338 536 2401 576 ac
2429 525 2747 580 substantim
2777 529 3080 584 necessaria
3107 541 3227 597 est;
3275 537 3712 605 cognoscendum

2117 621 2203 668 est
2233 614 2360 685 quid
2386 615 2662 687 signiﬁcet
2684 620 2919 675 essentia
2946 660 2961 686 ,
3015 637 3084 678 ne
3130 623 3200 680 de
3242 626 3407 681 rebus
3442 627 3716 698 locuturi,

2117 719 2231 760 rem
2263 705 2550 762 verborum
2578 711 2906 768 nesciamus.
2952 713 3199 771 Essentia
3238 726 3323 774 est
3348 734 3437 774 res
3463 736 3587 791 qua:
3613 731 3717 787 est,

2118 796 2206 851 vel
2239 796 2320 869 (Γ)
2350 813 2420 854 ex
2455 799 2651 869 quibus
2679 810 2800 869 est,
2852 812 2907 858 et
2950 820 3069 874 quae
3116 808 3168 862 in
3213 824 3280 864 eo
3319 809 3462 879 quod
3506 822 3721 868 maneat

2116 889 2381 945 subsistit.
2424 891 2538 947 Dici
2568 904 2747 949 autem
2775 896 3011 952 essentia
3038 940 3052 965 ,
3081 908 3136 956 et
3162 912 3352 957 natura
3380 944 3394 966 .
3426 913 3482 959 et
3510 921 3678 975 genus
3702 949 3718 974 ,

2117 990 2169 1036 ct
2191 982 2491 1039 substantia
2519 986 2944 1060 uniuscujusque
2966 992 3043 1048 rei
3078 995 3293 1062 poterit.
3348 995 3575 1068 Proprie
3623 1015 3720 1055 au-

2120 1082 2225 1129 tem
2256 1077 2490 1131 essentia
2524 1077 2729 1135 idcirco
2758 1079 2833 1153 (g)
2860 1091 2943 1138 est
2973 1082 3116 1140 tlicta
3141 1127 3157 1153 ,
3200 1088 3322 1156 quia
3369 1104 3587 1161 semper
3612 1100 3716 1148 est.

2118 1163 2247 1234 ane
2278 1166 2481 1224 idcirco
2511 1170 2673 1225 etiam
2704 1172 3004 1228 substantia
3037 1188 3120 1231 est
3142 1221 3155 1243 ,
3188 1179 3315 1248 quia
3343 1195 3431 1235 res
3460 1197 3579 1253 qua:
3610 1192 3714 1248 est,

2116 1254 2277 1330 467
2309 1274 2532 1317 necesse
2560 1271 2643 1318 est
2669 1263 2923 1321 subsistat
2954 1267 3006 1321 in
3037 1282 3196 1331 sese;
3248 1271 3507 1341 quidquid
3534 1287 3715 1331 autem

2118 1350 2402 1419 subsistit,
2459 1353 2578 1411 sine
2619 1354 2786 1411 dubio
2818 1357 2869 1412 in
2917 1374 3119 1430 genere
3148 1362 3232 1416 vel
3264 1374 3452 1419 natura
3483 1366 3568 1420 vel
3593 1367 3722 1422 sub—

2118 1446 2315 1499 stantia
2347 1455 2584 1501 maneat.
2606 1446 2742 1503 Cum
2774 1464 2906 1520 ergo
2927 1454 3219 1508 essentiam
3252 1454 3483 1511 dicimus
3512 1459 3720 1528 signiﬁ-

2117 1549 2243 1591 care
2266 1547 2512 1593 naturam
2537 1539 2622 1594 vel
2643 1554 2815 1610 genus
2850 1543 2937 1599 vel
2958 1544 3339 1615 substantiam,
3370 1548 3724 1621 intelligimus

2119 1626 2235 1697 ejus
2284 1628 2364 1684 rei
2409 1645 2528 1700 qua:
2558 1630 2612 1685 in
2647 1630 2730 1689 his
2765 1635 3019 1692 omnibus
3046 1652 3262 1705 semper
3289 1654 3411 1695 esse
3439 1620 3719 1698 subsistat.
3751 1620 3761 1631 ⁸

2118 1718 2273 1775 Nunc
2298 1720 2460 1791 igitur
2487 1724 2835 1795 prmscriptas
2862 1727 2932 1783 ab
2959 1727 3323 1787 Orientalibus
3355 1731 3478 1789 ﬁdei
3527 1732 3722 1791 deﬁni-

2042 1822 2091 1883 Β
2120 1812 2294 1868 tiones
2320 1812 2399 1886 (It)
2432 1830 2835 1874 recenseamus.

2191 1905 2233 1959 Ι.
2274 1923 2294 1957 ι
2332 1905 2388 1961 Si
2431 1907 2553 1977 quis
2599 1908 2826 1965 audiens
2873 1911 3162 1985 imaginem
3214 1931 3335 1974 esse
3384 1917 3577 1975 Filium
3629 1920 3725 1978 Dei

2120 1997 2406 2054 invisibilis
2432 2040 2448 2065 ,
2495 2000 2639 2058 idem
2665 2002 2811 2058 dicat
2837 2018 2958 2061 esse
2986 2003 3276 2078 imaginem
3307 2010 3402 2067 Dei
3429 2053 3444 2079 ,
3489 2013 3632 2083 quod
3667 2022 3725 2070 et

2121 2093 2288 2148 Deum
2318 2092 2644 2151 invisibilem
2672 2114 2686 2151 :
2737 2098 2891 2167 quasi
2921 2113 3030 2155 non
3053 2102 3320 2160 conﬁtens
3349 2119 3476 2161 vere
3516 2106 3683 2163 lilium
3704 2149 3721 2176 ,

2118 2185 2404 2241 anathema
2432 2187 2507 2242 sit
2556 2188 2646 2261 (i).
2697 2208 2716 2242 ι

2193 2278 2280 2333 15.
2324 2278 2459 2335 Item
2496 2282 2633 2336 alius
2661 2291 2770 2350 est,
2810 2294 2866 2337 ut
2900 2286 3155 2354 accipiens
3196 2304 3230 2342 a
3270 2285 3430 2344 Patre
3453 2290 3626 2346 vitam.
3653 2322 3725 2333 -—

2122 2368 2354 2427 Exclusa
2400 2381 2483 2428 est
2526 2375 2756 2430 assertio
2803 2375 3100 2432 volentium
3154 2381 3466 2437 nominibus
3518 2391 3725 2440 tantttm

2121 2463 2337 2522 Patrem
2381 2475 2437 2522 et
2478 2466 2675 2524 Filium
2724 2469 3066 2538 praedicare;
3110 2483 3233 2528 cum
3279 2474 3498 2545 quando
3548 2476 3727 2550 imago

2121 2560 2318 2629 omnis,
2340 2562 2459 2630 ejus
2478 2561 2548 2617 ad
2576 2576 2739 2634 quem
2762 2564 3158 2634 cnimaginetur
3180 2567 3391 2635 species
3414 2568 3728 2625 indiﬁ‘erens

2121 2651 2211 2709 sit.
2240 2651 2425 2723 Neque
2450 2651 2595 2708 enim
2628 2653 2742 2722 ipse
2788 2653 2891 2709 sibi
2922 2656 3206 2726 quisquam
3240 2657 3416 2728 imago
3456 2668 3578 2724 est;
3627 2661 3725 2716 sed

2121 2757 2269 2809 eum,
2298 2743 2455 2813 cujus
2496 2744 2672 2815 imago
2697 2754 2807 2811 est,
2830 2761 3053 2803 necesse
3079 2760 3162 2803 ρει
3189 2759 3246 2804 ut
3282 2750 3459 2822 imago
3501 2751 3729 2808 demon-

2124 2844 2279 2892 stret.
2328 2836 2513 2906 Imago
2540 2838 2719 2908 itaque
2743 2848 2822 2893 est
2858 2840 2933 2893 rei
2960 2840 3026 2896 ad
3057 2856 3171 2897 rem
3197 2844 3547 2915 comquandre
3589 2845 3729 2902 ima-

2122 2927 2303 2999 ginata
2330 2937 2387 2984 et
2412 2928 2701 2985 indiscreta
2729 2931 3046 2988 similitudo.
3100 2933 3199 2990 Est
3235 2951 3365 3007 ergo
3395 2937 3559 2994 Pater
3582 2980 3597 3004 ,
3644 2950 3731 2997 est

2125 3028 2180 3076 et
2208 3018 2381 3076 Filius
2406 3038 2419 3075 :
2445 3022 2566 3091 quia
2600 3022 2775 3093 imago
2805 3022 2978 3079 Patris
3004 3035 3085 3080 est
3115 3025 3320 3094 Filius;
3346 3037 3401 3084 et
3427 3029 3520 3100 qui
3550 3030 3729 3104 imago

2125 3119 2238 3179 est,
2266 3109 2333 3187 (j)
2356 3120 2413 3166 ut
2439 3113 2516 3168 rei
2549 3114 2725 3184 imago
2749 3113 2839 3181 sit,
2871 3116 3107 3185 speciem
3132 3132 3355 3176 necesse
3376 3128 3461 3177 est
3490 3131 3546 3178 et
3574 3130 3733 3178 natu-

422 3207 525 3264 bus
550 3208 709 3265 editis
735 3250 751 3277 ,
801 3208 898 3266 bas
946 3224 1160 3266 rursum
1188 3226 1219 3267 e
1247 3209 1522 3266 contrario
1547 3207 1851 3265 Orientales
1901 3206 2021 3277 epi-
2050 3219 2097 3284 ο
2129 3220 2244 3260 ram
2270 3213 2326 3261 et
2350 3205 2661 3275 essentiam,
2704 3206 2998 3265 secundum
3026 3207 3172 3279 quod
3211 3209 3389 3283 imago
3413 3220 3535 3279 est,
3584 3213 3641 3269 in
3665 3229 3727 3271 se

422 3304 573 3376 scopi
601 3303 658 3361 in
697 3320 864 3362 unum
901 3304 1211 3378 congregati
1256 3306 1648 3361 sententiarum
1680 3299 2024 3358 deﬁnitiones

500 3465 576 3538 (α)
595 3465 709 3538 Hoc
734 3464 908 3536 ipsum
938 3462 1157 3538 totidem
1188 3462 1366 3538 verbis
1393 3463 1643 3533 exprimit
1665 3463 2022 3538 thbadius.

425 3536 606 3594 Alba:
631 3536 752 3591 dua:
779 3550 942 3592 voces
971 3536 1228 3601 claritate,
1251 3536 1547 3602 maiestate.
1581 3550 1684 3590 una
1707 3551 1882 3606 graeca
1910 3537 2023 3591 θεό-

424 3631 542 3670 τητι
560 3608 699 3679 apud
726 3607 985 3679 Albanas.
1014 3614 1069 3662 et
1096 3605 1306 3679 Sperat.
1335 3606 1654 3679 redduntur.

504 3676 768 3751 (b)'Apud
795 3678 1057 3751 Albanas.
1105 3676 1567 3751 subjectum__Palri
1608 3677 1847 3745 Filium,
1889 3692 2026 3749 quo-

425 3748 591 3808 modo
612 3748 810 3820 legisse
839 3749 1053 3820 videtur
1080 3759 1134 3805 et
1163 3748 1509 3820 thbadius.

499 3822 571 3895 (ε)
601 3817 903 3877 Prudenter
946 3820 1009 3875 in
1041 3818 1549 3895 haec_l_’l_tmhadiu_s:
1597 3817 1723 3873 Ηανε
1754 3818 2025 3895 ideopro-

427 3890 646 3962 ponunt,
669 3902 725 3947 ut
747 3894 1009 3947 contraria
1034 3892 1113 3945 Itis
1146 3890 1286 3946 Filio
1315 3890 1609 3945 adscribam
1634 3928 1647 3942 .
1672 3928 1685 3942 .
1710 3929 1724 3943 .
1750 3891 1836 3954 qui
1852 3892 1896 3944 si
1921 3891 2022 3945 ini-

427 3967 555 4019 tium
586 3965 770 4019 habere
792 3963 1034 4037 probgtur
1061 4005 1076 4026 ,
1125 3963 1305 4037 merito
1334 3963 1564 4037 mortalis
1589 4003 1603 4027 ,
1643 3962 1823 4037 merita
1841 3963 2020 4037 passi-

426 4036 546 4091 bilis
591 4031 859 4091 credetur.
907 4034 1143 4090 Primam
1188 4034 1565 4089 hatreticornm
1621 4031 2019 4088 confessionem

426 4106 590 4164 simili
610 4116 726 4163 arte
752 4115 1058 4162 contextam
1082 4103 1311 4160 advertit
1332 4119 1397 4159 ac
1424 4104 1632 4159 monuit
1657 4113 1843 4158 noster
1870 4102 2019 4158 Hila-

426 4180 541 4234 rius
570 4178 664 4233 lib.
686 4194 743 4235 tv
768 4188 824 4234 et
853 4192 907 4232 vr
943 4176 1012 4232 de
1029 4176 1179 4231 Trin.
1207 4175 1437 4230 Maxime
1472 4191 1603 4231 vero
1620 4173 1838 4230 laudato
1854 4173 2018 4231 Phat-

428 4250 589 4306 badio
630 4250 921 4320 displicent
968 4248 1207 4320 subjecta
1249 4245 1494 4320 interius
1520 4245 1699 4320 verba
1733 4262 1824 4317 per
1870 4261 2021 4320 quem

428 4317 732 4391 compassus
756 4331 869 4376 est:
897 4324 1049 4390 quast
1071 4317 1197 4374 'scil.
1229 4317 1563 4391 duol'uerint
1594 4317 1892 4391 patientes,
1913 4317 2021 4391 bo-

428 4407 521 4464 mo
548 4388 958 4464 assumptus,et
981 4403 1260 4464 assumens
1287 4388 1475 4464 Filius.
1498 4388 2015 4464 Unde_Athanasius,

428 4462 525 4519 lib.
569 4463 637 4519 de
683 4457 901 4518 salutari
927 4462 1175 4516 Adventu
1225 4460 1277 4516 J.
1308 4459 1369 4514 Ο.
1425 4476 1546 4530 pag.
1576 4457 1717 4525 διδ,
1772 4473 1866 4515 eos
1895 4473 2017 4515 cum

428 4533 645 4589 Arianis
678 4532 1054 4602 blasphemare
1078 4534 1289 4587 incusat
1315 4572 1329 4599 ,
1360 4533 1450 4601 qui
1481 4532 1660 4602 Deum”
1685 4547 1778 4602 per
1815 4546 2018 4585 carnem

428 4621 640 4676 passum
683 4621 789 4676 esse
805 4601 854 4658 et
878 4605 1216 4659 resurrexisse
1237 4602 1459 4676 dicunt;
1484 4617 1600 4655 cum
1626 4601 1900 4676 scriptura
1926 4602 2021 4656 do-
2045 4606 2099 4667 D

428 4674 561 4748 ἐῖσαι,
594 4691 684 4746 per
708 4675 875 4731 Deum
903 4677 956 4729 in
977 4691 1129 4730 carne
1151 4677 1264 4748 ejus
1293 4675 1579 4742 passionem
1591 4674 1884 4744 contigisse,
1915 4689 2018 4728 non

431 4747 602 4801 Deum
627 4762 716 4816 per
740 4762 945 4800 carnem
973 4747 1179 4816 passum
1207 4761 1332 4800 esse.

506 4816 586 4890 (ά)
627 4815 683 4873 In
716 4815 986 4888 vulgatis,
1013 4818 1193 4890 clavis.
1240 4816 1463 4872 Rectius
1489 4816 1542 4871 in
1572 4828 1706 4870 mss.
1733 4815 1970 4890 clausula
1999 4855 2016 4882 ,

430 4889 484 4945 id
515 4887 616 4953 est,
646 4906 846 4944 summa
867 4903 887 4942 :
925 4889 1064 4958 quod
1091 4901 1265 4958 graece
1293 4901 1507 4943 versum
1530 4897 1612 4943 est
1639 4887 1924 4958 κεφαλαῖον.

532 4959 581 5028 c)
616 4960 673 5015 In
703 4974 836 5016 mss.
868 4957 1178 5015 constanter
1213 4957 1532 5026 Paraclitus,
1561 4970 1654 5012 aut
1684 4957 2017 5028 Paraclylus.

532 4976 559 5014 c
616 4962 673 5015 In
703 4974 836 5016 mss.
868 4969 1178 5015 constanter
1213 4962 1532 5026 Paraclitus,
1561 4970 1654 5012 aut
1684 4962 2017 5028 Paraclylus.

504 4962 583 5105 big
621 5032 842 5105 Supple,
872 5047 951 5085 res
981 5047 1171 5105 eorum.
1223 5028 1336 5105 Hoc
1364 5031 1537 5105 altero
1561 5028 1823 5105 orationis
1851 5043 2021 5105 ntem-

429 5099 535 5159 bro
560 5099 857 5174 explicatur
893 5102 1126 5158 essentia
1163 5102 1341 5172 genita
1364 5140 1380 5167 ,
1425 5101 1561 5156 sicut
1605 5099 1871 5172 superiori
1917 5114 2023 5154 non

430 5184 575 5231 nata.
1390 5181 1394 5186 ’

507 5244 588 5317 (g)
629 5244 755 5317 Non,
797 5245 956 5299 aliam
989 5251 1209 5317 prmstat
1231 5240 1558 5317 Phaebadius
1584 5240 1901 5317 substantia:
1930 5254 2027 5296 no-

433 5312 634 5372 tionem
662 5334 674 5371 :
723 5312 1022 5372 Substantia
1047 5315 1202 5381 enim,
1240 5313 1432 5384 inquit,
1457 5314 1646 5366 dicitur
1666 5312 1722 5366 id
1740 5312 1877 5382 quod
1896 5328 2027 5367 sem-

432 5404 525 5459 per
542 5404 603 5444 ea:
624 5404 733 5443 sese
748 5399 845 5454 est,
864 5389 959 5441 hoc
978 5396 1049 5441 est
1055 5402 1074 5454 ;
1096 5385 1233 5459 quod
1256 5386 1465 5456 prapria
1488 5384 1622 5459 intra
1636 5400 1691 5459 se
1701 5385 1886 5459 uirtute
1912 5384 2030 5459 sub-

434 5454 599 5514 sistit:
623 5474 738 5529 qua:
759 5459 835 5513 vis
860 5460 950 5513 uni
976 5467 1024 5512 et
1051 5454 1147 5529 sali
1188 5456 1295 5511 Deo
1325 5454 1579 5529 gompetit.
1636 5454 1798 5511 Vocis
1828 5454 2031 5529 utrius-

435 5545 540 5601 que
568 5525 817 5601 distincta
847 5530 984 5585 ratio
1008 5528 1305 5598 explicatur
1326 5525 1732 5601 Pragmenton,
1766 5544 1819 5582 n.
1849 5526 1939 5601 52.

514 5599 592 5675 (Ii)
634 5602 776 5670 Quas
814 5600 933 5657 scil.
966 5596 1314 5675 Ancyraean.
1346 5596 1452 5653 558
1477 5641 1492 5664 ,
1522 5598 1699 5675 paulo
1729 5608 1852 5675 ante
1881 5597 2023 5675 diem

436 5667 988 5742 Paschat'congregati
1013 5667 1453 5742 conscripserunt
1473 5667 1550 5724 ad
1566 5667 2026 5742 comprimendam

436 5740 824 5801 Anomazorum
858 5740 1207 5811 imjﬁetatem.
1232 5740 1534 5798 ’Eudoxius
1585 5741 1729 5797 enim
1781 5756 1904 5797 cum
1934 5754 2028 5793 an-

435 5814 606 5872 disset
634 5813 758 5888 quid
789 5815 970 5870 Sirmii
1001 5815 1236 5885 egissent
1264 5812 1520 5870 Ursacius
1544 5855 1558 5882 ,
1609 5811 1801 5870 Valens
1848 5825 1915 5867 ac
1941 5825 2031 5868 so-

802 5910 1078 5971 Parnm.
1136 5908 1219 5969 X.

2132 3297 2330 3357 habeat
2353 3298 2611 3354 auctoris.

2132 3463 2199 3519 eil
2226 3504 2240 3529 ,
2291 3466 2517 3518 multum
2550 3461 2676 3519 inde
2713 3462 2794 3519 eis
2830 3462 3127 3532 gratulatus
3153 3505 3167 3529 ,
3219 3464 3333 3533 ipse
3378 3465 3541 3522 etiam
3592 3468 3734 3523 Aetii

2133 3534 2407 3607 haeresim,
2440 3542 2697 3607 quantum
2734 3544 2981 3607 poterat,
3016 3549 3337 3607 promovere
3361 3538 3583 3592 studuit.
3616 3539 3730 3607 Qua

2132 3606 2202 3661 de
2238 3622 2298 3661 re
2325 3647 2339 3671 ,
2366 3604 2737 3679 quilecclesitp
2766 3604 3079 3679 dedicanda!
3107 3606 3274 3679 gratia
3293 3611 3569 3679 Ancyram
3600 3604 3733 3664 con-

2136 3675 2423 3741 venerant,
2453 3676 2674 3749 Georgii
2702 3675 2989 3732 Laodiceni
3022 3676 3217 3731 litteris
3242 3675 3500 3749 admoniti
3528 3720 3542 3744 ,
3565 3692 3731 3749 quot-

2131 3758 2261 3819 quot
2274 3747 2557 3803 commode
2568 3755 2861 3819 potuerunt
2882 3761 3203 3819 convocare,
3220 3747 3322 3801 sibi
3345 3747 3727 3817 adjunxcrunt,

2133 3818 2189 3889 ut
2209 3819 2430 3873 Eudoxii
2459 3826 2684 3874 conatus
2712 3818 3085 3874 retunderent.
3115 3818 3342 3871 Basilius
3362 3819 3518 3889 epist.
3547 3836 3729 3885 Lxxtv,

2129 3888 2357 3945 Concilii
2388 3891 2547 3959 hujus
2572 3889 2841 3961 meminit,
2873 3898 3139 3961 vocatque
3167 3888 3407 3961 σύλλογον
3434 3906 3448 3942 :
3474 3906 3594 3957 quae
3622 3907 3729 3947 vox

2131 3976 2237 4015 non
2263 4000 2279 4026 ,
2328 3969 2386 4016 ut
2429 3970 2579 4030 putat
2603 3961 2688 4015 vir
2717 3959 2852 4014 alias
2891 3959 3135 4015 eruditus
3160 4001 3174 4023 ,
3204 3959 3515 4030 colloquium
3547 3973 3725 4028 sonat,

2128 4032 2222 4106 sed
2263 4041 2562 4106 conventum
2586 4073 2601 4091 .
2656 4031 2977 4106 nimirunra
3010 4031 3727 4106 συλλέγῳ-οοιίυοοοηϐθειει

2129 4102 2273 4158 illius
2300 4113 2484 4157 narrat
2508 4102 2844 4158 Sozomcnus
2874 4102 2970 4157 lib.
3001 4117 3055 4156 tv
3076 4144 3091 4168 ,
3117 4101 3179 4158 οἱ
3203 4103 3287 4157 15.
3344 4101 3728 4161 Consulendus

2128 4188 2191 4229 ea
2222 4174 2290 4229 de
2311 4189 2368 4229 re
2389 4173 2743 4243 Epiphanius,
2775 4173 2904 4228 hrer.
2935 4188 3123 4239 manu,
3158 4190 3210 4225 η.
3247 4172 3312 4237 2,
3343 4184 3449 4229 etc.
3475 4174 3576 4242 Qui
3608 4177 3729 4243 qui-

2126 4245 2249 4300 dem
2279 4244 2372 4312 ibi,
2404 4261 2550 4299 num.
2583 4246 2652 4300 10
2700 4252 2755 4316 et
2781 4245 2843 4316 ll
2874 4285 2887 4309 ,
2919 4243 3109 4316 synodi
3143 4243 3301 4316 hujus
3327 4244 3541 4316 decreta
3573 4246 3724 4315 plura

2122 4316 2289 4371 refert
2312 4331 2473 4386 quam
2506 4324 2690 4370 noster
2719 4314 2992 4370 Hilarius:
3026 4316 3152 4386 quia
3178 4314 3426 4371 videlicet
3450 4331 3512 4372 ea
3536 4314 3727 4372 recen-

2121 4396 2206 4442 set
2247 4384 2367 4457 quin
2393 4384 2624 4457 Ancyra:
2653 4395 2781 4441 sunt
2807 4386 2986 4453 edita,
3033 4384 3271 4441 Hilarius
3318 4402 3481 4452 vero,
3531 4389 3605 4442 uti
3654 4404 3721 4443 ex

2120 4466 2248 4514 nota
2279 4459 2525 4528 sequenti
2549 4458 2722 4527 palam
2756 4457 2850 4512 liet
2872 4496 2889 4521 ,
2939 4473 3058 4528 qua:
3099 4472 3128 4511 a
3165 4457 3357 4527 synodi
3386 4458 3577 4529 legatis
3603 4458 3721 4515 Sir-

2121 4530 2288 4584 mium
2319 4525 2493 4585 delata
2526 4525 2580 4584 et
2611 4529 2897 4597 publicata.
2957 4525 2972 4528 ⁷
3198 4525 3210 4527 ⁷
3439 4525 3463 4529 ⁷
3750 4525 3766 4542 ⁸

2199 4600 2261 4673 (i)
2307 4602 2556 4673 Proxime
2583 4610 2705 4669 post
2733 4601 3010 4673 auat/tenta
3046 4600 3114 4673 s_it
3136 4640 3151 4666 ,
3183 4598 3504 4673 _ap_ungad.
3532 4641 3548 4665 ,
3582 4601 3675 4656 Er.
3705 4640 3723 4666 ,

2124 4669 2250 4726 Mir.
2277 4680 2330 4726 et
2358 4672 2411 4726 in
2444 4679 2752 4741 pervetusto
2795 4686 2899 4726 ms.
2941 4670 3003 4726 S.
3054 4669 3196 4725 Petri
3247 4670 3416 4726 Vatic.
3465 4674 3567 4726 sub
3615 4688 3725 4727 uno

2124 4743 2428 4814 eodemque
2444 4751 2700 4797 contextu
2720 4741 2965 4813 sequitur
2989 4758 3015 4814 :_
3050 4741 3408 4807 Expositiones
3438 4759 3647 4809 omnes,
3678 4744 3725 4797 si

2160 4814 2249 4868 uid
2277 4811 2728 4879 habentcrimtnis,
2752 4811 2892 4867 intra
2913 4828 2968 4866 se
2996 4811 3220 4879 habent;
3244 4822 3480 4869 ueterum
3503 4830 3605 4868 non
3633 4815 3727 4868 Ita-

2158 4902 2241 4939 ere
2273 4885 2328 4956 in
2356 4886 2563 4954 publica
2601 4885 2734 4956 (acie
2757 4884 3133 4956 existimantur.
3174 4885 3279 4940 Sed
3313 4885 3433 4955 quia
3453 4886 3637 4940 scirem
3665 4901 3726 4939 ea

2124 4957 2237 5011 sola
2260 4955 2508 5012 Sirmium
2527 4955 2637 5011 esse
2673 4956 2865 5010 delata.
2897 4955 3011 5027 Iliae
3033 4955 3199 5009 altera
3234 4965 3357 5010 nota
3387 4956 3727 5027 apologetica

2126 5028 2366 5083 declarat
2409 5027 2676 5093 Hilarius,
2709 5028 2884 5082 nullas
2911 5024 3286 5097 deﬁnitionum
3316 5024 3499 5083 earum
3530 5024 3725 5097 [quas

2126 5097 2275 5154 solas
2300 5099 2369 5153 ab
2393 5096 2933 5170 Ancyrantesynodi
2972 5097 3161 5166 legatis
3189 5098 3443 5170 Sirmium
3474 5096 3730 5170 essede-

2131 5170 2268 5225 latas
2299 5169 2483 5231 sciret.
2513 5167 2570 5223 in
2596 5167 2806 5239 publica
2838 5168 2973 5223 facie
3013 5178 3068 5223 ct
3095 5167 3390 5239 secundum
3424 5169 3728 5224 verborum

2130 5254 2297 5296 sonos
2320 5282 2334 5302 .
2372 5238 2663 5310 quidquam
2704 5239 2905 5295 habere
2932 5239 3075 5309 quod
3106 5238 3616 5310 reprehendendum
3648 5239 3732 5294 vi-

2131 5312 2322 5367 deatur
2346 5350 2363 5378 ,
2387 5309 2632 5382 quamvis
2662 5310 2903 5382 fraudem
2932 5311 3033 5365 sub
3053 5309 3320 5382 speciosis
3352 5311 3530 5367 verbis
3557 5310 3732 5382 laten-

2133 5392 2242 5438 tem
2272 5397 2379 5437 non
2406 5380 2588 5453 neget.
2646 5381 2778 5448 Quae
2806 5390 2930 5453 nota
2961 5381 3105 5453 male
3131 5380 3346 5451 quidem
3375 5382 3427 5437 in
3455 5381 3738 5453 pratdictis

2133 5454 2288 5509 libris
2330 5450 2504 5509 locum
2537 5454 2588 5507 in
2619 5461 2769 5508 textu
2790 5450 3060 5508 obtinuit:
3105 5453 3199 5508 sed
3248 5462 3425 5508 tamen
3458 5450 3576 5508 'non
3607 5454 3728 5508 sine

2134 5524 2326 5595 injuria
2360 5542 2388 5579 a
2415 5523 2599 5592 Lipsio
2626 5537 2846 5594 prorsus
2876 5537 3166 5595 suppressa
3212 5522 3329 5595 fuit.
3381 5524 3514 5579 Cum
3545 5533 3730 5579 autem

2133 5593 2286 5665 segne
2307 5596 2563 5664 respiciat
2591 5593 2779 5652 omnes
2805 5593 3118 5665 Ancyranas
3138 5593 3481 5651 deﬁnitiones
3507 5596 3735 5651 inferius

2134 5665 2351 5731 relatas;
2380 5666 2568 5736 primae
2595 5666 2844 5721 lmicnon
2875 5666 3127 5737 postponi
3153 5665 3359 5734 debuit,
3406 5665 3501 5723 sed
3555 5666 3737 5736 potius

2135 5738 2412 5808 anteponi.
2442 5737 2608 5808 Magis
2637 5738 2797 5792 etiam
2831 5737 3062 5808 placeret
3093 5754 3176 5792 cas
3195 5738 3334 5792 solas
3360 5778 3373 5790 .
3408 5776 3421 5790 .
3451 5776 3465 5792 .
3511 5737 3736 5792 delatas.

2206 5807 2282 5882 (j)
2306 5808 2449 5865 Editi
2470 5850 2484 5875 ,
2517 5807 2570 5864 ut
2595 5824 2706 5865 uere
2729 5810 2900 5881 imago
2924 5810 3010 5864 sit.
3049 5808 3373 5880 Expressius
3399 5822 3556 5878 mss.,
3586 5816 3638 5862 ut
3659 5810 3735 5866 rei

3222 5899 3299 5960 16
