  <div class='ocr_page' id='page_1' title='image "/cluster/home/n/w/nwhite01/storage/ocr_20150623/10/hvd.32044096580386/253.png"; bbox 0 0 4270 6264; ppageno 0'>
   <div class='ocr_carea' id='block_1_1' title="bbox 564 366 675 426">
    <p class='ocr_par' dir='ltr' id='par_1_1' title="bbox 564 366 675 426">
     <span class='ocr_line' id='line_1_1' title="bbox 564 366 675 426; baseline -0.036 0"><span class='ocrx_word' id='word_1_1' title='bbox 564 366 675 426; x_wconf 72' lang='grc'><strong>495</strong></span> 
     </span>
    </p>
   </div>
   <div class='ocr_carea' id='block_1_2' title="bbox 1762 355 2675 417">
    <p class='ocr_par' dir='ltr' id='par_1_2' title="bbox 1762 355 2675 417">
     <span class='ocr_line' id='line_1_2' title="bbox 1762 355 2675 417; baseline -0.003 -1"><span class='ocrx_word' id='word_1_2' title='bbox 1762 356 2006 417; x_wconf 79' lang='lat' dir='ltr'><strong>SANCTl</strong></span> <span class='ocrx_word' id='word_1_3' title='bbox 2043 355 2304 414; x_wconf 81' lang='lat' dir='ltr'><strong>IIILARII</strong></span> <span class='ocrx_word' id='word_1_4' title='bbox 2367 355 2675 417; x_wconf 82' lang='lat' dir='ltr'><strong>EPISCOPI</strong></span> 
     </span>
    </p>
   </div>
   <div class='ocr_carea' id='block_1_3' title="bbox 3764 360 3869 418">
    <p class='ocr_par' dir='ltr' id='par_1_3' title="bbox 3764 360 3869 418">
     <span class='ocr_line' id='line_1_3' title="bbox 3764 360 3869 418; baseline 0.019 -2"><span class='ocrx_word' id='word_1_5' title='bbox 3764 360 3869 418; x_wconf 68' lang='grc'><strong>496</strong></span> 
     </span>
    </p>
   </div>
   <div class='ocr_carea' id='block_1_4' title="bbox 566 475 3871 550">
    <p class='ocr_par' dir='ltr' id='par_1_4' title="bbox 566 475 3871 550">
     <span class='ocr_line' id='line_1_4' title="bbox 566 475 3871 550; baseline -0.003 -6"><span class='ocrx_word' id='word_1_6' title='bbox 566 494 870 544; x_wconf 77' lang='lat' dir='ltr'><strong>creaturam</strong></span> <span class='ocrx_word' id='word_1_7' title='bbox 899 497 1020 540; x_wconf 89' lang='lat' dir='ltr'><strong>esse</strong></span> <span class='ocrx_word' id='word_1_8' title='bbox 1048 481 1143 537; x_wconf 85' lang='lat' dir='ltr'><strong>Dei</strong></span> <span class='ocrx_word' id='word_1_9' title='bbox 1170 479 1337 535; x_wconf 91' lang='lat' dir='ltr'><strong>ﬁlium</strong></span> <span class='ocrx_word' id='word_1_10' title='bbox 1374 477 1614 550; x_wconf 90' lang='lat' dir='ltr'><strong>proﬁteri</strong></span> <span class='ocrx_word' id='word_1_11' title='bbox 1640 491 1790 543; x_wconf 87' lang='lat' dir='ltr'><strong>ausa,</strong></span> <span class='ocrx_word' id='word_1_12' title='bbox 1820 477 2103 533; x_wconf 74' lang='lat' dir='ltr'><strong>damnatur</strong></span> <span class='ocrx_word' id='word_1_13' title='bbox 2148 494 2162 529; x_wconf 89' lang='lat'><strong>:</strong></span> <span class='ocrx_word' id='word_1_14' title='bbox 2193 483 2244 541; x_wconf 75' lang='grc' dir='ltr'><strong>Α</strong></span> <span class='ocrx_word' id='word_1_15' title='bbox 2345 476 2456 533; x_wconf 85' lang='lat' dir='ltr'><strong>VII.</strong></span> <span class='ocrx_word' id='word_1_16' title='bbox 2503 496 2522 530; x_wconf 84' lang='grc'><em>‹</em></span> <span class='ocrx_word' id='word_1_17' title='bbox 2567 478 2636 533; x_wconf 86' lang='lat' dir='ltr'><strong>Et</strong></span> <span class='ocrx_word' id='word_1_18' title='bbox 2676 478 2721 533; x_wconf 93' lang='lat' dir='ltr'><strong>si</strong></span> <span class='ocrx_word' id='word_1_19' title='bbox 2768 476 2887 549; x_wconf 88' lang='lat' dir='ltr'><strong>quis</strong></span> <span class='ocrx_word' id='word_1_20' title='bbox 2938 477 3150 533; x_wconf 84' lang='lat' dir='ltr'><strong>Patrem</strong></span> <span class='ocrx_word' id='word_1_21' title='bbox 3199 484 3253 533; x_wconf 92' lang='lat' dir='ltr'><strong>et</strong></span> <span class='ocrx_word' id='word_1_22' title='bbox 3309 475 3506 534; x_wconf 87' lang='lat' dir='ltr'><strong>Filium</strong></span> <span class='ocrx_word' id='word_1_23' title='bbox 3538 475 3764 534; x_wconf 82' lang='lat' dir='ltr'><strong>credere</strong></span> <span class='ocrx_word' id='word_1_24' title='bbox 3809 493 3871 535; x_wconf 89' lang='lat' dir='ltr'><strong>sc</strong></span> 
     </span>
    </p>
   </div>
   <div class='ocr_carea' id='block_1_5' title="bbox 564 570 2169 652">
    <p class='ocr_par' dir='ltr' id='par_1_5' title="bbox 564 570 2169 652">
     <span class='ocr_line' id='line_1_5' title="bbox 564 570 2169 652; baseline -0.006 -17"><span class='ocrx_word' id='word_1_25' title='bbox 564 580 689 652; x_wconf 89' lang='lat' dir='ltr'><strong>quia</strong></span> <span class='ocrx_word' id='word_1_26' title='bbox 712 578 931 650; x_wconf 86' lang='lat' dir='ltr'><strong>impiam</strong></span> <span class='ocrx_word' id='word_1_27' title='bbox 956 584 1218 632; x_wconf 86' lang='lat' dir='ltr'><strong>creatura:</strong></span> <span class='ocrx_word' id='word_1_28' title='bbox 1260 588 1324 628; x_wconf 79' lang='lat' dir='ltr'><strong>ex</strong></span> <span class='ocrx_word' id='word_1_29' title='bbox 1353 571 1523 627; x_wconf 86' lang='lat' dir='ltr'><strong>nihilo</strong></span> <span class='ocrx_word' id='word_1_30' title='bbox 1560 571 1894 642; x_wconf 84' lang='lat' dir='ltr'><strong>opinionem,</strong></span> <span class='ocrx_word' id='word_1_31' title='bbox 1919 570 2169 643; x_wconf 89' lang='lat' dir='ltr'><strong>impassi-</strong></span> 
     </span>
    </p>
   </div>
   <div class='ocr_carea' id='block_1_6' title="bbox 568 663 2166 741">
    <p class='ocr_par' dir='ltr' id='par_1_6' title="bbox 568 663 2166 741">
     <span class='ocr_line' id='line_1_6' title="bbox 568 663 2166 741; baseline -0.006 -15"><span class='ocrx_word' id='word_1_32' title='bbox 568 670 662 727; x_wconf 83' lang='lat' dir='ltr'><strong>bili</strong></span> <span class='ocrx_word' id='word_1_33' title='bbox 691 686 788 741; x_wconf 87' lang='lat' dir='ltr'><strong>per</strong></span> <span class='ocrx_word' id='word_1_34' title='bbox 833 683 953 724; x_wconf 86' lang='lat' dir='ltr'><strong>eam</strong></span> <span class='ocrx_word' id='word_1_35' title='bbox 1009 665 1085 738; x_wconf 92' lang='lat' dir='ltr'><strong>(a)</strong></span> <span class='ocrx_word' id='word_1_36' title='bbox 1130 663 1429 719; x_wconf 86' lang='lat' dir='ltr'><strong>divinitatis</strong></span> <span class='ocrx_word' id='word_1_37' title='bbox 1471 663 1800 734; x_wconf 85' lang='lat' dir='ltr'><strong>perfectione</strong></span> <span class='ocrx_word' id='word_1_38' title='bbox 1845 671 2166 729; x_wconf 86' lang='lat' dir='ltr'><strong>monstrata,</strong></span> 
     </span>
    </p>
   </div>
   <div class='ocr_carea' id='block_1_7' title="bbox 570 755 2167 832">
    <p class='ocr_par' dir='ltr' id='par_1_7' title="bbox 570 755 2167 832">
     <span class='ocr_line' id='line_1_7' title="bbox 570 755 2167 832; baseline -0.006 -13"><span class='ocrx_word' id='word_1_39' title='bbox 570 774 914 832; x_wconf 89' lang='lat' dir='ltr'><strong>consequens</strong></span> <span class='ocrx_word' id='word_1_40' title='bbox 956 756 1219 829; x_wconf 82' lang='lat' dir='ltr'><strong>professio</strong></span> <span class='ocrx_word' id='word_1_41' title='bbox 1265 755 1526 812; x_wconf 84' lang='lat' dir='ltr'><strong>naturalis</strong></span> <span class='ocrx_word' id='word_1_42' title='bbox 1557 755 1920 827; x_wconf 77' lang='lat' dir='ltr'><strong>generationis</strong></span> <span class='ocrx_word' id='word_1_43' title='bbox 1963 756 2167 812; x_wconf 81' lang='lat' dir='ltr'><strong>exstin-</strong></span> 
     </span>
    </p>
   </div>
   <div class='ocr_carea' id='block_1_8' title="bbox 566 861 715 925">
    <p class='ocr_par' dir='ltr' id='par_1_8' title="bbox 566 861 715 925">
     <span class='ocr_line' id='line_1_8' title="bbox 566 861 715 925; baseline -0.02 -16"><span class='ocrx_word' id='word_1_44' title='bbox 566 861 715 925; x_wconf 91' lang='lat' dir='ltr'><strong>guat.</strong></span> 
     </span>
    </p>
   </div>
   <div class='ocr_carea' id='block_1_9' title="bbox 641 940 2166 1016">
    <p class='ocr_par' dir='ltr' id='par_1_9' title="bbox 641 940 2166 1016">
     <span class='ocr_line' id='line_1_9' title="bbox 641 940 2166 1016; baseline -0.005 -14"><span class='ocrx_word' id='word_1_45' title='bbox 641 946 729 1002; x_wconf 75' lang='lat' dir='ltr'><strong>VI.</strong></span> <span class='ocrx_word' id='word_1_46' title='bbox 778 964 797 999; x_wconf 87' lang='grc'><strong>‹</strong></span> <span class='ocrx_word' id='word_1_47' title='bbox 845 944 982 1001; x_wconf 89' lang='lat' dir='ltr'><strong>Etsi</strong></span> <span class='ocrx_word' id='word_1_48' title='bbox 1011 943 1131 1016; x_wconf 87' lang='lat' dir='ltr'><strong>quis</strong></span> <span class='ocrx_word' id='word_1_49' title='bbox 1161 944 1213 999; x_wconf 91' lang='lat' dir='ltr'><strong>in</strong></span> <span class='ocrx_word' id='word_1_50' title='bbox 1238 941 1400 1010; x_wconf 90' lang='lat' dir='ltr'><strong>Filio,</strong></span> <span class='ocrx_word' id='word_1_51' title='bbox 1438 941 1512 1016; x_wconf 89' lang='lat' dir='ltr'><strong>(b)</strong></span> <span class='ocrx_word' id='word_1_52' title='bbox 1555 941 1730 999; x_wconf 87' lang='lat' dir='ltr'><strong>Patris</strong></span> <span class='ocrx_word' id='word_1_53' title='bbox 1759 940 2166 998; x_wconf 86' lang='lat' dir='ltr'><strong>similitudinem</strong></span> 
     </span>
    </p>
   </div>
   <div class='ocr_carea' id='block_1_10' title="bbox 570 1032 2169 1107">
    <p class='ocr_par' dir='ltr' id='par_1_10' title="bbox 570 1032 2169 1107">
     <span class='ocr_line' id='line_1_10' title="bbox 570 1032 2169 1107; baseline -0.006 -10"><span class='ocrx_word' id='word_1_54' title='bbox 570 1036 868 1098; x_wconf 91' lang='lat' dir='ltr'><strong>secundum</strong></span> <span class='ocrx_word' id='word_1_55' title='bbox 902 1036 1195 1092; x_wconf 87' lang='lat' dir='ltr'><strong>essentiam</strong></span> <span class='ocrx_word' id='word_1_56' title='bbox 1223 1034 1440 1107; x_wconf 82' lang='lat' dir='ltr'><strong>quidem</strong></span> <span class='ocrx_word' id='word_1_57' title='bbox 1470 1035 1587 1105; x_wconf 91' lang='lat' dir='ltr'><strong>ipso</strong></span> <span class='ocrx_word' id='word_1_58' title='bbox 1614 1032 1753 1089; x_wconf 87' lang='lat' dir='ltr'><strong>Filio</strong></span> <span class='ocrx_word' id='word_1_59' title='bbox 1776 1034 2050 1089; x_wconf 90' lang='lat' dir='ltr'><strong>revelante</strong></span> <span class='ocrx_word' id='word_1_60' title='bbox 2074 1048 2169 1103; x_wconf 89' lang='lat' dir='ltr'><strong>per</strong></span> 
     </span>
    </p>
   </div>
   <div class='ocr_carea' id='block_1_11' title="bbox 568 1124 2168 1202">
    <p class='ocr_par' dir='ltr' id='par_1_11' title="bbox 568 1124 2168 1202">
     <span class='ocr_line' id='line_1_11' title="bbox 568 1124 2168 1202; baseline -0.005 -14"><span class='ocrx_word' id='word_1_61' title='bbox 568 1135 688 1188; x_wconf 63' lang='lat' dir='ltr'><strong>hinc</strong></span> <span class='ocrx_word' id='word_1_62' title='bbox 714 1146 837 1202; x_wconf 84' lang='lat' dir='ltr'><strong>qua:</strong></span> <span class='ocrx_word' id='word_1_63' title='bbox 875 1129 1005 1186; x_wconf 85' lang='lat' dir='ltr'><strong>dicit</strong></span> <span class='ocrx_word' id='word_1_64' title='bbox 1045 1145 1059 1182; x_wconf 91' lang='lat'><strong>:</strong></span> <span class='ocrx_word' id='word_1_65' title='bbox 1108 1128 1258 1184; x_wconf 80' lang='lat' dir='ltr'><strong>Sicut</strong></span> <span class='ocrx_word' id='word_1_66' title='bbox 1286 1129 1422 1183; x_wconf 89' lang='lat' dir='ltr'><strong>enim</strong></span> <span class='ocrx_word' id='word_1_67' title='bbox 1464 1124 1623 1183; x_wconf 89' lang='lat' dir='ltr'><strong>Pater</strong></span> <span class='ocrx_word' id='word_1_68' title='bbox 1648 1125 1797 1181; x_wconf 82' lang='lat' dir='ltr'><strong>habet</strong></span> <span class='ocrx_word' id='word_1_69' title='bbox 1825 1127 2062 1188; x_wconf 71' lang='lat' dir='ltr'><strong>vitantia</strong></span> <span class='ocrx_word' id='word_1_70' title='bbox 2090 1141 2168 1181; x_wconf 85' lang='lat' dir='ltr'><strong>se-</strong></span> 
     </span>
    </p>
   </div>
   <div class='ocr_carea' id='block_1_12' title="bbox 565 1219 2168 1296">
    <p class='ocr_par' dir='ltr' id='par_1_12' title="bbox 565 1219 2168 1296">
     <span class='ocr_line' id='line_1_12' title="bbox 565 1219 2168 1296; baseline -0.004 -17"><span class='ocrx_word' id='word_1_71' title='bbox 565 1225 803 1296; x_wconf 84' lang='lat' dir='ltr'><strong>metipso,</strong></span> <span class='ocrx_word' id='word_1_72' title='bbox 833 1223 908 1278; x_wconf 84' lang='lat' dir='ltr'><strong>sic</strong></span> <span class='ocrx_word' id='word_1_73' title='bbox 938 1232 984 1277; x_wconf 89' lang='lat' dir='ltr'><strong>et</strong></span> <span class='ocrx_word' id='word_1_74' title='bbox 1025 1221 1165 1276; x_wconf 83' lang='lat' dir='ltr'><strong>Filio</strong></span> <span class='ocrx_word' id='word_1_75' title='bbox 1210 1220 1350 1277; x_wconf 89' lang='lat' dir='ltr'><strong>dedit</strong></span> <span class='ocrx_word' id='word_1_76' title='bbox 1390 1221 1573 1276; x_wconf 84' lang='lat' dir='ltr'><strong>habere</strong></span> <span class='ocrx_word' id='word_1_77' title='bbox 1600 1220 1757 1276; x_wconf 82' lang='lat' dir='ltr'><strong>vitam</strong></span> <span class='ocrx_word' id='word_1_78' title='bbox 1802 1221 1858 1275; x_wconf 88' lang='lat' dir='ltr'><strong>in</strong></span> <span class='ocrx_word' id='word_1_79' title='bbox 1902 1219 2168 1291; x_wconf 86' lang='lat' dir='ltr'><strong>semetipso</strong></span> 
     </span>
    </p>
   </div>
   <div class='ocr_carea' id='block_1_13' title="bbox 571 1312 2170 1389">
    <p class='ocr_par' dir='ltr' id='par_1_13' title="bbox 571 1312 2170 1389">
     <span class='ocr_line' id='line_1_13' title="bbox 571 1312 2170 1389; baseline -0.004 -19"><span class='ocrx_word' id='word_1_80' title='bbox 571 1314 749 1389; x_wconf 81' lang='lat' dir='ltr'><strong>(Jonn.</strong></span> <span class='ocrx_word' id='word_1_81' title='bbox 796 1332 852 1381; x_wconf 92' lang='lat' dir='ltr'><strong>v,</strong></span> <span class='ocrx_word' id='word_1_82' title='bbox 897 1314 1028 1385; x_wconf 71' lang='lat'><strong>26);</strong></span> <span class='ocrx_word' id='word_1_83' title='bbox 1080 1314 1232 1385; x_wconf 78' lang='lat' dir='ltr'><strong>juxta</strong></span> <span class='ocrx_word' id='word_1_84' title='bbox 1279 1312 1578 1370; x_wconf 88' lang='lat' dir='ltr'><strong>efﬁcaciam</strong></span> <span class='ocrx_word' id='word_1_85' title='bbox 1617 1320 1795 1368; x_wconf 89' lang='lat' dir='ltr'><strong>autem</strong></span> <span class='ocrx_word' id='word_1_86' title='bbox 1841 1326 1938 1382; x_wconf 89' lang='lat' dir='ltr'><strong>per</strong></span> <span class='ocrx_word' id='word_1_87' title='bbox 1957 1325 2019 1367; x_wconf 89' lang='lat' dir='ltr'><strong>ea</strong></span> <span class='ocrx_word' id='word_1_88' title='bbox 2047 1325 2170 1381; x_wconf 85' lang='lat' dir='ltr'><strong>qua:</strong></span> 
     </span>
    </p>
   </div>
   <div class='ocr_carea' id='block_1_14' title="bbox 566 1401 2168 1478">
    <p class='ocr_par' dir='ltr' id='par_1_14' title="bbox 566 1401 2168 1478">
     <span class='ocr_line' id='line_1_14' title="bbox 566 1401 2168 1478; baseline -0.007 -12"><span class='ocrx_word' id='word_1_89' title='bbox 566 1409 730 1466; x_wconf 87' lang='lat' dir='ltr'><strong>docet</strong></span> <span class='ocrx_word' id='word_1_90' title='bbox 759 1424 771 1461; x_wconf 88' lang='lat'><strong>:</strong></span> <span class='ocrx_word' id='word_1_91' title='bbox 805 1408 933 1475; x_wconf 73' lang='lat' dir='ltr'><strong>Qua:</strong></span> <span class='ocrx_word' id='word_1_92' title='bbox 961 1407 1097 1461; x_wconf 86' lang='lat' dir='ltr'><strong>enim</strong></span> <span class='ocrx_word' id='word_1_93' title='bbox 1125 1405 1282 1460; x_wconf 80' lang='lat' dir='ltr'><strong>Pater</strong></span> <span class='ocrx_word' id='word_1_94' title='bbox 1303 1406 1448 1478; x_wconf 80' lang='lat' dir='ltr'><strong>facit,</strong></span> <span class='ocrx_word' id='word_1_95' title='bbox 1482 1405 1659 1461; x_wconf 90' lang='lat' dir='ltr'><strong>eadem</strong></span> <span class='ocrx_word' id='word_1_96' title='bbox 1687 1415 1733 1459; x_wconf 90' lang='lat' dir='ltr'><strong>et</strong></span> <span class='ocrx_word' id='word_1_97' title='bbox 1768 1403 1941 1458; x_wconf 86' lang='lat' dir='ltr'><strong>Filius</strong></span> <span class='ocrx_word' id='word_1_98' title='bbox 1982 1401 2168 1458; x_wconf 84' lang='lat' dir='ltr'><strong>simili-</strong></span> 
     </span>
    </p>
   </div>
   <div class='ocr_carea' id='block_1_15' title="bbox 566 1495 2170 1573">
    <p class='ocr_par' dir='ltr' id='par_1_15' title="bbox 566 1495 2170 1573">
     <span class='ocr_line' id='line_1_15' title="bbox 566 1495 2170 1573; baseline -0.004 -16"><span class='ocrx_word' id='word_1_99' title='bbox 566 1512 640 1557; x_wconf 88' lang='lat' dir='ltr'><strong>ter</strong></span> <span class='ocrx_word' id='word_1_100' title='bbox 671 1501 797 1573; x_wconf 92' lang='lat' dir='ltr'><strong>facit</strong></span> <span class='ocrx_word' id='word_1_101' title='bbox 828 1497 1019 1572; x_wconf 84' lang='lat' dir='ltr'><strong>(Ibid.,</strong></span> <span class='ocrx_word' id='word_1_102' title='bbox 1050 1497 1162 1569; x_wconf 75' lang='grc'><strong>19),</strong></span> <span class='ocrx_word' id='word_1_103' title='bbox 1182 1500 1350 1555; x_wconf 90' lang='lat' dir='ltr'><strong>solam</strong></span> <span class='ocrx_word' id='word_1_104' title='bbox 1373 1497 1668 1555; x_wconf 90' lang='lat' dir='ltr'><strong>secundum</strong></span> <span class='ocrx_word' id='word_1_105' title='bbox 1693 1496 1992 1554; x_wconf 87' lang='lat' dir='ltr'><strong>efﬁcaciam</strong></span> <span class='ocrx_word' id='word_1_106' title='bbox 2017 1495 2170 1552; x_wconf 58' lang='lat' dir='ltr'><strong>simio</strong></span> 
     </span>
    </p>
   </div>
   <div class='ocr_carea' id='block_1_16' title="bbox 564 1586 2168 1664">
    <p class='ocr_par' dir='ltr' id='par_1_16' title="bbox 564 1586 2168 1664">
     <span class='ocr_line' id='line_1_16' title="bbox 564 1586 2168 1664; baseline -0.005 -13"><span class='ocrx_word' id='word_1_107' title='bbox 564 1593 850 1651; x_wconf 90' lang='lat' dir='ltr'><strong>litudinem</strong></span> <span class='ocrx_word' id='word_1_108' title='bbox 875 1590 1205 1659; x_wconf 86' lang='lat' dir='ltr'><strong>concedens,</strong></span> <span class='ocrx_word' id='word_1_109' title='bbox 1234 1590 1306 1664; x_wconf 92' lang='lat' dir='ltr'><strong>(c)</strong></span> <span class='ocrx_word' id='word_1_110' title='bbox 1330 1595 1482 1662; x_wconf 80' lang='lat' dir='ltr'><strong>juxta</strong></span> <span class='ocrx_word' id='word_1_111' title='bbox 1512 1590 1802 1647; x_wconf 86' lang='lat' dir='ltr'><strong>essentiam</strong></span> <span class='ocrx_word' id='word_1_112' title='bbox 1833 1602 1987 1656; x_wconf 88' lang='lat' dir='ltr'><strong>vero,</strong></span> <span class='ocrx_word' id='word_1_113' title='bbox 2024 1586 2168 1659; x_wconf 90' lang='lat' dir='ltr'><strong>quod</strong></span> 
     </span>
    </p>
   </div>
   <div class='ocr_carea' id='block_1_17' title="bbox 565 1678 2165 1756">
    <p class='ocr_par' dir='ltr' id='par_1_17' title="bbox 565 1678 2165 1756">
     <span class='ocr_line' id='line_1_17' title="bbox 565 1678 2165 1756; baseline -0.006 -14"><span class='ocrx_word' id='word_1_114' title='bbox 565 1694 653 1742; x_wconf 91' lang='lat' dir='ltr'><strong>est</strong></span> <span class='ocrx_word' id='word_1_115' title='bbox 689 1683 1203 1756; x_wconf 85' lang='lat' dir='ltr'><strong>principalissimum</strong></span> <span class='ocrx_word' id='word_1_116' title='bbox 1256 1681 1382 1738; x_wconf 89' lang='lat' dir='ltr'><strong>fidei</strong></span> <span class='ocrx_word' id='word_1_117' title='bbox 1412 1691 1634 1747; x_wconf 78' lang='lat' dir='ltr'><strong>nostrae,</strong></span> <span class='ocrx_word' id='word_1_118' title='bbox 1681 1680 1874 1735; x_wconf 76' lang='lat' dir='ltr'><strong>Filium</strong></span> <span class='ocrx_word' id='word_1_119' title='bbox 1907 1678 2119 1735; x_wconf 88' lang='lat' dir='ltr'><strong>fraudet</strong></span> <span class='ocrx_word' id='word_1_120' title='bbox 2151 1694 2165 1733; x_wconf 92' lang='lat'><strong>:</strong></span> 
     </span>
    </p>
   </div>
   <div class='ocr_carea' id='block_1_18' title="bbox 562 1776 2166 1854">
    <p class='ocr_par' dir='ltr' id='par_1_18' title="bbox 562 1776 2166 1854">
     <span class='ocr_line' id='line_1_18' title="bbox 562 1776 2166 1854; baseline -0.004 -17"><span class='ocrx_word' id='word_1_121' title='bbox 562 1782 715 1854; x_wconf 90' lang='lat' dir='ltr'><strong>quasi</strong></span> <span class='ocrx_word' id='word_1_122' title='bbox 747 1781 1099 1852; x_wconf 87' lang='lat' dir='ltr'><strong>semetipsum</strong></span> <span class='ocrx_word' id='word_1_123' title='bbox 1130 1779 1388 1835; x_wconf 86' lang='lat' dir='ltr'><strong>fraudans</strong></span> <span class='ocrx_word' id='word_1_124' title='bbox 1417 1777 1498 1853; x_wconf 81' lang='grc' dir='ltr'><strong>(ά)</strong></span> <span class='ocrx_word' id='word_1_125' title='bbox 1544 1778 1853 1850; x_wconf 81' lang='lat' dir='ltr'><strong>cognitione</strong></span> <span class='ocrx_word' id='word_1_126' title='bbox 1882 1776 2007 1832; x_wconf 68' lang='lat' dir='ltr'><strong>vitae</strong></span> <span class='ocrx_word' id='word_1_127' title='bbox 2037 1790 2166 1847; x_wconf 90' lang='lat' dir='ltr'><strong>per-</strong></span> 
     </span>
    </p>
   </div>
   <div class='ocr_carea' id='block_1_19' title="bbox 562 1870 2096 1946">
    <p class='ocr_par' dir='ltr' id='par_1_19' title="bbox 562 1870 2096 1946">
     <span class='ocr_line' id='line_1_19' title="bbox 562 1870 2096 1946; baseline -0.006 -14"><span class='ocrx_word' id='word_1_128' title='bbox 562 1884 760 1945; x_wconf 69' lang='lat' dir='ltr'><strong>peture,</strong></span> <span class='ocrx_word' id='word_1_129' title='bbox 801 1889 922 1946; x_wconf 80' lang='lat' dir='ltr'><strong>qua:</strong></span> <span class='ocrx_word' id='word_1_130' title='bbox 950 1887 1036 1930; x_wconf 83' lang='lat' dir='ltr'><strong>est</strong></span> <span class='ocrx_word' id='word_1_131' title='bbox 1060 1873 1116 1928; x_wconf 92' lang='lat' dir='ltr'><strong>in</strong></span> <span class='ocrx_word' id='word_1_132' title='bbox 1145 1873 1305 1929; x_wconf 88' lang='lat' dir='ltr'><strong>Patre</strong></span> <span class='ocrx_word' id='word_1_133' title='bbox 1334 1880 1390 1928; x_wconf 91' lang='lat' dir='ltr'><strong>et</strong></span> <span class='ocrx_word' id='word_1_134' title='bbox 1418 1871 1553 1930; x_wconf 83' lang='lat' dir='ltr'><strong>Filio</strong></span> <span class='ocrx_word' id='word_1_135' title='bbox 1595 1889 1608 1927; x_wconf 93' lang='lat'><strong>:</strong></span> <span class='ocrx_word' id='word_1_136' title='bbox 1637 1870 1923 1926; x_wconf 84' lang='lat' dir='ltr'><strong>anathema</strong></span> <span class='ocrx_word' id='word_1_137' title='bbox 1952 1870 2043 1925; x_wconf 88' lang='lat' dir='ltr'><strong>sit.</strong></span> <span class='ocrx_word' id='word_1_138' title='bbox 2075 1887 2096 1922; x_wconf 73' lang='grc' dir='ltr'><strong><em>ι</em></strong></span> 
     </span>
    </p>
   </div>
   <div class='ocr_carea' id='block_1_20' title="bbox 637 1960 2175 2025">
    <p class='ocr_par' dir='ltr' id='par_1_20' title="bbox 637 1960 2175 2025">
     <span class='ocr_line' id='line_1_20' title="bbox 637 1960 2175 2025; baseline -0.008 1"><span class='ocrx_word' id='word_1_139' title='bbox 637 1968 725 2025; x_wconf 76' lang='grc'><strong>19.</strong></span> <span class='ocrx_word' id='word_1_140' title='bbox 776 1967 997 2022; x_wconf 75' lang='lat' dir='ltr'><strong>Virtutis</strong></span> <span class='ocrx_word' id='word_1_141' title='bbox 1022 1965 1308 2021; x_wconf 81' lang='lat' dir='ltr'><strong>similitudo</strong></span> <span class='ocrx_word' id='word_1_142' title='bbox 1339 1981 1443 2020; x_wconf 89' lang='lat' dir='ltr'><strong>non</strong></span> <span class='ocrx_word' id='word_1_143' title='bbox 1471 1974 1545 2019; x_wconf 87' lang='lat' dir='ltr'><strong>est</strong></span> <span class='ocrx_word' id='word_1_144' title='bbox 1566 1964 1667 2019; x_wconf 84' lang='lat' dir='ltr'><strong>nisi</strong></span> <span class='ocrx_word' id='word_1_145' title='bbox 1710 1979 1773 2018; x_wconf 82' lang='lat' dir='ltr'><strong>ea:</strong></span> <span class='ocrx_word' id='word_1_146' title='bbox 1803 1971 2002 2017; x_wconf 78' lang='lat' dir='ltr'><strong>natura:</strong></span> <span class='ocrx_word' id='word_1_147' title='bbox 2029 1960 2175 2015; x_wconf 86' lang='lat' dir='ltr'><strong>simi-</strong></span> 
     </span>
    </p>
   </div>
   <div class='ocr_carea' id='block_1_21' title="bbox 565 2054 2171 2130">
    <p class='ocr_par' dir='ltr' id='par_1_21' title="bbox 565 2054 2171 2130">
     <span class='ocr_line' id='line_1_21' title="bbox 565 2054 2171 2130; baseline -0.004 -14"><span class='ocrx_word' id='word_1_148' title='bbox 565 2061 803 2117; x_wconf 86' lang='lat' dir='ltr'><strong>litudine.</strong></span> <span class='ocrx_word' id='word_1_149' title='bbox 845 2059 961 2116; x_wconf 84' lang='lat' dir='ltr'><strong>Vita</strong></span> <span class='ocrx_word' id='word_1_150' title='bbox 1000 2059 1219 2115; x_wconf 73' lang='lat' dir='ltr'><strong>essentia</strong></span> <span class='ocrx_word' id='word_1_151' title='bbox 1245 2058 1590 2130; x_wconf 84' lang='lat' dir='ltr'><strong>significatur.</strong></span> <span class='ocrx_word' id='word_1_152' title='bbox 1616 2086 1690 2097; x_wconf 90' lang='lat'><strong>--</strong></span> <span class='ocrx_word' id='word_1_153' title='bbox 1713 2055 1964 2111; x_wconf 81' lang='lat' dir='ltr'><strong>Conclusi</strong></span> <span class='ocrx_word' id='word_1_154' title='bbox 1996 2054 2171 2110; x_wconf 73' lang='lat' dir='ltr'><strong>lucre-</strong></span> 
     </span>
    </p>
   </div>
   <div class='ocr_carea' id='block_1_22' title="bbox 573 2147 2172 2223">
    <p class='ocr_par' dir='ltr' id='par_1_22' title="bbox 573 2147 2172 2223">
     <span class='ocr_line' id='line_1_22' title="bbox 573 2147 2172 2223; baseline -0.003 -16"><span class='ocrx_word' id='word_1_155' title='bbox 573 2153 666 2208; x_wconf 91' lang='lat' dir='ltr'><strong>tici</strong></span> <span class='ocrx_word' id='word_1_156' title='bbox 696 2152 1094 2223; x_wconf 89' lang='lat' dir='ltr'><strong>Scripturarum</strong></span> <span class='ocrx_word' id='word_1_157' title='bbox 1125 2148 1563 2218; x_wconf 86' lang='lat' dir='ltr'><strong>auctoritatibus,</strong></span> <span class='ocrx_word' id='word_1_158' title='bbox 1594 2148 1696 2204; x_wconf 91' lang='lat' dir='ltr'><strong>hoc</strong></span> <span class='ocrx_word' id='word_1_159' title='bbox 1721 2148 1895 2203; x_wconf 87' lang='lat' dir='ltr'><strong>solum</strong></span> <span class='ocrx_word' id='word_1_160' title='bbox 1931 2147 2172 2203; x_wconf 91' lang='lat' dir='ltr'><strong>tribuere</strong></span> 
     </span>
    </p>
   </div>
   <div class='ocr_carea' id='block_1_23' title="bbox 568 2237 2173 2308">
    <p class='ocr_par' dir='ltr' id='par_1_23' title="bbox 568 2237 2173 2308">
     <span class='ocr_line' id='line_1_23' title="bbox 568 2237 2173 2308; baseline -0.003 -8"><span class='ocrx_word' id='word_1_161' title='bbox 568 2245 747 2300; x_wconf 87' lang='lat' dir='ltr'><strong>solent</strong></span> <span class='ocrx_word' id='word_1_162' title='bbox 768 2243 929 2308; x_wconf 89' lang='lat' dir='ltr'><strong>Filio,</strong></span> <span class='ocrx_word' id='word_1_163' title='bbox 980 2251 1038 2298; x_wconf 92' lang='lat' dir='ltr'><strong>ut</strong></span> <span class='ocrx_word' id='word_1_164' title='bbox 1063 2241 1211 2297; x_wconf 86' lang='lat' dir='ltr'><strong>Patri</strong></span> <span class='ocrx_word' id='word_1_165' title='bbox 1242 2251 1446 2297; x_wconf 90' lang='lat' dir='ltr'><strong>tantum</strong></span> <span class='ocrx_word' id='word_1_166' title='bbox 1476 2242 1674 2296; x_wconf 90' lang='lat' dir='ltr'><strong>virtute</strong></span> <span class='ocrx_word' id='word_1_167' title='bbox 1720 2239 1913 2296; x_wconf 83' lang='lat' dir='ltr'><strong>similis</strong></span> <span class='ocrx_word' id='word_1_168' title='bbox 1942 2240 2029 2307; x_wconf 89' lang='lat' dir='ltr'><strong>sit,</strong></span> <span class='ocrx_word' id='word_1_169' title='bbox 2055 2237 2173 2295; x_wconf 90' lang='lat' dir='ltr'><strong>adi-</strong></span> 
     </span>
    </p>
   </div>
   <div class='ocr_carea' id='block_1_24' title="bbox 559 2333 2214 2404">
    <p class='ocr_par' dir='ltr' id='par_1_24' title="bbox 559 2333 2214 2404">
     <span class='ocr_line' id='line_1_24' title="bbox 559 2333 2214 2404; baseline -0.002 -13"><span class='ocrx_word' id='word_1_170' title='bbox 559 2346 714 2401; x_wconf 81' lang='lat' dir='ltr'><strong>munt</strong></span> <span class='ocrx_word' id='word_1_171' title='bbox 756 2346 935 2392; x_wconf 86' lang='lat' dir='ltr'><strong>autem</strong></span> <span class='ocrx_word' id='word_1_172' title='bbox 984 2335 1032 2391; x_wconf 86' lang='lat' dir='ltr'><strong>ei</strong></span> <span class='ocrx_word' id='word_1_173' title='bbox 1079 2333 1485 2389; x_wconf 84' lang='lat' dir='ltr'><strong>similitudinem</strong></span> <span class='ocrx_word' id='word_1_174' title='bbox 1519 2341 1771 2388; x_wconf 89' lang='lat' dir='ltr'><strong>naturae:</strong></span> <span class='ocrx_word' id='word_1_175' title='bbox 1814 2333 1962 2388; x_wconf 90' lang='lat' dir='ltr'><strong>stulti</strong></span> <span class='ocrx_word' id='word_1_176' title='bbox 2009 2341 2214 2404; x_wconf 53' lang='lat' dir='ltr'><strong>atque:</strong></span> 
     </span>
    </p>
   </div>
   <div class='ocr_carea' id='block_1_25' title="bbox 555 2423 2167 2500">
    <p class='ocr_par' dir='ltr' id='par_1_25' title="bbox 555 2423 2167 2500">
     <span class='ocr_line' id='line_1_25' title="bbox 555 2423 2167 2500; baseline -0.006 -13"><span class='ocrx_word' id='word_1_177' title='bbox 555 2428 726 2500; x_wconf 89' lang='lat' dir='ltr'><strong>impii,</strong></span> <span class='ocrx_word' id='word_1_178' title='bbox 757 2444 865 2484; x_wconf 90' lang='lat' dir='ltr'><strong>non</strong></span> <span class='ocrx_word' id='word_1_179' title='bbox 895 2426 1266 2497; x_wconf 85' lang='lat' dir='ltr'><strong>intelligentes</strong></span> <span class='ocrx_word' id='word_1_180' title='bbox 1295 2441 1401 2480; x_wconf 89' lang='lat' dir='ltr'><strong>non</strong></span> <span class='ocrx_word' id='word_1_181' title='bbox 1441 2426 1543 2480; x_wconf 88' lang='lat' dir='ltr'><strong>nisi</strong></span> <span class='ocrx_word' id='word_1_182' title='bbox 1574 2440 1642 2480; x_wconf 80' lang='lat' dir='ltr'><strong>ex</strong></span> <span class='ocrx_word' id='word_1_183' title='bbox 1673 2434 1879 2479; x_wconf 73' lang='lat' dir='ltr'><strong>naturze</strong></span> <span class='ocrx_word' id='word_1_184' title='bbox 1915 2423 2167 2479; x_wconf 91' lang='lat' dir='ltr'><strong>similitu-</strong></span> 
     </span>
    </p>
   </div>
   <div class='ocr_carea' id='block_1_26' title="bbox 559 2514 2164 2587">
    <p class='ocr_par' dir='ltr' id='par_1_26' title="bbox 559 2514 2164 2587">
     <span class='ocr_line' id='line_1_26' title="bbox 559 2514 2164 2587; baseline -0.004 -11"><span class='ocrx_word' id='word_1_185' title='bbox 559 2520 687 2577; x_wconf 90' lang='lat' dir='ltr'><strong>dine</strong></span> <span class='ocrx_word' id='word_1_186' title='bbox 733 2518 1144 2576; x_wconf 88' lang='lat' dir='ltr'><strong>similitudinem</strong></span> <span class='ocrx_word' id='word_1_187' title='bbox 1199 2532 1322 2573; x_wconf 89' lang='lat' dir='ltr'><strong>esse</strong></span> <span class='ocrx_word' id='word_1_188' title='bbox 1370 2517 1605 2571; x_wconf 90' lang='lat' dir='ltr'><strong>virtutis.</strong></span> <span class='ocrx_word' id='word_1_189' title='bbox 1649 2515 1835 2587; x_wconf 85' lang='lat' dir='ltr'><strong>Neque</strong></span> <span class='ocrx_word' id='word_1_190' title='bbox 1876 2516 2017 2571; x_wconf 87' lang='lat' dir='ltr'><strong>enim</strong></span> <span class='ocrx_word' id='word_1_191' title='bbox 2063 2514 2164 2569; x_wconf 90' lang='lat' dir='ltr'><strong>ali-</strong></span> 
     </span>
    </p>
   </div>
   <div class='ocr_carea' id='block_1_27' title="bbox 557 2609 2168 2685">
    <p class='ocr_par' dir='ltr' id='par_1_27' title="bbox 557 2609 2168 2685">
     <span class='ocr_line' id='line_1_27' title="bbox 557 2609 2168 2685; baseline -0.002 -17"><span class='ocrx_word' id='word_1_192' title='bbox 557 2613 774 2685; x_wconf 87' lang='lat' dir='ltr'><strong>quando</strong></span> <span class='ocrx_word' id='word_1_193' title='bbox 815 2611 1042 2667; x_wconf 89' lang='lat' dir='ltr'><strong>inferior</strong></span> <span class='ocrx_word' id='word_1_194' title='bbox 1092 2619 1303 2677; x_wconf 88' lang='lat' dir='ltr'><strong>natura,</strong></span> <span class='ocrx_word' id='word_1_195' title='bbox 1332 2610 1629 2680; x_wconf 88' lang='lat' dir='ltr'><strong>superioris</strong></span> <span class='ocrx_word' id='word_1_196' title='bbox 1660 2624 1688 2663; x_wconf 95' lang='lat' dir='ltr'><strong>a</strong></span> <span class='ocrx_word' id='word_1_197' title='bbox 1721 2625 1781 2664; x_wconf 88' lang='lat' dir='ltr'><strong>se</strong></span> <span class='ocrx_word' id='word_1_198' title='bbox 1830 2609 2168 2680; x_wconf 88' lang='lat' dir='ltr'><strong>potiorisque</strong></span> 
     </span>
    </p>
   </div>
   <div class='ocr_carea' id='block_1_28' title="bbox 556 2702 2169 2777">
    <p class='ocr_par' dir='ltr' id='par_1_28' title="bbox 556 2702 2169 2777">
     <span class='ocr_line' id='line_1_28' title="bbox 556 2702 2169 2777; baseline -0.004 -14"><span class='ocrx_word' id='word_1_199' title='bbox 556 2716 765 2763; x_wconf 84' lang='lat' dir='ltr'><strong>natura:</strong></span> <span class='ocrx_word' id='word_1_200' title='bbox 793 2706 1051 2762; x_wconf 84' lang='lat' dir='ltr'><strong>virtutem</strong></span> <span class='ocrx_word' id='word_1_201' title='bbox 1100 2706 1472 2777; x_wconf 89' lang='lat' dir='ltr'><strong>consequitur.</strong></span> <span class='ocrx_word' id='word_1_202' title='bbox 1520 2706 1626 2759; x_wconf 83' lang='lat' dir='ltr'><strong>Aut</strong></span> <span class='ocrx_word' id='word_1_203' title='bbox 1673 2703 1802 2775; x_wconf 91' lang='lat' dir='ltr'><strong>quid</strong></span> <span class='ocrx_word' id='word_1_204' title='bbox 1855 2702 1971 2757; x_wconf 63' lang='lat' dir='ltr'><strong>hinc</strong></span> <span class='ocrx_word' id='word_1_205' title='bbox 2019 2716 2169 2757; x_wconf 89' lang='lat' dir='ltr'><strong>asse-</strong></span> 
     </span>
    </p>
   </div>
   <div class='ocr_carea' id='block_1_29' title="bbox 557 2793 2162 2867">
    <p class='ocr_par' dir='ltr' id='par_1_29' title="bbox 557 2793 2162 2867">
     <span class='ocr_line' id='line_1_29' title="bbox 557 2793 2162 2867; baseline -0.006 -13"><span class='ocrx_word' id='word_1_206' title='bbox 557 2807 743 2854; x_wconf 86' lang='lat' dir='ltr'><strong>rentes</strong></span> <span class='ocrx_word' id='word_1_207' title='bbox 791 2797 861 2853; x_wconf 85' lang='lat' dir='ltr'><strong>dc</strong></span> <span class='ocrx_word' id='word_1_208' title='bbox 913 2796 1284 2867; x_wconf 87' lang='lat' dir='ltr'><strong>omnipotente</strong></span> <span class='ocrx_word' id='word_1_209' title='bbox 1343 2796 1456 2850; x_wconf 92' lang='lat' dir='ltr'><strong>Deo</strong></span> <span class='ocrx_word' id='word_1_210' title='bbox 1522 2802 1674 2865; x_wconf 89' lang='lat' dir='ltr'><strong>patre</strong></span> <span class='ocrx_word' id='word_1_211' title='bbox 1729 2793 2162 2865; x_wconf 87' lang='lat' dir='ltr'><strong>profitehuntur,</strong></span> 
     </span>
    </p>
   </div>
   <div class='ocr_carea' id='block_1_30' title="bbox 557 2885 2165 2961">
    <p class='ocr_par' dir='ltr' id='par_1_30' title="bbox 557 2885 2165 2961">
     <span class='ocr_line' id='line_1_30' title="bbox 557 2885 2165 2961; baseline -0.003 -16"><span class='ocrx_word' id='word_1_212' title='bbox 557 2890 605 2945; x_wconf 89' lang='lat' dir='ltr'><strong>si</strong></span> <span class='ocrx_word' id='word_1_213' title='bbox 639 2888 713 2961; x_wconf 92' lang='lat' dir='ltr'><strong>(e)</strong></span> <span class='ocrx_word' id='word_1_214' title='bbox 754 2888 935 2944; x_wconf 83' lang='lat' dir='ltr'><strong>virtuti</strong></span> <span class='ocrx_word' id='word_1_215' title='bbox 987 2903 1101 2944; x_wconf 77' lang='lat' dir='ltr'><strong>sua:</strong></span> <span class='ocrx_word' id='word_1_216' title='bbox 1131 2888 1303 2943; x_wconf 88' lang='lat' dir='ltr'><strong>virtus</strong></span> <span class='ocrx_word' id='word_1_217' title='bbox 1347 2894 1551 2941; x_wconf 84' lang='lat' dir='ltr'><strong>natura:</strong></span> <span class='ocrx_word' id='word_1_218' title='bbox 1593 2885 1864 2940; x_wconf 89' lang='lat' dir='ltr'><strong>inferioris</strong></span> <span class='ocrx_word' id='word_1_219' title='bbox 1884 2885 2165 2956; x_wconf 70' lang='lat' dir='ltr'><strong>mquatur?</strong></span> 
     </span>
    </p>
   </div>
   <div class='ocr_carea' id='block_1_31' title="bbox 555 2975 2161 3050">
    <p class='ocr_par' dir='ltr' id='par_1_31' title="bbox 555 2975 2161 3050">
     <span class='ocr_line' id='line_1_31' title="bbox 555 2975 2161 3050; baseline -0.004 -14"><span class='ocrx_word' id='word_1_220' title='bbox 555 2978 676 3036; x_wconf 84' lang='lat' dir='ltr'><strong>Non</strong></span> <span class='ocrx_word' id='word_1_221' title='bbox 704 2980 848 3036; x_wconf 91' lang='lat' dir='ltr'><strong>enim</strong></span> <span class='ocrx_word' id='word_1_222' title='bbox 881 2989 1059 3050; x_wconf 88' lang='lat' dir='ltr'><strong>potest</strong></span> <span class='ocrx_word' id='word_1_223' title='bbox 1111 2979 1319 3049; x_wconf 80' lang='lat' dir='ltr'><strong>negari,</strong></span> <span class='ocrx_word' id='word_1_224' title='bbox 1365 2977 1494 3049; x_wconf 91' lang='lat' dir='ltr'><strong>quin</strong></span> <span class='ocrx_word' id='word_1_225' title='bbox 1540 2977 1711 3032; x_wconf 88' lang='lat' dir='ltr'><strong>Filius</strong></span> <span class='ocrx_word' id='word_1_226' title='bbox 1760 2975 1902 3032; x_wconf 90' lang='lat' dir='ltr'><strong>idem</strong></span> <span class='ocrx_word' id='word_1_227' title='bbox 1948 2977 2161 3047; x_wconf 88' lang='lat' dir='ltr'><strong>possit;</strong></span> 
     </span>
    </p>
   </div>
   <div class='ocr_carea' id='block_1_32' title="bbox 555 3069 2165 3144">
    <p class='ocr_par' dir='ltr' id='par_1_32' title="bbox 555 3069 2165 3144">
     <span class='ocr_line' id='line_1_32' title="bbox 555 3069 2165 3144; baseline -0.003 -14"><span class='ocrx_word' id='word_1_228' title='bbox 555 3088 679 3130; x_wconf 90' lang='lat' dir='ltr'><strong>cum</strong></span> <span class='ocrx_word' id='word_1_229' title='bbox 708 3072 905 3129; x_wconf 81' lang='lat' dir='ltr'><strong>dixerit</strong></span> <span class='ocrx_word' id='word_1_230' title='bbox 936 3092 950 3129; x_wconf 91' lang='lat'><strong>:</strong></span> <span class='ocrx_word' id='word_1_231' title='bbox 984 3072 1331 3140; x_wconf 59' lang='lat' dir='ltr'><strong>Quacumque</strong></span> <span class='ocrx_word' id='word_1_232' title='bbox 1356 3072 1480 3143; x_wconf 89' lang='lat' dir='ltr'><strong>facit</strong></span> <span class='ocrx_word' id='word_1_233' title='bbox 1510 3070 1673 3144; x_wconf 68' lang='grc'><strong>472</strong></span> <span class='ocrx_word' id='word_1_234' title='bbox 1703 3069 1882 3137; x_wconf 86' lang='lat' dir='ltr'><strong>Pater,</strong></span> <span class='ocrx_word' id='word_1_235' title='bbox 1911 3070 2094 3125; x_wconf 86' lang='lat' dir='ltr'><strong>eadem</strong></span> <span class='ocrx_word' id='word_1_236' title='bbox 2116 3080 2165 3125; x_wconf 89' lang='lat' dir='ltr'><strong>et</strong></span> 
     </span>
    </p>
   </div>
   <div class='ocr_carea' id='block_1_33' title="bbox 558 3162 2159 3239">
    <p class='ocr_par' dir='ltr' id='par_1_33' title="bbox 558 3162 2159 3239">
     <span class='ocr_line' id='line_1_33' title="bbox 558 3162 2159 3239; baseline -0.002 -17"><span class='ocrx_word' id='word_1_237' title='bbox 558 3166 734 3223; x_wconf 87' lang='lat' dir='ltr'><strong>Filius</strong></span> <span class='ocrx_word' id='word_1_238' title='bbox 776 3167 901 3239; x_wconf 92' lang='lat' dir='ltr'><strong>facit</strong></span> <span class='ocrx_word' id='word_1_239' title='bbox 941 3167 1176 3221; x_wconf 86' lang='lat' dir='ltr'><strong>similiter</strong></span> <span class='ocrx_word' id='word_1_240' title='bbox 1205 3164 1384 3237; x_wconf 78' lang='lat' dir='ltr'><strong>(Iona.</strong></span> <span class='ocrx_word' id='word_1_241' title='bbox 1428 3181 1481 3232; x_wconf 84' lang='lat' dir='ltr'><strong>v,</strong></span> <span class='ocrx_word' id='word_1_242' title='bbox 1536 3163 1649 3235; x_wconf 79' lang='lat' dir='ltr'><strong>I9).</strong></span> <span class='ocrx_word' id='word_1_243' title='bbox 1685 3163 1791 3220; x_wconf 88' lang='lat' dir='ltr'><strong>Sed</strong></span> <span class='ocrx_word' id='word_1_244' title='bbox 1822 3162 2159 3219; x_wconf 85' lang='lat' dir='ltr'><strong>similitudini</strong></span> 
     </span>
    </p>
   </div>
   <div class='ocr_carea' id='block_1_34' title="bbox 2268 571 3868 644">
    <p class='ocr_par' dir='ltr' id='par_1_34' title="bbox 2268 571 3868 644">
     <span class='ocr_line' id='line_1_34' title="bbox 2268 571 3868 644; baseline -0.001 -16"><span class='ocrx_word' id='word_1_245' title='bbox 2268 572 2613 644; x_wconf 87' lang='lat' dir='ltr'><strong>promittens,</strong></span> <span class='ocrx_word' id='word_1_246' title='bbox 2658 571 2874 630; x_wconf 89' lang='lat' dir='ltr'><strong>Patrem</strong></span> <span class='ocrx_word' id='word_1_247' title='bbox 2924 571 3206 628; x_wconf 71' lang='lat' dir='ltr'><strong>dissimilis</strong></span> <span class='ocrx_word' id='word_1_248' title='bbox 3232 571 3335 628; x_wconf 86' lang='lat' dir='ltr'><strong>sibi</strong></span> <span class='ocrx_word' id='word_1_249' title='bbox 3367 573 3622 628; x_wconf 75' lang='lat' dir='ltr'><strong>essentia:</strong></span> <span class='ocrx_word' id='word_1_250' title='bbox 3668 571 3737 644; x_wconf 91' lang='lat' dir='ltr'><strong>(f)</strong></span> <span class='ocrx_word' id='word_1_251' title='bbox 3771 588 3868 643; x_wconf 77' lang='lat' dir='ltr'><strong>pa-</strong></span> 
     </span>
    </p>
   </div>
   <div class='ocr_carea' id='block_1_35' title="bbox 2269 664 3874 737">
    <p class='ocr_par' dir='ltr' id='par_1_35' title="bbox 2269 664 3874 737">
     <span class='ocr_line' id='line_1_35' title="bbox 2269 664 3874 737; baseline 0 -16"><span class='ocrx_word' id='word_1_252' title='bbox 2269 675 2403 721; x_wconf 93' lang='lat' dir='ltr'><strong>trem</strong></span> <span class='ocrx_word' id='word_1_253' title='bbox 2453 665 2616 732; x_wconf 90' lang='lat' dir='ltr'><strong>dicat,</strong></span> <span class='ocrx_word' id='word_1_254' title='bbox 2668 665 2764 722; x_wconf 86' lang='lat' dir='ltr'><strong>sed</strong></span> <span class='ocrx_word' id='word_1_255' title='bbox 2816 665 3008 721; x_wconf 90' lang='lat' dir='ltr'><strong>similis</strong></span> <span class='ocrx_word' id='word_1_256' title='bbox 3036 664 3323 731; x_wconf 65' lang='lat' dir='ltr'><strong>efficaciae;</strong></span> <span class='ocrx_word' id='word_1_257' title='bbox 3356 664 3509 737; x_wconf 86' lang='lat' dir='ltr'><strong>quasi</strong></span> <span class='ocrx_word' id='word_1_258' title='bbox 3541 664 3795 737; x_wconf 86' lang='lat' dir='ltr'><strong>profanas</strong></span> <span class='ocrx_word' id='word_1_259' title='bbox 3818 673 3874 721; x_wconf 92' lang='lat' dir='ltr'><strong>et</strong></span> 
     </span>
    </p>
   </div>
   <div class='ocr_carea' id='block_1_36' title="bbox 2269 756 3872 828">
    <p class='ocr_par' dir='ltr' id='par_1_36' title="bbox 2269 756 3872 828">
     <span class='ocr_line' id='line_1_36' title="bbox 2269 756 3872 828; baseline -0.001 -14"><span class='ocrx_word' id='word_1_260' title='bbox 2269 773 2436 814; x_wconf 87' lang='lat' dir='ltr'><strong>novas</strong></span> <span class='ocrx_word' id='word_1_261' title='bbox 2464 773 2625 815; x_wconf 88' lang='lat' dir='ltr'><strong>voces</strong></span> <span class='ocrx_word' id='word_1_262' title='bbox 2653 766 2842 814; x_wconf 89' lang='lat' dir='ltr'><strong>contra</strong></span> <span class='ocrx_word' id='word_1_263' title='bbox 2871 756 3159 813; x_wconf 80' lang='lat' dir='ltr'><strong>essentiam</strong></span> <span class='ocrx_word' id='word_1_264' title='bbox 3198 756 3319 812; x_wconf 88' lang='lat' dir='ltr'><strong>Filii</strong></span> <span class='ocrx_word' id='word_1_265' title='bbox 3367 757 3617 828; x_wconf 88' lang='lat' dir='ltr'><strong>loquens,</strong></span> <span class='ocrx_word' id='word_1_266' title='bbox 3640 765 3703 814; x_wconf 85' lang='lat' dir='ltr'><strong>et</strong></span> <span class='ocrx_word' id='word_1_267' title='bbox 3733 758 3872 813; x_wconf 58' lang='lat' dir='ltr'><strong>intev</strong></span> 
     </span>
    </p>
   </div>
   <div class='ocr_carea' id='block_1_37' title="bbox 2267 848 3704 922">
    <p class='ocr_par' dir='ltr' id='par_1_37' title="bbox 2267 848 3704 922">
     <span class='ocr_line' id='line_1_37' title="bbox 2267 848 3704 922; baseline -0.002 -16"><span class='ocrx_word' id='word_1_268' title='bbox 2267 850 2469 908; x_wconf 90' lang='lat' dir='ltr'><strong>rimens</strong></span> <span class='ocrx_word' id='word_1_269' title='bbox 2494 848 2571 922; x_wconf 88' lang='lat' dir='ltr'><strong>(g)</strong></span> <span class='ocrx_word' id='word_1_270' title='bbox 2590 865 2720 906; x_wconf 89' lang='lat' dir='ltr'><strong>vere</strong></span> <span class='ocrx_word' id='word_1_271' title='bbox 2746 849 2840 906; x_wconf 89' lang='lat' dir='ltr'><strong>Dei</strong></span> <span class='ocrx_word' id='word_1_272' title='bbox 2866 849 3031 904; x_wconf 92' lang='lat' dir='ltr'><strong>ﬁlium</strong></span> <span class='ocrx_word' id='word_1_273' title='bbox 3057 864 3179 906; x_wconf 89' lang='lat' dir='ltr'><strong>esse</strong></span> <span class='ocrx_word' id='word_1_274' title='bbox 3207 867 3222 905; x_wconf 90' lang='lat'>:</span> <span class='ocrx_word' id='word_1_275' title='bbox 3252 849 3537 905; x_wconf 87' lang='lat' dir='ltr'><strong>anathema</strong></span> <span class='ocrx_word' id='word_1_276' title='bbox 3559 849 3651 906; x_wconf 89' lang='lat' dir='ltr'><strong>sit.</strong></span> <span class='ocrx_word' id='word_1_277' title='bbox 3682 868 3704 903; x_wconf 75' lang='grc' dir='ltr'><strong><em>ι</em></strong></span> 
     </span>
    </p>
   </div>
   <div class='ocr_carea' id='block_1_38' title="bbox 2339 940 3874 1013">
    <p class='ocr_par' dir='ltr' id='par_1_38' title="bbox 2339 940 3874 1013">
     <span class='ocr_line' id='line_1_38' title="bbox 2339 940 3874 1013; baseline -0.001 -13"><span class='ocrx_word' id='word_1_278' title='bbox 2339 943 2428 1000; x_wconf 80' lang='grc'><strong>20.</strong></span> <span class='ocrx_word' id='word_1_279' title='bbox 2474 942 2717 998; x_wconf 72' lang='grc' dir='ltr'><em>Ηωνριὶσὶ</em></span> <span class='ocrx_word' id='word_1_280' title='bbox 2730 942 2905 998; x_wconf 79' lang='lat' dir='ltr'><strong>dolose</strong></span> <span class='ocrx_word' id='word_1_281' title='bbox 2924 941 3130 997; x_wconf 88' lang='lat' dir='ltr'><strong>Patrem</strong></span> <span class='ocrx_word' id='word_1_282' title='bbox 3148 952 3195 998; x_wconf 90' lang='lat' dir='ltr'><strong>et</strong></span> <span class='ocrx_word' id='word_1_283' title='bbox 3219 940 3265 997; x_wconf 85' lang='lat' dir='ltr'><em>F</em></span> <span class='ocrx_word' id='word_1_284' title='bbox 3266 943 3416 998; x_wconf 87' lang='lat' dir='ltr'><strong>ilium</strong></span> <span class='ocrx_word' id='word_1_285' title='bbox 3431 943 3751 1013; x_wconf 81' lang='lat' dir='ltr'><strong>confitentes.</strong></span> <span class='ocrx_word' id='word_1_286' title='bbox 3770 943 3874 998; x_wconf 73' lang='lat' dir='ltr'><strong>Re~</strong></span> 
     </span>
    </p>
   </div>
   <div class='ocr_carea' id='block_1_39' title="bbox 2269 1034 3876 1108">
    <p class='ocr_par' dir='ltr' id='par_1_39' title="bbox 2269 1034 3876 1108">
     <span class='ocr_line' id='line_1_39' title="bbox 2269 1034 3876 1108; baseline 0 -18"><span class='ocrx_word' id='word_1_287' title='bbox 2269 1034 2517 1108; x_wconf 74' lang='lat' dir='ltr'><strong>falluntur</strong></span> <span class='ocrx_word' id='word_1_288' title='bbox 2539 1034 2646 1090; x_wconf 88' lang='lat' dir='ltr'><strong>Fili</strong></span> <span class='ocrx_word' id='word_1_289' title='bbox 2652 1051 2736 1089; x_wconf 85' lang='lat' dir='ltr'><strong>nm</strong></span> <span class='ocrx_word' id='word_1_290' title='bbox 2748 1044 2990 1108; x_wconf 85' lang='lat' dir='ltr'><strong>negantes</strong></span> <span class='ocrx_word' id='word_1_291' title='bbox 3002 1052 3032 1089; x_wconf 92' lang='lat' dir='ltr'><strong>a</strong></span> <span class='ocrx_word' id='word_1_292' title='bbox 3047 1034 3206 1090; x_wconf 86' lang='lat' dir='ltr'><strong>Patre</strong></span> <span class='ocrx_word' id='word_1_293' title='bbox 3218 1035 3385 1091; x_wconf 84' lang='lat' dir='ltr'><strong>alium</strong></span> <span class='ocrx_word' id='word_1_294' title='bbox 3403 1034 3465 1090; x_wconf 88' lang='lat' dir='ltr'><strong>ob</strong></span> <span class='ocrx_word' id='word_1_295' title='bbox 3484 1034 3876 1090; x_wconf 83' lang='lat' dir='ltr'><strong>similitudinem</strong></span> 
     </span>
    </p>
   </div>
   <div class='ocr_carea' id='block_1_40' title="bbox 2270 1127 3875 1201">
    <p class='ocr_par' dir='ltr' id='par_1_40' title="bbox 2270 1127 3875 1201">
     <span class='ocr_line' id='line_1_40' title="bbox 2270 1127 3875 1201; baseline -0.001 -16"><span class='ocrx_word' id='word_1_296' title='bbox 2270 1138 2486 1185; x_wconf 74' lang='lat' dir='ltr'><strong>natum.</strong></span> <span class='ocrx_word' id='word_1_297' title='bbox 2505 1128 2838 1184; x_wconf 91' lang='lat' dir='ltr'><strong>——Confusis</strong></span> <span class='ocrx_word' id='word_1_298' title='bbox 2865 1128 3255 1201; x_wconf 83' lang='lat' dir='ltr'><strong>permixtisque</strong></span> <span class='ocrx_word' id='word_1_299' title='bbox 3268 1127 3451 1186; x_wconf 85' lang='lat' dir='ltr'><strong>verbis</strong></span> <span class='ocrx_word' id='word_1_300' title='bbox 3465 1128 3747 1185; x_wconf 86' lang='lat' dir='ltr'><strong>veritatem</strong></span> <span class='ocrx_word' id='word_1_301' title='bbox 3767 1128 3875 1185; x_wconf 89' lang='lat' dir='ltr'><strong>fre-</strong></span> 
     </span>
    </p>
   </div>
   <div class='ocr_carea' id='block_1_41' title="bbox 2267 1220 3874 1294">
    <p class='ocr_par' dir='ltr' id='par_1_41' title="bbox 2267 1220 3874 1294">
     <span class='ocr_line' id='line_1_41' title="bbox 2267 1220 3874 1294; baseline 0.001 -17"><span class='ocrx_word' id='word_1_302' title='bbox 2267 1221 2619 1294; x_wconf 90' lang='lat' dir='ltr'><strong>quentissime</strong></span> <span class='ocrx_word' id='word_1_303' title='bbox 2647 1220 2890 1277; x_wconf 79' lang='lat' dir='ltr'><strong>lueretici</strong></span> <span class='ocrx_word' id='word_1_304' title='bbox 2932 1220 3182 1289; x_wconf 88' lang='lat' dir='ltr'><strong>eludunt,</strong></span> <span class='ocrx_word' id='word_1_305' title='bbox 3213 1230 3268 1277; x_wconf 93' lang='lat' dir='ltr'><strong>et</strong></span> <span class='ocrx_word' id='word_1_306' title='bbox 3320 1221 3658 1278; x_wconf 88' lang='lat' dir='ltr'><strong>incautorum</strong></span> <span class='ocrx_word' id='word_1_307' title='bbox 3710 1236 3874 1278; x_wconf 85' lang='lat' dir='ltr'><strong>aures</strong></span> 
     </span>
    </p>
   </div>
   <div class='ocr_carea' id='block_1_42' title="bbox 2273 1313 3877 1388">
    <p class='ocr_par' dir='ltr' id='par_1_42' title="bbox 2273 1313 3877 1388">
     <span class='ocr_line' id='line_1_42' title="bbox 2273 1313 3877 1388; baseline -0.001 -16"><span class='ocrx_word' id='word_1_308' title='bbox 2273 1316 2638 1373; x_wconf 89' lang='lat' dir='ltr'><strong>communium</strong></span> <span class='ocrx_word' id='word_1_309' title='bbox 2665 1314 3052 1371; x_wconf 85' lang='lat' dir='ltr'><strong>vocabulorum</strong></span> <span class='ocrx_word' id='word_1_310' title='bbox 3081 1330 3219 1373; x_wconf 91' lang='lat' dir='ltr'><strong>sono</strong></span> <span class='ocrx_word' id='word_1_311' title='bbox 3260 1313 3502 1388; x_wconf 89' lang='lat' dir='ltr'><strong>capiunt,</strong></span> <span class='ocrx_word' id='word_1_312' title='bbox 3549 1315 3765 1373; x_wconf 87' lang='lat' dir='ltr'><strong>Patrem</strong></span> <span class='ocrx_word' id='word_1_313' title='bbox 3819 1324 3877 1373; x_wconf 91' lang='lat' dir='ltr'><strong>et</strong></span> 
     </span>
    </p>
   </div>
   <div class='ocr_carea' id='block_1_43' title="bbox 2270 1400 3877 1479">
    <p class='ocr_par' dir='ltr' id='par_1_43' title="bbox 2270 1400 3877 1479">
     <span class='ocr_line' id='line_1_43' title="bbox 2270 1400 3877 1479; baseline -0.001 -15"><span class='ocrx_word' id='word_1_314' title='bbox 2270 1407 2464 1464; x_wconf 89' lang='lat' dir='ltr'><strong>Filium</strong></span> <span class='ocrx_word' id='word_1_315' title='bbox 2496 1409 2627 1465; x_wconf 89' lang='lat' dir='ltr'><strong>solis</strong></span> <span class='ocrx_word' id='word_1_316' title='bbox 2653 1408 2984 1476; x_wconf 83' lang='lat' dir='ltr'><strong>nominibus,</strong></span> <span class='ocrx_word' id='word_1_317' title='bbox 3010 1424 3117 1466; x_wconf 91' lang='lat' dir='ltr'><strong>non</strong></span> <span class='ocrx_word' id='word_1_318' title='bbox 3144 1407 3308 1464; x_wconf 88' lang='lat' dir='ltr'><strong>etiam</strong></span> <span class='ocrx_word' id='word_1_319' title='bbox 3331 1423 3428 1479; x_wconf 90' lang='lat' dir='ltr'><strong>per</strong></span> <span class='ocrx_word' id='word_1_320' title='bbox 3464 1400 3748 1465; x_wconf 74' lang='lat' dir='ltr'><strong>veritatem</strong></span> <span class='ocrx_word' id='word_1_321' title='bbox 3779 1423 3877 1464; x_wconf 89' lang='lat' dir='ltr'><strong>na-</strong></span> 
     </span>
    </p>
   </div>
   <div class='ocr_carea' id='block_1_44' title="bbox 2271 1503 3878 1575">
    <p class='ocr_par' dir='ltr' id='par_1_44' title="bbox 2271 1503 3878 1575">
     <span class='ocr_line' id='line_1_44' title="bbox 2271 1503 3878 1575; baseline -0.001 -15"><span class='ocrx_word' id='word_1_322' title='bbox 2271 1503 2460 1560; x_wconf 90' lang='lat' dir='ltr'><strong>turalis</strong></span> <span class='ocrx_word' id='word_1_323' title='bbox 2481 1511 2539 1559; x_wconf 89' lang='lat' dir='ltr'><strong>et</strong></span> <span class='ocrx_word' id='word_1_324' title='bbox 2565 1503 2815 1575; x_wconf 85' lang='lat' dir='ltr'><strong>genuina:</strong></span> <span class='ocrx_word' id='word_1_325' title='bbox 2855 1504 3107 1560; x_wconf 65' lang='lat' dir='ltr'><strong>essentitc</strong></span> <span class='ocrx_word' id='word_1_326' title='bbox 3140 1503 3496 1574; x_wconf 63' lang='lat' dir='ltr'><strong>praedicantes</strong></span> <span class='ocrx_word' id='word_1_327' title='bbox 3540 1519 3553 1559; x_wconf 93' lang='lat'><strong>:</strong></span> <span class='ocrx_word' id='word_1_328' title='bbox 3588 1503 3709 1574; x_wconf 89' lang='lat' dir='ltr'><strong>quia</strong></span> <span class='ocrx_word' id='word_1_329' title='bbox 3757 1518 3878 1558; x_wconf 83' lang='lat' dir='ltr'><strong>om-</strong></span> 
     </span>
    </p>
   </div>
   <div class='ocr_carea' id='block_1_45' title="bbox 2271 1595 3879 1667">
    <p class='ocr_par' dir='ltr' id='par_1_45' title="bbox 2271 1595 3879 1667">
     <span class='ocr_line' id='line_1_45' title="bbox 2271 1595 3879 1667; baseline 0 -16"><span class='ocrx_word' id='word_1_330' title='bbox 2271 1595 2419 1651; x_wconf 88' lang='lat' dir='ltr'><strong>nium</strong></span> <span class='ocrx_word' id='word_1_331' title='bbox 2446 1596 2781 1653; x_wconf 87' lang='lat' dir='ltr'><strong>creationum</strong></span> <span class='ocrx_word' id='word_1_332' title='bbox 2820 1596 2996 1652; x_wconf 91' lang='lat' dir='ltr'><strong>sciant</strong></span> <span class='ocrx_word' id='word_1_333' title='bbox 3018 1595 3122 1652; x_wconf 86' lang='lat' dir='ltr'><strong>dici</strong></span> <span class='ocrx_word' id='word_1_334' title='bbox 3155 1595 3324 1652; x_wconf 90' lang='lat' dir='ltr'><strong>Deum</strong></span> <span class='ocrx_word' id='word_1_335' title='bbox 3375 1603 3611 1667; x_wconf 86' lang='lat' dir='ltr'><strong>patrem,</strong></span> <span class='ocrx_word' id='word_1_336' title='bbox 3644 1603 3700 1652; x_wconf 92' lang='lat' dir='ltr'><strong>et</strong></span> <span class='ocrx_word' id='word_1_337' title='bbox 3723 1609 3879 1651; x_wconf 86' lang='lat' dir='ltr'><strong>sanc-</strong></span> 
     </span>
    </p>
   </div>
   <div class='ocr_carea' id='block_1_46' title="bbox 2274 1690 3878 1762">
    <p class='ocr_par' dir='ltr' id='par_1_46' title="bbox 2274 1690 3878 1762">
     <span class='ocr_line' id='line_1_46' title="bbox 2274 1690 3878 1762; baseline 0.001 -17"><span class='ocrx_word' id='word_1_338' title='bbox 2274 1698 2358 1746; x_wconf 92' lang='lat' dir='ltr'><strong>tos</strong></span> <span class='ocrx_word' id='word_1_339' title='bbox 2396 1705 2643 1762; x_wconf 92' lang='lat' dir='ltr'><strong>quosque</strong></span> <span class='ocrx_word' id='word_1_340' title='bbox 2684 1691 2983 1762; x_wconf 89' lang='lat' dir='ltr'><strong>nuncupari</strong></span> <span class='ocrx_word' id='word_1_341' title='bbox 3025 1690 3377 1747; x_wconf 87' lang='lat' dir='ltr'><strong>meminerint</strong></span> <span class='ocrx_word' id='word_1_342' title='bbox 3421 1690 3518 1748; x_wconf 87' lang='lat' dir='ltr'><strong>Dei</strong></span> <span class='ocrx_word' id='word_1_343' title='bbox 3561 1690 3725 1747; x_wconf 88' lang='lat' dir='ltr'><strong>ﬁlios.</strong></span> <span class='ocrx_word' id='word_1_344' title='bbox 3759 1690 3878 1758; x_wconf 85' lang='lat' dir='ltr'><strong>Quo</strong></span> 
     </span>
    </p>
   </div>
   <div class='ocr_carea' id='block_1_47' title="bbox 2273 1782 3881 1853">
    <p class='ocr_par' dir='ltr' id='par_1_47' title="bbox 2273 1782 3881 1853">
     <span class='ocr_line' id='line_1_47' title="bbox 2273 1782 3881 1853; baseline -0.001 -14"><span class='ocrx_word' id='word_1_345' title='bbox 2273 1785 2526 1853; x_wconf 77' lang='lat' dir='ltr'><strong>exemplo</strong></span> <span class='ocrx_word' id='word_1_346' title='bbox 2546 1784 2765 1841; x_wconf 88' lang='lat' dir='ltr'><strong>Patrem</strong></span> <span class='ocrx_word' id='word_1_347' title='bbox 2793 1794 2848 1841; x_wconf 89' lang='lat' dir='ltr'><strong>et</strong></span> <span class='ocrx_word' id='word_1_348' title='bbox 2879 1783 3074 1840; x_wconf 82' lang='lat' dir='ltr'><strong>Filium</strong></span> <span class='ocrx_word' id='word_1_349' title='bbox 3096 1784 3395 1841; x_wconf 87' lang='lat' dir='ltr'><strong>secundum</strong></span> <span class='ocrx_word' id='word_1_350' title='bbox 3425 1783 3734 1841; x_wconf 88' lang='lat' dir='ltr'><strong>communia</strong></span> <span class='ocrx_word' id='word_1_351' title='bbox 3762 1782 3881 1838; x_wconf 86' lang='lat' dir='ltr'><strong>uni-</strong></span> 
     </span>
    </p>
   </div>
   <div class='ocr_carea' id='block_1_48' title="bbox 2204 1876 3882 1944">
    <p class='ocr_par' dir='ltr' id='par_1_48' title="bbox 2204 1876 3882 1944">
     <span class='ocr_line' id='line_1_48' title="bbox 2204 1876 3882 1944; baseline 0.001 -13"><span class='ocrx_word' id='word_1_352' title='bbox 2204 1877 2252 1939; x_wconf 89' lang='lat' dir='ltr'><strong>B</strong></span> <span class='ocrx_word' id='word_1_353' title='bbox 2281 1876 2555 1933; x_wconf 92' lang='lat' dir='ltr'><strong>versitatis</strong></span> <span class='ocrx_word' id='word_1_354' title='bbox 2575 1877 2792 1933; x_wconf 88' lang='lat' dir='ltr'><strong>nomina</strong></span> <span class='ocrx_word' id='word_1_355' title='bbox 2811 1877 3175 1944; x_wconf 89' lang='lat' dir='ltr'><strong>conﬁtentur;</strong></span> <span class='ocrx_word' id='word_1_356' title='bbox 3205 1885 3267 1935; x_wconf 92' lang='lat' dir='ltr'><strong>ut</strong></span> <span class='ocrx_word' id='word_1_357' title='bbox 3292 1876 3455 1934; x_wconf 89' lang='lat' dir='ltr'><strong>Pater</strong></span> <span class='ocrx_word' id='word_1_358' title='bbox 3494 1888 3550 1935; x_wconf 90' lang='lat' dir='ltr'><strong>et</strong></span> <span class='ocrx_word' id='word_1_359' title='bbox 3589 1877 3761 1934; x_wconf 88' lang='lat' dir='ltr'><strong>Filius</strong></span> <span class='ocrx_word' id='word_1_360' title='bbox 3799 1876 3882 1933; x_wconf 90' lang='lat' dir='ltr'><strong>di-</strong></span> 
     </span>
    </p>
   </div>
   <div class='ocr_carea' id='block_1_49' title="bbox 2276 1968 3872 2040">
    <p class='ocr_par' dir='ltr' id='par_1_49' title="bbox 2276 1968 3872 2040">
     <span class='ocr_line' id='line_1_49' title="bbox 2276 1968 3872 2040; baseline 0.001 -17"><span class='ocrx_word' id='word_1_361' title='bbox 2276 1978 2469 2039; x_wconf 85' lang='lat' dir='ltr'><strong>cantur</strong></span> <span class='ocrx_word' id='word_1_362' title='bbox 2497 1968 2698 2040; x_wconf 90' lang='lat' dir='ltr'><strong>potius,</strong></span> <span class='ocrx_word' id='word_1_363' title='bbox 2726 1985 2888 2040; x_wconf 86' lang='lat' dir='ltr'><strong>quam</strong></span> <span class='ocrx_word' id='word_1_364' title='bbox 2925 1970 3056 2025; x_wconf 90' lang='lat' dir='ltr'><strong>sint.</strong></span> <span class='ocrx_word' id='word_1_365' title='bbox 3087 1969 3346 2026; x_wconf 91' lang='lat' dir='ltr'><strong>Dicuntur</strong></span> <span class='ocrx_word' id='word_1_366' title='bbox 3361 1970 3528 2037; x_wconf 91' lang='lat' dir='ltr'><strong>enim,</strong></span> <span class='ocrx_word' id='word_1_367' title='bbox 3568 1984 3677 2026; x_wconf 90' lang='lat' dir='ltr'><strong>non</strong></span> <span class='ocrx_word' id='word_1_368' title='bbox 3709 1970 3872 2027; x_wconf 87' lang='lat' dir='ltr'><strong>etiam</strong></span> 
     </span>
    </p>
   </div>
   <div class='ocr_carea' id='block_1_50' title="bbox 2275 2058 3880 2129">
    <p class='ocr_par' dir='ltr' id='par_1_50' title="bbox 2275 2058 3880 2129">
     <span class='ocr_line' id='line_1_50' title="bbox 2275 2058 3880 2129; baseline 0 -11"><span class='ocrx_word' id='word_1_369' title='bbox 2275 2070 2418 2129; x_wconf 85' lang='lat' dir='ltr'><strong>sunt,</strong></span> <span class='ocrx_word' id='word_1_370' title='bbox 2451 2063 2494 2117; x_wconf 90' lang='lat' dir='ltr'><strong>si</strong></span> <span class='ocrx_word' id='word_1_371' title='bbox 2545 2062 2597 2116; x_wconf 93' lang='lat' dir='ltr'><strong>in</strong></span> <span class='ocrx_word' id='word_1_372' title='bbox 2626 2061 2711 2116; x_wconf 78' lang='lat' dir='ltr'><strong>liis</strong></span> <span class='ocrx_word' id='word_1_373' title='bbox 2739 2060 3041 2118; x_wconf 81' lang='lat' dir='ltr'><strong>differentis</strong></span> <span class='ocrx_word' id='word_1_374' title='bbox 3086 2063 3339 2121; x_wconf 79' lang='lat' dir='ltr'><strong>essentia:</strong></span> <span class='ocrx_word' id='word_1_375' title='bbox 3393 2063 3632 2120; x_wconf 87' lang='lat' dir='ltr'><strong>discreta</strong></span> <span class='ocrx_word' id='word_1_376' title='bbox 3686 2058 3880 2119; x_wconf 74' lang='lat' dir='ltr'><strong>natura</strong></span> 
     </span>
    </p>
   </div>
   <div class='ocr_carea' id='block_1_51' title="bbox 2275 2155 3869 2227">
    <p class='ocr_par' dir='ltr' id='par_1_51' title="bbox 2275 2155 3869 2227">
     <span class='ocr_line' id='line_1_51' title="bbox 2275 2155 3869 2227; baseline 0 -16"><span class='ocrx_word' id='word_1_377' title='bbox 2275 2164 2394 2212; x_wconf 85' lang='lat' dir='ltr'><strong>est:</strong></span> <span class='ocrx_word' id='word_1_378' title='bbox 2422 2169 2544 2211; x_wconf 92' lang='lat' dir='ltr'><strong>cum</strong></span> <span class='ocrx_word' id='word_1_379' title='bbox 2581 2171 2687 2210; x_wconf 92' lang='lat' dir='ltr'><strong>non</strong></span> <span class='ocrx_word' id='word_1_380' title='bbox 2719 2155 2892 2226; x_wconf 90' lang='lat' dir='ltr'><strong>possit</strong></span> <span class='ocrx_word' id='word_1_381' title='bbox 2921 2156 3132 2227; x_wconf 88' lang='lat' dir='ltr'><strong>paterni</strong></span> <span class='ocrx_word' id='word_1_382' title='bbox 3162 2156 3395 2212; x_wconf 88' lang='lat' dir='ltr'><strong>nominis</strong></span> <span class='ocrx_word' id='word_1_383' title='bbox 3423 2157 3625 2213; x_wconf 83' lang='lat' dir='ltr'><strong>veritas</strong></span> <span class='ocrx_word' id='word_1_384' title='bbox 3655 2156 3759 2212; x_wconf 83' lang='lat' dir='ltr'><strong>nisi</strong></span> <span class='ocrx_word' id='word_1_385' title='bbox 3800 2172 3869 2212; x_wconf 80' lang='lat' dir='ltr'><strong>ex</strong></span> 
     </span>
    </p>
   </div>
   <div class='ocr_carea' id='block_1_52' title="bbox 2274 2247 3880 2320">
    <p class='ocr_par' dir='ltr' id='par_1_52' title="bbox 2274 2247 3880 2320">
     <span class='ocr_line' id='line_1_52' title="bbox 2274 2247 3880 2320; baseline 0.001 -17"><span class='ocrx_word' id='word_1_386' title='bbox 2274 2257 2480 2304; x_wconf 72' lang='lat' dir='ltr'><strong>naturzc</strong></span> <span class='ocrx_word' id='word_1_387' title='bbox 2500 2264 2613 2303; x_wconf 73' lang='lat' dir='ltr'><strong>sua:</strong></span> <span class='ocrx_word' id='word_1_388' title='bbox 2640 2249 2899 2320; x_wconf 77' lang='lat' dir='ltr'><strong>progenie</strong></span> <span class='ocrx_word' id='word_1_389' title='bbox 2924 2247 3149 2319; x_wconf 83' lang='lat' dir='ltr'><strong>acquiri.</strong></span> <span class='ocrx_word' id='word_1_390' title='bbox 3178 2249 3334 2304; x_wconf 89' lang='lat' dir='ltr'><strong>Pater</strong></span> <span class='ocrx_word' id='word_1_391' title='bbox 3352 2249 3532 2320; x_wconf 82' lang='lat' dir='ltr'><strong>itaque</strong></span> <span class='ocrx_word' id='word_1_392' title='bbox 3556 2263 3660 2304; x_wconf 88' lang='lat' dir='ltr'><strong>non</strong></span> <span class='ocrx_word' id='word_1_393' title='bbox 3695 2257 3880 2320; x_wconf 89' lang='lat' dir='ltr'><strong>potest</strong></span> 
     </span>
    </p>
   </div>
   <div class='ocr_carea' id='block_1_53' title="bbox 2271 2340 3874 2412">
    <p class='ocr_par' dir='ltr' id='par_1_53' title="bbox 2271 2340 3874 2412">
     <span class='ocr_line' id='line_1_53' title="bbox 2271 2340 3874 2412; baseline -0.001 -16"><span class='ocrx_word' id='word_1_394' title='bbox 2271 2342 2461 2397; x_wconf 66' lang='lat' dir='ltr'><strong>alienae</strong></span> <span class='ocrx_word' id='word_1_395' title='bbox 2487 2357 2516 2396; x_wconf 89' lang='lat' dir='ltr'><strong>a</strong></span> <span class='ocrx_word' id='word_1_396' title='bbox 2544 2355 2604 2397; x_wconf 88' lang='lat' dir='ltr'><strong>se</strong></span> <span class='ocrx_word' id='word_1_397' title='bbox 2629 2357 2695 2397; x_wconf 87' lang='lat' dir='ltr'><strong>ac</strong></span> <span class='ocrx_word' id='word_1_398' title='bbox 2720 2340 3004 2397; x_wconf 87' lang='lat' dir='ltr'><strong>dissimilis</strong></span> <span class='ocrx_word' id='word_1_399' title='bbox 3029 2340 3346 2397; x_wconf 68' lang='lat' dir='ltr'><strong>substantia:</strong></span> <span class='ocrx_word' id='word_1_400' title='bbox 3386 2351 3538 2412; x_wconf 88' lang='lat' dir='ltr'><strong>pater</strong></span> <span class='ocrx_word' id='word_1_401' title='bbox 3566 2340 3706 2405; x_wconf 90' lang='lat' dir='ltr'><strong>dici;</strong></span> <span class='ocrx_word' id='word_1_402' title='bbox 3748 2340 3874 2411; x_wconf 87' lang='lat' dir='ltr'><strong>quia</strong></span> 
     </span>
    </p>
   </div>
   <div class='ocr_carea' id='block_1_54' title="bbox 2271 2430 3879 2503">
    <p class='ocr_par' dir='ltr' id='par_1_54' title="bbox 2271 2430 3879 2503">
     <span class='ocr_line' id='line_1_54' title="bbox 2271 2430 3879 2503; baseline 0.001 -17"><span class='ocrx_word' id='word_1_403' title='bbox 2271 2431 2522 2488; x_wconf 88' lang='lat' dir='ltr'><strong>nativitas</strong></span> <span class='ocrx_word' id='word_1_404' title='bbox 2563 2431 2800 2503; x_wconf 87' lang='lat' dir='ltr'><strong>perfecta</strong></span> <span class='ocrx_word' id='word_1_405' title='bbox 2854 2447 2959 2488; x_wconf 90' lang='lat' dir='ltr'><strong>non</strong></span> <span class='ocrx_word' id='word_1_406' title='bbox 2989 2431 3183 2488; x_wconf 89' lang='lat' dir='ltr'><strong>habeat</strong></span> <span class='ocrx_word' id='word_1_407' title='bbox 3208 2431 3560 2488; x_wconf 82' lang='lat' dir='ltr'><strong>dissidentem</strong></span> <span class='ocrx_word' id='word_1_408' title='bbox 3593 2430 3879 2503; x_wconf 82' lang='lat' dir='ltr'><strong>originalis</strong></span> 
     </span>
    </p>
   </div>
   <div class='ocr_carea' id='block_1_55' title="bbox 2270 2524 3879 2598">
    <p class='ocr_par' dir='ltr' id='par_1_55' title="bbox 2270 2524 3879 2598">
     <span class='ocr_line' id='line_1_55' title="bbox 2270 2524 3879 2598; baseline 0.001 -16"><span class='ocrx_word' id='word_1_409' title='bbox 2270 2527 2586 2583; x_wconf 75' lang='lat' dir='ltr'><strong>substantirc</strong></span> <span class='ocrx_word' id='word_1_410' title='bbox 2616 2527 3003 2583; x_wconf 88' lang='lat' dir='ltr'><strong>diversitatem.</strong></span> <span class='ocrx_word' id='word_1_411' title='bbox 3029 2525 3360 2598; x_wconf 80' lang='lat' dir='ltr'><strong>Repudiatur</strong></span> <span class='ocrx_word' id='word_1_412' title='bbox 3385 2542 3514 2598; x_wconf 82' lang='lat' dir='ltr'><strong>ergo</strong></span> <span class='ocrx_word' id='word_1_413' title='bbox 3544 2524 3661 2582; x_wconf 69' lang='lat' dir='ltr'><strong>hazc</strong></span> <span class='ocrx_word' id='word_1_414' title='bbox 3695 2526 3879 2583; x_wconf 89' lang='lat' dir='ltr'><strong>omnis</strong></span> 
     </span>
    </p>
   </div>
   <div class='ocr_carea' id='block_1_56' title="bbox 2272 2619 3872 2691">
    <p class='ocr_par' dir='ltr' id='par_1_56' title="bbox 2272 2619 3872 2691">
     <span class='ocr_line' id='line_1_56' title="bbox 2272 2619 3872 2691; baseline -0.003 -14"><span class='ocrx_word' id='word_1_415' title='bbox 2272 2621 2544 2691; x_wconf 88' lang='lat' dir='ltr'><strong>impietas,</strong></span> <span class='ocrx_word' id='word_1_416' title='bbox 2615 2635 2735 2691; x_wconf 77' lang='lat' dir='ltr'><strong>qua:</strong></span> <span class='ocrx_word' id='word_1_417' title='bbox 2795 2619 3014 2675; x_wconf 89' lang='lat' dir='ltr'><strong>Patrem</strong></span> <span class='ocrx_word' id='word_1_418' title='bbox 3072 2634 3178 2675; x_wconf 91' lang='lat' dir='ltr'><strong>non</strong></span> <span class='ocrx_word' id='word_1_419' title='bbox 3251 2619 3547 2675; x_wconf 86' lang='lat' dir='ltr'><strong>secundum</strong></span> <span class='ocrx_word' id='word_1_420' title='bbox 3621 2627 3872 2675; x_wconf 88' lang='lat' dir='ltr'><strong>naturam</strong></span> 
     </span>
    </p>
   </div>
   <div class='ocr_carea' id='block_1_57' title="bbox 2268 2710 3878 2785">
    <p class='ocr_par' dir='ltr' id='par_1_57' title="bbox 2268 2710 3878 2785">
     <span class='ocr_line' id='line_1_57' title="bbox 2268 2710 3878 2785; baseline -0.002 -14"><span class='ocrx_word' id='word_1_421' title='bbox 2268 2730 2420 2771; x_wconf 88' lang='lat' dir='ltr'><strong>suam</strong></span> <span class='ocrx_word' id='word_1_422' title='bbox 2448 2714 2528 2785; x_wconf 79' lang='lat' dir='ltr'><strong>(Ii)</strong></span> <span class='ocrx_word' id='word_1_423' title='bbox 2554 2714 2719 2785; x_wconf 84' lang='lat' dir='ltr'><strong>geniti</strong></span> <span class='ocrx_word' id='word_1_424' title='bbox 2748 2729 2813 2769; x_wconf 72' lang='lat' dir='ltr'><strong>ex</strong></span> <span class='ocrx_word' id='word_1_425' title='bbox 2867 2728 2928 2770; x_wconf 89' lang='lat' dir='ltr'><strong>se</strong></span> <span class='ocrx_word' id='word_1_426' title='bbox 2971 2713 3067 2767; x_wconf 89' lang='lat' dir='ltr'><strong>ﬁlii</strong></span> <span class='ocrx_word' id='word_1_427' title='bbox 3119 2720 3324 2783; x_wconf 90' lang='lat' dir='ltr'><strong>patrem</strong></span> <span class='ocrx_word' id='word_1_428' title='bbox 3371 2712 3633 2784; x_wconf 90' lang='lat' dir='ltr'><strong>loquatur.</strong></span> <span class='ocrx_word' id='word_1_429' title='bbox 3689 2710 3878 2781; x_wconf 84' lang='lat' dir='ltr'><strong>Neque</strong></span> 
     </span>
    </p>
   </div>
   <div class='ocr_carea' id='block_1_58' title="bbox 2268 2803 3863 2877">
    <p class='ocr_par' dir='ltr' id='par_1_58' title="bbox 2268 2803 3863 2877">
     <span class='ocr_line' id='line_1_58' title="bbox 2268 2803 3863 2877; baseline -0.001 -16"><span class='ocrx_word' id='word_1_430' title='bbox 2268 2809 2411 2863; x_wconf 79' lang='lat' dir='ltr'><strong>cnim</strong></span> <span class='ocrx_word' id='word_1_431' title='bbox 2436 2823 2531 2877; x_wconf 90' lang='lat' dir='ltr'><strong>per</strong></span> <span class='ocrx_word' id='word_1_432' title='bbox 2569 2807 2620 2862; x_wconf 91' lang='lat' dir='ltr'><strong>id</strong></span> <span class='ocrx_word' id='word_1_433' title='bbox 2651 2816 2802 2877; x_wconf 88' lang='lat' dir='ltr'><strong>pater</strong></span> <span class='ocrx_word' id='word_1_434' title='bbox 2832 2806 3043 2862; x_wconf 91' lang='lat' dir='ltr'><strong>dicetur</strong></span> <span class='ocrx_word' id='word_1_435' title='bbox 3068 2805 3229 2873; x_wconf 89' lang='lat' dir='ltr'><strong>Deus,</strong></span> <span class='ocrx_word' id='word_1_436' title='bbox 3258 2803 3307 2860; x_wconf 93' lang='lat' dir='ltr'><strong>si</strong></span> <span class='ocrx_word' id='word_1_437' title='bbox 3327 2804 3519 2862; x_wconf 88' lang='lat' dir='ltr'><strong>habeat</strong></span> <span class='ocrx_word' id='word_1_438' title='bbox 3547 2803 3730 2859; x_wconf 89' lang='lat' dir='ltr'><strong>virtuti</strong></span> <span class='ocrx_word' id='word_1_439' title='bbox 3779 2813 3863 2859; x_wconf 84' lang='lat' dir='ltr'><strong>at-</strong></span> 
     </span>
    </p>
   </div>
   <div class='ocr_carea' id='block_1_59' title="bbox 2265 2897 3867 2973">
    <p class='ocr_par' dir='ltr' id='par_1_59' title="bbox 2265 2897 3867 2973">
     <span class='ocr_line' id='line_1_59' title="bbox 2265 2897 3867 2973; baseline 0.001 -21"><span class='ocrx_word' id='word_1_440' title='bbox 2265 2917 2371 2973; x_wconf 85' lang='lat' dir='ltr'><strong>que</strong></span> <span class='ocrx_word' id='word_1_441' title='bbox 2391 2901 2645 2956; x_wconf 80' lang='lat' dir='ltr'><strong>efficacia:</strong></span> <span class='ocrx_word' id='word_1_442' title='bbox 2672 2916 2786 2957; x_wconf 77' lang='lat' dir='ltr'><strong>sua:</strong></span> <span class='ocrx_word' id='word_1_443' title='bbox 2809 2900 3042 2956; x_wconf 87' lang='lat' dir='ltr'><strong>similem</strong></span> <span class='ocrx_word' id='word_1_444' title='bbox 3070 2899 3401 2956; x_wconf 89' lang='lat' dir='ltr'><strong>creationem</strong></span> <span class='ocrx_word' id='word_1_445' title='bbox 3429 2916 3444 2967; x_wconf 92' lang='lat'><strong>;</strong></span> <span class='ocrx_word' id='word_1_446' title='bbox 3472 2897 3567 2955; x_wconf 89' lang='lat' dir='ltr'><strong>sed</strong></span> <span class='ocrx_word' id='word_1_447' title='bbox 3588 2899 3633 2954; x_wconf 89' lang='lat' dir='ltr'><strong>si</strong></span> <span class='ocrx_word' id='word_1_448' title='bbox 3662 2912 3867 2970; x_wconf 85' lang='lat' dir='ltr'><strong>genue-</strong></span> 
     </span>
    </p>
   </div>
   <div class='ocr_carea' id='block_1_60' title="bbox 2266 2991 3873 3063">
    <p class='ocr_par' dir='ltr' id='par_1_60' title="bbox 2266 2991 3873 3063">
     <span class='ocr_line' id='line_1_60' title="bbox 2266 2991 3873 3063; baseline -0.001 -15"><span class='ocrx_word' id='word_1_449' title='bbox 2266 2992 2336 3048; x_wconf 89' lang='lat' dir='ltr'><strong>rit</strong></span> <span class='ocrx_word' id='word_1_450' title='bbox 2363 3009 2466 3049; x_wconf 85' lang='lat' dir='ltr'><strong>non</strong></span> <span class='ocrx_word' id='word_1_451' title='bbox 2488 2992 2768 3048; x_wconf 83' lang='lat' dir='ltr'><strong>dissimilis</strong></span> <span class='ocrx_word' id='word_1_452' title='bbox 2793 3001 2954 3063; x_wconf 90' lang='lat' dir='ltr'><strong>atque</strong></span> <span class='ocrx_word' id='word_1_453' title='bbox 2970 2991 3161 3047; x_wconf 72' lang='lat' dir='ltr'><strong>alienae</strong></span> <span class='ocrx_word' id='word_1_454' title='bbox 3184 3006 3212 3045; x_wconf 94' lang='lat' dir='ltr'><strong>a</strong></span> <span class='ocrx_word' id='word_1_455' title='bbox 3235 3006 3296 3047; x_wconf 91' lang='lat' dir='ltr'><strong>se</strong></span> <span class='ocrx_word' id='word_1_456' title='bbox 3314 2991 3565 3048; x_wconf 87' lang='lat' dir='ltr'><strong>essentia:</strong></span> <span class='ocrx_word' id='word_1_457' title='bbox 3583 2998 3831 3046; x_wconf 77' lang='lat' dir='ltr'><strong>naturam</strong></span> <span class='ocrx_word' id='word_1_458' title='bbox 3858 3007 3873 3046; x_wconf 91' lang='lat'><strong>:</strong></span> 
     </span>
    </p>
   </div>
   <div class='ocr_carea' id='block_1_61' title="bbox 2265 3081 3878 3154">
    <p class='ocr_par' dir='ltr' id='par_1_61' title="bbox 2265 3081 3878 3154">
     <span class='ocr_line' id='line_1_61' title="bbox 2265 3081 3878 3154; baseline -0.001 -14"><span class='ocrx_word' id='word_1_459' title='bbox 2265 3084 2389 3154; x_wconf 88' lang='lat' dir='ltr'><strong>quia</strong></span> <span class='ocrx_word' id='word_1_460' title='bbox 2414 3084 2783 3140; x_wconf 75' lang='lat' dir='ltr'><strong>diversitatem</strong></span> <span class='ocrx_word' id='word_1_461' title='bbox 2813 3091 3057 3154; x_wconf 85' lang='lat' dir='ltr'><strong>paternae</strong></span> <span class='ocrx_word' id='word_1_462' title='bbox 3096 3092 3301 3139; x_wconf 84' lang='lat' dir='ltr'><strong>natura:</strong></span> <span class='ocrx_word' id='word_1_463' title='bbox 3336 3083 3588 3140; x_wconf 87' lang='lat' dir='ltr'><strong>nativitas</strong></span> <span class='ocrx_word' id='word_1_464' title='bbox 3616 3081 3878 3139; x_wconf 87' lang='lat' dir='ltr'><strong>naturalis</strong></span> 
     </span>
    </p>
   </div>
   <div class='ocr_carea' id='block_1_62' title="bbox 2266 3175 3879 3250">
    <p class='ocr_par' dir='ltr' id='par_1_62' title="bbox 2266 3175 3879 3250">
     <span class='ocr_line' id='line_1_62' title="bbox 2266 3175 3879 3250; baseline 0 -18"><span class='ocrx_word' id='word_1_465' title='bbox 2266 3192 2373 3234; x_wconf 91' lang='lat' dir='ltr'><strong>non</strong></span> <span class='ocrx_word' id='word_1_466' title='bbox 2400 3177 2616 3248; x_wconf 77' lang='lat' dir='ltr'><strong>recipit.</strong></span> <span class='ocrx_word' id='word_1_467' title='bbox 2634 3177 2809 3250; x_wconf 87' lang='lat' dir='ltr'><strong>Atque</strong></span> <span class='ocrx_word' id='word_1_468' title='bbox 2836 3178 2905 3233; x_wconf 89' lang='lat' dir='ltr'><strong>oh</strong></span> <span class='ocrx_word' id='word_1_469' title='bbox 2936 3177 2987 3233; x_wconf 88' lang='lat' dir='ltr'><strong>id</strong></span> <span class='ocrx_word' id='word_1_470' title='bbox 3014 3178 3296 3234; x_wconf 86' lang='lat' dir='ltr'><strong>anathema</strong></span> <span class='ocrx_word' id='word_1_471' title='bbox 3317 3188 3462 3246; x_wconf 89' lang='lat' dir='ltr'><strong>sunt,</strong></span> <span class='ocrx_word' id='word_1_472' title='bbox 3486 3178 3573 3250; x_wconf 93' lang='lat' dir='ltr'><strong>qui</strong></span> <span class='ocrx_word' id='word_1_473' title='bbox 3595 3175 3758 3250; x_wconf 62' lang='lat'><strong>573</strong></span> <span class='ocrx_word' id='word_1_474' title='bbox 3777 3177 3879 3232; x_wconf 88' lang='lat' dir='ltr'><strong>Pa-</strong></span> 
     </span>
    </p>
   </div>
   <div class='ocr_carea' id='block_1_63' title="bbox 556 3253 3881 3341">
    <p class='ocr_par' dir='ltr' id='par_1_63' title="bbox 556 3253 3881 3341">
     <span class='ocr_line' id='line_1_63' title="bbox 556 3253 3881 3341; baseline -0.003 -24"><span class='ocrx_word' id='word_1_475' title='bbox 556 3261 775 3317; x_wconf 87' lang='lat' dir='ltr'><strong>virtutis</strong></span> <span class='ocrx_word' id='word_1_476' title='bbox 817 3267 1022 3313; x_wconf 82' lang='lat' dir='ltr'><strong>natura:</strong></span> <span class='ocrx_word' id='word_1_477' title='bbox 1056 3257 1351 3314; x_wconf 90' lang='lat' dir='ltr'><strong>similitudo</strong></span> <span class='ocrx_word' id='word_1_478' title='bbox 1378 3256 1648 3323; x_wconf 86' lang='lat' dir='ltr'><strong>succedit,</strong></span> <span class='ocrx_word' id='word_1_479' title='bbox 1678 3272 1799 3311; x_wconf 90' lang='lat' dir='ltr'><strong>cum</strong></span> <span class='ocrx_word' id='word_1_480' title='bbox 1831 3256 1959 3312; x_wconf 89' lang='lat' dir='ltr'><strong>dicit</strong></span> <span class='ocrx_word' id='word_1_481' title='bbox 1989 3275 2001 3309; x_wconf 90' lang='lat'><strong>:</strong></span> <span class='ocrx_word' id='word_1_482' title='bbox 2033 3255 2156 3313; x_wconf 88' lang='lat' dir='ltr'><strong>Sic-</strong></span> <span class='ocrx_word' id='word_1_483' title='bbox 2185 3257 2232 3321; x_wconf 86' lang='lat' dir='ltr'><strong><em>C</em></strong></span> <span class='ocrx_word' id='word_1_484' title='bbox 2268 3281 2402 3327; x_wconf 61' lang='lat' dir='ltr'><strong>[rem</strong></span> <span class='ocrx_word' id='word_1_485' title='bbox 2431 3278 2677 3327; x_wconf 65' lang='lat' dir='ltr'><strong>asseram</strong></span> <span class='ocrx_word' id='word_1_486' title='bbox 2715 3270 2996 3326; x_wconf 65' lang='lat' dir='ltr'><strong>dissimilis</strong></span> <span class='ocrx_word' id='word_1_487' title='bbox 3024 3269 3127 3326; x_wconf 67' lang='lat' dir='ltr'><strong>sibi</strong></span> <span class='ocrx_word' id='word_1_488' title='bbox 3151 3277 3356 3325; x_wconf 49' lang='lat' dir='ltr'><strong>nam”,</strong></span> <span class='ocrx_word' id='word_1_489' title='bbox 3384 3279 3593 3341; x_wconf 51' lang='lat' dir='ltr'><strong>panem</strong></span> <span class='ocrx_word' id='word_1_490' title='bbox 3621 3284 3743 3325; x_wconf 66' lang='lat' dir='ltr'><strong>esse</strong></span> <span class='ocrx_word' id='word_1_491' title='bbox 3771 3285 3784 3322; x_wconf 71' lang='grc' dir='ltr'>ε</span> <span class='ocrx_word' id='word_1_492' title='bbox 3820 3253 3881 3323; x_wconf 69' lang='grc' dir='ltr'><strong>ιιι</strong></span> 
     </span>
    </p>
   </div>
   <div class='ocr_carea' id='block_1_64' title="bbox 558 3348 2162 3417">
    <p class='ocr_par' dir='ltr' id='par_1_64' title="bbox 558 3348 2162 3417">
     <span class='ocr_line' id='line_1_64' title="bbox 558 3348 2162 3417; baseline -0.004 -8"><span class='ocrx_word' id='word_1_493' title='bbox 558 3363 620 3409; x_wconf 84' lang='lat' dir='ltr'><strong>ut</strong></span> <span class='ocrx_word' id='word_1_494' title='bbox 672 3351 821 3407; x_wconf 84' lang='lat' dir='ltr'><strong>habet</strong></span> <span class='ocrx_word' id='word_1_495' title='bbox 865 3350 1023 3404; x_wconf 85' lang='lat' dir='ltr'><strong>Pater</strong></span> <span class='ocrx_word' id='word_1_496' title='bbox 1050 3351 1207 3405; x_wconf 83' lang='lat' dir='ltr'><strong>vitam</strong></span> <span class='ocrx_word' id='word_1_497' title='bbox 1244 3351 1300 3404; x_wconf 87' lang='lat' dir='ltr'><strong>in</strong></span> <span class='ocrx_word' id='word_1_498' title='bbox 1337 3366 1409 3417; x_wconf 86' lang='lat' dir='ltr'><strong>sc,</strong></span> <span class='ocrx_word' id='word_1_499' title='bbox 1446 3351 1519 3403; x_wconf 89' lang='lat' dir='ltr'><strong>ita</strong></span> <span class='ocrx_word' id='word_1_500' title='bbox 1560 3359 1606 3403; x_wconf 91' lang='lat' dir='ltr'><strong>ct</strong></span> <span class='ocrx_word' id='word_1_501' title='bbox 1641 3348 1781 3404; x_wconf 81' lang='lat' dir='ltr'><strong>Filio</strong></span> <span class='ocrx_word' id='word_1_502' title='bbox 1823 3350 1963 3405; x_wconf 82' lang='lat' dir='ltr'><strong>dedit</strong></span> <span class='ocrx_word' id='word_1_503' title='bbox 2007 3350 2162 3404; x_wconf 82' lang='lat' dir='ltr'><strong>vitam</strong></span> 
     </span>
    </p>
   </div>
   <div class='ocr_carea' id='block_1_65' title="bbox 560 3442 2165 3516">
    <p class='ocr_par' dir='ltr' id='par_1_65' title="bbox 560 3442 2165 3516">
     <span class='ocr_line' id='line_1_65' title="bbox 560 3442 2165 3516; baseline 0.001 -18"><span class='ocrx_word' id='word_1_504' title='bbox 560 3445 747 3500; x_wconf 81' lang='lat' dir='ltr'><strong>habere</strong></span> <span class='ocrx_word' id='word_1_505' title='bbox 772 3446 827 3498; x_wconf 89' lang='lat' dir='ltr'><strong>in</strong></span> <span class='ocrx_word' id='word_1_506' title='bbox 861 3444 1131 3515; x_wconf 85' lang='lat' dir='ltr'><strong>semetipso</strong></span> <span class='ocrx_word' id='word_1_507' title='bbox 1163 3442 1352 3514; x_wconf 85' lang='lat' dir='ltr'><strong>(Ibid.,</strong></span> <span class='ocrx_word' id='word_1_508' title='bbox 1373 3444 1489 3516; x_wconf 70' lang='grc'><strong>26).</strong></span> <span class='ocrx_word' id='word_1_509' title='bbox 1524 3444 1582 3499; x_wconf 90' lang='lat' dir='ltr'><strong>In</strong></span> <span class='ocrx_word' id='word_1_510' title='bbox 1613 3444 1743 3511; x_wconf 85' lang='lat' dir='ltr'><strong>vita,</strong></span> <span class='ocrx_word' id='word_1_511' title='bbox 1768 3453 1973 3499; x_wconf 81' lang='lat' dir='ltr'><strong>natura:</strong></span> <span class='ocrx_word' id='word_1_512' title='bbox 1998 3451 2054 3501; x_wconf 88' lang='lat' dir='ltr'><strong>et</strong></span> <span class='ocrx_word' id='word_1_513' title='bbox 2077 3458 2165 3500; x_wconf 83' lang='lat' dir='ltr'><strong>cs-</strong></span> 
     </span>
    </p>
   </div>
   <div class='ocr_carea' id='block_1_66' title="bbox 571 3526 2163 3608">
    <p class='ocr_par' dir='ltr' id='par_1_66' title="bbox 571 3526 2163 3608">
     <span class='ocr_line' id='line_1_66' title="bbox 571 3526 2163 3608; baseline -0.003 -12"><span class='ocrx_word' id='word_1_514' title='bbox 571 3538 763 3596; x_wconf 83' lang='lat' dir='ltr'><strong>sentia:</strong></span> <span class='ocrx_word' id='word_1_515' title='bbox 785 3526 1104 3608; x_wconf 81' lang='lat' dir='ltr'><strong>significatio</strong></span> <span class='ocrx_word' id='word_1_516' title='bbox 1130 3544 1249 3592; x_wconf 90' lang='lat' dir='ltr'><strong>est:</strong></span> <span class='ocrx_word' id='word_1_517' title='bbox 1284 3552 1402 3607; x_wconf 78' lang='lat' dir='ltr'><strong>qua:</strong></span> <span class='ocrx_word' id='word_1_518' title='bbox 1433 3535 1572 3591; x_wconf 88' lang='lat' dir='ltr'><strong>sicut</strong></span> <span class='ocrx_word' id='word_1_519' title='bbox 1618 3537 1865 3602; x_wconf 86' lang='lat' dir='ltr'><strong>habetur,</strong></span> <span class='ocrx_word' id='word_1_520' title='bbox 1925 3537 1996 3591; x_wconf 89' lang='lat' dir='ltr'><strong>ita</strong></span> <span class='ocrx_word' id='word_1_521' title='bbox 2040 3535 2163 3592; x_wconf 86' lang='lat' dir='ltr'><strong>data</strong></span> 
     </span>
    </p>
   </div>
   <div class='ocr_carea' id='block_1_67' title="bbox 568 3628 2168 3700">
    <p class='ocr_par' dir='ltr' id='par_1_67' title="bbox 568 3628 2168 3700">
     <span class='ocr_line' id='line_1_67' title="bbox 568 3628 2168 3700; baseline -0.003 -12"><span class='ocrx_word' id='word_1_522' title='bbox 568 3646 698 3689; x_wconf 92' lang='lat' dir='ltr'><strong>esse</strong></span> <span class='ocrx_word' id='word_1_523' title='bbox 725 3630 949 3686; x_wconf 87' lang='lat' dir='ltr'><strong>docetur</strong></span> <span class='ocrx_word' id='word_1_524' title='bbox 976 3628 1043 3685; x_wconf 91' lang='lat' dir='ltr'><strong>ad</strong></span> <span class='ocrx_word' id='word_1_525' title='bbox 1088 3628 1416 3684; x_wconf 86' lang='lat' dir='ltr'><strong>habendum.</strong></span> <span class='ocrx_word' id='word_1_526' title='bbox 1450 3629 1619 3686; x_wconf 86' lang='lat' dir='ltr'><strong>Tenet</strong></span> <span class='ocrx_word' id='word_1_527' title='bbox 1652 3644 1783 3700; x_wconf 88' lang='lat' dir='ltr'><strong>ergo</strong></span> <span class='ocrx_word' id='word_1_528' title='bbox 1828 3630 1951 3685; x_wconf 71' lang='lat' dir='ltr'><strong>vita:</strong></span> <span class='ocrx_word' id='word_1_529' title='bbox 1979 3628 2168 3685; x_wconf 83' lang='lat' dir='ltr'><strong>simili-</strong></span> 
     </span>
    </p>
   </div>
   <div class='ocr_carea' id='block_1_68' title="bbox 564 3721 2167 3781">
    <p class='ocr_par' dir='ltr' id='par_1_68' title="bbox 564 3721 2167 3781">
     <span class='ocr_line' id='line_1_68' title="bbox 564 3721 2167 3781; baseline -0.002 0"><span class='ocrx_word' id='word_1_530' title='bbox 564 3724 698 3781; x_wconf 89' lang='lat' dir='ltr'><strong>tudo</strong></span> <span class='ocrx_word' id='word_1_531' title='bbox 723 3722 934 3779; x_wconf 90' lang='lat' dir='ltr'><strong>virtutis</strong></span> <span class='ocrx_word' id='word_1_532' title='bbox 958 3721 1366 3778; x_wconf 89' lang='lat' dir='ltr'><strong>similitudinem</strong></span> <span class='ocrx_word' id='word_1_533' title='bbox 1399 3721 1734 3777; x_wconf 87' lang='lat' dir='ltr'><strong>:similitudo</strong></span> <span class='ocrx_word' id='word_1_534' title='bbox 1775 3722 1919 3777; x_wconf 90' lang='lat' dir='ltr'><strong>enim</strong></span> <span class='ocrx_word' id='word_1_535' title='bbox 1950 3721 2167 3778; x_wconf 89' lang='lat' dir='ltr'><strong>virtmis</strong></span> 
     </span>
    </p>
   </div>
   <div class='ocr_carea' id='block_1_69' title="bbox 562 3816 2167 3889">
    <p class='ocr_par' dir='ltr' id='par_1_69' title="bbox 562 3816 2167 3889">
     <span class='ocr_line' id='line_1_69' title="bbox 562 3816 2167 3889; baseline -0.001 -14"><span class='ocrx_word' id='word_1_536' title='bbox 562 3834 674 3875; x_wconf 90' lang='lat' dir='ltr'><strong>non</strong></span> <span class='ocrx_word' id='word_1_537' title='bbox 708 3826 885 3889; x_wconf 89' lang='lat' dir='ltr'><strong>potest</strong></span> <span class='ocrx_word' id='word_1_538' title='bbox 919 3831 1041 3873; x_wconf 87' lang='lat' dir='ltr'><strong>esse</strong></span> <span class='ocrx_word' id='word_1_539' title='bbox 1067 3816 1345 3872; x_wconf 89' lang='lat' dir='ltr'><strong>dissimilis</strong></span> <span class='ocrx_word' id='word_1_540' title='bbox 1373 3825 1601 3871; x_wconf 71' lang='lat' dir='ltr'><strong>naturar.</strong></span> <span class='ocrx_word' id='word_1_541' title='bbox 1628 3819 1804 3887; x_wconf 85' lang='lat' dir='ltr'><strong>Atque</strong></span> <span class='ocrx_word' id='word_1_542' title='bbox 1843 3816 1915 3872; x_wconf 90' lang='lat' dir='ltr'><strong>ita</strong></span> <span class='ocrx_word' id='word_1_543' title='bbox 1945 3830 2167 3873; x_wconf 89' lang='lat' dir='ltr'><strong>necesse</strong></span> 
     </span>
    </p>
   </div>
   <div class='ocr_carea' id='block_1_70' title="bbox 561 3907 2160 3979">
    <p class='ocr_par' dir='ltr' id='par_1_70' title="bbox 561 3907 2160 3979">
     <span class='ocr_line' id='line_1_70' title="bbox 561 3907 2160 3979; baseline -0.003 -10"><span class='ocrx_word' id='word_1_544' title='bbox 561 3920 670 3979; x_wconf 86' lang='lat' dir='ltr'><strong>est,</strong></span> <span class='ocrx_word' id='word_1_545' title='bbox 715 3919 773 3966; x_wconf 92' lang='lat' dir='ltr'><strong>ut</strong></span> <span class='ocrx_word' id='word_1_546' title='bbox 822 3909 1077 3967; x_wconf 76' lang='lat' dir='ltr'><strong>essentia:</strong></span> <span class='ocrx_word' id='word_1_547' title='bbox 1121 3907 1418 3964; x_wconf 89' lang='lat' dir='ltr'><strong>similitudo</strong></span> <span class='ocrx_word' id='word_1_548' title='bbox 1482 3907 1699 3964; x_wconf 90' lang='lat' dir='ltr'><strong>virtutis</strong></span> <span class='ocrx_word' id='word_1_549' title='bbox 1750 3908 2160 3965; x_wconf 90' lang='lat' dir='ltr'><strong>similitudinem</strong></span> 
     </span>
    </p>
   </div>
   <div class='ocr_carea' id='block_1_71' title="bbox 566 3999 2169 4075">
    <p class='ocr_par' dir='ltr' id='par_1_71' title="bbox 566 3999 2169 4075">
     <span class='ocr_line' id='line_1_71' title="bbox 566 3999 2169 4075; baseline -0.003 -14"><span class='ocrx_word' id='word_1_550' title='bbox 566 4011 934 4075; x_wconf 87' lang='lat' dir='ltr'><strong>consequatur</strong></span> <span class='ocrx_word' id='word_1_551' title='bbox 961 4018 976 4054; x_wconf 91' lang='lat'><strong>:</strong></span> <span class='ocrx_word' id='word_1_552' title='bbox 1011 4002 1133 4072; x_wconf 89' lang='lat' dir='ltr'><strong>quia</strong></span> <span class='ocrx_word' id='word_1_553' title='bbox 1149 4002 1292 4057; x_wconf 91' lang='lat' dir='ltr'><strong>sicut</strong></span> <span class='ocrx_word' id='word_1_554' title='bbox 1316 4015 1379 4056; x_wconf 89' lang='lat' dir='ltr'><strong>ea</strong></span> <span class='ocrx_word' id='word_1_555' title='bbox 1401 4016 1521 4072; x_wconf 85' lang='lat' dir='ltr'><strong>qua:</strong></span> <span class='ocrx_word' id='word_1_556' title='bbox 1541 4000 1703 4057; x_wconf 86' lang='lat' dir='ltr'><strong>Pater</strong></span> <span class='ocrx_word' id='word_1_557' title='bbox 1724 3999 1875 4069; x_wconf 82' lang='lat' dir='ltr'><strong>facit,</strong></span> <span class='ocrx_word' id='word_1_558' title='bbox 1897 4000 2085 4057; x_wconf 89' lang='lat' dir='ltr'><strong>eadem</strong></span> <span class='ocrx_word' id='word_1_559' title='bbox 2113 4009 2169 4057; x_wconf 88' lang='lat' dir='ltr'><strong>et</strong></span> 
     </span>
    </p>
   </div>
   <div class='ocr_carea' id='block_1_72' title="bbox 563 4093 2169 4162">
    <p class='ocr_par' dir='ltr' id='par_1_72' title="bbox 563 4093 2169 4162">
     <span class='ocr_line' id='line_1_72' title="bbox 563 4093 2169 4162; baseline -0.001 -10"><span class='ocrx_word' id='word_1_560' title='bbox 563 4096 737 4152; x_wconf 87' lang='lat' dir='ltr'><strong>Filius</strong></span> <span class='ocrx_word' id='word_1_561' title='bbox 761 4095 891 4151; x_wconf 88' lang='lat' dir='ltr'><strong>facit</strong></span> <span class='ocrx_word' id='word_1_562' title='bbox 922 4112 935 4148; x_wconf 87' lang='lat'><strong>:</strong></span> <span class='ocrx_word' id='word_1_563' title='bbox 964 4094 1039 4150; x_wconf 89' lang='lat' dir='ltr'><strong>ita</strong></span> <span class='ocrx_word' id='word_1_564' title='bbox 1059 4096 1199 4150; x_wconf 91' lang='lat' dir='ltr'><strong>sicut</strong></span> <span class='ocrx_word' id='word_1_565' title='bbox 1227 4093 1435 4149; x_wconf 85' lang='lat' dir='ltr'><strong>habens</strong></span> <span class='ocrx_word' id='word_1_566' title='bbox 1460 4094 1623 4149; x_wconf 91' lang='lat' dir='ltr'><strong>vitam</strong></span> <span class='ocrx_word' id='word_1_567' title='bbox 1653 4094 1835 4162; x_wconf 88' lang='lat' dir='ltr'><strong>Pater,</strong></span> <span class='ocrx_word' id='word_1_568' title='bbox 1860 4095 1940 4150; x_wconf 92' lang='lat' dir='ltr'><strong>sic</strong></span> <span class='ocrx_word' id='word_1_569' title='bbox 1965 4093 2169 4151; x_wconf 83' lang='lat' dir='ltr'><strong>haben-</strong></span> 
     </span>
    </p>
   </div>
   <div class='ocr_carea' id='block_1_73' title="bbox 561 4184 2166 4257">
    <p class='ocr_par' dir='ltr' id='par_1_73' title="bbox 561 4184 2166 4257">
     <span class='ocr_line' id='line_1_73' title="bbox 561 4184 2166 4257; baseline -0.002 -12"><span class='ocrx_word' id='word_1_570' title='bbox 561 4186 688 4246; x_wconf 88' lang='lat' dir='ltr'><strong>dam</strong></span> <span class='ocrx_word' id='word_1_571' title='bbox 718 4185 854 4242; x_wconf 89' lang='lat' dir='ltr'><strong>Filio</strong></span> <span class='ocrx_word' id='word_1_572' title='bbox 877 4186 1023 4242; x_wconf 88' lang='lat' dir='ltr'><strong>dedit</strong></span> <span class='ocrx_word' id='word_1_573' title='bbox 1046 4186 1229 4241; x_wconf 86' lang='lat' dir='ltr'><strong>vitam.</strong></span> <span class='ocrx_word' id='word_1_574' title='bbox 1254 4184 1659 4241; x_wconf 88' lang='lat' dir='ltr'><strong>Condemnatur</strong></span> <span class='ocrx_word' id='word_1_575' title='bbox 1679 4200 1809 4257; x_wconf 89' lang='lat' dir='ltr'><strong>ergo</strong></span> <span class='ocrx_word' id='word_1_576' title='bbox 1840 4185 2019 4256; x_wconf 85' lang='lat' dir='ltr'><strong>impia:</strong></span> <span class='ocrx_word' id='word_1_577' title='bbox 2042 4200 2166 4256; x_wconf 87' lang='lat' dir='ltr'><strong>pro-</strong></span> 
     </span>
    </p>
   </div>
   <div class='ocr_carea' id='block_1_74' title="bbox 563 4278 2168 4350">
    <p class='ocr_par' dir='ltr' id='par_1_74' title="bbox 563 4278 2168 4350">
     <span class='ocr_line' id='line_1_74' title="bbox 563 4278 2168 4350; baseline -0.002 -11"><span class='ocrx_word' id='word_1_578' title='bbox 563 4280 821 4339; x_wconf 75' lang='lat' dir='ltr'><strong>fessionis</strong></span> <span class='ocrx_word' id='word_1_579' title='bbox 844 4281 1144 4348; x_wconf 88' lang='lat' dir='ltr'><strong>temeritas,</strong></span> <span class='ocrx_word' id='word_1_580' title='bbox 1190 4294 1311 4350; x_wconf 77' lang='lat' dir='ltr'><strong>qua:</strong></span> <span class='ocrx_word' id='word_1_581' title='bbox 1343 4279 1559 4335; x_wconf 88' lang='lat' dir='ltr'><strong>virtutis</strong></span> <span class='ocrx_word' id='word_1_582' title='bbox 1600 4278 2005 4347; x_wconf 84' lang='lat' dir='ltr'><strong>similitudinem</strong></span> <span class='ocrx_word' id='word_1_583' title='bbox 2034 4294 2168 4335; x_wconf 86' lang='lat' dir='ltr'><strong>con-</strong></span> 
     </span>
    </p>
   </div>
   <div class='ocr_carea' id='block_1_75' title="bbox 568 4372 2163 4444">
    <p class='ocr_par' dir='ltr' id='par_1_75' title="bbox 568 4372 2163 4444">
     <span class='ocr_line' id='line_1_75' title="bbox 568 4372 2163 4444; baseline -0.001 -13"><span class='ocrx_word' id='word_1_584' title='bbox 568 4375 754 4441; x_wconf 84' lang='lat' dir='ltr'><strong>ﬁtens,</strong></span> <span class='ocrx_word' id='word_1_585' title='bbox 785 4373 1441 4429; x_wconf 79' lang='lat' dir='ltr'><strong>dissimilitudinem~ausa</strong></span> <span class='ocrx_word' id='word_1_586' title='bbox 1473 4372 1544 4428; x_wconf 90' lang='lat' dir='ltr'><strong>sit</strong></span> <span class='ocrx_word' id='word_1_587' title='bbox 1571 4372 1871 4444; x_wconf 66' lang='lat' dir='ltr'><strong>praedicare</strong></span> <span class='ocrx_word' id='word_1_588' title='bbox 1911 4383 2117 4430; x_wconf 78' lang='lat' dir='ltr'><strong>natura:</strong></span> <span class='ocrx_word' id='word_1_589' title='bbox 2148 4389 2163 4430; x_wconf 91' lang='lat'><strong>:</strong></span> 
     </span>
    </p>
   </div>
   <div class='ocr_carea' id='block_1_76' title="bbox 567 4466 2168 4538">
    <p class='ocr_par' dir='ltr' id='par_1_76' title="bbox 567 4466 2168 4538">
     <span class='ocr_line' id='line_1_76' title="bbox 567 4466 2168 4538; baseline 0.001 -14"><span class='ocrx_word' id='word_1_590' title='bbox 567 4480 693 4524; x_wconf 88' lang='lat' dir='ltr'><strong>cum</strong></span> <span class='ocrx_word' id='word_1_591' title='bbox 720 4466 1031 4538; x_wconf 87' lang='lat' dir='ltr'><strong>principalis</strong></span> <span class='ocrx_word' id='word_1_592' title='bbox 1064 4467 1178 4538; x_wconf 90' lang='lat' dir='ltr'><strong>spei</strong></span> <span class='ocrx_word' id='word_1_593' title='bbox 1223 4476 1422 4524; x_wconf 81' lang='lat' dir='ltr'><strong>nostra:</strong></span> <span class='ocrx_word' id='word_1_594' title='bbox 1461 4466 1596 4523; x_wconf 81' lang='lat' dir='ltr'><strong>fides</strong></span> <span class='ocrx_word' id='word_1_595' title='bbox 1637 4467 1726 4534; x_wconf 91' lang='lat' dir='ltr'><strong>sit,</strong></span> <span class='ocrx_word' id='word_1_596' title='bbox 1773 4466 2168 4527; x_wconf 77' lang='lat' dir='ltr'><strong>indifferentem</strong></span> 
     </span>
    </p>
   </div>
   <div class='ocr_carea' id='block_1_77' title="bbox 566 4557 2057 4618">
    <p class='ocr_par' dir='ltr' id='par_1_77' title="bbox 566 4557 2057 4618">
     <span class='ocr_line' id='line_1_77' title="bbox 566 4557 2057 4618; baseline -0.001 -2"><span class='ocrx_word' id='word_1_597' title='bbox 566 4558 626 4617; x_wconf 86' lang='lat' dir='ltr'><strong>in</strong></span> <span class='ocrx_word' id='word_1_598' title='bbox 657 4558 817 4617; x_wconf 85' lang='lat' dir='ltr'><strong>Patre</strong></span> <span class='ocrx_word' id='word_1_599' title='bbox 842 4567 899 4617; x_wconf 89' lang='lat' dir='ltr'><strong>et</strong></span> <span class='ocrx_word' id='word_1_600' title='bbox 920 4557 1057 4617; x_wconf 87' lang='lat' dir='ltr'><strong>Filio</strong></span> <span class='ocrx_word' id='word_1_601' title='bbox 1083 4558 1384 4616; x_wconf 87' lang='lat' dir='ltr'><strong>divinitatis</strong></span> <span class='ocrx_word' id='word_1_602' title='bbox 1405 4559 1759 4616; x_wconf 87' lang='lat' dir='ltr'><strong>substantiam</strong></span> <span class='ocrx_word' id='word_1_603' title='bbox 1788 4560 2057 4618; x_wconf 91' lang='lat' dir='ltr'><strong>conﬁteri.</strong></span> 
     </span>
    </p>
   </div>
   <div class='ocr_carea' id='block_1_78' title="bbox 2266 3361 3879 3433">
    <p class='ocr_par' dir='ltr' id='par_1_78' title="bbox 2266 3361 3879 3433">
     <span class='ocr_line' id='line_1_78' title="bbox 2266 3361 3879 3433; baseline -0.002 -13"><span class='ocrx_word' id='word_1_604' title='bbox 2266 3378 2335 3420; x_wconf 82' lang='lat' dir='ltr'><strong>ex</strong></span> <span class='ocrx_word' id='word_1_605' title='bbox 2362 3362 2473 3419; x_wconf 90' lang='lat' dir='ltr'><strong>Deo</strong></span> <span class='ocrx_word' id='word_1_606' title='bbox 2500 3361 2642 3418; x_wconf 83' lang='lat' dir='ltr'><strong>aliud</strong></span> <span class='ocrx_word' id='word_1_607' title='bbox 2666 3377 2827 3433; x_wconf 89' lang='lat' dir='ltr'><strong>quam</strong></span> <span class='ocrx_word' id='word_1_608' title='bbox 2860 3362 3007 3419; x_wconf 83' lang='lat' dir='ltr'><strong>Deus</strong></span> <span class='ocrx_word' id='word_1_609' title='bbox 3037 3370 3195 3418; x_wconf 87' lang='lat' dir='ltr'><strong>natus</strong></span> <span class='ocrx_word' id='word_1_610' title='bbox 3219 3362 3310 3428; x_wconf 91' lang='lat' dir='ltr'><strong>sit,</strong></span> <span class='ocrx_word' id='word_1_611' title='bbox 3361 3369 3418 3418; x_wconf 90' lang='lat' dir='ltr'><strong>et</strong></span> <span class='ocrx_word' id='word_1_612' title='bbox 3465 3369 3658 3432; x_wconf 89' lang='lat' dir='ltr'><strong>putent</strong></span> <span class='ocrx_word' id='word_1_613' title='bbox 3693 3373 3879 3417; x_wconf 86' lang='lat' dir='ltr'><strong>essen-</strong></span> 
     </span>
    </p>
   </div>
   <div class='ocr_carea' id='block_1_79' title="bbox 2267 3452 3871 3528">
    <p class='ocr_par' dir='ltr' id='par_1_79' title="bbox 2267 3452 3871 3528">
     <span class='ocr_line' id='line_1_79' title="bbox 2267 3452 3871 3528; baseline -0.002 -16"><span class='ocrx_word' id='word_1_614' title='bbox 2267 3457 2395 3512; x_wconf 88' lang='lat' dir='ltr'><strong>tiam</strong></span> <span class='ocrx_word' id='word_1_615' title='bbox 2418 3456 2593 3513; x_wconf 88' lang='lat' dir='ltr'><strong>Patris</strong></span> <span class='ocrx_word' id='word_1_616' title='bbox 2622 3472 2653 3513; x_wconf 91' lang='lat' dir='ltr'><strong>a</strong></span> <span class='ocrx_word' id='word_1_617' title='bbox 2682 3471 2742 3514; x_wconf 89' lang='lat' dir='ltr'><strong>se</strong></span> <span class='ocrx_word' id='word_1_618' title='bbox 2766 3458 2818 3513; x_wconf 92' lang='lat' dir='ltr'><strong>in</strong></span> <span class='ocrx_word' id='word_1_619' title='bbox 2849 3455 2988 3512; x_wconf 89' lang='lat' dir='ltr'><strong>Filio</strong></span> <span class='ocrx_word' id='word_1_620' title='bbox 3018 3456 3378 3528; x_wconf 81' lang='lat' dir='ltr'><strong>degenerasse</strong></span> <span class='ocrx_word' id='word_1_621' title='bbox 3418 3453 3706 3528; x_wconf 84' lang='lat' dir='ltr'><strong>gignendo.</strong></span> <span class='ocrx_word' id='word_1_622' title='bbox 3738 3452 3871 3509; x_wconf 84' lang='lat' dir='ltr'><strong>Per-</strong></span> 
     </span>
    </p>
   </div>
   <div class='ocr_carea' id='block_1_80' title="bbox 2266 3546 3879 3621">
    <p class='ocr_par' dir='ltr' id='par_1_80' title="bbox 2266 3546 3879 3621">
     <span class='ocr_line' id='line_1_80' title="bbox 2266 3546 3879 3621; baseline -0.002 -15"><span class='ocrx_word' id='word_1_623' title='bbox 2266 3550 2440 3606; x_wconf 90' lang='lat' dir='ltr'><strong>imunt</strong></span> <span class='ocrx_word' id='word_1_624' title='bbox 2478 3551 2649 3617; x_wconf 89' lang='lat' dir='ltr'><strong>enim,</strong></span> <span class='ocrx_word' id='word_1_625' title='bbox 2681 3559 2939 3621; x_wconf 87' lang='lat' dir='ltr'><strong>quantum</strong></span> <span class='ocrx_word' id='word_1_626' title='bbox 2973 3551 3026 3606; x_wconf 88' lang='lat' dir='ltr'><strong>in</strong></span> <span class='ocrx_word' id='word_1_627' title='bbox 3069 3564 3134 3606; x_wconf 90' lang='lat' dir='ltr'><strong>se</strong></span> <span class='ocrx_word' id='word_1_628' title='bbox 3163 3560 3268 3617; x_wconf 90' lang='lat' dir='ltr'><strong>est,</strong></span> <span class='ocrx_word' id='word_1_629' title='bbox 3307 3550 3478 3620; x_wconf 88' lang='lat' dir='ltr'><strong>ipsam</strong></span> <span class='ocrx_word' id='word_1_630' title='bbox 3524 3549 3670 3604; x_wconf 86' lang='lat' dir='ltr'><strong>illam</strong></span> <span class='ocrx_word' id='word_1_631' title='bbox 3695 3546 3879 3603; x_wconf 84' lang='lat' dir='ltr'><strong>innas-</strong></span> 
     </span>
    </p>
   </div>
   <div class='ocr_carea' id='block_1_81' title="bbox 2270 3640 3873 3713">
    <p class='ocr_par' dir='ltr' id='par_1_81' title="bbox 2270 3640 3873 3713">
     <span class='ocr_line' id='line_1_81' title="bbox 2270 3640 3873 3713; baseline -0.002 -15"><span class='ocrx_word' id='word_1_632' title='bbox 2270 3642 2488 3699; x_wconf 90' lang='lat' dir='ltr'><strong>cibilem</strong></span> <span class='ocrx_word' id='word_1_633' title='bbox 2519 3642 2695 3699; x_wconf 88' lang='lat' dir='ltr'><strong>Patris</strong></span> <span class='ocrx_word' id='word_1_634' title='bbox 2723 3651 2777 3699; x_wconf 90' lang='lat' dir='ltr'><strong>et</strong></span> <span class='ocrx_word' id='word_1_635' title='bbox 2816 3642 3258 3701; x_wconf 89' lang='lat' dir='ltr'><strong>indemutabilem</strong></span> <span class='ocrx_word' id='word_1_636' title='bbox 3299 3642 3591 3700; x_wconf 88' lang='lat' dir='ltr'><strong>essentiam</strong></span> <span class='ocrx_word' id='word_1_637' title='bbox 3613 3683 3629 3708; x_wconf 93' lang='lat'><strong>,</strong></span> <span class='ocrx_word' id='word_1_638' title='bbox 3663 3641 3729 3712; x_wconf 88' lang='lat' dir='ltr'><strong>(i)</strong></span> <span class='ocrx_word' id='word_1_639' title='bbox 3781 3640 3873 3713; x_wconf 92' lang='lat' dir='ltr'><strong>qui</strong></span> 
     </span>
    </p>
   </div>
   <div class='ocr_carea' id='block_1_82' title="bbox 2273 3718 3879 3806">
    <p class='ocr_par' dir='ltr' id='par_1_82' title="bbox 2273 3718 3879 3806">
     <span class='ocr_line' id='line_1_82' title="bbox 2273 3718 3879 3806; baseline -0.001 -17"><span class='ocrx_word' id='word_1_640' title='bbox 2273 3734 2391 3791; x_wconf 89' lang='lat' dir='ltr'><strong>ausi</strong></span> <span class='ocrx_word' id='word_1_641' title='bbox 2422 3745 2546 3790; x_wconf 86' lang='lat' dir='ltr'><strong>sunt</strong></span> <span class='ocrx_word' id='word_1_642' title='bbox 2575 3735 2625 3792; x_wconf 91' lang='lat' dir='ltr'><strong>ei</strong></span> <span class='ocrx_word' id='word_1_643' title='bbox 2659 3736 2712 3791; x_wconf 91' lang='lat' dir='ltr'><strong>in</strong></span> <span class='ocrx_word' id='word_1_644' title='bbox 2742 3734 3017 3806; x_wconf 89' lang='lat' dir='ltr'><strong>Unigeuiti</strong></span> <span class='ocrx_word' id='word_1_645' title='bbox 3042 3736 3125 3791; x_wconf 92' lang='lat' dir='ltr'><strong>sui</strong></span> <span class='ocrx_word' id='word_1_646' title='bbox 3148 3718 3435 3790; x_wconf 15' lang='lat' dir='ltr'><strong>Anativitate</strong></span> <span class='ocrx_word' id='word_1_647' title='bbox 3474 3731 3879 3791; x_wconf 77' lang='lat' dir='ltr'><strong>dissimilitudi—</strong></span> 
     </span>
    </p>
   </div>
   <div class='ocr_carea' id='block_1_83' title="bbox 2274 3826 3624 3898">
    <p class='ocr_par' dir='ltr' id='par_1_83' title="bbox 2274 3826 3624 3898">
     <span class='ocr_line' id='line_1_83' title="bbox 2274 3826 3624 3898; baseline -0.002 -17"><span class='ocrx_word' id='word_1_648' title='bbox 2274 3841 2399 3883; x_wconf 90' lang='lat' dir='ltr'><strong>nem</strong></span> <span class='ocrx_word' id='word_1_649' title='bbox 2430 3826 2772 3897; x_wconf 83' lang='lat' dir='ltr'><strong>degenerata:</strong></span> <span class='ocrx_word' id='word_1_650' title='bbox 2792 3826 3042 3882; x_wconf 84' lang='lat' dir='ltr'><strong>essentia:</strong></span> <span class='ocrx_word' id='word_1_651' title='bbox 3069 3826 3329 3882; x_wconf 88' lang='lat' dir='ltr'><strong>naturalis</strong></span> <span class='ocrx_word' id='word_1_652' title='bbox 3357 3826 3624 3898; x_wconf 91' lang='lat' dir='ltr'><strong>ingerere.</strong></span> 
     </span>
    </p>
   </div>
   <div class='ocr_carea' id='block_1_84' title="bbox 2349 3916 3868 3993">
    <p class='ocr_par' dir='ltr' id='par_1_84' title="bbox 2349 3916 3868 3993">
     <span class='ocr_line' id='line_1_84' title="bbox 2349 3916 3868 3993; baseline -0.001 -19"><span class='ocrx_word' id='word_1_653' title='bbox 2349 3918 2481 3976; x_wconf 82' lang='lat' dir='ltr'><strong>VIII.</strong></span> <span class='ocrx_word' id='word_1_654' title='bbox 2517 3937 2536 3971; x_wconf 75' lang='grc' dir='ltr'>ι</span> <span class='ocrx_word' id='word_1_655' title='bbox 2572 3919 2635 3973; x_wconf 85' lang='lat' dir='ltr'><strong>Et</strong></span> <span class='ocrx_word' id='word_1_656' title='bbox 2657 3919 2700 3974; x_wconf 90' lang='lat' dir='ltr'><strong>si</strong></span> <span class='ocrx_word' id='word_1_657' title='bbox 2729 3920 2849 3988; x_wconf 91' lang='lat' dir='ltr'><strong>quis</strong></span> <span class='ocrx_word' id='word_1_658' title='bbox 2875 3918 3181 3991; x_wconf 78' lang='lat' dir='ltr'><strong>intelligens</strong></span> <span class='ocrx_word' id='word_1_659' title='bbox 3206 3916 3286 3993; x_wconf 89' lang='lat' dir='ltr'><strong>(j)</strong></span> <span class='ocrx_word' id='word_1_660' title='bbox 3317 3918 3549 3975; x_wconf 90' lang='lat' dir='ltr'><strong>similem</strong></span> <span class='ocrx_word' id='word_1_661' title='bbox 3571 3916 3868 3975; x_wconf 89' lang='lat' dir='ltr'><strong>secundum</strong></span> 
     </span>
    </p>
   </div>
   <div class='ocr_carea' id='block_1_85' title="bbox 2272 4011 3876 4085">
    <p class='ocr_par' dir='ltr' id='par_1_85' title="bbox 2272 4011 3876 4085">
     <span class='ocr_line' id='line_1_85' title="bbox 2272 4011 3876 4085; baseline -0.001 -16"><span class='ocrx_word' id='word_1_662' title='bbox 2272 4012 2563 4069; x_wconf 86' lang='lat' dir='ltr'><strong>essentiam</strong></span> <span class='ocrx_word' id='word_1_663' title='bbox 2592 4012 2790 4067; x_wconf 88' lang='lat' dir='ltr'><strong>Filium</strong></span> <span class='ocrx_word' id='word_1_664' title='bbox 2840 4011 2981 4081; x_wconf 88' lang='lat' dir='ltr'><strong>ejus,</strong></span> <span class='ocrx_word' id='word_1_665' title='bbox 3026 4012 3183 4083; x_wconf 87' lang='lat' dir='ltr'><strong>cujus</strong></span> <span class='ocrx_word' id='word_1_666' title='bbox 3235 4020 3291 4069; x_wconf 91' lang='lat' dir='ltr'><strong>et</strong></span> <span class='ocrx_word' id='word_1_667' title='bbox 3323 4011 3470 4068; x_wconf 88' lang='lat' dir='ltr'><strong>ﬁlius</strong></span> <span class='ocrx_word' id='word_1_668' title='bbox 3522 4012 3876 4085; x_wconf 89' lang='lat' dir='ltr'><strong>intelligitur;</strong></span> 
     </span>
    </p>
   </div>
   <div class='ocr_carea' id='block_1_86' title="bbox 2274 4104 3879 4178">
    <p class='ocr_par' dir='ltr' id='par_1_86' title="bbox 2274 4104 3879 4178">
     <span class='ocr_line' id='line_1_86' title="bbox 2274 4104 3879 4178; baseline -0.001 -15"><span class='ocrx_word' id='word_1_669' title='bbox 2274 4105 2525 4163; x_wconf 88' lang='lat' dir='ltr'><strong>eumdem</strong></span> <span class='ocrx_word' id='word_1_670' title='bbox 2555 4106 2744 4162; x_wconf 91' lang='lat' dir='ltr'><strong>dicens</strong></span> <span class='ocrx_word' id='word_1_671' title='bbox 2796 4105 2991 4161; x_wconf 85' lang='lat' dir='ltr'><strong>Filium</strong></span> <span class='ocrx_word' id='word_1_672' title='bbox 3035 4120 3193 4177; x_wconf 91' lang='lat' dir='ltr'><strong>quem</strong></span> <span class='ocrx_word' id='word_1_673' title='bbox 3235 4104 3476 4174; x_wconf 90' lang='lat' dir='ltr'><strong>Patrem,</strong></span> <span class='ocrx_word' id='word_1_674' title='bbox 3530 4116 3623 4163; x_wconf 89' lang='lat' dir='ltr'><strong>aut</strong></span> <span class='ocrx_word' id='word_1_675' title='bbox 3673 4114 3879 4178; x_wconf 85' lang='lat' dir='ltr'><strong>partem</strong></span> 
     </span>
    </p>
   </div>
   <div class='ocr_carea' id='block_1_87' title="bbox 2276 4198 3878 4272">
    <p class='ocr_par' dir='ltr' id='par_1_87' title="bbox 2276 4198 3878 4272">
     <span class='ocr_line' id='line_1_87' title="bbox 2276 4198 3878 4272; baseline 0.003 -18"><span class='ocrx_word' id='word_1_676' title='bbox 2276 4198 2477 4267; x_wconf 92' lang='lat' dir='ltr'><strong>Patris,</strong></span> <span class='ocrx_word' id='word_1_677' title='bbox 2502 4207 2594 4254; x_wconf 91' lang='lat' dir='ltr'><strong>aut</strong></span> <span class='ocrx_word' id='word_1_678' title='bbox 2616 4214 2713 4270; x_wconf 88' lang='lat' dir='ltr'><strong>per</strong></span> <span class='ocrx_word' id='word_1_679' title='bbox 2737 4199 3136 4256; x_wconf 90' lang='lat' dir='ltr'><strong>emanationem</strong></span> <span class='ocrx_word' id='word_1_680' title='bbox 3167 4207 3261 4255; x_wconf 89' lang='lat' dir='ltr'><strong>aut</strong></span> <span class='ocrx_word' id='word_1_681' title='bbox 3281 4199 3514 4272; x_wconf 88' lang='lat' dir='ltr'><strong>aliquam</strong></span> <span class='ocrx_word' id='word_1_682' title='bbox 3537 4200 3878 4272; x_wconf 84' lang='lat' dir='ltr'><strong>passionem,</strong></span> 
     </span>
    </p>
   </div>
   <div class='ocr_carea' id='block_1_88' title="bbox 2271 4289 3881 4364">
    <p class='ocr_par' dir='ltr' id='par_1_88' title="bbox 2271 4289 3881 4364">
     <span class='ocr_line' id='line_1_88' title="bbox 2271 4289 3881 4364; baseline 0.002 -19"><span class='ocrx_word' id='word_1_683' title='bbox 2271 4289 2730 4362; x_wconf 87' lang='lat' dir='ltr'><strong>quemadmodum</strong></span> <span class='ocrx_word' id='word_1_684' title='bbox 2794 4290 3106 4362; x_wconf 89' lang='lat' dir='ltr'><strong>corporales</strong></span> <span class='ocrx_word' id='word_1_685' title='bbox 3169 4290 3353 4359; x_wconf 88' lang='lat' dir='ltr'><strong>ﬁlios,</strong></span> <span class='ocrx_word' id='word_1_686' title='bbox 3433 4291 3502 4348; x_wconf 90' lang='lat' dir='ltr'><strong>ab</strong></span> <span class='ocrx_word' id='word_1_687' title='bbox 3546 4291 3881 4364; x_wconf 79' lang='lat' dir='ltr'><strong>incorporati</strong></span> 
     </span>
    </p>
   </div>
   <div class='ocr_carea' id='block_1_89' title="bbox 2272 4380 3875 4453">
    <p class='ocr_par' dir='ltr' id='par_1_89' title="bbox 2272 4380 3875 4453">
     <span class='ocr_line' id='line_1_89' title="bbox 2272 4380 3875 4453; baseline 0.004 -17"><span class='ocrx_word' id='word_1_688' title='bbox 2272 4380 2434 4437; x_wconf 87' lang='lat' dir='ltr'><strong>Patre</strong></span> <span class='ocrx_word' id='word_1_689' title='bbox 2463 4380 2860 4453; x_wconf 86' lang='lat' dir='ltr'><strong>incorporalem</strong></span> <span class='ocrx_word' id='word_1_690' title='bbox 2892 4381 3089 4439; x_wconf 86' lang='lat' dir='ltr'><strong>Filium</strong></span> <span class='ocrx_word' id='word_1_691' title='bbox 3118 4382 3503 4440; x_wconf 70' lang='lat' dir='ltr'><strong>subsistentem</strong></span> <span class='ocrx_word' id='word_1_692' title='bbox 3528 4400 3544 4439; x_wconf 91' lang='lat'><strong>:</strong></span> <span class='ocrx_word' id='word_1_693' title='bbox 3573 4384 3875 4442; x_wconf 83' lang='lat' dir='ltr'><strong>anathema</strong></span> 
     </span>
    </p>
   </div>
   <div class='ocr_carea' id='block_1_90' title="bbox 2272 4471 2418 4528">
    <p class='ocr_par' dir='ltr' id='par_1_90' title="bbox 2272 4471 2418 4528">
     <span class='ocr_line' id='line_1_90' title="bbox 2272 4471 2418 4528; baseline -0.007 0"><span class='ocrx_word' id='word_1_694' title='bbox 2272 4471 2365 4528; x_wconf 88' lang='lat' dir='ltr'><strong>sit.</strong></span> <span class='ocrx_word' id='word_1_695' title='bbox 2398 4491 2418 4528; x_wconf 74' lang='grc' dir='ltr'><strong><em>ι</em></strong></span> 
     </span>
    </p>
   </div>
   <div class='ocr_carea' id='block_1_91' title="bbox 2344 4563 3876 4642">
    <p class='ocr_par' dir='ltr' id='par_1_91' title="bbox 2344 4563 3876 4642">
     <span class='ocr_line' id='line_1_91' title="bbox 2344 4563 3876 4642; baseline 0.005 -23"><span class='ocrx_word' id='word_1_696' title='bbox 2344 4564 2436 4619; x_wconf 62' lang='lat' dir='ltr'><strong>Si.</strong></span> <span class='ocrx_word' id='word_1_697' title='bbox 2461 4563 2693 4624; x_wconf 85' lang='lat' dir='ltr'><strong>Cavetur</strong></span> <span class='ocrx_word' id='word_1_698' title='bbox 2722 4566 2775 4625; x_wconf 90' lang='lat' dir='ltr'><strong>in</strong></span> <span class='ocrx_word' id='word_1_699' title='bbox 2800 4568 3055 4641; x_wconf 78' lang='lat' dir='ltr'><strong>omnibus</strong></span> <span class='ocrx_word' id='word_1_700' title='bbox 3077 4565 3364 4627; x_wconf 88' lang='lat' dir='ltr'><strong>adversum</strong></span> <span class='ocrx_word' id='word_1_701' title='bbox 3385 4567 3720 4642; x_wconf 88' lang='lat' dir='ltr'><strong>singularum</strong></span> <span class='ocrx_word' id='word_1_702' title='bbox 3750 4583 3876 4642; x_wconf 86' lang='lat' dir='ltr'><strong>per-</strong></span> 
     </span>
    </p>
   </div>
   <div class='ocr_carea' id='block_1_92' title="bbox 643 4740 3880 4829">
    <p class='ocr_par' dir='ltr' id='par_1_92' title="bbox 643 4740 3880 4829">
     <span class='ocr_line' id='line_1_92' title="bbox 643 4740 3880 4829; baseline 0.004 -29"><span class='ocrx_word' id='word_1_703' title='bbox 643 4745 734 4829; x_wconf 50' lang='lat' dir='ltr'><strong>(a).</strong></span> <span class='ocrx_word' id='word_1_704' title='bbox 760 4742 997 4829; x_wconf 61' lang='grc' dir='ltr'><strong>ξυρριςε,⁸</strong></span> <span class='ocrx_word' id='word_1_705' title='bbox 1020 4740 1421 4829; x_wconf 68' lang='lat' dir='ltr'><strong>professionem,</strong></span> <span class='ocrx_word' id='word_1_706' title='bbox 1480 4742 1789 4829; x_wconf 74' lang='lat' dir='ltr'><strong>vcl__uocem</strong></span> <span class='ocrx_word' id='word_1_707' title='bbox 1829 4757 1932 4814; x_wconf 90' lang='lat' dir='ltr'><strong>qua</strong></span> <span class='ocrx_word' id='word_1_708' title='bbox 1980 4743 2168 4802; x_wconf 87' lang='lat' dir='ltr'><strong>nititur</strong></span> <span class='ocrx_word' id='word_1_709' title='bbox 2194 4746 2247 4809; x_wconf 87' lang='grc'><strong>1)</strong></span> <span class='ocrx_word' id='word_1_710' title='bbox 2272 4747 2610 4829; x_wconf 69' lang='lat' dir='ltr'><strong>damnantur</strong></span> <span class='ocrx_word' id='word_1_711' title='bbox 2637 4753 2728 4824; x_wconf 91' lang='lat' dir='ltr'><strong>qui</strong></span> <span class='ocrx_word' id='word_1_712' title='bbox 2758 4754 2947 4829; x_wconf 79' lang='lat' dir='ltr'><strong>volunt</strong></span> <span class='ocrx_word' id='word_1_713' title='bbox 2979 4754 3193 4813; x_wconf 88' lang='lat' dir='ltr'><strong>Patrem</strong></span> <span class='ocrx_word' id='word_1_714' title='bbox 3219 4756 3440 4829; x_wconf 88' lang='lat' dir='ltr'><strong>gignere</strong></span> <span class='ocrx_word' id='word_1_715' title='bbox 3463 4771 3526 4815; x_wconf 91' lang='lat' dir='ltr'><strong>ac</strong></span> <span class='ocrx_word' id='word_1_716' title='bbox 3566 4770 3758 4829; x_wconf 89' lang='lat' dir='ltr'><strong>parere</strong></span> <span class='ocrx_word' id='word_1_717' title='bbox 3785 4770 3880 4815; x_wconf 66' lang='lat' dir='ltr'><strong>es-v</strong></span> 
     </span>
    </p>
   </div>
   <div class='ocr_carea' id='block_1_93' title="bbox 565 4745 1740 4890">
    <p class='ocr_par' dir='ltr' id='par_1_93' title="bbox 565 4745 1740 4890">
     <span class='ocr_line' id='line_1_93' title="bbox 643 4745 1738 4871; baseline -0.004 -70"><span class='ocrx_word' id='word_1_718' title='bbox 643 4745 721 4871; x_wconf 44' lang='grc' dir='ltr'><strong>(αλ</strong></span> <span class='ocrx_word' id='word_1_719' title='bbox 760 4745 982 4813; x_wconf 85' lang='lat' dir='ltr'><strong>Supple,</strong></span> <span class='ocrx_word' id='word_1_720' title='bbox 1033 4745 1421 4822; x_wconf 69' lang='lat' dir='ltr'><strong>professionem,</strong></span> <span class='ocrx_word' id='word_1_721' title='bbox 1480 4745 1567 4797; x_wconf 89' lang='lat' dir='ltr'><strong>vel</strong></span> <span class='ocrx_word' id='word_1_722' title='bbox 1617 4756 1738 4797; x_wconf 85' lang='lat' dir='ltr'><strong>uoce</strong></span> 
     </span>
     <span class='ocr_line' id='line_1_94' title="bbox 565 4813 1740 4890; baseline -0.003 -18"><span class='ocrx_word' id='word_1_723' title='bbox 565 4832 685 4890; x_wconf 73' lang='lat' dir='ltr'><strong>pra:</strong></span> <span class='ocrx_word' id='word_1_724' title='bbox 705 4816 829 4890; x_wconf 69' lang='lat' dir='ltr'><strong>icta</strong></span> <span class='ocrx_word' id='word_1_725' title='bbox 855 4814 1252 4890; x_wconf 76' lang='lat' dir='ltr'><strong>opinio_impta,</strong></span> <span class='ocrx_word' id='word_1_726' title='bbox 1271 4821 1403 4890; x_wconf 68' lang='lat' dir='ltr'><strong>puta</strong></span> <span class='ocrx_word' id='word_1_727' title='bbox 1426 4813 1614 4890; x_wconf 59' lang='lat' dir='ltr'><strong>creavit</strong></span> <span class='ocrx_word' id='word_1_728' title='bbox 1642 4831 1740 4890; x_wconf 80' lang='lat' dir='ltr'><strong>me.</strong></span> 
     </span>
    </p>
   </div>
   <div class='ocr_carea' id='block_1_94' title="bbox 645 4882 2163 4967">
    <p class='ocr_par' dir='ltr' id='par_1_94' title="bbox 645 4882 2163 4967">
     <span class='ocr_line' id='line_1_95' title="bbox 645 4882 2163 4967; baseline -0.006 -24"><span class='ocrx_word' id='word_1_729' title='bbox 645 4886 853 4967; x_wconf 73' lang='lat' dir='ltr'><strong>(b)_Hic</strong></span> <span class='ocrx_word' id='word_1_730' title='bbox 877 4882 1208 4967; x_wconf 43' lang='lat' dir='ltr'><strong>ji‘OSl‘Palf‘lS</strong></span> <span class='ocrx_word' id='word_1_731' title='bbox 1236 4884 1624 4967; x_wconf 68' lang='lat' dir='ltr'><strong>similitudinem</strong></span> <span class='ocrx_word' id='word_1_732' title='bbox 1658 4886 1875 4967; x_wconf 65' lang='lat' dir='ltr'><strong>(graece,</strong></span> <span class='ocrx_word' id='word_1_733' title='bbox 1912 4889 2043 4967; x_wconf 79' lang='grc' dir='ltr'><strong>πρὸς</strong></span> <span class='ocrx_word' id='word_1_734' title='bbox 2079 4890 2163 4947; x_wconf 73' lang='grc' dir='ltr'><strong>τὸν</strong></span> 
     </span>
    </p>
   </div>
   <div class='ocr_carea' id='block_1_95' title="bbox 567 4953 1982 5032">
    <p class='ocr_par' dir='ltr' id='par_1_95' title="bbox 567 4953 1982 5032">
     <span class='ocr_line' id='line_1_96' title="bbox 567 4953 1982 5032; baseline -0.001 -18"><span class='ocrx_word' id='word_1_735' title='bbox 567 4953 758 5032; x_wconf 54' lang='lat' dir='ltr'><strong>iuueni:</strong></span> <span class='ocrx_word' id='word_1_736' title='bbox 774 4953 1323 5032; x_wconf 50' lang='lat' dir='ltr'><strong>faripabftotbm-ra),</strong></span> <span class='ocrx_word' id='word_1_737' title='bbox 1354 4953 1711 5032; x_wconf 83' lang='lat' dir='ltr'><strong>supplendum</strong></span> <span class='ocrx_word' id='word_1_738' title='bbox 1739 4953 1982 5032; x_wconf 69' lang='lat' dir='ltr'><strong>sibicsse&#39;.</strong></span> 
     </span>
    </p>
   </div>
   <div class='ocr_carea' id='block_1_96' title="bbox 646 5026 2169 5099">
    <p class='ocr_par' dir='ltr' id='par_1_96' title="bbox 646 5026 2169 5099">
     <span class='ocr_line' id='line_1_97' title="bbox 646 5026 2169 5099; baseline 0.002 -16"><span class='ocrx_word' id='word_1_739' title='bbox 646 5029 724 5099; x_wconf 90' lang='lat' dir='ltr'><strong>(c)</strong></span> <span class='ocrx_word' id='word_1_740' title='bbox 763 5026 972 5084; x_wconf 79' lang='lat' dir='ltr'><strong>Clarius</strong></span> <span class='ocrx_word' id='word_1_741' title='bbox 1004 5026 1103 5099; x_wconf 86' lang='lat' dir='ltr'><strong>hoc</strong></span> <span class='ocrx_word' id='word_1_742' title='bbox 1127 5026 1195 5079; x_wconf 89' lang='lat' dir='ltr'><strong>ita</strong></span> <span class='ocrx_word' id='word_1_743' title='bbox 1238 5029 1609 5099; x_wconf 83' lang='lat' dir='ltr'><strong>enuntiaretur</strong></span> <span class='ocrx_word' id='word_1_744' title='bbox 1643 5027 2038 5099; x_wconf 38' lang='lat' dir='ltr'><strong>{similitudine</strong></span> <span class='ocrx_word' id='word_1_745' title='bbox 2074 5048 2169 5086; x_wconf 88' lang='lat' dir='ltr'><strong>an-</strong></span> 
     </span>
    </p>
   </div>
   <div class='ocr_carea' id='block_1_97' title="bbox 567 5095 2065 5170">
    <p class='ocr_par' dir='ltr' id='par_1_97' title="bbox 567 5095 2065 5170">
     <span class='ocr_line' id='line_1_98' title="bbox 567 5095 2065 5170; baseline -0.003 -15"><span class='ocrx_word' id='word_1_746' title='bbox 567 5095 671 5156; x_wconf 80' lang='lat' dir='ltr'><strong>tem</strong></span> <span class='ocrx_word' id='word_1_747' title='bbox 680 5095 834 5170; x_wconf 77' lang='lat' dir='ltr'><strong>juxta</strong></span> <span class='ocrx_word' id='word_1_748' title='bbox 856 5096 1147 5170; x_wconf 78' lang='lat' dir='ltr'><strong>essentiam,</strong></span> <span class='ocrx_word' id='word_1_749' title='bbox 1171 5095 1307 5165; x_wconf 87' lang='lat' dir='ltr'><strong>quod</strong></span> <span class='ocrx_word' id='word_1_750' title='bbox 1327 5106 1401 5170; x_wconf 45' lang='lat' dir='ltr'><strong>est</strong></span> <span class='ocrx_word' id='word_1_751' title='bbox 1428 5097 1935 5167; x_wconf 86' lang='lat' dir='ltr'><strong>principalissimum,</strong></span> <span class='ocrx_word' id='word_1_752' title='bbox 1962 5114 2065 5159; x_wconf 83' lang='lat' dir='ltr'><strong>etc,</strong></span> 
     </span>
    </p>
   </div>
   <div class='ocr_carea' id='block_1_98' title="bbox 646 5166 2176 5244">
    <p class='ocr_par' dir='ltr' id='par_1_98' title="bbox 646 5166 2176 5244">
     <span class='ocr_line' id='line_1_99' title="bbox 646 5166 2176 5244; baseline 0.003 -19"><span class='ocrx_word' id='word_1_753' title='bbox 646 5166 887 5244; x_wconf 51' lang='grc' dir='ltr'><strong>(ἄλει-η</strong></span> <span class='ocrx_word' id='word_1_754' title='bbox 920 5169 1062 5230; x_wconf 85' lang='lat' dir='ltr'><strong>Mir.,</strong></span> <span class='ocrx_word' id='word_1_755' title='bbox 1087 5166 1233 5237; x_wconf 86' lang='lat' dir='ltr'><strong>Lips.</strong></span> <span class='ocrx_word' id='word_1_756' title='bbox 1262 5167 1484 5235; x_wconf 90' lang='lat' dir='ltr'><strong>etPar.,</strong></span> <span class='ocrx_word' id='word_1_757' title='bbox 1526 5170 1824 5244; x_wconf 83' lang='lat' dir='ltr'><strong>cognatione</strong></span> <span class='ocrx_word' id='word_1_758' title='bbox 1871 5188 1891 5227; x_wconf 92' lang='lat'><strong><em>:</em></strong></span> <span class='ocrx_word' id='word_1_759' title='bbox 1932 5174 2092 5240; x_wconf 88' lang='lat' dir='ltr'><strong>male,</strong></span> <span class='ocrx_word' id='word_1_760' title='bbox 2115 5184 2176 5230; x_wconf 90' lang='lat' dir='ltr'><strong>ut</strong></span> 
     </span>
    </p>
   </div>
   <div class='ocr_carea' id='block_1_99' title="bbox 571 5241 2175 5312">
    <p class='ocr_par' dir='ltr' id='par_1_99' title="bbox 571 5241 2175 5312">
     <span class='ocr_line' id='line_1_100' title="bbox 571 5241 2175 5312; baseline -0.007 -13"><span class='ocrx_word' id='word_1_761' title='bbox 571 5241 914 5312; x_wconf 85' lang='lat' dir='ltr'><strong>perspicuum</strong></span> <span class='ocrx_word' id='word_1_762' title='bbox 941 5250 1112 5294; x_wconf 84' lang='lat' dir='ltr'><strong>estex</strong></span> <span class='ocrx_word' id='word_1_763' title='bbox 1137 5254 1313 5312; x_wconf 62' lang='lat' dir='ltr'><strong>graeco</strong></span> <span class='ocrx_word' id='word_1_764' title='bbox 1343 5253 1613 5312; x_wconf 84' lang='lat' dir='ltr'><strong>sermone,</strong></span> <span class='ocrx_word' id='word_1_765' title='bbox 1647 5243 1714 5302; x_wconf 79' lang='grc' dir='ltr'>ὡς</span> <span class='ocrx_word' id='word_1_766' title='bbox 1741 5241 1915 5299; x_wconf 81' lang='grc' dir='ltr'><strong>ἑαυτὸν</strong></span> <span class='ocrx_word' id='word_1_767' title='bbox 1950 5247 2175 5303; x_wconf 80' lang='grc' dir='ltr'><strong>ἀποστς-</strong></span> 
     </span>
    </p>
   </div>
   <div class='ocr_carea' id='block_1_100' title="bbox 567 5309 2173 5390">
    <p class='ocr_par' dir='ltr' id='par_1_100' title="bbox 567 5309 2173 5390">
     <span class='ocr_line' id='line_1_101' title="bbox 567 5309 2173 5390; baseline 0.002 -24"><span class='ocrx_word' id='word_1_768' title='bbox 567 5309 672 5390; x_wconf 48' lang='lat' dir='ltr'><strong>[sago</strong></span> <span class='ocrx_word' id='word_1_769' title='bbox 696 5309 791 5373; x_wconf 50' lang='lat' dir='ltr'><strong>ea;</strong></span> <span class='ocrx_word' id='word_1_770' title='bbox 819 5313 868 5366; x_wconf 82' lang='grc' dir='ltr'><strong>ἐν</strong></span> <span class='ocrx_word' id='word_1_771' title='bbox 883 5314 1074 5390; x_wconf 54' lang='lat' dir='ltr'><strong>judice:</strong></span> <span class='ocrx_word' id='word_1_772' title='bbox 1094 5311 1289 5390; x_wconf 61' lang='grc' dir='ltr'><strong>ξιᾳτρὸς</strong></span> <span class='ocrx_word' id='word_1_773' title='bbox 1305 5309 1529 5390; x_wconf 47' lang='grc' dir='ltr'><strong>μςϊὶοῦ</strong></span> <span class='ocrx_word' id='word_1_774' title='bbox 1559 5313 1762 5367; x_wconf 80' lang='grc' dir='ltr'><strong>αἰωνίου</strong></span> <span class='ocrx_word' id='word_1_775' title='bbox 1794 5318 1927 5379; x_wconf 72' lang='grc' dir='ltr'><strong>ζωῆς</strong></span> <span class='ocrx_word' id='word_1_776' title='bbox 1969 5333 1982 5368; x_wconf 88' lang='lat'>:</span> <span class='ocrx_word' id='word_1_777' title='bbox 2011 5333 2173 5390; x_wconf 83' lang='lat' dir='ltr'><strong>quem</strong></span> 
     </span>
    </p>
   </div>
   <div class='ocr_carea' id='block_1_101' title="bbox 570 5380 2174 5456">
    <p class='ocr_par' dir='ltr' id='par_1_101' title="bbox 570 5380 2174 5456">
     <span class='ocr_line' id='line_1_102' title="bbox 570 5380 2174 5456; baseline 0.001 -16"><span class='ocrx_word' id='word_1_778' title='bbox 570 5380 755 5440; x_wconf 83' lang='lat' dir='ltr'><strong>&#39;minus</strong></span> <span class='ocrx_word' id='word_1_779' title='bbox 772 5380 994 5456; x_wconf 79' lang='lat' dir='ltr'><strong>confuse</strong></span> <span class='ocrx_word' id='word_1_780' title='bbox 1016 5380 1245 5437; x_wconf 75' lang='lat' dir='ltr'><strong>reddere</strong></span> <span class='ocrx_word' id='word_1_781' title='bbox 1272 5380 1353 5436; x_wconf 82' lang='lat' dir='ltr'><strong>sic</strong></span> <span class='ocrx_word' id='word_1_782' title='bbox 1379 5382 1563 5456; x_wconf 83' lang='lat' dir='ltr'><strong>liceret</strong></span> <span class='ocrx_word' id='word_1_783' title='bbox 1579 5398 1606 5456; x_wconf 90' lang='lat'><strong>;</strong></span> <span class='ocrx_word' id='word_1_784' title='bbox 1625 5392 1887 5456; x_wconf 75' lang='lat' dir='ltr'><strong>tamquam</strong></span> <span class='ocrx_word' id='word_1_785' title='bbox 1922 5403 1976 5441; x_wconf 86' lang='lat' dir='ltr'><strong>se</strong></span> <span class='ocrx_word' id='word_1_786' title='bbox 2002 5380 2174 5456; x_wconf 63' lang='lat' dir='ltr'><strong>ipsum</strong></span> 
     </span>
    </p>
   </div>
   <div class='ocr_carea' id='block_1_102' title="bbox 566 5453 2162 5526">
    <p class='ocr_par' dir='ltr' id='par_1_102' title="bbox 566 5453 2162 5526">
     <span class='ocr_line' id='line_1_103' title="bbox 566 5453 2162 5526; baseline 0.004 -19"><span class='ocrx_word' id='word_1_787' title='bbox 566 5455 818 5526; x_wconf 77' lang='lat' dir='ltr'><strong>fraudum</strong></span> <span class='ocrx_word' id='word_1_788' title='bbox 847 5454 950 5507; x_wconf 80' lang='lat' dir='ltr'><strong>uita</strong></span> <span class='ocrx_word' id='word_1_789' title='bbox 980 5464 1188 5526; x_wconf 60' lang='lat' dir='ltr'><strong>aeterna.</strong></span> <span class='ocrx_word' id='word_1_790' title='bbox 1219 5467 1335 5526; x_wconf 75' lang='lat' dir='ltr'><strong>qua:</strong></span> <span class='ocrx_word' id='word_1_791' title='bbox 1380 5453 1433 5506; x_wconf 85' lang='lat' dir='ltr'><strong>in</strong></span> <span class='ocrx_word' id='word_1_792' title='bbox 1460 5453 1748 5525; x_wconf 79' lang='lat' dir='ltr'><strong>cognitione</strong></span> <span class='ocrx_word' id='word_1_793' title='bbox 1788 5454 1961 5511; x_wconf 85' lang='lat' dir='ltr'><strong>Patris</strong></span> <span class='ocrx_word' id='word_1_794' title='bbox 1990 5453 2036 5512; x_wconf 81' lang='lat' dir='ltr'><strong>et</strong></span> <span class='ocrx_word' id='word_1_795' title='bbox 2063 5457 2162 5513; x_wconf 85' lang='lat' dir='ltr'><strong>Fi-</strong></span> 
     </span>
    </p>
   </div>
   <div class='ocr_carea' id='block_1_103' title="bbox 570 5524 1661 5593">
    <p class='ocr_par' dir='ltr' id='par_1_103' title="bbox 570 5524 1661 5593">
     <span class='ocr_line' id='line_1_104' title="bbox 570 5524 1661 5593; baseline 0 -14"><span class='ocrx_word' id='word_1_796' title='bbox 570 5524 630 5580; x_wconf 82' lang='lat' dir='ltr'><strong>lii</strong></span> <span class='ocrx_word' id='word_1_797' title='bbox 651 5527 750 5579; x_wconf 86' lang='lat' dir='ltr'><strong>sita</strong></span> <span class='ocrx_word' id='word_1_798' title='bbox 771 5533 865 5587; x_wconf 86' lang='lat' dir='ltr'><strong>est,</strong></span> <span class='ocrx_word' id='word_1_799' title='bbox 895 5526 1043 5593; x_wconf 77' lang='lat' dir='ltr'><strong>juxta</strong></span> <span class='ocrx_word' id='word_1_800' title='bbox 1065 5524 1226 5578; x_wconf 84' lang='lat' dir='ltr'><strong>verha</strong></span> <span class='ocrx_word' id='word_1_801' title='bbox 1254 5524 1412 5578; x_wconf 82' lang='lat' dir='ltr'><strong>Joan.</strong></span> <span class='ocrx_word' id='word_1_802' title='bbox 1433 5524 1563 5592; x_wconf 79' lang='lat' dir='ltr'><strong>xvu,</strong></span> <span class='ocrx_word' id='word_1_803' title='bbox 1609 5527 1661 5580; x_wconf 83' lang='lat'><strong>5.</strong></span> 
     </span>
    </p>
   </div>
   <div class='ocr_carea' id='block_1_104' title="bbox 639 5595 1630 5735">
    <p class='ocr_par' dir='ltr' id='par_1_104' title="bbox 639 5595 1630 5735">
     <span class='ocr_line' id='line_1_105' title="bbox 639 5595 1630 5735; baseline -0.001 -85"><span class='ocrx_word' id='word_1_804' title='bbox 639 5595 710 5735; x_wconf 52' lang='lat' dir='ltr'><strong>fe)</strong></span> <span class='ocrx_word' id='word_1_805' title='bbox 753 5595 918 5659; x_wconf 88' lang='lat' dir='ltr'><strong>Editi,</strong></span> <span class='ocrx_word' id='word_1_806' title='bbox 948 5595 1149 5648; x_wconf 85' lang='lat' dir='ltr'><strong>virtutis</strong></span> <span class='ocrx_word' id='word_1_807' title='bbox 1179 5610 1284 5649; x_wconf 72' lang='lat' dir='ltr'><strong>sua:</strong></span> <span class='ocrx_word' id='word_1_808' title='bbox 1305 5610 1324 5648; x_wconf 91' lang='lat'><strong><em>:</em></strong></span> <span class='ocrx_word' id='word_1_809' title='bbox 1352 5595 1630 5650; x_wconf 87' lang='lat' dir='ltr'><strong>mendose.</strong></span> 
     </span>
     <span class='ocr_line' id='line_1_106' title="bbox 669 5665 1630 5735; baseline -0.002 -13"><span class='ocrx_word' id='word_1_810' title='bbox 669 5666 722 5735; x_wconf 87' lang='lat' dir='ltr'><strong>f)</strong></span> <span class='ocrx_word' id='word_1_811' title='bbox 766 5665 906 5721; x_wconf 85' lang='lat' dir='ltr'><strong>Editi</strong></span> <span class='ocrx_word' id='word_1_812' title='bbox 929 5665 1015 5719; x_wconf 89' lang='lat' dir='ltr'><strong>hic</strong></span> <span class='ocrx_word' id='word_1_813' title='bbox 1041 5680 1146 5719; x_wconf 86' lang='lat' dir='ltr'><strong>nun</strong></span> <span class='ocrx_word' id='word_1_814' title='bbox 1169 5673 1419 5733; x_wconf 87' lang='lat' dir='ltr'><strong>repetunt</strong></span> <span class='ocrx_word' id='word_1_815' title='bbox 1444 5676 1630 5735; x_wconf 82' lang='lat' dir='ltr'><strong>patrem</strong></span> 
     </span>
    </p>
   </div>
   <div class='ocr_carea' id='block_1_105' title="bbox 669 5665 2162 5741">
    <p class='ocr_par' dir='ltr' id='par_1_105' title="bbox 669 5665 2162 5741">
     <span class='ocr_line' id='line_1_107' title="bbox 669 5665 2162 5741; baseline 0.003 -20"><span class='ocrx_word' id='word_1_816' title='bbox 669 5666 722 5741; x_wconf 69' lang='grc' dir='ltr'><strong>ί)</strong></span> <span class='ocrx_word' id='word_1_817' title='bbox 766 5665 906 5721; x_wconf 85' lang='lat' dir='ltr'><strong>Editi</strong></span> <span class='ocrx_word' id='word_1_818' title='bbox 929 5665 1146 5741; x_wconf 80' lang='lat' dir='ltr'><strong>h_ic_nun</strong></span> <span class='ocrx_word' id='word_1_819' title='bbox 1169 5673 1419 5741; x_wconf 75' lang='lat' dir='ltr'><strong>repetunt</strong></span> <span class='ocrx_word' id='word_1_820' title='bbox 1444 5676 1640 5736; x_wconf 83' lang='lat' dir='ltr'><strong>patrem</strong></span> <span class='ocrx_word' id='word_1_821' title='bbox 1669 5684 1682 5721; x_wconf 89' lang='lat'><strong>:</strong></span> <span class='ocrx_word' id='word_1_822' title='bbox 1719 5677 1968 5741; x_wconf 15' lang='lat' dir='ltr'><strong>ctyantea</strong></span> <span class='ocrx_word' id='word_1_823' title='bbox 2012 5670 2162 5741; x_wconf 86' lang='lat' dir='ltr'><strong>Lips.</strong></span> 
     </span>
    </p>
   </div>
   <div class='ocr_carea' id='block_1_106' title="bbox 567 5734 2167 5806">
    <p class='ocr_par' dir='ltr' id='par_1_106' title="bbox 567 5734 2167 5806">
     <span class='ocr_line' id='line_1_108' title="bbox 567 5734 2167 5806; baseline 0.005 -17"><span class='ocrx_word' id='word_1_824' title='bbox 567 5745 623 5790; x_wconf 91' lang='lat' dir='ltr'><strong>ct</strong></span> <span class='ocrx_word' id='word_1_825' title='bbox 654 5734 773 5789; x_wconf 84' lang='lat' dir='ltr'><strong>Par.</strong></span> <span class='ocrx_word' id='word_1_826' title='bbox 820 5734 1136 5791; x_wconf 82' lang='lat' dir='ltr'><strong>vocabulum</strong></span> <span class='ocrx_word' id='word_1_827' title='bbox 1167 5736 1265 5789; x_wconf 86' lang='lat' dir='ltr'><strong>sibi</strong></span> <span class='ocrx_word' id='word_1_828' title='bbox 1300 5734 1737 5806; x_wconf 83' lang='lat' dir='ltr'><strong>suppresserunt.</strong></span> <span class='ocrx_word' id='word_1_829' title='bbox 1771 5734 2167 5798; x_wconf 78' lang='lat' dir='ltr'><strong>Restauraniur</strong></span> 
     </span>
    </p>
   </div>
   <div class='ocr_carea' id='block_1_107' title="bbox 561 5809 2164 5884">
    <p class='ocr_par' dir='ltr' id='par_1_107' title="bbox 561 5809 2164 5884">
     <span class='ocr_line' id='line_1_109' title="bbox 561 5809 2164 5884; baseline 0.007 -26"><span class='ocrx_word' id='word_1_830' title='bbox 561 5818 669 5884; x_wconf 72' lang='grc' dir='ltr'><strong>ορθ</strong></span> <span class='ocrx_word' id='word_1_831' title='bbox 697 5819 830 5884; x_wconf 65' lang='lat' dir='ltr'><strong>mss.</strong></span> <span class='ocrx_word' id='word_1_832' title='bbox 860 5814 913 5859; x_wconf 87' lang='lat' dir='ltr'><strong>et</strong></span> <span class='ocrx_word' id='word_1_833' title='bbox 941 5819 1009 5858; x_wconf 81' lang='lat' dir='ltr'><strong>ex</strong></span> <span class='ocrx_word' id='word_1_834' title='bbox 1035 5809 1390 5884; x_wconf 52' lang='lat' dir='ltr'><strong>srmo,___e§v</strong></span> <span class='ocrx_word' id='word_1_835' title='bbox 1413 5810 1631 5884; x_wconf 52' lang='lat' dir='ltr'><strong>dicat-ipa</strong></span> <span class='ocrx_word' id='word_1_836' title='bbox 1673 5815 1745 5881; x_wconf 74' lang='grc' dir='ltr'><strong>μή</strong></span> <span class='ocrx_word' id='word_1_837' title='bbox 1778 5812 1954 5884; x_wconf 58' lang='grc' dir='ltr'><strong>οὐςίας</strong></span> <span class='ocrx_word' id='word_1_838' title='bbox 1987 5812 2164 5884; x_wconf 83' lang='grc' dir='ltr'><strong>ὁμοίας</strong></span> 
     </span>
    </p>
   </div>
   <div class='ocr_carea' id='block_1_108' title="bbox 564 5874 2166 5953">
    <p class='ocr_par' dir='ltr' id='par_1_108' title="bbox 564 5874 2166 5953">
     <span class='ocr_line' id='line_1_110' title="bbox 564 5874 2166 5953; baseline 0.007 -27"><span class='ocrx_word' id='word_1_839' title='bbox 564 5876 726 5930; x_wconf 76' lang='grc' dir='ltr'><strong>αὐτοῦ</strong></span> <span class='ocrx_word' id='word_1_840' title='bbox 778 5874 914 5949; x_wconf 72' lang='grc' dir='ltr'>λέγοι</span> <span class='ocrx_word' id='word_1_841' title='bbox 960 5874 1181 5949; x_wconf 77' lang='grc' dir='ltr'><strong>πατέρα,</strong></span> <span class='ocrx_word' id='word_1_842' title='bbox 1228 5874 1355 5932; x_wconf 82' lang='grc' dir='ltr'><strong>ἀλλά</strong></span> <span class='ocrx_word' id='word_1_843' title='bbox 1405 5874 1708 5953; x_wconf 71' lang='grc' dir='ltr'><strong>ἕνεργέίαςέ</strong></span> <span class='ocrx_word' id='word_1_844' title='bbox 1752 5880 1950 5949; x_wconf 82' lang='lat' dir='ltr'><strong>quibus</strong></span> <span class='ocrx_word' id='word_1_845' title='bbox 1988 5874 2166 5941; x_wconf 56' lang='lat' dir='ltr'><strong>Vbrbis</strong></span> 
     </span>
    </p>
   </div>
   <div class='ocr_carea' id='block_1_109' title="bbox 2271 4821 3048 4882">
    <p class='ocr_par' dir='ltr' id='par_1_109' title="bbox 2271 4821 3048 4882">
     <span class='ocr_line' id='line_1_111' title="bbox 2271 4821 3048 4882; baseline 0.006 -5"><span class='ocrx_word' id='word_1_846' title='bbox 2271 4821 2502 4877; x_wconf 88' lang='lat' dir='ltr'><strong>sentiam</strong></span> <span class='ocrx_word' id='word_1_847' title='bbox 2530 4825 2611 4879; x_wconf 92' lang='lat' dir='ltr'><strong>sui</strong></span> <span class='ocrx_word' id='word_1_848' title='bbox 2648 4821 2753 4880; x_wconf 80' lang='lat' dir='ltr'><strong>non</strong></span> <span class='ocrx_word' id='word_1_849' title='bbox 2795 4825 3048 4882; x_wconf 89' lang='lat' dir='ltr'><strong>similem.</strong></span> 
     </span>
    </p>
   </div>
   <div class='ocr_carea' id='block_1_110' title="bbox 2294 4893 3881 4985">
    <p class='ocr_par' dir='ltr' id='par_1_110' title="bbox 2294 4893 3881 4985">
     <span class='ocr_line' id='line_1_112' title="bbox 2294 4893 3881 4985; baseline 0 -33"><span class='ocrx_word' id='word_1_850' title='bbox 2294 4961 2319 4985; x_wconf 42' lang='grc' dir='ltr'><strong><em>ν</em></strong></span> <span class='ocrx_word' id='word_1_851' title='bbox 2343 4893 2573 4985; x_wconf 43' lang='lat' dir='ltr'><strong>(g)“Si‘e~</strong></span> <span class='ocrx_word' id='word_1_852' title='bbox 2597 4911 2726 4985; x_wconf 57' lang='lat' dir='ltr'><strong>mss:</strong></span> <span class='ocrx_word' id='word_1_853' title='bbox 2781 4899 3155 4985; x_wconf 65' lang='lat' dir='ltr'><strong>consentiente</strong></span> <span class='ocrx_word' id='word_1_854' title='bbox 3204 4914 3413 4985; x_wconf 45' lang='lat' dir='ltr'><strong>gratio,</strong></span> <span class='ocrx_word' id='word_1_855' title='bbox 3447 4902 3554 4985; x_wconf 43' lang='lat' dir='ltr'><strong>aut.</strong></span> <span class='ocrx_word' id='word_1_856' title='bbox 3575 4902 3791 4979; x_wconf 78' lang='grc' dir='ltr'><strong>ἀναίρων</strong></span> <span class='ocrx_word' id='word_1_857' title='bbox 3816 4900 3881 4957; x_wconf 80' lang='grc' dir='ltr'>τὸ</span> 
     </span>
    </p>
   </div>
   <div class='ocr_carea' id='block_1_111' title="bbox 2270 4966 3657 5039">
    <p class='ocr_par' dir='ltr' id='par_1_111' title="bbox 2270 4966 3657 5039">
     <span class='ocr_line' id='line_1_113' title="bbox 2270 4966 3657 5039; baseline 0.005 -19"><span class='ocrx_word' id='word_1_858' title='bbox 2270 4966 2398 5022; x_wconf 80' lang='grc' dir='ltr'><strong>εἶναι</strong></span> <span class='ocrx_word' id='word_1_859' title='bbox 2419 4967 2609 5029; x_wconf 79' lang='grc' dir='ltr'><strong>ἀληθῶς</strong></span> <span class='ocrx_word' id='word_1_860' title='bbox 2628 4966 2761 5024; x_wconf 80' lang='grc' dir='ltr'><strong>Υἱόν.</strong></span> <span class='ocrx_word' id='word_1_861' title='bbox 2791 4970 2861 5023; x_wconf 85' lang='lat' dir='ltr'><strong>Al.</strong></span> <span class='ocrx_word' id='word_1_862' title='bbox 2887 4971 3092 5039; x_wconf 83' lang='lat' dir='ltr'><strong>excusi,</strong></span> <span class='ocrx_word' id='word_1_863' title='bbox 3120 4966 3295 5026; x_wconf 60' lang='lat' dir='ltr'><strong>verum</strong></span> <span class='ocrx_word' id='word_1_864' title='bbox 3320 4966 3413 5027; x_wconf 71' lang='lat' dir='ltr'><strong>Dei</strong></span> <span class='ocrx_word' id='word_1_865' title='bbox 3444 4970 3492 5025; x_wconf 79' lang='lat' dir='ltr'><em>F</em></span> <span class='ocrx_word' id='word_1_866' title='bbox 3492 4971 3657 5027; x_wconf 83' lang='lat' dir='ltr'><strong>ilium.</strong></span> 
     </span>
    </p>
   </div>
   <div class='ocr_carea' id='block_1_112' title="bbox 2344 5058 3878 5139">
    <p class='ocr_par' dir='ltr' id='par_1_112' title="bbox 2344 5058 3878 5139">
     <span class='ocr_line' id='line_1_114' title="bbox 2344 5058 3878 5139; baseline 0.007 -27"><span class='ocrx_word' id='word_1_867' title='bbox 2344 5058 2427 5139; x_wconf 49' lang='lat' dir='ltr'><strong>(Ii)</strong></span> <span class='ocrx_word' id='word_1_868' title='bbox 2462 5060 2576 5139; x_wconf 73' lang='lat' dir='ltr'><strong>l_£r.,</strong></span> <span class='ocrx_word' id='word_1_869' title='bbox 2607 5058 2752 5139; x_wconf 77' lang='lat' dir='ltr'><strong>Lips.</strong></span> <span class='ocrx_word' id='word_1_870' title='bbox 2784 5069 2839 5139; x_wconf 80' lang='lat' dir='ltr'><strong>et</strong></span> <span class='ocrx_word' id='word_1_871' title='bbox 2861 5062 3012 5130; x_wconf 88' lang='lat' dir='ltr'><strong>Par.,</strong></span> <span class='ocrx_word' id='word_1_872' title='bbox 3034 5065 3291 5139; x_wconf 75' lang='lat' dir='ltr'><strong>genitique</strong></span> <span class='ocrx_word' id='word_1_873' title='bbox 3311 5082 3375 5139; x_wconf 73' lang='lat' dir='ltr'><strong>ea;</strong></span> <span class='ocrx_word' id='word_1_874' title='bbox 3405 5082 3471 5139; x_wconf 79' lang='lat' dir='ltr'><strong>se</strong></span> <span class='ocrx_word' id='word_1_875' title='bbox 3492 5083 3512 5120; x_wconf 91' lang='lat'><strong><em>:</em></strong></span> <span class='ocrx_word' id='word_1_876' title='bbox 3540 5068 3878 5139; x_wconf 69' lang='lat' dir='ltr'><strong>castigantur</strong></span> 
     </span>
    </p>
   </div>
   <div class='ocr_carea' id='block_1_113' title="bbox 2275 5131 3877 5209">
    <p class='ocr_par' dir='ltr' id='par_1_113' title="bbox 2275 5131 3877 5209">
     <span class='ocr_line' id='line_1_115' title="bbox 2275 5131 3877 5209; baseline 0.005 -24"><span class='ocrx_word' id='word_1_877' title='bbox 2275 5144 2339 5185; x_wconf 82' lang='lat' dir='ltr'><strong>ex</strong></span> <span class='ocrx_word' id='word_1_878' title='bbox 2371 5131 2503 5209; x_wconf 72' lang='lat' dir='ltr'><strong>Bad.</strong></span> <span class='ocrx_word' id='word_1_879' title='bbox 2525 5144 2579 5188; x_wconf 91' lang='lat' dir='ltr'><strong>et</strong></span> <span class='ocrx_word' id='word_1_880' title='bbox 2608 5131 3056 5209; x_wconf 6' lang='lat' dir='ltr'><strong>potioribusgmss&#39;.</strong></span> <span class='ocrx_word' id='word_1_881' title='bbox 3087 5131 3216 5209; x_wconf 50' lang='lat' dir='ltr'><strong>Diog</strong></span> <span class='ocrx_word' id='word_1_882' title='bbox 3231 5137 3506 5193; x_wconf 86' lang='lat' dir='ltr'><strong>vocabulis</strong></span> <span class='ocrx_word' id='word_1_883' title='bbox 3529 5131 3751 5195; x_wconf 59' lang='lat' dir='ltr'><strong>Deus&#39;ct</strong></span> <span class='ocrx_word' id='word_1_884' title='bbox 3780 5156 3877 5209; x_wconf 84' lang='lat' dir='ltr'><strong>pa-</strong></span> 
     </span>
    </p>
   </div>
   <div class='ocr_carea' id='block_1_114' title="bbox 2278 5204 3873 5282">
    <p class='ocr_par' dir='ltr' id='par_1_114' title="bbox 2278 5204 3873 5282">
     <span class='ocr_line' id='line_1_116' title="bbox 2278 5204 3873 5282; baseline 0.006 -27"><span class='ocrx_word' id='word_1_885' title='bbox 2278 5209 2358 5282; x_wconf 65' lang='lat' dir='ltr'><strong>ter</strong></span> <span class='ocrx_word' id='word_1_886' title='bbox 2382 5204 2500 5257; x_wconf 91' lang='lat' dir='ltr'><strong>loco</strong></span> <span class='ocrx_word' id='word_1_887' title='bbox 2526 5204 2767 5282; x_wconf 66' lang='lat' dir='ltr'><strong>mutatis,</strong></span> <span class='ocrx_word' id='word_1_888' title='bbox 2796 5207 2992 5282; x_wconf 80' lang='lat' dir='ltr'><strong>clarior</strong></span> <span class='ocrx_word' id='word_1_889' title='bbox 3013 5206 3092 5263; x_wconf 91' lang='lat' dir='ltr'><strong>sic</strong></span> <span class='ocrx_word' id='word_1_890' title='bbox 3111 5206 3421 5282; x_wconf 85' lang='lat' dir='ltr'><strong>efﬁceretur</strong></span> <span class='ocrx_word' id='word_1_891' title='bbox 3446 5212 3621 5266; x_wconf 90' lang='lat' dir='ltr'><strong>oratio</strong></span> <span class='ocrx_word' id='word_1_892' title='bbox 3650 5228 3663 5263; x_wconf 87' lang='lat'><strong>:</strong></span> <span class='ocrx_word' id='word_1_893' title='bbox 3692 5204 3873 5281; x_wconf 68' lang='lat' dir='ltr'><strong>Neque</strong></span> 
     </span>
    </p>
   </div>
   <div class='ocr_carea' id='block_1_115' title="bbox 2276 5274 3404 5348">
    <p class='ocr_par' dir='ltr' id='par_1_115' title="bbox 2276 5274 3404 5348">
     <span class='ocr_line' id='line_1_117' title="bbox 2276 5274 3404 5348; baseline 0.005 -21"><span class='ocrx_word' id='word_1_894' title='bbox 2276 5274 2411 5327; x_wconf 88' lang='lat' dir='ltr'><strong>enim</strong></span> <span class='ocrx_word' id='word_1_895' title='bbox 2436 5290 2526 5343; x_wconf 81' lang='lat' dir='ltr'><strong>per</strong></span> <span class='ocrx_word' id='word_1_896' title='bbox 2544 5275 2599 5328; x_wconf 84' lang='lat' dir='ltr'><strong>id</strong></span> <span class='ocrx_word' id='word_1_897' title='bbox 2624 5274 2766 5331; x_wconf 86' lang='lat' dir='ltr'><strong>Deus</strong></span> <span class='ocrx_word' id='word_1_898' title='bbox 2788 5276 2984 5332; x_wconf 87' lang='lat' dir='ltr'><strong>dicetur</strong></span> <span class='ocrx_word' id='word_1_899' title='bbox 3006 5288 3171 5348; x_wconf 81' lang='lat' dir='ltr'><strong>pater,</strong></span> <span class='ocrx_word' id='word_1_900' title='bbox 3199 5280 3265 5348; x_wconf 85' lang='lat' dir='ltr'><strong>si,</strong></span> <span class='ocrx_word' id='word_1_901' title='bbox 3297 5289 3404 5338; x_wconf 88' lang='lat' dir='ltr'><strong>etc.</strong></span> 
     </span>
    </p>
   </div>
   <div class='ocr_carea' id='block_1_116' title="bbox 2317 5365 3876 5452">
    <p class='ocr_par' dir='ltr' id='par_1_116' title="bbox 2317 5365 3876 5452">
     <span class='ocr_line' id='line_1_118' title="bbox 2317 5365 3876 5452; baseline 0.007 -31"><span class='ocrx_word' id='word_1_902' title='bbox 2317 5365 2409 5452; x_wconf 34' lang='lat' dir='ltr'><strong>“(j)</strong></span> <span class='ocrx_word' id='word_1_903' title='bbox 2440 5366 2530 5450; x_wconf 58' lang='lat' dir='ltr'><strong>Sic</strong></span> <span class='ocrx_word' id='word_1_904' title='bbox 2565 5370 2881 5452; x_wconf 77' lang='lat' dir='ltr'><strong>mss._Editi</strong></span> <span class='ocrx_word' id='word_1_905' title='bbox 2910 5375 3216 5445; x_wconf 59' lang='lat' dir='ltr'><strong>verm-quia</strong></span> <span class='ocrx_word' id='word_1_906' title='bbox 3255 5381 3369 5432; x_wconf 87' lang='lat' dir='ltr'><strong>aust</strong></span> <span class='ocrx_word' id='word_1_907' title='bbox 3416 5386 3540 5433; x_wconf 84' lang='lat' dir='ltr'><strong>sunt</strong></span> <span class='ocrx_word' id='word_1_908' title='bbox 3591 5376 3645 5432; x_wconf 84' lang='lat' dir='ltr'><strong>in</strong></span> <span class='ocrx_word' id='word_1_909' title='bbox 3692 5376 3876 5447; x_wconf 83' lang='lat' dir='ltr'><strong>unige-</strong></span> 
     </span>
    </p>
   </div>
   <div class='ocr_carea' id='block_1_117' title="bbox 2273 5445 2824 5497">
    <p class='ocr_par' dir='ltr' id='par_1_117' title="bbox 2273 5445 2824 5497">
     <span class='ocr_line' id='line_1_119' title="bbox 2273 5445 2824 5497; baseline 0.016 -9"><span class='ocrx_word' id='word_1_910' title='bbox 2273 5445 2369 5491; x_wconf 85' lang='lat' dir='ltr'><strong>niti</strong></span> <span class='ocrx_word' id='word_1_911' title='bbox 2389 5445 2469 5491; x_wconf 85' lang='lat' dir='ltr'><strong>sui</strong></span> <span class='ocrx_word' id='word_1_912' title='bbox 2491 5445 2824 5497; x_wconf 80' lang='lat' dir='ltr'><strong>nativitatem.</strong></span> 
     </span>
    </p>
   </div>
   <div class='ocr_carea' id='block_1_118' title="bbox 2347 5528 3883 5612">
    <p class='ocr_par' dir='ltr' id='par_1_118' title="bbox 2347 5528 3883 5612">
     <span class='ocr_line' id='line_1_120' title="bbox 2347 5528 3883 5612; baseline -0.002 -13"><span class='ocrx_word' id='word_1_913' title='bbox 2347 5528 2629 5612; x_wconf 58' lang='lat' dir='ltr'><strong>(fluidus</strong></span> <span class='ocrx_word' id='word_1_914' title='bbox 2676 5532 2905 5612; x_wconf 62' lang='lat' dir='ltr'><strong>obscura</strong></span> <span class='ocrx_word' id='word_1_915' title='bbox 2940 5547 3100 5594; x_wconf 89' lang='lat' dir='ltr'><strong>erunt</strong></span> <span class='ocrx_word' id='word_1_916' title='bbox 3155 5538 3272 5612; x_wconf 76' lang='lat' dir='ltr'><strong>inec</strong></span> <span class='ocrx_word' id='word_1_917' title='bbox 3300 5539 3374 5598; x_wconf 85' lang='lat' dir='ltr'><strong>ita</strong></span> <span class='ocrx_word' id='word_1_918' title='bbox 3418 5540 3711 5597; x_wconf 80' lang='lat' dir='ltr'><strong>ordinata:</strong></span> <span class='ocrx_word' id='word_1_919' title='bbox 3741 5537 3883 5612; x_wconf 81' lang='lat' dir='ltr'><strong>Etsi</strong></span> 
     </span>
    </p>
   </div>
   <div class='ocr_carea' id='block_1_119' title="bbox 2271 5601 3880 5686">
    <p class='ocr_par' dir='ltr' id='par_1_119' title="bbox 2271 5601 3880 5686">
     <span class='ocr_line' id='line_1_121' title="bbox 2271 5601 3880 5686; baseline 0.009 -33"><span class='ocrx_word' id='word_1_920' title='bbox 2271 5601 2386 5686; x_wconf 75' lang='lat' dir='ltr'><strong>quis</strong></span> <span class='ocrx_word' id='word_1_921' title='bbox 2434 5601 2721 5686; x_wconf 74' lang='lat' dir='ltr'><strong>intelligens</strong></span> <span class='ocrx_word' id='word_1_922' title='bbox 2741 5604 2951 5686; x_wconf 57' lang='lat' dir='ltr'><strong>filium</strong></span> <span class='ocrx_word' id='word_1_923' title='bbox 3007 5610 3287 5686; x_wconf 68' lang='lat' dir='ltr'><strong>secundum</strong></span> <span class='ocrx_word' id='word_1_924' title='bbox 3331 5614 3605 5686; x_wconf 82' lang='lat' dir='ltr'><strong>essentiam</strong></span> <span class='ocrx_word' id='word_1_925' title='bbox 3656 5611 3880 5686; x_wconf 74' lang='lat' dir='ltr'><strong>similem</strong></span> 
     </span>
    </p>
   </div>
   <div class='ocr_carea' id='block_1_120' title="bbox 2271 5675 3882 5753">
    <p class='ocr_par' dir='ltr' id='par_1_120' title="bbox 2271 5675 3882 5753">
     <span class='ocr_line' id='line_1_122' title="bbox 2271 5675 3882 5753; baseline 0.007 -29"><span class='ocrx_word' id='word_1_926' title='bbox 2271 5675 2410 5753; x_wconf 63' lang='lat' dir='ltr'><strong>ejus,</strong></span> <span class='ocrx_word' id='word_1_927' title='bbox 2436 5675 2593 5753; x_wconf 66' lang='lat' dir='ltr'><strong>cujus</strong></span> <span class='ocrx_word' id='word_1_928' title='bbox 2633 5683 2682 5730; x_wconf 91' lang='lat' dir='ltr'><strong>et</strong></span> <span class='ocrx_word' id='word_1_929' title='bbox 2729 5675 2909 5753; x_wconf 42' lang='lat' dir='ltr'><strong>filius‘</strong></span> <span class='ocrx_word' id='word_1_930' title='bbox 2928 5680 3283 5753; x_wconf 80' lang='lat' dir='ltr'><strong>intelligitur;</strong></span> <span class='ocrx_word' id='word_1_931' title='bbox 3326 5692 3415 5738; x_wconf 87' lang='lat' dir='ltr'><strong>aut</strong></span> <span class='ocrx_word' id='word_1_932' title='bbox 3455 5685 3687 5739; x_wconf 86' lang='lat' dir='ltr'><strong>eumdem</strong></span> <span class='ocrx_word' id='word_1_933' title='bbox 3737 5681 3882 5753; x_wconf 84' lang='lat' dir='ltr'><strong>dicat</strong></span> 
     </span>
    </p>
   </div>
   <div class='ocr_carea' id='block_1_121' title="bbox 2335 5741 3877 5826">
    <p class='ocr_par' dir='ltr' id='par_1_121' title="bbox 2335 5741 3877 5826">
     <span class='ocr_line' id='line_1_123' title="bbox 2335 5741 3877 5826; baseline 0.009 -30"><span class='ocrx_word' id='word_1_934' title='bbox 2335 5741 2480 5826; x_wconf 56' lang='lat' dir='ltr'><strong>ifyot),</strong></span> <span class='ocrx_word' id='word_1_935' title='bbox 2500 5741 2611 5799; x_wconf 73' lang='lat' dir='ltr'><strong>aut</strong></span> <span class='ocrx_word' id='word_1_936' title='bbox 2631 5741 2837 5826; x_wconf 52' lang='lat' dir='ltr'><strong>partem</strong></span> <span class='ocrx_word' id='word_1_937' title='bbox 2852 5746 3067 5826; x_wconf 58' lang='lat' dir='ltr'><strong>fati-is,</strong></span> <span class='ocrx_word' id='word_1_938' title='bbox 3091 5741 3180 5809; x_wconf 73' lang='lat' dir='ltr'><strong>ubi</strong></span> <span class='ocrx_word' id='word_1_939' title='bbox 3230 5741 3282 5809; x_wconf 83' lang='lat' dir='ltr'><strong>in</strong></span> <span class='ocrx_word' id='word_1_940' title='bbox 3302 5824 3313 5826; x_wconf 76' lang='lat'><strong><em>_</em></strong></span> <span class='ocrx_word' id='word_1_941' title='bbox 3332 5755 3563 5826; x_wconf 87' lang='lat' dir='ltr'><strong>vulgatis</strong></span> <span class='ocrx_word' id='word_1_942' title='bbox 3591 5752 3877 5817; x_wconf 82' lang='lat' dir='ltr'><strong>mendose.</strong></span> 
     </span>
    </p>
   </div>
   <div class='ocr_carea' id='block_1_122' title="bbox 2272 5819 3881 5899">
    <p class='ocr_par' dir='ltr' id='par_1_122' title="bbox 2272 5819 3881 5899">
     <span class='ocr_line' id='line_1_124' title="bbox 2272 5819 3881 5899; baseline 0.007 -31"><span class='ocrx_word' id='word_1_943' title='bbox 2272 5824 2363 5868; x_wconf 89' lang='lat' dir='ltr'><strong>aut</strong></span> <span class='ocrx_word' id='word_1_944' title='bbox 2385 5822 2582 5899; x_wconf 79' lang='lat' dir='ltr'><strong>patrem</strong></span> <span class='ocrx_word' id='word_1_945' title='bbox 2607 5819 2817 5899; x_wconf 64' lang='lat' dir='ltr'><strong>Patris.</strong></span> <span class='ocrx_word' id='word_1_946' title='bbox 2851 5819 2988 5876; x_wconf 87' lang='lat' dir='ltr'><strong>Tum</strong></span> <span class='ocrx_word' id='word_1_947' title='bbox 3030 5823 3081 5877; x_wconf 91' lang='lat' dir='ltr'><strong>in</strong></span> <span class='ocrx_word' id='word_1_948' title='bbox 3111 5839 3245 5882; x_wconf 89' lang='lat' dir='ltr'><strong>mss.</strong></span> <span class='ocrx_word' id='word_1_949' title='bbox 3273 5819 3452 5899; x_wconf 48' lang='lat' dir='ltr'><strong>Colb:</strong></span> <span class='ocrx_word' id='word_1_950' title='bbox 3465 5835 3521 5882; x_wconf 91' lang='lat' dir='ltr'><strong>ct</strong></span> <span class='ocrx_word' id='word_1_951' title='bbox 3548 5826 3759 5893; x_wconf 85' lang='lat' dir='ltr'><strong>Gcrm.,</strong></span> <span class='ocrx_word' id='word_1_952' title='bbox 3789 5833 3881 5880; x_wconf 85' lang='lat' dir='ltr'><strong>aut</strong></span> 
     </span>
    </p>
   </div>
   <div class='ocr_carea' id='block_1_123' title="bbox 2273 5896 3623 5969">
    <p class='ocr_par' dir='ltr' id='par_1_123' title="bbox 2273 5896 3623 5969">
     <span class='ocr_line' id='line_1_125' title="bbox 2273 5896 3623 5969; baseline 0.01 -30"><span class='ocrx_word' id='word_1_953' title='bbox 2273 5901 2363 5958; x_wconf 84' lang='lat' dir='ltr'><strong>per</strong></span> <span class='ocrx_word' id='word_1_954' title='bbox 2386 5896 2802 5958; x_wconf 83' lang='lat' dir='ltr'><strong>enuntiationem,</strong></span> <span class='ocrx_word' id='word_1_955' title='bbox 2838 5906 2944 5949; x_wconf 92' lang='lat' dir='ltr'><strong>non</strong></span> <span class='ocrx_word' id='word_1_956' title='bbox 2973 5904 3066 5949; x_wconf 88' lang='lat' dir='ltr'><strong>aut</strong></span> <span class='ocrx_word' id='word_1_957' title='bbox 3110 5912 3200 5969; x_wconf 83' lang='lat' dir='ltr'><strong>per</strong></span> <span class='ocrx_word' id='word_1_958' title='bbox 3228 5898 3623 5955; x_wconf 78' lang='lat' dir='ltr'><strong>cinanationem.</strong></span> 
     </span>
    </p>
   </div>
  </div>
