4270 6264
420 286 529 346 497

1186 293 1388 351 LIBER
1440 294 1528 351 DE
1572 291 1887 366 SYNODIS,
1919 298 2052 357 SEU
2095 301 2184 358 DE
2224 303 2381 360 FIDE
2418 304 2917 368 ORIENTALIUM.

3617 325 3725 383 498

417 405 737 461 versitatum
764 406 914 472 vitia,
949 422 1123 478 neque
1175 410 1388 464 occasio
1438 409 1643 466 fraudis
1685 412 2013 468 admittitur.
2044 419 2097 477 Α
2192 416 2283 473 25.
2337 417 2504 485 Quam
2550 432 2696 479 caute
2749 426 2867 481 dare
2908 429 3125 485 Itwreses
3175 442 3355 487 contra
3408 431 3506 489 Dei
3555 437 3724 505 ﬁlium

417 500 613 557 Plures
635 501 782 557 enim
814 501 1190 558 lia-relicorum
1222 503 1425 559 idcirco
1451 504 1683 560 similem
1723 506 2021 562 secundum
2126 515 2719 582 perempta—Dictum
2750 520 2815 574 ad
2843 523 3129 591 Apostolus
3152 524 3365 581 Domini
3390 535 3511 583 est:
3542 500 3722 586 Estote

415 596 753 653 divinitatem
783 611 906 652 esse
961 596 1103 652 Patri
1132 597 1328 653 Filium
1356 598 1562 665 dicunt,
1616 606 1674 653 ut
1701 613 1799 670 per
1826 599 2021 655 simili-
2094 605 2399 674 prudentes
2428 619 2483 663 ut
2522 623 2638 666 sunt
2689 624 2968 685 serpentes,
3001 627 3050 671 et
3092 620 3346 692 simplices
3389 631 3443 677 ut
3473 624 3722 681 columba:

415 688 621 746 tudinis
667 689 1056 761 proprietatem
1106 691 1358 747 eumdem
1414 691 1627 749 Patrem
1682 707 1804 749 esse
1857 710 2018 764 quem

413 781 609 838 Filium
656 782 982 838 conﬁrment
1020 783 1188 853 :quia
1241 783 1529 838 indiscreta
1591 783 1888 841 similitudo
1917 784 2017 841 ad-

412 877 632 933 mittere
673 874 924 932 videatur
985 876 1130 931 unici
1174 892 1237 933 ac
1285 876 1576 947 singularis
1647 879 2012 935 occasionem.

412 970 568 1040 Quod
607 968 750 1025 enim
782 984 888 1026 non
934 969 1184 1027 dissentit
1232 969 1285 1026 in
1334 986 1553 1042 genere.
1608 971 1659 1027 id
1700 972 1913 1029 videtur
1959 974 2011 1030 in

410 1063 613 1119 unione
643 1076 864 1119 manere
891 1072 1120 1119 naturae.

481 1156 574 1211 22.
608 1155 659 1211 F
659 1157 782 1212 ilius
812 1173 871 1212 eo
921 1157 1062 1229 quod
1090 1167 1260 1224 natus,
1294 1175 1388 1213 nec
1424 1158 1534 1228 ipse
1575 1160 1664 1225 qui
1692 1156 1872 1227 Pater,
1919 1175 2012 1214 nec

407 1249 557 1305 aliud
599 1265 760 1320 quam
799 1249 977 1306 Pater.
1011 1247 1210 1306 Filium
1235 1268 1267 1305 a
1306 1250 1467 1307 Putre
1505 1252 1653 1306 aliud
1672 1253 1914 1319 volentes,
1947 1253 2008 1308 ob

415 1343 796 1398 distinctionem
839 1360 1089 1415 persona.
1112 1376 1185 1388 -—
1205 1344 1312 1402 Sed
1346 1344 1601 1401 nativitas
1643 1360 1750 1400 non
1776 1343 2011 1401 admittit

407 1435 548 1490 lianc
585 1433 867 1501 fabulam;
911 1435 1036 1505 quia
1089 1436 1221 1491 unio
1274 1451 1378 1492 non
1429 1434 1594 1492 habet
1644 1436 2005 1491 nativitatem.

404 1525 561 1595 Quod
588 1527 737 1583 enim
776 1536 964 1583 natum
993 1536 1098 1593 est,
1116 1526 1279 1583 habet
1303 1528 1605 1583 nativitatis
1633 1542 1747 1583 sua:
1774 1536 2002 1599 patrem.

403 1617 592 1691 Neque
620 1619 742 1691 quia
769 1618 1064 1676 indiscreta
1094 1629 1179 1675 est
1210 1621 1482 1676 nascentis
1509 1636 1540 1675 a
1581 1622 1832 1692 gignente
1861 1620 2001 1676 divi-

405 1713 569 1779 nitas,
592 1711 713 1768 ideo
735 1713 852 1782 ipse
878 1722 960 1769 est
981 1723 1036 1768 et
1056 1720 1345 1784 generator
1374 1721 1429 1768 et
1451 1713 1664 1784 genitus
1692 1730 1708 1779 ;
1740 1727 1862 1767 cum
1893 1726 2001 1767 non

2125 694 2365 767 (Matt/1.,
2398 716 2452 768 x,
2471 702 2584 774 16).
2627 705 2731 760 Per
2760 708 2903 777 quod
2932 708 3310 769 dissidentium
3337 728 3367 767 a
3390 730 3450 770 se
3477 718 3723 774 animan-

2122 789 2252 845 tium
2286 792 2462 850 inesse
2512 795 2668 853 nobis
2718 801 2892 855 voluit
2942 812 3193 858 naturam
3222 820 3237 858 :
3271 805 3367 861 sed
3392 807 3485 874 ita,
3514 818 3575 864 ut
3604 824 3721 867 ser-

2086 884 2393 952 pentinam
2442 888 2782 958 prudentiam
2825 892 3090 950 columba:
3143 896 3461 968 simplicitas
3509 909 3719 973 tempe-

2117 984 2283 1042 taret,
2313 987 2367 1031 et
2421 977 2824 1050 simplicitatem
2872 985 3140 1042 columbae
3168 990 3453 1060 prudentia
3494 1008 3721 1066 serpen-

2117 1065 2186 1122 tis
2226 1067 2520 1125 instrueret
2549 1087 2564 1137 ;
2604 1073 2861 1145 ﬁeretque
2884 1086 2939 1132 et
2967 1079 3194 1149 simplex
3236 1082 3521 1151 sapientia,
3553 1065 3610 1140 et
3633 1099 3723 1141 sa-

2116 1158 2271 1228 piens
2319 1161 2638 1232 simplicitas
2667 1180 2679 1218 :
2710 1166 2852 1236 quod
2908 1179 3234 1241 princeptum
3288 1172 3343 1227 in
3382 1172 3543 1245 hujus
3588 1175 3718 1234 ﬁdei

2114 1256 2450 1326 expositione
2476 1269 2745 1315 servatum
2777 1271 2879 1317 est.
2924 1263 3165 1339 Namque
3190 1282 3311 1323 eum
3336 1272 3604 1341 superior,
3636 1271 3707 1329 de

2111 1362 2219 1419 qua
2245 1348 2410 1405 locuti
2441 1364 2651 1420 sumus,
2684 1356 2957 1411 sententia
2994 1357 3048 1413 id
3103 1361 3358 1428 cavisset,
3390 1378 3478 1429 ne,
3513 1380 3609 1434 per
3637 1367 3717 1421 si-

2110 1440 2470 1501 militudinem
2498 1446 2773 1512 essentiic,
2798 1449 3103 1517 personalis
3125 1451 3254 1506 uuio
3286 1453 3711 1523 praedicaretur;

2111 1547 2286 1604 neque
2316 1542 2375 1589 ut
2404 1542 2611 1592 natura:
2651 1537 3013 1595 indiﬂ'erentia
3048 1542 3340 1613 perimeret
3367 1545 3489 1601 Filii
3519 1549 3717 1603 nativi~

2107 1629 2272 1679 tatem
2305 1641 2320 1689 ;
2349 1634 2405 1680 et
2457 1641 2595 1681 unus
2634 1642 2697 1683 ac
2742 1631 3017 1686 solitarius
3064 1634 3219 1690 nobis
3250 1638 3478 1691 essetin
3526 1652 3710 1705 sensu,

2106 1719 2231 1790 quia
2257 1720 2396 1774 alter
2423 1720 2492 1774 ab
2520 1721 2691 1778 altero
2713 1739 2820 1779 non
2844 1724 3088 1782 diﬂ'erret
3116 1728 3168 1782 in
3195 1743 3394 1799 genere
3419 1749 3434 1786 :
3460 1730 3556 1786 sed
3585 1747 3716 1788 con-

402 1807 576 1878 possit
607 1805 706 1860 nisi
761 1805 899 1887 alius
929 1813 1092 1877 atque
1120 1806 1257 1861 alius
1288 1821 1409 1862 esse
1430 1815 1486 1862 et
1529 1820 1797 1877 generans
1824 1813 1878 1859 et
1901 1820 1998 1860 na-
2030 1818 2078 1878 B
2104 1814 2350 1883 sequenti
2386 1816 2654 1869 sententia
2696 1815 2773 1871 illi
2819 1817 3118 1886 prudentiae
3145 1822 3433 1891 serpentis,
3465 1824 3550 1879 cui
3576 1838 3713 1881 con-

402 1907 509 1965 tus,
543 1913 721 1971 neque
749 1914 964 1954 rursum
997 1897 1079 1971 (a)
1111 1898 1394 1956 dissimilis
1414 1915 1538 1957 esse
1564 1905 1734 1971 possit
1757 1907 1915 1954 natus
1943 1908 1997 1955 et

398 2004 688 2063 generans.
720 1990 1023 2047 Anathema
1061 2007 1190 2064 ergo
1217 2001 1323 2059 est,
1351 1993 1444 2064 qui
1483 1994 1536 2048 in
1570 1993 1730 2049 Patre
1768 2002 1826 2047 et
1855 1990 1997 2048 Filio

398 2092 607 2140 natura:
648 2084 1056 2141 similitudinem
1111 2085 1179 2141 ad
1210 2086 1531 2142 abolendatn
1563 2085 1690 2142 Filii
1736 2099 1995 2157 persona-

397 2178 504 2234 lem
552 2180 965 2250 signiﬁcantium
1019 2181 1533 2253 przedicabit:quia
1583 2196 1706 2238 cum
1762 2181 1818 2238 in
1846 2180 1995 2237 nullo

396 2277 612 2335 diﬂ'erat
630 2292 720 2334 res
748 2292 777 2332 a
807 2292 866 2333 re
892 2293 990 2349 per
1031 2285 1270 2332 mutuam
1312 2276 1765 2343 similitudinem;
1793 2275 1989 2333 simili-

397 2370 527 2426 tudo
554 2380 732 2426 tamen
765 2370 902 2442 ipsa,
935 2385 1039 2426 non
1073 2371 1345 2441 recipiens
1384 2371 1657 2440 unionem,
1701 2369 1916 2426 Patrem
1938 2378 1994 2426 et

395 2467 591 2524 Filium
622 2481 715 2537 per
744 2466 821 2534 id,
864 2467 1006 2539 quod
1037 2465 1206 2522 Filius
1248 2466 1653 2524 indemutabilis
1695 2465 1992 2522 similitudo

393 2562 570 2620 Patris
597 2570 702 2628 cst,
730 2562 1041 2619 conﬁtetur.
1080 2562 1196 2619 Non
1225 2562 1370 2618 enim
1402 2571 1496 2617 aut
1543 2576 1668 2632 pars
1693 2571 1776 2617 est
1819 2560 1991 2617 Filius

393 2654 588 2722 Patris,
614 2660 676 2709 ut
705 2667 844 2709 unus
870 2653 977 2709 dici
1020 2654 1192 2725 possit
1220 2665 1273 2709 et
1304 2663 1461 2708 natus
1490 2662 1540 2710 et
1565 2667 1852 2725 generans.
1885 2651 1991 2709 Ne-

391 2765 498 2824 que
515 2750 787 2806 emanatio
811 2758 918 2815 est,
942 2759 1002 2806 ut
1026 2749 1324 2805 continenti
1354 2748 1499 2804 ﬂuxu
1530 2763 1624 2820 per
1652 2747 1988 2818 corporalem

389 2851 447 2899 et
493 2841 825 2898 individuum
856 2856 1174 2913 procursum
1214 2841 1357 2898 idem
1398 2842 1514 2912 ipse
1543 2841 1721 2896 ﬂuxus
1745 2847 1989 2895 retentus

389 2936 446 2992 in
493 2934 723 3007 origine,
750 2935 829 3010 (ὁ)
851 2936 1028 3007 ipsum
1072 2936 1173 2991 sibi
1203 2936 1273 2991 sit
1319 2935 1464 2991 serie
1495 2944 1657 3005 atque
1698 2940 1869 2988 tractu
1899 2947 1990 2987 co-

389 3027 615 3083 barrenti
638 3028 788 3099 origo
810 3027 951 3099 quod
981 3027 1176 3082 ﬂuxus.
1202 3026 1310 3083 Sed
1343 3025 1577 3097 perlecta
1602 3024 1857 3082 nativitas
1881 3033 1985 3089 est,

388 3129 445 3178 et
470 3136 594 3177 eum
653 3132 856 3178 naturre
910 3121 1264 3179 similitudine
1291 3136 1519 3178 manens
1548 3137 1561 3175 :
1590 3136 1696 3176 non
1723 3129 1986 3191 conceptu

2100 1903 2319 1974 ﬁgurari
2374 1920 2497 1960 cum
2526 1906 2792 1963 columba:
2842 1910 3189 1980 simplicitate
3215 1916 3582 1986 praecipimur,
3616 1932 3712 1988 per

2072 1996 2404 2066 simplicem
2449 2008 2610 2070 atque
2673 2001 3027 2068 apostolicam
3088 2006 3429 2073 prudentiam
3493 2024 3710 2065 rursum

2098 2101 2379 2143 occursum
2421 2098 2503 2145 est
2531 2106 2546 2157 ;
2574 2105 2640 2146 ne
2668 2091 2810 2147 forte
2842 2108 2937 2162 per
2969 2094 3045 2162 id,
3083 2097 3224 2165 quod
3259 2099 3558 2168 personalis
3581 2103 3709 2158 uuio

2096 2196 2203 2237 non
2237 2186 2592 2252 reciperetur,
2640 2184 2765 2255 quia
2793 2185 2931 2241 alius
2970 2188 3039 2242 sit
3060 2188 3241 2257 Pater,
3268 2190 3404 2248 alius
3433 2202 3489 2249 et
3512 2192 3705 2264 Filius,

2097 2274 2410 2346 prmdicatio
2430 2276 2626 2333 iterum
2653 2279 2933 2337 dissimilis
2963 2292 3171 2340 natura:
3195 2288 3366 2356 possit
3392 2288 3658 2359 obrepere
3683 2310 3697 2346 :

2096 2381 2165 2424 ne
2189 2383 2311 2424 cum
2335 2368 2476 2426 alius
2499 2381 2582 2427 cst
2605 2372 2693 2443 qui
2717 2373 2946 2442 miserit,
2973 2385 3026 2431 et
3048 2378 3182 2434 alius
3199 2381 3382 2451 estqui
3400 2382 3596 2439 missus
3624 2396 3707 2441 est

2094 2460 2241 2532 (quia
2272 2476 2380 2517 non
2433 2477 2573 2519 unus
2616 2474 2699 2520 est
2744 2467 2944 2525 missus
2965 2478 3021 2526 et
3065 2473 3329 2544 mittens),
3360 2474 3611 2533 discretae
3638 2492 3702 2533 ac

2093 2553 2372 2612 dissimilis
2409 2568 2619 2614 natura:
2647 2560 3089 2619 existimarentur
3117 2579 3240 2621 esse
3266 2566 3464 2623 missus
3482 2577 3536 2624 et
3575 2570 3699 2625 mit-

2093 2656 2381 2717 tens,cum
2426 2651 2656 2708 diversae
2687 2656 2937 2711 essentia:
2982 2672 3103 2714 esse
3146 2674 3254 2714 non
3302 2662 3514 2730 pOSsinl
3542 2670 3702 2719 natus

2091 2749 2148 2796 et
2191 2745 2437 2813 gignens.
2490 2743 2778 2801 Retinetur
2805 2747 2986 2818 itaque
3029 2749 3084 2805 in
3138 2752 3299 2808 Patre
3330 2763 3385 2809 et
3434 2754 3572 2812 Filio
3598 2772 3697 2812 na-

2090 2843 2224 2889 turre
2267 2834 2623 2893 indiﬂ‘ereutis
2668 2838 2966 2897 similitudo
3007 2857 3104 2912 per
3137 2847 3390 2902 essentia;
3437 2849 3694 2904 nativita-

2093 2935 2199 2981 tem
2235 2945 2247 2980 :
2280 2943 2389 2983 non
2434 2940 2613 2986 tamen
2662 2930 2915 2988 damnum
2963 2950 3213 3005 personae
3262 2940 3439 3007 aﬂ'ert,
3469 2953 3528 2997 ut
3554 2959 3697 3000 unus

2091 3019 2163 3076 sit
2190 3020 2387 3077 missus
2404 3031 2459 3078 et
2490 3023 2731 3091 mittens,
2764 3025 3063 3083 similitudo
3107 3038 3335 3087 naturae.
3366 3031 3552 3105 Neque
3578 3050 3700 3091 rur-

2090 3126 2211 3167 sum
2242 3112 2296 3167 iu
2353 3128 2601 3184 personze
2658 3120 3014 3188 praprietatc,
3042 3135 3166 3176 cum
3225 3138 3333 3180 non
3364 3130 3535 3197 possit
3584 3130 3702 3200 ipse

388 3224 442 3271 ει
471 3224 625 3286 parm
650 3216 922 3288 corporali
970 3216 1329 3288 corporaliter
1356 3214 1626 3279 incohata,
1660 3213 1753 3269 sed
1795 3228 1990 3269 secun-
2015 3219 2060 3282 ς
2226 3220 2365 3261 unus
2390 3216 2447 3262 et
2470 3206 2610 3264 ﬁlius
2660 3219 2716 3266 61
2767 3212 2929 3269 Pater
2955 3214 3083 3282 dici,
3115 3216 3356 3272 aufertur
3396 3219 3699 3277 similitudo

387 3309 516 3366 dum
572 3310 813 3380 ejusdem
884 3320 1089 3367 natura:
1163 3310 1569 3367 similitudinem
1626 3308 1983 3381 incorporalis

385 3401 553 3477 474
577 3401 744 3460 Filius
772 3420 838 3461 ex
864 3400 1367 3477 incorporaliPatre
1392 3404 1709 3461 subsistens.

460 3498 553 3554 1X.
594 3516 612 3551 ι
650 3497 717 3554 Et
747 3498 793 3554 si
818 3499 960 3571 quis,
992 3508 1277 3571 propterea
1302 3499 1443 3572 quod
1494 3513 1785 3570 numquam
1823 3497 1986 3555 Pater

391 3590 562 3647 Filius
588 3592 925 3664 intelligitur,
949 3603 1000 3649 et
1029 3592 1172 3665 quod
1197 3593 1367 3650 Filius
1398 3609 1687 3663 numquam
1711 3593 1872 3648 Pater
1901 3592 1985 3647 in-

391 3683 651 3755 telligitur
684 3727 701 3752 ,
752 3686 917 3742 alium
972 3686 1159 3743 dicens
1233 3686 1425 3742 Filium
1493 3695 1690 3756 praeter
1744 3684 1979 3753 Patrem,

389 3775 693 3848 pmpterea‘
726 3778 866 3850 quod
889 3779 1029 3837 alius
1068 3780 1136 3835 sit
1178 3781 1358 3844 Pater,
1391 3779 1528 3833 alius
1577 3778 1647 3832 sit
1689 3777 1881 3843 Filius,
1909 3791 1988 3831 se-

388 3870 622 3926 cundum
654 3870 798 3942 quod
853 3871 1055 3928 dictum
1088 3882 1172 3928 est
1201 3915 1216 3938 ,
1249 3870 1399 3926 Alius
1425 3881 1498 3925 est
1526 3870 1614 3939 qui
1642 3868 1986 3924 testimonium

388 3962 617 4033 perhibet
653 3964 724 4035 (e)
768 3965 914 4032 mihi,
957 3966 1044 4036 qui
1072 3981 1153 4019 me
1181 3967 1318 4020 misit
1344 3963 1500 4019 Pater
1527 3962 1734 4037 (Joan.,
1761 3979 1817 4028 ν,
1850 3962 1941 4033 5‘3)
1966 3980 1980 4017 :

388 4055 467 4130 (ά)
519 4067 741 4130 propter
785 4057 925 4114 hanc
983 4061 1124 4130 piam
1173 4061 1224 4114 in
1280 4059 1519 4113 Ecclesia
1578 4056 1978 4127 intelligendam

389 4152 772 4221 proprietatem
829 4168 1074 4223 personae
1126 4154 1301 4208 Patris
1352 4162 1406 4208 et
1463 4152 1629 4215 Filii,
1676 4150 1870 4204 timens
1914 4164 1983 4205 ne

387 4244 603 4314 quando
627 4245 765 4300 idem
796 4246 1130 4317 intelligatur
1157 4246 1328 4301 Filius
1357 4257 1406 4302 ct
1437 4244 1619 4311 Pater,
1651 4244 1883 4301 similem
1912 4240 1982 4315 (e)

389 4352 498 4393 non
544 4339 688 4395 dicat
728 4341 888 4397 etiam
936 4341 1087 4414 juxta
1117 4341 1409 4397 essentiam
1469 4340 1654 4395 Patri:
1697 4337 1985 4395 anathema

389 4431 481 4488 sit.
538 4452 557 4486 ι

2092 3309 2317 3355 naturae.
2364 3302 2539 3373 Atque
2586 3303 2656 3357 ita
2687 3312 2742 3360 et
2767 3306 3062 3363 nativitatis
3104 3309 3308 3367 veritas
3348 3311 3414 3367 ad
3445 3314 3698 3371 similitu-

2089 3392 2272 3450 dinem
2302 3394 2513 3464 proﬁcit
2539 3395 2816 3462 essentim,
2860 3406 2916 3453 et
2945 3398 3239 3457 similitudo
3283 3404 3538 3459 essentia:
3587 3421 3697 3462 non

2092 3481 2176 3557 (ί)
2224 3484 2424 3541 amittit
2466 3486 2761 3543 nativitatis
2806 3491 3144 3558 personalem
3173 3493 3479 3549 veritatem.
3508 3496 3697 3568 Neque

2092 3593 2306 3634 rursum
2335 3577 2600 3649 professio
2621 3579 2887 3651 gignentis
2909 3590 2964 3638 et
2991 3584 3157 3654 geniti
3199 3584 3363 3659 475
3380 3588 3694 3646 similitudi-

2094 3688 2216 3728 nem
2245 3673 2482 3729 excludit
2502 3675 2793 3741 assentire;
2826 3677 2948 3746 quia
2982 3692 3104 3732 cum
3144 3680 3371 3751 gignens
3399 3691 3452 3736 et
3477 3685 3692 3752 genitus

2092 3779 2229 3820 unus
2259 3778 2379 3821 esse
2407 3781 2514 3820 non
2541 3766 2730 3835 possit,
2759 3782 2867 3823 non
2898 3777 3074 3824 tamen
3098 3770 3329 3826 diversae
3358 3781 3565 3828 natura:
3584 3776 3694 3830 sint

2091 3865 2248 3912 natus
2270 3866 2324 3911 et
2365 3871 2652 3927 generans.

2161 3958 2230 4014 X.
2265 3978 2284 4011 ‹
2336 3957 2404 4013 Ει
2449 3959 2496 4013 si
2549 3959 2671 4028 quis
2716 3958 2770 4013 in
2822 3960 3002 4031 aliquo
3042 3971 3284 4033 tempore
3352 3976 3560 4037 patrem
3611 3969 3692 4042 (g)

2091 4053 2260 4109 Deum
2298 4052 2557 4124 unigeniti
2608 4052 2704 4108 ﬁlii
2734 4054 3017 4126 intelligat,
3045 4066 3101 4112 et
3131 4072 3235 4113 non
3259 4074 3425 4131 super
3450 4071 3695 4134 tempora

2094 4155 2153 4202 et
2182 4160 2348 4216 super
2378 4159 2596 4201 omnem
2642 4144 2929 4202 humanam
2960 4148 3373 4208 :cstimationem
3409 4154 3489 4227 (It)
3515 4155 3702 4228 unige-

2092 4241 2269 4299 nitum
2299 4241 2466 4297 ﬁlium
2494 4241 2614 4297 sine
2638 4241 2886 4312 passione
2926 4244 3207 4301 exstitisse
3240 4262 3253 4299 :
3279 4245 3432 4317 quasi
3474 4235 3699 4318 prseter-

2091 4338 2343 4410 grediens
2372 4337 2737 4409 evangelicam
2765 4337 3222 4408 prtedicationem,
3276 4357 3397 4412 qua:
3447 4343 3510 4418 (i)
3563 4353 3701 4402 tem-

2095 4445 2288 4503 porum
2318 4429 2535 4503 quidem
2585 4430 3043 4503 intercapedinem
3071 4432 3141 4490 de
3166 4433 3324 4493 Patre
3350 4446 3407 4493 et
3433 4436 3574 4496 Filio
3603 4439 3699 4496 ad-

461 4596 541 4673 (a)
564 4601 623 4657 In
651 4615 788 4686 mss.
826 4600 1195 4688 iridissimilis:
1228 4598 1527 4688 acadeinde
1558 4600 1610 4654 in
1652 4597 1772 4688 solo
1811 4596 1995 4688 Vatic.
2017 4599 2071 4662 D

2097 4600 2226 4660 σεϐῆ
2248 4603 2302 4688 ἓν
2323 4607 2385 4688 τῇ
2406 4599 2675 4688 Ἐκδξληςτίᾳ
2693 4604 2965 4688 νοουμένην
2990 4604 3216 4666 ἰδιότητα
3239 4615 3357 4688 ’τῶν
3378 4613 3694 4688 «pou-diam,

390 4687 499 4725 esse
520 4669 622 4729 non
649 4673 829 4740 possit.
860 4672 975 4726 Jam
1004 4688 1188 4742 supra,
1215 4688 1269 4727 n.
1300 4672 1393 4740 20,
1436 4685 1549 4740 pro,
1585 4669 1675 4725 sed
1695 4670 1996 4743 sigemterit

389 4759 493 4796 non
522 4746 811 4809 dissimilis,
860 4746 915 4800 in
944 4744 1195 4800 omnibus
1224 4758 1393 4814 prope
1435 4758 1565 4799 mss.
1590 4742 1859 4814 exstabat,
1889 4757 1994 4814 non

389 4814 714 4888 indissimilis
734 4834 753 4870 :
770 4833 889 4888 qum
914 4816 1096 4876 lectio,
1124 4812 1250 4870 licet
1273 4813 1496 4888 forsitan
1517 4813 1802 4888 sincerior,
1832 4823 1890 4866 ut
1921 4812 1992 4867 sit

389 4884 715 4944 indissimilis
736 4884 887 4959 quasi
928 4886 1586 4959 intrinsecusdissimilis,a
1622 4884 1776 4940 nobis
1809 4893 1989 4939 tamen

392 4971 499 5013 non
531 4958 833 5025 revocatur,
863 4974 933 5015 ne
959 4959 1171 5014 errandi
1212 4958 1281 5012 sit
1309 4960 1539 5014 occasio.

475 5030 547 5110 (b)
580 5030 1232 5110 Vettistior_codex__(_lolh.
1271 5030 1429 5110 ipsud
1449 5047 1468 5085 :
1490 5043 1617 5110 quas
1643 5043 1748 5110 vox
1771 5041 1988 5082 rursum

391 5099 553 5170 intra,
596 5118 745 5160 nunt.
792 5101 886 5171 25,
917 5112 972 5158 et
1023 5100 1149 5157 alibi
1187 5099 1374 5156 eadem
1404 5103 1613 5157 ratione
1643 5099 1695 5153 in
1724 5112 1790 5153 eo
1820 5112 1994 5153 enun-

393 5181 580 5235 tiatur.

465 5252 539 5324 (e)
567 5248 624 5304 In
657 5261 766 5324 uno
802 5262 904 5300 ms.
932 5244 1089 5300 Colb.
1115 5256 1168 5302 et
1191 5245 1371 5324 altero
1401 5242 1631 5324 Sorbon.
1658 5241 1888 5324 perhibet
1927 5243 1992 5298 de

393 5314 495 5391 me;
745 5318 773 5402 ῥ
793 5321 1205 5402 μαρτυρῶνπερὶ
1224 5316 1546 5402 apicii-am
1573 5314 1943 5402 consentiente
1972 5331 1986 5369 :

395 5398 449 5454 in
474 5384 583 5467 quo
610 5384 807 5446 deinde
834 5384 932 5452 n'ro
970 5384 1174 5467 'verbis',
1211 5384 1300 5460 qui
1351 5387 1488 5467 misit
1522 5402 1612 5467 ine
1656 5384 1837 5451 Pater,
1862 5386 1992 5467 sub-

390 5458 599 5541 jiciiur,
651 5467 755 5528 καὶ,
775 5469 1068 5541 ,Μαρτυρεῖ
1092 5458 1386 5541 γὰρέφησὶε
1414 5458 1440 5515 ὁ
1468 5458 1680 5541 πέμψας
1707 5478 1767 5529 με
1793 5461 1987 5541 Europ,

395 5529 517 5610 qua:
555 5533 822 5610 sententia
849 5529 956 5610 alia
984 5529 1075 5610 est
1095 5529 1171 5610 ex"
1210 5529 1365 5588 Joan.
1392 5546 1448 5594 v,
1478 5529 1568 5595 37,
1590 5529 1667 5584 ad
1695 5529 1988 5585 conﬁrma-

396 5604 601 5667 tionem
630 5604 874 5677 ejusdem
905 5604 1241 5677 dictiallata,

473 5662 638 5755 (ᾱγιη
662 5662 928 5756 ’γενείοιιρ
951 5662 1441 5756 l_a_tinanl.3pipbanii
1471 5713 1492 5756 ,⁸
1518 5670 1741 5755 majoris
1783 5670 2000 5756 clarita:

396 5744 651 5823 tis'ei'go',
667 5749 941 5823 nortmalc
962 5745 1050 5823 liic
1071 5744 1324 5823 adjicitur
1340 5745 1385 5797 si
1405 5744 1519 5823 quis
1538 5744 1774 5823 inquam,
1787 5744 2002 5823 etiamsi

396 5810 588 5895 graicé'
623 5810 730 5877 rion
773 5812 1061 5887 liabcattir,
1104 5810 1197 5872 sed
1230 5810 1460 5884 tantum,
1488 5813 1574 5872 διὰ
1598 5810 1792 5874 «ea»
1815 5817 1905 5873 τήν
1930 5810 2007 5868 αὖ·

2100 4674 2297 4750 Πατρός
2323 4674 2412 4750 nisi
2435 4677 2521 4728 καί
2539 4674 2668 4750 tios"
2695 4690 2707 4726 :
2734 4674 2883 4750 quod
2910 4687 3093 4750 posset
3116 4679 3276 4750 verti,
3304 4674 3514 4750 propter
3534 4674 3694 4747 hanc,

2098 4744 2217 4821 (Luce
2237 4744 2331 4821 pia
2357 4746 2602 4821 (αξξ-ηὗρε)
2649 4745 2703 4799 in
2742 4744 2992 4821 Ecclesia
3003 4744 3335 4821 intelligitur,
3363 4744 3700 4821 personarum

2098 4812 2275 4894 fatris
2320 4812 2386 4894 ςι-
2399 4814 2527 4870 Filii
2573 4812 2955 4894 proprietatem.
2988 4818 3136 4894 _Hine
3165 4812 3527 4892 liquet,'male
3552 4824 3698 4894 apud

2096 4884 2218 4941 Par.
2252 4894 2308 4941 et
2327 4887 2473 4957 Lips.
2508 4884 2686 4942 omitti
2714 4889 2769 4942 in
2799 4887 3052 4946 Ecclesia.

2166 4958 2237 5030 (e)
2267 4957 2479 5027 Grtece,
2505 4959 2739 5033 ἀνόμοιον
2767 4960 2925 5034 λέγοι,
2955 4962 3099 5033 quod
3137 4971 3243 5030 est,
3271 4964 3572 5021 dissimilem
3618 4966 3700 5022 di-

2092 5039 2197 5083 cat.
2375 5071 2383 5081 .

2171 5100 2249 5245 ff;
2275 5099 2373 5155 Ms.
2398 5098 2563 5156 (ἴοι-1).
2594 5101 2794 5186 aliique
2817 5105 3085 5169 nonnulli,
3114 5122 3219 5161 non
3245 5106 3446 5162 adimit.

2171 5189 2225 5245 θ
2246 5171 2540 5245 uln_gr:eca
2572 5171 2773 5245 Aphrasn
2806 5177 3070 5244 repetitur
3094 5191 3199 5231 vox
3231 5187 3427 5245 patrem

2171 5171 2335 5256 (g)_ln
2365 5186 2540 5243 grteca
2589 5171 2773 5258 phrasi
2806 5177 3070 5257 repetitur
3094 5191 3199 5260 vox
3231 5187 3427 5262 patrem
3456 5178 3578 5236 loco
3604 5196 3705 5239 vo-

2097 5243 2276 5329 cabuli
2316 5241 2506 5329 Deum.
2554 5243 2814 5329 Arguitur
2844 5244 2932 5329 lue
2956 5246 3202 5329 doctrina
3243 5249 3379 5313 Arn,
3408 5251 3497 5320 qui
3530 5251 3701 5329 psum

2098 5329 2164 5371 ex
2194 5328 2259 5369 se
2285 5324 2574 5440 ﬁtfrnum,
2605 5323 2811 5371 tantum
2865 5322 2920 5372 in
2978 5326 3221 5389 tempore
3273 5329 3483 5390 patrem
3534 5322 3708 5382 fuisse

2098 5400 2282 5440 assere
2322 5400 2350 5439 a
2383 5424 2397 5438 .

2096 5393 2397 5443 asserebat.

2171 5455 2487 5546 (hiccine.
2510 5459 2754 5546 amnis:
2794 5461 2885 5546 :rdu
2913 5470 3156 5546 popoyspii
3181 5463 3299 5546 uidi:
3309 5466 3372 5546 ἐκ
3398 5473 3491 5522 τοῦ
3512 5469 3713 5546 Πετρὸς

2076 5532 2314 5613 »ἀπαθῶς
2334 5529 2858 5614 ὕφεστὰνςιιτ..ρτεςιιιι
2897 5529 3216 5606 unigenitum
3261 5535 3427 5605 [ilium
3456 5554 3519 5593 ea;
3546 5529 3710 5595 Pa'tre

2103 5602 2214 5655 sine
2228 5599 2473 5670 passione
2488 5599 2789 5657 substitisse.

2182 5669 2247 5745 (i)
2289 5671 2413 5751 Mss.
2447 5685 2666 5751 sume
2700 5684 2990 5741 consensu,
3022 5685 3305 5751 temporum
3324 5681 3531 5751 quidem
3552 5682 3711 5736 inter-

2112 5743 2451 5817 pretationem
2481 5758 2500 5796 :
2525 5743 2667 5817 quod
2693 5757 2868 5817 graece
2894 5762 3004 5802 uno
3029 5743 3200 5805 ver'bo
3230 5743 3544 5808 enuntiatur
3585 5758 3712 5817 τοὺς

2116 5817 2207 5891 μὲν
2260 5814 2501 5891 χρόνους.
2538 5814 2740 5874 Deinde
2768 5830 2890 5872 cum
2919 5827 3097 5876 vertat
3122 5820 3355 5879 Hilarius
3404 5814 3716 5894 adspernata
