  <div class='ocr_page' id='page_1' title='image "/cluster/home/n/w/nwhite01/storage/ocr_20150623/10/hvd.32044096580386/257.png"; bbox 0 0 4270 6264; ppageno 0'>
   <div class='ocr_carea' id='block_1_1' title="bbox 582 328 684 406">
    <p class='ocr_par' dir='ltr' id='par_1_1' title="bbox 582 328 684 406">
     <span class='ocr_line' id='line_1_1' title="bbox 582 328 684 406; baseline 0.039 -26"><span class='ocrx_word' id='word_1_1' title='bbox 582 328 684 406; x_wconf 68' lang='lat' dir='ltr'><strong>sua</strong></span> 
     </span>
    </p>
   </div>
   <div class='ocr_carea' id='block_1_2' title="bbox 1803 323 2682 383">
    <p class='ocr_par' dir='ltr' id='par_1_2' title="bbox 1803 323 2682 383">
     <span class='ocr_line' id='line_1_2' title="bbox 1803 323 2682 383; baseline -0.001 -1"><span class='ocrx_word' id='word_1_2' title='bbox 1803 323 2046 383; x_wconf 74' lang='lat' dir='ltr'><strong>SANC&#39;I‘I</strong></span> <span class='ocrx_word' id='word_1_3' title='bbox 2085 324 2337 380; x_wconf 68' lang='lat' dir='ltr'><strong>HILARII</strong></span> <span class='ocrx_word' id='word_1_4' title='bbox 2380 323 2682 380; x_wconf 80' lang='lat' dir='ltr'><strong>EPISCDPI</strong></span> 
     </span>
    </p>
   </div>
   <div class='ocr_carea' id='block_1_3' title="bbox 3779 327 3885 382">
    <p class='ocr_par' dir='ltr' id='par_1_3' title="bbox 3779 327 3885 382">
     <span class='ocr_line' id='line_1_3' title="bbox 3779 327 3885 382; baseline 0.009 -1"><span class='ocrx_word' id='word_1_5' title='bbox 3779 327 3885 382; x_wconf 77' lang='grc' dir='ltr'>5οι</span> 
     </span>
    </p>
   </div>
   <div class='ocr_carea' id='block_1_4' title="bbox 581 443 3886 520">
    <p class='ocr_par' dir='ltr' id='par_1_4' title="bbox 581 443 3886 520">
     <span class='ocr_line' id='line_1_4' title="bbox 581 443 3886 520; baseline -0.003 -13"><span class='ocrx_word' id='word_1_6' title='bbox 581 458 635 507; x_wconf 88' lang='lat' dir='ltr'><strong>et</strong></span> <span class='ocrx_word' id='word_1_7' title='bbox 665 448 879 503; x_wconf 89' lang='lat' dir='ltr'><strong>virtutis</strong></span> <span class='ocrx_word' id='word_1_8' title='bbox 903 448 979 520; x_wconf 83' lang='lat' dir='ltr'><strong>(a)</strong></span> <span class='ocrx_word' id='word_1_9' title='bbox 1014 456 1068 502; x_wconf 85' lang='lat' dir='ltr'><strong>et</strong></span> <span class='ocrx_word' id='word_1_10' title='bbox 1091 448 1273 518; x_wconf 66' lang='lat' dir='ltr'><strong>gloriae</strong></span> <span class='ocrx_word' id='word_1_11' title='bbox 1299 445 1790 499; x_wconf 79' lang='lat' dir='ltr'><strong>incommutabilem</strong></span> <span class='ocrx_word' id='word_1_12' title='bbox 1811 443 1976 516; x_wconf 67' lang='grc'><strong>479</strong></span> <span class='ocrx_word' id='word_1_13' title='bbox 2006 443 2185 513; x_wconf 86' lang='lat' dir='ltr'><strong>imagi-</strong></span> <span class='ocrx_word' id='word_1_14' title='bbox 2216 457 2263 518; x_wconf 77' lang='grc' dir='ltr'>Α</span> <span class='ocrx_word' id='word_1_15' title='bbox 2294 460 2437 510; x_wconf 87' lang='lat' dir='ltr'><strong>nem,</strong></span> <span class='ocrx_word' id='word_1_16' title='bbox 2466 444 2604 498; x_wconf 87' lang='lat' dir='ltr'><strong>sicut</strong></span> <span class='ocrx_word' id='word_1_17' title='bbox 2626 455 2750 499; x_wconf 91' lang='lat' dir='ltr'><strong>sunt</strong></span> <span class='ocrx_word' id='word_1_18' title='bbox 2777 445 3016 509; x_wconf 57' lang='lat' dir='ltr'><strong>factura“,</strong></span> <span class='ocrx_word' id='word_1_19' title='bbox 3047 454 3100 500; x_wconf 88' lang='lat' dir='ltr'><strong>et</strong></span> <span class='ocrx_word' id='word_1_20' title='bbox 3122 460 3226 499; x_wconf 90' lang='lat' dir='ltr'><strong>non</strong></span> <span class='ocrx_word' id='word_1_21' title='bbox 3260 445 3398 499; x_wconf 80' lang='lat' dir='ltr'><strong>sicut</strong></span> <span class='ocrx_word' id='word_1_22' title='bbox 3422 444 3618 499; x_wconf 71' lang='lat' dir='ltr'><strong>divinae</strong></span> <span class='ocrx_word' id='word_1_23' title='bbox 3644 443 3886 514; x_wconf 79' lang='lat' dir='ltr'><strong>Scriptu-</strong></span> 
     </span>
    </p>
   </div>
   <div class='ocr_carea' id='block_1_5' title="bbox 581 538 2183 616">
    <p class='ocr_par' dir='ltr' id='par_1_5' title="bbox 581 538 2183 616">
     <span class='ocr_line' id='line_1_5' title="bbox 581 538 2183 616; baseline -0.006 -16"><span class='ocrx_word' id='word_1_24' title='bbox 581 560 728 612; x_wconf 92' lang='lat' dir='ltr'><strong>nem,</strong></span> <span class='ocrx_word' id='word_1_25' title='bbox 753 547 988 616; x_wconf 89' lang='lat' dir='ltr'><strong>primum</strong></span> <span class='ocrx_word' id='word_1_26' title='bbox 1013 542 1214 596; x_wconf 89' lang='lat' dir='ltr'><strong>editum</strong></span> <span class='ocrx_word' id='word_1_27' title='bbox 1255 541 1420 595; x_wconf 92' lang='lat' dir='ltr'><strong>totius</strong></span> <span class='ocrx_word' id='word_1_28' title='bbox 1444 548 1727 605; x_wconf 69' lang='lat' dir='ltr'><strong>creaturae,</strong></span> <span class='ocrx_word' id='word_1_29' title='bbox 1753 539 1841 609; x_wconf 88' lang='lat' dir='ltr'><strong>qui</strong></span> <span class='ocrx_word' id='word_1_30' title='bbox 1873 538 1946 610; x_wconf 89' lang='lat' dir='ltr'><strong>(b)</strong></span> <span class='ocrx_word' id='word_1_31' title='bbox 1969 552 2183 607; x_wconf 81' lang='lat' dir='ltr'><strong>semper</strong></span> 
     </span>
    </p>
   </div>
   <div class='ocr_carea' id='block_1_6' title="bbox 587 630 2182 706">
    <p class='ocr_par' dir='ltr' id='par_1_6' title="bbox 587 630 2182 706">
     <span class='ocr_line' id='line_1_6' title="bbox 587 630 2182 706; baseline -0.008 -12"><span class='ocrx_word' id='word_1_32' title='bbox 587 639 688 694; x_wconf 79' lang='lat' dir='ltr'><strong>fuit</strong></span> <span class='ocrx_word' id='word_1_33' title='bbox 735 637 787 692; x_wconf 94' lang='lat' dir='ltr'><strong>in</strong></span> <span class='ocrx_word' id='word_1_34' title='bbox 829 635 1093 706; x_wconf 91' lang='lat' dir='ltr'><strong>principio</strong></span> <span class='ocrx_word' id='word_1_35' title='bbox 1129 632 1271 702; x_wconf 90' lang='lat' dir='ltr'><strong>apud</strong></span> <span class='ocrx_word' id='word_1_36' title='bbox 1315 633 1480 687; x_wconf 90' lang='lat' dir='ltr'><strong>Deum</strong></span> <span class='ocrx_word' id='word_1_37' title='bbox 1533 631 1769 687; x_wconf 82' lang='lat' dir='ltr'><strong>Verbum</strong></span> <span class='ocrx_word' id='word_1_38' title='bbox 1817 631 1992 697; x_wconf 90' lang='lat' dir='ltr'><strong>Deus,</strong></span> <span class='ocrx_word' id='word_1_39' title='bbox 2029 630 2182 698; x_wconf 78' lang='lat' dir='ltr'><strong>juxta</strong></span> 
     </span>
    </p>
   </div>
   <div class='ocr_carea' id='block_1_7' title="bbox 589 722 2184 802">
    <p class='ocr_par' dir='ltr' id='par_1_7' title="bbox 589 722 2184 802">
     <span class='ocr_line' id='line_1_7' title="bbox 589 722 2184 802; baseline -0.008 -15"><span class='ocrx_word' id='word_1_40' title='bbox 589 730 732 802; x_wconf 91' lang='lat' dir='ltr'><strong>quod</strong></span> <span class='ocrx_word' id='word_1_41' title='bbox 763 729 964 784; x_wconf 92' lang='lat' dir='ltr'><strong>dictum</strong></span> <span class='ocrx_word' id='word_1_42' title='bbox 989 735 1072 781; x_wconf 91' lang='lat' dir='ltr'><strong>est</strong></span> <span class='ocrx_word' id='word_1_43' title='bbox 1098 727 1150 780; x_wconf 92' lang='lat' dir='ltr'><strong>in</strong></span> <span class='ocrx_word' id='word_1_44' title='bbox 1186 726 1510 796; x_wconf 81' lang='lat' dir='ltr'><strong>Evangelio,</strong></span> <span class='ocrx_word' id='word_1_45' title='bbox 1543 724 1608 778; x_wconf 87' lang='lat' dir='ltr'><strong>Et</strong></span> <span class='ocrx_word' id='word_1_46' title='bbox 1639 722 1781 778; x_wconf 86' lang='lat' dir='ltr'><strong>Deus</strong></span> <span class='ocrx_word' id='word_1_47' title='bbox 1811 732 1924 777; x_wconf 90' lang='lat' dir='ltr'><strong>erat</strong></span> <span class='ocrx_word' id='word_1_48' title='bbox 1961 723 2184 776; x_wconf 82' lang='lat' dir='ltr'><strong>Verbum</strong></span> 
     </span>
    </p>
   </div>
   <div class='ocr_carea' id='block_1_8' title="bbox 588 815 2186 896">
    <p class='ocr_par' dir='ltr' id='par_1_8' title="bbox 588 815 2186 896">
     <span class='ocr_line' id='line_1_8' title="bbox 588 815 2186 896; baseline -0.006 -18"><span class='ocrx_word' id='word_1_49' title='bbox 588 823 769 894; x_wconf 83' lang='lat' dir='ltr'><strong>(Joan.</strong></span> <span class='ocrx_word' id='word_1_50' title='bbox 796 837 834 888; x_wconf 85' lang='grc' dir='ltr'>ι,</span> <span class='ocrx_word' id='word_1_51' title='bbox 868 821 944 890; x_wconf 83' lang='grc'>1),</span> <span class='ocrx_word' id='word_1_52' title='bbox 987 834 1083 890; x_wconf 91' lang='lat' dir='ltr'><strong>per</strong></span> <span class='ocrx_word' id='word_1_53' title='bbox 1113 833 1271 896; x_wconf 83' lang='lat' dir='ltr'><strong>quem</strong></span> <span class='ocrx_word' id='word_1_54' title='bbox 1315 819 1493 873; x_wconf 91' lang='lat' dir='ltr'><strong>omnia</strong></span> <span class='ocrx_word' id='word_1_55' title='bbox 1527 818 1666 872; x_wconf 82' lang='lat' dir='ltr'><strong>facta</strong></span> <span class='ocrx_word' id='word_1_56' title='bbox 1701 825 1846 880; x_wconf 89' lang='lat' dir='ltr'><strong>sunt,</strong></span> <span class='ocrx_word' id='word_1_57' title='bbox 1879 825 1935 870; x_wconf 90' lang='lat' dir='ltr'><strong>et</strong></span> <span class='ocrx_word' id='word_1_58' title='bbox 1980 815 2036 869; x_wconf 91' lang='lat' dir='ltr'><strong>in</strong></span> <span class='ocrx_word' id='word_1_59' title='bbox 2081 829 2186 884; x_wconf 92' lang='lat' dir='ltr'><strong>quo</strong></span> 
     </span>
    </p>
   </div>
   <div class='ocr_carea' id='block_1_9' title="bbox 587 903 2189 980">
    <p class='ocr_par' dir='ltr' id='par_1_9' title="bbox 587 903 2189 980">
     <span class='ocr_line' id='line_1_9' title="bbox 587 903 2189 980; baseline -0.008 -9"><span class='ocrx_word' id='word_1_60' title='bbox 587 915 766 971; x_wconf 81' lang='lat' dir='ltr'><strong>omnia</strong></span> <span class='ocrx_word' id='word_1_61' title='bbox 795 919 1086 967; x_wconf 77' lang='lat' dir='ltr'><strong>constant:</strong></span> <span class='ocrx_word' id='word_1_62' title='bbox 1119 911 1210 980; x_wconf 91' lang='lat' dir='ltr'><strong>qui</strong></span> <span class='ocrx_word' id='word_1_63' title='bbox 1243 911 1294 964; x_wconf 92' lang='lat' dir='ltr'><strong>iu</strong></span> <span class='ocrx_word' id='word_1_64' title='bbox 1335 908 1645 964; x_wconf 80' lang='lat' dir='ltr'><strong>novissimis</strong></span> <span class='ocrx_word' id='word_1_65' title='bbox 1687 906 1878 962; x_wconf 87' lang='lat' dir='ltr'><strong>diebus</strong></span> <span class='ocrx_word' id='word_1_66' title='bbox 1908 903 2189 960; x_wconf 80' lang='lat' dir='ltr'><strong>descendit</strong></span> 
     </span>
    </p>
   </div>
   <div class='ocr_carea' id='block_1_10' title="bbox 585 998 2189 1072">
    <p class='ocr_par' dir='ltr' id='par_1_10' title="bbox 585 998 2189 1072">
     <span class='ocr_line' id='line_1_10' title="bbox 585 998 2189 1072; baseline -0.006 -12"><span class='ocrx_word' id='word_1_67' title='bbox 585 1010 869 1064; x_wconf 82' lang='lat' dir='ltr'><strong>desursum</strong></span> <span class='ocrx_word' id='word_1_68' title='bbox 896 1046 912 1070; x_wconf 97' lang='lat'><strong>,</strong></span> <span class='ocrx_word' id='word_1_69' title='bbox 942 1012 998 1060; x_wconf 92' lang='lat' dir='ltr'><strong>et</strong></span> <span class='ocrx_word' id='word_1_70' title='bbox 1017 1013 1177 1058; x_wconf 91' lang='lat' dir='ltr'><strong>natus</strong></span> <span class='ocrx_word' id='word_1_71' title='bbox 1207 1011 1377 1058; x_wconf 83' lang='lat' dir='ltr'><strong>estex</strong></span> <span class='ocrx_word' id='word_1_72' title='bbox 1398 1001 1605 1072; x_wconf 79' lang='lat' dir='ltr'><strong>virgine</strong></span> <span class='ocrx_word' id='word_1_73' title='bbox 1633 999 1927 1056; x_wconf 89' lang='lat' dir='ltr'><strong>secundum</strong></span> <span class='ocrx_word' id='word_1_74' title='bbox 1949 998 2189 1064; x_wconf 88' lang='lat' dir='ltr'><strong>Scriptu-</strong></span> 
     </span>
    </p>
   </div>
   <div class='ocr_carea' id='block_1_11' title="bbox 591 1090 2192 1171">
    <p class='ocr_par' dir='ltr' id='par_1_11' title="bbox 591 1090 2192 1171">
     <span class='ocr_line' id='line_1_11' title="bbox 591 1090 2192 1171; baseline -0.007 -15"><span class='ocrx_word' id='word_1_75' title='bbox 591 1116 699 1169; x_wconf 86' lang='lat' dir='ltr'><strong>ras,</strong></span> <span class='ocrx_word' id='word_1_76' title='bbox 733 1111 787 1156; x_wconf 89' lang='lat' dir='ltr'><strong>et</strong></span> <span class='ocrx_word' id='word_1_77' title='bbox 832 1100 906 1171; x_wconf 90' lang='lat' dir='ltr'><strong>(c)</strong></span> <span class='ocrx_word' id='word_1_78' title='bbox 938 1113 1106 1170; x_wconf 88' lang='lat' dir='ltr'><strong>agnus</strong></span> <span class='ocrx_word' id='word_1_79' title='bbox 1139 1096 1310 1152; x_wconf 82' lang='lat' dir='ltr'><strong>laetus</strong></span> <span class='ocrx_word' id='word_1_80' title='bbox 1339 1107 1446 1163; x_wconf 92' lang='lat' dir='ltr'><strong>est,</strong></span> <span class='ocrx_word' id='word_1_81' title='bbox 1489 1093 1757 1149; x_wconf 85' lang='lat' dir='ltr'><strong>mediator</strong></span> <span class='ocrx_word' id='word_1_82' title='bbox 1787 1092 1882 1147; x_wconf 93' lang='lat' dir='ltr'><strong>Dei</strong></span> <span class='ocrx_word' id='word_1_83' title='bbox 1927 1102 1980 1146; x_wconf 92' lang='lat' dir='ltr'><strong>et</strong></span> <span class='ocrx_word' id='word_1_84' title='bbox 2018 1090 2192 1145; x_wconf 88' lang='lat' dir='ltr'><strong>homi-</strong></span> 
     </span>
    </p>
   </div>
   <div class='ocr_carea' id='block_1_12' title="bbox 589 1183 2194 1262">
    <p class='ocr_par' dir='ltr' id='par_1_12' title="bbox 589 1183 2194 1262">
     <span class='ocr_line' id='line_1_12' title="bbox 589 1183 2194 1262; baseline -0.006 -15"><span class='ocrx_word' id='word_1_85' title='bbox 589 1209 736 1257; x_wconf 89' lang='lat' dir='ltr'><strong>num,</strong></span> <span class='ocrx_word' id='word_1_86' title='bbox 762 1192 1176 1262; x_wconf 72' lang='lat' dir='ltr'><strong>prmdestinatus</strong></span> <span class='ocrx_word' id='word_1_87' title='bbox 1219 1189 1341 1244; x_wconf 86' lang='lat' dir='ltr'><strong>lidei</strong></span> <span class='ocrx_word' id='word_1_88' title='bbox 1378 1197 1610 1254; x_wconf 64' lang='lat' dir='ltr'><strong>nostra),</strong></span> <span class='ocrx_word' id='word_1_89' title='bbox 1644 1194 1698 1241; x_wconf 93' lang='lat' dir='ltr'><strong>et</strong></span> <span class='ocrx_word' id='word_1_90' title='bbox 1727 1185 1833 1240; x_wconf 87' lang='lat' dir='ltr'><strong>dux</strong></span> <span class='ocrx_word' id='word_1_91' title='bbox 1873 1185 2014 1238; x_wconf 80' lang='lat' dir='ltr'><strong>vitae.</strong></span> <span class='ocrx_word' id='word_1_92' title='bbox 2053 1183 2194 1237; x_wconf 87' lang='lat' dir='ltr'><strong>Dixit</strong></span> 
     </span>
    </p>
   </div>
   <div class='ocr_carea' id='block_1_13' title="bbox 589 1280 2193 1359">
    <p class='ocr_par' dir='ltr' id='par_1_13' title="bbox 589 1280 2193 1359">
     <span class='ocr_line' id='line_1_13' title="bbox 589 1280 2193 1359; baseline -0.007 -20"><span class='ocrx_word' id='word_1_93' title='bbox 589 1289 788 1359; x_wconf 85' lang='lat' dir='ltr'><strong>quippe</strong></span> <span class='ocrx_word' id='word_1_94' title='bbox 822 1305 835 1340; x_wconf 90' lang='lat'><strong>:</strong></span> <span class='ocrx_word' id='word_1_95' title='bbox 871 1285 992 1339; x_wconf 78' lang='lat' dir='ltr'><strong>Non</strong></span> <span class='ocrx_word' id='word_1_96' title='bbox 1015 1285 1150 1338; x_wconf 89' lang='lat' dir='ltr'><strong>enim</strong></span> <span class='ocrx_word' id='word_1_97' title='bbox 1177 1282 1416 1338; x_wconf 75' lang='lat' dir='ltr'><strong>descendi</strong></span> <span class='ocrx_word' id='word_1_98' title='bbox 1460 1281 1522 1334; x_wconf 89' lang='lat' dir='ltr'><strong>de</strong></span> <span class='ocrx_word' id='word_1_99' title='bbox 1567 1280 1689 1334; x_wconf 76' lang='lat' dir='ltr'><strong>caelo</strong></span> <span class='ocrx_word' id='word_1_100' title='bbox 1711 1321 1724 1345; x_wconf 96' lang='lat'><strong>,</strong></span> <span class='ocrx_word' id='word_1_101' title='bbox 1766 1288 1820 1333; x_wconf 90' lang='lat' dir='ltr'><strong>ut</strong></span> <span class='ocrx_word' id='word_1_102' title='bbox 1855 1282 2074 1346; x_wconf 74' lang='lat' dir='ltr'><strong>{acerem</strong></span> <span class='ocrx_word' id='word_1_103' title='bbox 2112 1291 2193 1329; x_wconf 84' lang='lat' dir='ltr'><strong>vo-</strong></span> 
     </span>
    </p>
   </div>
   <div class='ocr_carea' id='block_1_14' title="bbox 591 1370 2195 1446">
    <p class='ocr_par' dir='ltr' id='par_1_14' title="bbox 591 1370 2195 1446">
     <span class='ocr_line' id='line_1_14' title="bbox 591 1370 2195 1446; baseline -0.007 -12"><span class='ocrx_word' id='word_1_104' title='bbox 591 1385 833 1437; x_wconf 80' lang='lat' dir='ltr'><strong>luntatem</strong></span> <span class='ocrx_word' id='word_1_105' title='bbox 881 1397 1064 1445; x_wconf 87' lang='lat' dir='ltr'><strong>meam,</strong></span> <span class='ocrx_word' id='word_1_106' title='bbox 1117 1378 1205 1432; x_wconf 90' lang='lat' dir='ltr'><strong>sed</strong></span> <span class='ocrx_word' id='word_1_107' title='bbox 1261 1377 1571 1430; x_wconf 78' lang='lat' dir='ltr'><strong>voluntatem</strong></span> <span class='ocrx_word' id='word_1_108' title='bbox 1626 1377 1737 1446; x_wconf 84' lang='lat' dir='ltr'><strong>ejus</strong></span> <span class='ocrx_word' id='word_1_109' title='bbox 1795 1372 1882 1441; x_wconf 88' lang='lat' dir='ltr'><strong>qui</strong></span> <span class='ocrx_word' id='word_1_110' title='bbox 1934 1388 2012 1425; x_wconf 88' lang='lat' dir='ltr'><strong>me</strong></span> <span class='ocrx_word' id='word_1_111' title='bbox 2060 1370 2195 1422; x_wconf 89' lang='lat' dir='ltr'><strong>misit</strong></span> 
     </span>
    </p>
   </div>
   <div class='ocr_carea' id='block_1_15' title="bbox 588 1463 2196 1548">
    <p class='ocr_par' dir='ltr' id='par_1_15' title="bbox 588 1463 2196 1548">
     <span class='ocr_line' id='line_1_15' title="bbox 588 1463 2196 1548; baseline -0.005 -21"><span class='ocrx_word' id='word_1_112' title='bbox 588 1474 764 1548; x_wconf 74' lang='lat' dir='ltr'><strong>{Joan.</strong></span> <span class='ocrx_word' id='word_1_113' title='bbox 798 1489 873 1540; x_wconf 79' lang='lat' dir='ltr'><strong>vr,</strong></span> <span class='ocrx_word' id='word_1_114' title='bbox 911 1472 1027 1540; x_wconf 87' lang='grc'>58).</span> <span class='ocrx_word' id='word_1_115' title='bbox 1062 1469 1162 1537; x_wconf 87' lang='lat' dir='ltr'><strong>Qui</strong></span> <span class='ocrx_word' id='word_1_116' title='bbox 1200 1482 1392 1538; x_wconf 87' lang='lat' dir='ltr'><strong>passus</strong></span> <span class='ocrx_word' id='word_1_117' title='bbox 1427 1479 1512 1522; x_wconf 87' lang='lat' dir='ltr'><strong>est</strong></span> <span class='ocrx_word' id='word_1_118' title='bbox 1554 1475 1609 1522; x_wconf 92' lang='lat' dir='ltr'><strong>et</strong></span> <span class='ocrx_word' id='word_1_119' title='bbox 1650 1465 1951 1521; x_wconf 78' lang='lat' dir='ltr'><strong>resurrexit</strong></span> <span class='ocrx_word' id='word_1_120' title='bbox 1992 1463 2070 1532; x_wconf 92' lang='lat' dir='ltr'><strong>(d)</strong></span> <span class='ocrx_word' id='word_1_121' title='bbox 2099 1480 2196 1536; x_wconf 91' lang='lat' dir='ltr'><strong>pro</strong></span> 
     </span>
    </p>
   </div>
   <div class='ocr_carea' id='block_1_16' title="bbox 595 1558 2194 1629">
    <p class='ocr_par' dir='ltr' id='par_1_16' title="bbox 595 1558 2194 1629">
     <span class='ocr_line' id='line_1_16' title="bbox 595 1558 2194 1629; baseline -0.006 -10"><span class='ocrx_word' id='word_1_122' title='bbox 595 1568 748 1622; x_wconf 86' lang='lat' dir='ltr'><strong>nobis</strong></span> <span class='ocrx_word' id='word_1_123' title='bbox 781 1565 937 1620; x_wconf 91' lang='lat' dir='ltr'><strong>tertia</strong></span> <span class='ocrx_word' id='word_1_124' title='bbox 971 1563 1078 1629; x_wconf 90' lang='lat' dir='ltr'><strong>die,</strong></span> <span class='ocrx_word' id='word_1_125' title='bbox 1114 1570 1168 1616; x_wconf 90' lang='lat' dir='ltr'><strong>et</strong></span> <span class='ocrx_word' id='word_1_126' title='bbox 1194 1559 1477 1616; x_wconf 87' lang='lat' dir='ltr'><strong>adscendit</strong></span> <span class='ocrx_word' id='word_1_127' title='bbox 1519 1560 1573 1614; x_wconf 91' lang='lat' dir='ltr'><strong>in</strong></span> <span class='ocrx_word' id='word_1_128' title='bbox 1617 1559 1821 1624; x_wconf 59' lang='lat' dir='ltr'><strong>caelos,</strong></span> <span class='ocrx_word' id='word_1_129' title='bbox 1854 1568 1908 1612; x_wconf 89' lang='lat' dir='ltr'><strong>et</strong></span> <span class='ocrx_word' id='word_1_130' title='bbox 1948 1558 2102 1612; x_wconf 90' lang='lat' dir='ltr'><strong>sedet</strong></span> <span class='ocrx_word' id='word_1_131' title='bbox 2142 1558 2194 1611; x_wconf 93' lang='lat' dir='ltr'><strong>iu</strong></span> 
     </span>
    </p>
   </div>
   <div class='ocr_carea' id='block_1_17' title="bbox 591 1649 2196 1721">
    <p class='ocr_par' dir='ltr' id='par_1_17' title="bbox 591 1649 2196 1721">
     <span class='ocr_line' id='line_1_17' title="bbox 591 1649 2196 1721; baseline -0.006 -11"><span class='ocrx_word' id='word_1_132' title='bbox 591 1659 818 1714; x_wconf 83' lang='lat' dir='ltr'><strong>dextera</strong></span> <span class='ocrx_word' id='word_1_133' title='bbox 845 1655 1042 1721; x_wconf 83' lang='lat' dir='ltr'><strong>Patris,</strong></span> <span class='ocrx_word' id='word_1_134' title='bbox 1075 1663 1127 1709; x_wconf 91' lang='lat' dir='ltr'><strong>et</strong></span> <span class='ocrx_word' id='word_1_135' title='bbox 1154 1654 1347 1708; x_wconf 81' lang='lat' dir='ltr'><strong>iterum</strong></span> <span class='ocrx_word' id='word_1_136' title='bbox 1377 1661 1636 1706; x_wconf 85' lang='lat' dir='ltr'><strong>venturus</strong></span> <span class='ocrx_word' id='word_1_137' title='bbox 1657 1660 1742 1705; x_wconf 90' lang='lat' dir='ltr'><strong>est</strong></span> <span class='ocrx_word' id='word_1_138' title='bbox 1766 1664 1889 1704; x_wconf 86' lang='lat' dir='ltr'><strong>cum</strong></span> <span class='ocrx_word' id='word_1_139' title='bbox 1915 1649 2084 1720; x_wconf 81' lang='lat' dir='ltr'><strong>gloria</strong></span> <span class='ocrx_word' id='word_1_140' title='bbox 2111 1649 2196 1718; x_wconf 90' lang='lat' dir='ltr'><strong>ju-</strong></span> 
     </span>
    </p>
   </div>
   <div class='ocr_carea' id='block_1_18' title="bbox 595 1741 2193 1812">
    <p class='ocr_par' dir='ltr' id='par_1_18' title="bbox 595 1741 2193 1812">
     <span class='ocr_line' id='line_1_18' title="bbox 595 1741 2193 1812; baseline -0.007 -8"><span class='ocrx_word' id='word_1_141' title='bbox 595 1750 774 1805; x_wconf 87' lang='lat' dir='ltr'><strong>dicare</strong></span> <span class='ocrx_word' id='word_1_142' title='bbox 819 1747 973 1802; x_wconf 84' lang='lat' dir='ltr'><strong>vivos</strong></span> <span class='ocrx_word' id='word_1_143' title='bbox 1020 1755 1074 1801; x_wconf 91' lang='lat' dir='ltr'><strong>et</strong></span> <span class='ocrx_word' id='word_1_144' title='bbox 1115 1751 1380 1800; x_wconf 88' lang='lat' dir='ltr'><strong>mortuos.</strong></span> <span class='ocrx_word' id='word_1_145' title='bbox 1415 1743 1485 1798; x_wconf 86' lang='lat' dir='ltr'><strong>Et</strong></span> <span class='ocrx_word' id='word_1_146' title='bbox 1523 1743 1576 1796; x_wconf 92' lang='lat' dir='ltr'><strong>in</strong></span> <span class='ocrx_word' id='word_1_147' title='bbox 1623 1741 1879 1812; x_wconf 87' lang='lat' dir='ltr'><strong>Spiritum</strong></span> <span class='ocrx_word' id='word_1_148' title='bbox 1924 1749 2193 1806; x_wconf 88' lang='lat' dir='ltr'><strong>sanetum,</strong></span> 
     </span>
    </p>
   </div>
   <div class='ocr_carea' id='block_1_19' title="bbox 2289 537 3888 610">
    <p class='ocr_par' dir='ltr' id='par_1_19' title="bbox 2289 537 3888 610">
     <span class='ocr_line' id='line_1_19' title="bbox 2289 537 3888 610; baseline 0.001 -17"><span class='ocrx_word' id='word_1_149' title='bbox 2289 554 2362 593; x_wconf 73' lang='lat' dir='ltr'><strong>ne</strong></span> <span class='ocrx_word' id='word_1_150' title='bbox 2400 538 2736 594; x_wconf 87' lang='lat' dir='ltr'><strong>tradiderunt</strong></span> <span class='ocrx_word' id='word_1_151' title='bbox 2776 539 2984 609; x_wconf 84' lang='lat' dir='ltr'><strong>singula</strong></span> <span class='ocrx_word' id='word_1_152' title='bbox 3018 537 3454 610; x_wconf 39' lang='lat' dir='ltr'><strong>quanquam</strong></span> <span class='ocrx_word' id='word_1_153' title='bbox 3484 555 3603 608; x_wconf 79' lang='lat' dir='ltr'><strong>qua:</strong></span> <span class='ocrx_word' id='word_1_154' title='bbox 3638 541 3888 609; x_wconf 84' lang='lat' dir='ltr'><strong>superius</strong></span> 
     </span>
    </p>
   </div>
   <div class='ocr_carea' id='block_1_20' title="bbox 2287 629 3889 702">
    <p class='ocr_par' dir='ltr' id='par_1_20' title="bbox 2287 629 3889 702">
     <span class='ocr_line' id='line_1_20' title="bbox 2287 629 3889 702; baseline 0.002 -17"><span class='ocrx_word' id='word_1_155' title='bbox 2287 629 2428 686; x_wconf 91' lang='lat' dir='ltr'><strong>dicta</strong></span> <span class='ocrx_word' id='word_1_156' title='bbox 2475 641 2632 697; x_wconf 91' lang='lat' dir='ltr'><strong>sunt;</strong></span> <span class='ocrx_word' id='word_1_157' title='bbox 2669 640 2724 685; x_wconf 93' lang='lat' dir='ltr'><strong>ct</strong></span> <span class='ocrx_word' id='word_1_158' title='bbox 2762 629 2806 685; x_wconf 76' lang='lat' dir='ltr'><strong>si</strong></span> <span class='ocrx_word' id='word_1_159' title='bbox 2836 630 2955 700; x_wconf 75' lang='lat' dir='ltr'><strong>quis</strong></span> <span class='ocrx_word' id='word_1_160' title='bbox 2999 631 3143 685; x_wconf 92' lang='lat' dir='ltr'><strong>aliud</strong></span> <span class='ocrx_word' id='word_1_161' title='bbox 3191 631 3375 696; x_wconf 89' lang='lat' dir='ltr'><strong>docet,</strong></span> <span class='ocrx_word' id='word_1_162' title='bbox 3418 642 3511 686; x_wconf 88' lang='lat' dir='ltr'><strong>aut</strong></span> <span class='ocrx_word' id='word_1_163' title='bbox 3551 633 3889 702; x_wconf 86' lang='lat' dir='ltr'><strong>evangelizat</strong></span> 
     </span>
    </p>
   </div>
   <div class='ocr_carea' id='block_1_21' title="bbox 2290 722 3888 798">
    <p class='ocr_par' dir='ltr' id='par_1_21' title="bbox 2290 722 3888 798">
     <span class='ocr_line' id='line_1_21' title="bbox 2290 722 3888 798; baseline 0.003 -22"><span class='ocrx_word' id='word_1_164' title='bbox 2290 731 2488 792; x_wconf 70' lang='lat' dir='ltr'><strong>praeter</strong></span> <span class='ocrx_word' id='word_1_165' title='bbox 2533 738 2691 798; x_wconf 84' lang='lat' dir='ltr'><strong>quam</strong></span> <span class='ocrx_word' id='word_1_166' title='bbox 2739 723 2880 792; x_wconf 87' lang='lat' dir='ltr'><strong>quod</strong></span> <span class='ocrx_word' id='word_1_167' title='bbox 2923 724 3229 792; x_wconf 87' lang='lat' dir='ltr'><strong>accepimus</strong></span> <span class='ocrx_word' id='word_1_168' title='bbox 3272 722 3602 778; x_wconf 87' lang='lat' dir='ltr'><strong>:anathema</strong></span> <span class='ocrx_word' id='word_1_169' title='bbox 3647 724 3736 778; x_wconf 86' lang='lat' dir='ltr'><strong>sit.</strong></span> <span class='ocrx_word' id='word_1_170' title='bbox 3781 725 3888 780; x_wconf 88' lang='lat' dir='ltr'><strong>Nos</strong></span> 
     </span>
    </p>
   </div>
   <div class='ocr_carea' id='block_1_22' title="bbox 2291 814 3889 884">
    <p class='ocr_par' dir='ltr' id='par_1_22' title="bbox 2291 814 3889 884">
     <span class='ocr_line' id='line_1_22' title="bbox 2291 814 3889 884; baseline 0.001 -14"><span class='ocrx_word' id='word_1_171' title='bbox 2291 814 2435 870; x_wconf 89' lang='lat' dir='ltr'><strong>enim</strong></span> <span class='ocrx_word' id='word_1_172' title='bbox 2457 815 2725 878; x_wconf 80' lang='lat' dir='ltr'><strong>erunibus,</strong></span> <span class='ocrx_word' id='word_1_173' title='bbox 2757 830 2875 884; x_wconf 76' lang='lat' dir='ltr'><strong>qua:</strong></span> <span class='ocrx_word' id='word_1_174' title='bbox 2908 815 3103 870; x_wconf 75' lang='lat' dir='ltr'><strong>divinis</strong></span> <span class='ocrx_word' id='word_1_175' title='bbox 3133 814 3429 884; x_wconf 90' lang='lat' dir='ltr'><strong>Scripturis</strong></span> <span class='ocrx_word' id='word_1_176' title='bbox 3457 816 3654 870; x_wconf 90' lang='lat' dir='ltr'><strong>tradita</strong></span> <span class='ocrx_word' id='word_1_177' title='bbox 3694 827 3816 870; x_wconf 88' lang='lat' dir='ltr'><strong>sunt</strong></span> <span class='ocrx_word' id='word_1_178' title='bbox 3860 834 3889 873; x_wconf 93' lang='lat' dir='ltr'><strong>a</strong></span> 
     </span>
    </p>
   </div>
   <div class='ocr_carea' id='block_1_23' title="bbox 2293 905 3889 977">
    <p class='ocr_par' dir='ltr' id='par_1_23' title="bbox 2293 905 3889 977">
     <span class='ocr_line' id='line_1_23' title="bbox 2293 905 3889 977; baseline 0.006 -19"><span class='ocrx_word' id='word_1_179' title='bbox 2293 905 2572 975; x_wconf 83' lang='lat' dir='ltr'><strong>prophetis</strong></span> <span class='ocrx_word' id='word_1_180' title='bbox 2602 915 2657 960; x_wconf 93' lang='lat' dir='ltr'><strong>et</strong></span> <span class='ocrx_word' id='word_1_181' title='bbox 2679 908 2745 960; x_wconf 90' lang='lat' dir='ltr'><strong>ab</strong></span> <span class='ocrx_word' id='word_1_182' title='bbox 2763 909 3046 977; x_wconf 82' lang='lat' dir='ltr'><strong>apostolis,</strong></span> <span class='ocrx_word' id='word_1_183' title='bbox 3074 922 3198 963; x_wconf 92' lang='lat' dir='ltr'><strong>vere</strong></span> <span class='ocrx_word' id='word_1_184' title='bbox 3223 918 3278 963; x_wconf 91' lang='lat' dir='ltr'><strong>et</strong></span> <span class='ocrx_word' id='word_1_185' title='bbox 3307 923 3430 963; x_wconf 90' lang='lat' dir='ltr'><strong>cum</strong></span> <span class='ocrx_word' id='word_1_186' title='bbox 3459 910 3654 964; x_wconf 90' lang='lat' dir='ltr'><strong>timore</strong></span> <span class='ocrx_word' id='word_1_187' title='bbox 3685 918 3739 965; x_wconf 89' lang='lat' dir='ltr'><strong>et</strong></span> <span class='ocrx_word' id='word_1_188' title='bbox 3767 925 3889 967; x_wconf 62' lang='lat' dir='ltr'><strong>creo</strong></span> 
     </span>
    </p>
   </div>
   <div class='ocr_carea' id='block_1_24' title="bbox 2293 998 2944 1069">
    <p class='ocr_par' dir='ltr' id='par_1_24' title="bbox 2293 998 2944 1069">
     <span class='ocr_line' id='line_1_24' title="bbox 2293 998 2944 1069; baseline 0 -17"><span class='ocrx_word' id='word_1_189' title='bbox 2293 998 2473 1053; x_wconf 91' lang='lat' dir='ltr'><strong>dimus</strong></span> <span class='ocrx_word' id='word_1_190' title='bbox 2504 1009 2558 1053; x_wconf 90' lang='lat' dir='ltr'><strong>et</strong></span> <span class='ocrx_word' id='word_1_191' title='bbox 2586 1000 2882 1069; x_wconf 89' lang='lat' dir='ltr'><strong>sequimur.</strong></span> <span class='ocrx_word' id='word_1_192' title='bbox 2926 1019 2944 1052; x_wconf 74' lang='grc' dir='ltr'><strong><em>ι</em></strong></span> 
     </span>
    </p>
   </div>
   <div class='ocr_carea' id='block_1_25' title="bbox 2368 1086 3893 1163">
    <p class='ocr_par' dir='ltr' id='par_1_25' title="bbox 2368 1086 3893 1163">
     <span class='ocr_line' id='line_1_25' title="bbox 2368 1086 3893 1163; baseline 0.004 -19"><span class='ocrx_word' id='word_1_193' title='bbox 2368 1089 2457 1144; x_wconf 79' lang='grc'><strong>51.</strong></span> <span class='ocrx_word' id='word_1_194' title='bbox 2490 1086 2648 1143; x_wconf 83' lang='lat' dir='ltr'><strong>Fides</strong></span> <span class='ocrx_word' id='word_1_195' title='bbox 2676 1092 2783 1144; x_wconf 69' lang='lat' dir='ltr'><strong>ltazc</strong></span> <span class='ocrx_word' id='word_1_196' title='bbox 2806 1101 3059 1161; x_wconf 83' lang='lat' dir='ltr'><strong>quatenus</strong></span> <span class='ocrx_word' id='word_1_197' title='bbox 3083 1100 3338 1163; x_wconf 85' lang='lat' dir='ltr'><strong>suspecta.</strong></span> <span class='ocrx_word' id='word_1_198' title='bbox 3354 1123 3425 1132; x_wconf 74' lang='grc' dir='ltr'><strong>ο-</strong></span> <span class='ocrx_word' id='word_1_199' title='bbox 3441 1093 3618 1149; x_wconf 81' lang='lat' dir='ltr'><strong>Minus</strong></span> <span class='ocrx_word' id='word_1_200' title='bbox 3642 1094 3782 1150; x_wconf 81' lang='lat' dir='ltr'><strong>forte</strong></span> <span class='ocrx_word' id='word_1_201' title='bbox 3802 1111 3893 1150; x_wconf 78' lang='lat' dir='ltr'><strong>ex-</strong></span> 
     </span>
    </p>
   </div>
   <div class='ocr_carea' id='block_1_26' title="bbox 2298 1183 3897 1252">
    <p class='ocr_par' dir='ltr' id='par_1_26' title="bbox 2298 1183 3897 1252">
     <span class='ocr_line' id='line_1_26' title="bbox 2298 1183 3897 1252; baseline 0.006 -16"><span class='ocrx_word' id='word_1_202' title='bbox 2298 1196 2484 1252; x_wconf 90' lang='lat' dir='ltr'><strong>presse</strong></span> <span class='ocrx_word' id='word_1_203' title='bbox 2519 1183 2729 1238; x_wconf 88' lang='lat' dir='ltr'><strong>videtur</strong></span> <span class='ocrx_word' id='word_1_204' title='bbox 2759 1184 2826 1240; x_wconf 89' lang='lat' dir='ltr'><strong>de</strong></span> <span class='ocrx_word' id='word_1_205' title='bbox 2867 1185 3190 1242; x_wconf 72' lang='lat' dir='ltr'><strong>indilierenti</strong></span> <span class='ocrx_word' id='word_1_206' title='bbox 3229 1187 3584 1245; x_wconf 90' lang='lat' dir='ltr'><strong>similitudine</strong></span> <span class='ocrx_word' id='word_1_207' title='bbox 3624 1189 3799 1245; x_wconf 83' lang='lat' dir='ltr'><strong>Patris</strong></span> <span class='ocrx_word' id='word_1_208' title='bbox 3841 1199 3897 1245; x_wconf 90' lang='lat' dir='ltr'><strong>et</strong></span> 
     </span>
    </p>
   </div>
   <div class='ocr_carea' id='block_1_27' title="bbox 2297 1274 3898 1345">
    <p class='ocr_par' dir='ltr' id='par_1_27' title="bbox 2297 1274 3898 1345">
     <span class='ocr_line' id='line_1_27' title="bbox 2297 1274 3898 1345; baseline 0.007 -17"><span class='ocrx_word' id='word_1_209' title='bbox 2297 1274 2421 1329; x_wconf 85' lang='lat' dir='ltr'><strong>Filii</strong></span> <span class='ocrx_word' id='word_1_210' title='bbox 2452 1275 2581 1330; x_wconf 83' lang='lat' dir='ltr'><strong>lides</strong></span> <span class='ocrx_word' id='word_1_211' title='bbox 2608 1275 2722 1330; x_wconf 74' lang='lat' dir='ltr'><strong>lucc</strong></span> <span class='ocrx_word' id='word_1_212' title='bbox 2754 1277 2929 1332; x_wconf 89' lang='lat' dir='ltr'><strong>locuta</strong></span> <span class='ocrx_word' id='word_1_213' title='bbox 2957 1294 3097 1345; x_wconf 90' lang='lat' dir='ltr'><strong>esse,</strong></span> <span class='ocrx_word' id='word_1_214' title='bbox 3127 1281 3360 1336; x_wconf 83' lang='lat' dir='ltr'><strong>maxime</strong></span> <span class='ocrx_word' id='word_1_215' title='bbox 3395 1297 3517 1336; x_wconf 91' lang='lat' dir='ltr'><strong>cum</strong></span> <span class='ocrx_word' id='word_1_216' title='bbox 3546 1282 3615 1338; x_wconf 84' lang='lat' dir='ltr'><strong>de</strong></span> <span class='ocrx_word' id='word_1_217' title='bbox 3642 1283 3802 1338; x_wconf 85' lang='lat' dir='ltr'><strong>Patre</strong></span> <span class='ocrx_word' id='word_1_218' title='bbox 3842 1294 3898 1339; x_wconf 91' lang='lat' dir='ltr'><strong>et</strong></span> 
     </span>
    </p>
   </div>
   <div class='ocr_carea' id='block_1_28' title="bbox 2299 1365 3896 1445">
    <p class='ocr_par' dir='ltr' id='par_1_28' title="bbox 2299 1365 3896 1445">
     <span class='ocr_line' id='line_1_28' title="bbox 2299 1365 3896 1445; baseline 0.008 -25"><span class='ocrx_word' id='word_1_219' title='bbox 2299 1365 2436 1420; x_wconf 88' lang='lat' dir='ltr'><strong>Filio</strong></span> <span class='ocrx_word' id='word_1_220' title='bbox 2465 1377 2518 1422; x_wconf 91' lang='lat' dir='ltr'><strong>et</strong></span> <span class='ocrx_word' id='word_1_221' title='bbox 2540 1366 2744 1436; x_wconf 89' lang='lat' dir='ltr'><strong>Spiritu</strong></span> <span class='ocrx_word' id='word_1_222' title='bbox 2773 1379 2959 1426; x_wconf 88' lang='lat' dir='ltr'><strong>sancto</strong></span> <span class='ocrx_word' id='word_1_223' title='bbox 2989 1371 3060 1425; x_wconf 87' lang='lat' dir='ltr'><strong>ita</strong></span> <span class='ocrx_word' id='word_1_224' title='bbox 3087 1373 3321 1428; x_wconf 89' lang='lat' dir='ltr'><strong>senserit</strong></span> <span class='ocrx_word' id='word_1_225' title='bbox 3343 1374 3697 1445; x_wconf 79' lang='lat' dir='ltr'><strong>signiﬁcatam</strong></span> <span class='ocrx_word' id='word_1_226' title='bbox 3728 1377 3776 1431; x_wconf 93' lang='lat' dir='ltr'><strong>iu</strong></span> <span class='ocrx_word' id='word_1_227' title='bbox 3804 1393 3896 1432; x_wconf 90' lang='lat' dir='ltr'><strong>no-</strong></span> 
     </span>
    </p>
   </div>
   <div class='ocr_carea' id='block_1_29' title="bbox 2299 1458 3897 1535">
    <p class='ocr_par' dir='ltr' id='par_1_29' title="bbox 2299 1458 3897 1535">
     <span class='ocr_line' id='line_1_29' title="bbox 2299 1458 3897 1535; baseline 0.006 -23"><span class='ocrx_word' id='word_1_228' title='bbox 2299 1458 2534 1514; x_wconf 87' lang='lat' dir='ltr'><strong>minibus</strong></span> <span class='ocrx_word' id='word_1_229' title='bbox 2557 1460 2818 1530; x_wconf 81' lang='lat' dir='ltr'><strong>prOpriam</strong></span> <span class='ocrx_word' id='word_1_230' title='bbox 2840 1463 3239 1535; x_wconf 76' lang='lat' dir='ltr'><strong>uniuscujusque</strong></span> <span class='ocrx_word' id='word_1_231' title='bbox 3259 1466 3635 1520; x_wconf 89' lang='lat' dir='ltr'><strong>nominatorum</strong></span> <span class='ocrx_word' id='word_1_232' title='bbox 3662 1467 3897 1521; x_wconf 86' lang='lat' dir='ltr'><strong>substan-</strong></span> 
     </span>
    </p>
   </div>
   <div class='ocr_carea' id='block_1_30' title="bbox 2301 1553 3902 1630">
    <p class='ocr_par' dir='ltr' id='par_1_30' title="bbox 2301 1553 3902 1630">
     <span class='ocr_line' id='line_1_30' title="bbox 2301 1553 3902 1630; baseline 0.006 -24"><span class='ocrx_word' id='word_1_233' title='bbox 2301 1553 2424 1606; x_wconf 90' lang='lat' dir='ltr'><strong>tiam</strong></span> <span class='ocrx_word' id='word_1_234' title='bbox 2451 1563 2497 1608; x_wconf 88' lang='lat' dir='ltr'><strong>et</strong></span> <span class='ocrx_word' id='word_1_235' title='bbox 2525 1555 2755 1608; x_wconf 76' lang='lat' dir='ltr'><strong>ordinem</strong></span> <span class='ocrx_word' id='word_1_236' title='bbox 2781 1565 2824 1609; x_wconf 90' lang='lat' dir='ltr'><strong>et</strong></span> <span class='ocrx_word' id='word_1_237' title='bbox 2853 1556 3093 1628; x_wconf 83' lang='lat' dir='ltr'><strong>gloriam,</strong></span> <span class='ocrx_word' id='word_1_238' title='bbox 3120 1568 3175 1611; x_wconf 90' lang='lat' dir='ltr'><strong>ut</strong></span> <span class='ocrx_word' id='word_1_239' title='bbox 3199 1560 3300 1612; x_wconf 89' lang='lat' dir='ltr'><strong>sint</strong></span> <span class='ocrx_word' id='word_1_240' title='bbox 3318 1559 3522 1629; x_wconf 84' lang='lat' dir='ltr'><strong>quidem</strong></span> <span class='ocrx_word' id='word_1_241' title='bbox 3551 1575 3640 1630; x_wconf 88' lang='lat' dir='ltr'><strong>per</strong></span> <span class='ocrx_word' id='word_1_242' title='bbox 3667 1559 3902 1616; x_wconf 85' lang='lat' dir='ltr'><strong>substan-</strong></span> 
     </span>
    </p>
   </div>
   <div class='ocr_carea' id='block_1_31' title="bbox 2302 1645 3465 1716">
    <p class='ocr_par' dir='ltr' id='par_1_31' title="bbox 2302 1645 3465 1716">
     <span class='ocr_line' id='line_1_31' title="bbox 2302 1645 3465 1716; baseline 0.007 -20"><span class='ocrx_word' id='word_1_243' title='bbox 2302 1645 2426 1697; x_wconf 87' lang='lat' dir='ltr'><strong>tiam</strong></span> <span class='ocrx_word' id='word_1_244' title='bbox 2452 1645 2572 1711; x_wconf 86' lang='lat' dir='ltr'><strong>tria,</strong></span> <span class='ocrx_word' id='word_1_245' title='bbox 2602 1661 2693 1716; x_wconf 87' lang='lat' dir='ltr'><strong>per</strong></span> <span class='ocrx_word' id='word_1_246' title='bbox 2722 1648 3114 1702; x_wconf 87' lang='lat' dir='ltr'><strong>consonantiam</strong></span> <span class='ocrx_word' id='word_1_247' title='bbox 3144 1665 3260 1704; x_wconf 86' lang='lat' dir='ltr'><strong>vero</strong></span> <span class='ocrx_word' id='word_1_248' title='bbox 3288 1667 3465 1705; x_wconf 86' lang='lat' dir='ltr'><strong>unum.</strong></span> 
     </span>
    </p>
   </div>
   <div class='ocr_carea' id='block_1_32' title="bbox 2375 1736 3899 1820">
    <p class='ocr_par' dir='ltr' id='par_1_32' title="bbox 2375 1736 3899 1820">
     <span class='ocr_line' id='line_1_32' title="bbox 2375 1736 3899 1820; baseline 0.007 -29"><span class='ocrx_word' id='word_1_249' title='bbox 2375 1737 2463 1791; x_wconf 79' lang='lat'><strong>5‘2.</strong></span> <span class='ocrx_word' id='word_1_250' title='bbox 2496 1736 2790 1792; x_wconf 75' lang='lat' dir='ltr'><strong>Excusatur</strong></span> <span class='ocrx_word' id='word_1_251' title='bbox 2829 1756 2893 1794; x_wconf 79' lang='lat' dir='ltr'><strong>ea;</strong></span> <span class='ocrx_word' id='word_1_252' title='bbox 2922 1757 3078 1813; x_wconf 86' lang='lat' dir='ltr'><strong>scopo</strong></span> <span class='ocrx_word' id='word_1_253' title='bbox 3108 1743 3330 1797; x_wconf 77' lang='lat' dir='ltr'><strong>concilii.</strong></span> <span class='ocrx_word' id='word_1_254' title='bbox 3357 1743 3588 1800; x_wconf 75' lang='lat' dir='ltr'><strong>[Iwresis</strong></span> <span class='ocrx_word' id='word_1_255' title='bbox 3624 1762 3753 1801; x_wconf 83' lang='lat' dir='ltr'><strong>nova</strong></span> <span class='ocrx_word' id='word_1_256' title='bbox 3788 1756 3899 1820; x_wconf 86' lang='lat' dir='ltr'><strong>post</strong></span> 
     </span>
    </p>
   </div>
   <div class='ocr_carea' id='block_1_33' title="bbox 593 1827 3900 1914">
    <p class='ocr_par' dir='ltr' id='par_1_33' title="bbox 593 1827 3900 1914">
     <span class='ocr_line' id='line_1_33' title="bbox 593 1827 3900 1914; baseline 0 -18"><span class='ocrx_word' id='word_1_257' title='bbox 593 1843 680 1913; x_wconf 93' lang='lat' dir='ltr'><strong>qui</strong></span> <span class='ocrx_word' id='word_1_258' title='bbox 710 1842 761 1896; x_wconf 91' lang='lat' dir='ltr'><strong>in</strong></span> <span class='ocrx_word' id='word_1_259' title='bbox 788 1839 1086 1911; x_wconf 88' lang='lat' dir='ltr'><strong>paraclcsin</strong></span> <span class='ocrx_word' id='word_1_260' title='bbox 1110 1846 1165 1893; x_wconf 91' lang='lat' dir='ltr'><strong>et</strong></span> <span class='ocrx_word' id='word_1_261' title='bbox 1190 1835 1672 1892; x_wconf 82' lang='lat' dir='ltr'><strong>sanctiﬁcationem</strong></span> <span class='ocrx_word' id='word_1_262' title='bbox 1703 1840 1758 1888; x_wconf 90' lang='lat' dir='ltr'><strong>et</strong></span> <span class='ocrx_word' id='word_1_263' title='bbox 1778 1832 2195 1888; x_wconf 86' lang='lat' dir='ltr'><strong>consummatio—</strong></span> <span class='ocrx_word' id='word_1_264' title='bbox 2229 1854 2274 1914; x_wconf 78' lang='grc' dir='ltr'><strong>Β</strong></span> <span class='ocrx_word' id='word_1_265' title='bbox 2305 1827 2572 1884; x_wconf 66' lang='lat' dir='ltr'><strong>Nicaznam</strong></span> <span class='ocrx_word' id='word_1_266' title='bbox 2596 1832 2872 1901; x_wconf 84' lang='lat' dir='ltr'><strong>synodum.</strong></span> <span class='ocrx_word' id='word_1_267' title='bbox 2900 1831 3169 1890; x_wconf 77' lang='lat' dir='ltr'><strong>Trinitatis</strong></span> <span class='ocrx_word' id='word_1_268' title='bbox 3190 1837 3490 1892; x_wconf 77' lang='lat' dir='ltr'><strong>substantitv</strong></span> <span class='ocrx_word' id='word_1_269' title='bbox 3523 1848 3622 1894; x_wconf 87' lang='lat' dir='ltr'><strong>tres</strong></span> <span class='ocrx_word' id='word_1_270' title='bbox 3645 1841 3732 1911; x_wconf 89' lang='lat' dir='ltr'><strong>qui</strong></span> <span class='ocrx_word' id='word_1_271' title='bbox 3759 1843 3900 1912; x_wconf 79' lang='lat' dir='ltr'><strong>apud</strong></span> 
     </span>
    </p>
   </div>
   <div class='ocr_carea' id='block_1_34' title="bbox 599 1925 2195 1998">
    <p class='ocr_par' dir='ltr' id='par_1_34' title="bbox 599 1925 2195 1998">
     <span class='ocr_line' id='line_1_34' title="bbox 599 1925 2195 1998; baseline -0.007 -10"><span class='ocrx_word' id='word_1_272' title='bbox 599 1951 719 1990; x_wconf 90' lang='lat' dir='ltr'><strong>nem</strong></span> <span class='ocrx_word' id='word_1_273' title='bbox 751 1933 1097 1990; x_wconf 88' lang='lat' dir='ltr'><strong>credentibus</strong></span> <span class='ocrx_word' id='word_1_274' title='bbox 1132 1931 1291 1985; x_wconf 90' lang='lat' dir='ltr'><strong>datus</strong></span> <span class='ocrx_word' id='word_1_275' title='bbox 1325 1939 1428 1996; x_wconf 89' lang='lat' dir='ltr'><strong>est,</strong></span> <span class='ocrx_word' id='word_1_276' title='bbox 1459 1929 1616 1998; x_wconf 75' lang='lat' dir='ltr'><strong>juxta</strong></span> <span class='ocrx_word' id='word_1_277' title='bbox 1657 1925 1799 1997; x_wconf 90' lang='lat' dir='ltr'><strong>quod</strong></span> <span class='ocrx_word' id='word_1_278' title='bbox 1843 1934 1898 1982; x_wconf 88' lang='lat' dir='ltr'><strong>et</strong></span> <span class='ocrx_word' id='word_1_279' title='bbox 1937 1925 2195 1980; x_wconf 89' lang='lat' dir='ltr'><strong>Dominus</strong></span> 
     </span>
    </p>
   </div>
   <div class='ocr_carea' id='block_1_35' title="bbox 595 2014 2196 2094">
    <p class='ocr_par' dir='ltr' id='par_1_35' title="bbox 595 2014 2196 2094">
     <span class='ocr_line' id='line_1_35' title="bbox 595 2014 2196 2094; baseline -0.01 -12"><span class='ocrx_word' id='word_1_280' title='bbox 595 2028 753 2084; x_wconf 84' lang='lat' dir='ltr'><strong>.lesus</strong></span> <span class='ocrx_word' id='word_1_281' title='bbox 777 2026 1026 2082; x_wconf 89' lang='lat' dir='ltr'><strong>Christus</strong></span> <span class='ocrx_word' id='word_1_282' title='bbox 1055 2022 1324 2078; x_wconf 84' lang='lat' dir='ltr'><strong>ordinavit</strong></span> <span class='ocrx_word' id='word_1_283' title='bbox 1362 2019 1431 2094; x_wconf 81' lang='grc' dir='ltr'><strong>(ε)</strong></span> <span class='ocrx_word' id='word_1_284' title='bbox 1474 2019 1772 2089; x_wconf 89' lang='lat' dir='ltr'><strong>discipulos</strong></span> <span class='ocrx_word' id='word_1_285' title='bbox 1800 2017 1989 2072; x_wconf 89' lang='lat' dir='ltr'><strong>dicens</strong></span> <span class='ocrx_word' id='word_1_286' title='bbox 2022 2034 2033 2068; x_wconf 91' lang='lat'>:</span> <span class='ocrx_word' id='word_1_287' title='bbox 2062 2014 2196 2070; x_wconf 90' lang='lat' dir='ltr'><strong>Per-</strong></span> 
     </span>
    </p>
   </div>
   <div class='ocr_carea' id='block_1_36' title="bbox 598 2111 2199 2189">
    <p class='ocr_par' dir='ltr' id='par_1_36' title="bbox 598 2111 2199 2189">
     <span class='ocr_line' id='line_1_36' title="bbox 598 2111 2199 2189; baseline -0.007 -15"><span class='ocrx_word' id='word_1_288' title='bbox 598 2122 718 2189; x_wconf 73' lang='lat' dir='ltr'><strong>gite,</strong></span> <span class='ocrx_word' id='word_1_289' title='bbox 751 2131 800 2175; x_wconf 91' lang='lat' dir='ltr'><strong>et</strong></span> <span class='ocrx_word' id='word_1_290' title='bbox 831 2121 1005 2175; x_wconf 83' lang='lat' dir='ltr'><strong>docete</strong></span> <span class='ocrx_word' id='word_1_291' title='bbox 1046 2119 1308 2172; x_wconf 87' lang='lat' dir='ltr'><strong>universas</strong></span> <span class='ocrx_word' id='word_1_292' title='bbox 1331 2124 1532 2187; x_wconf 83' lang='lat' dir='ltr'><strong>gentes,</strong></span> <span class='ocrx_word' id='word_1_293' title='bbox 1566 2114 1878 2185; x_wconf 80' lang='lat' dir='ltr'><strong>baptizantes</strong></span> <span class='ocrx_word' id='word_1_294' title='bbox 1909 2128 1993 2165; x_wconf 90' lang='lat' dir='ltr'><strong>eos</strong></span> <span class='ocrx_word' id='word_1_295' title='bbox 2029 2111 2081 2163; x_wconf 89' lang='lat' dir='ltr'><strong>in</strong></span> <span class='ocrx_word' id='word_1_296' title='bbox 2109 2127 2199 2164; x_wconf 85' lang='lat' dir='ltr'><strong>uo-</strong></span> 
     </span>
    </p>
   </div>
   <div class='ocr_carea' id='block_1_37' title="bbox 603 2204 2197 2282">
    <p class='ocr_par' dir='ltr' id='par_1_37' title="bbox 603 2204 2197 2282">
     <span class='ocr_line' id='line_1_37' title="bbox 603 2204 2197 2282; baseline -0.007 -14"><span class='ocrx_word' id='word_1_297' title='bbox 603 2216 737 2270; x_wconf 87' lang='lat' dir='ltr'><strong>mine</strong></span> <span class='ocrx_word' id='word_1_298' title='bbox 776 2215 952 2269; x_wconf 85' lang='lat' dir='ltr'><strong>Patris</strong></span> <span class='ocrx_word' id='word_1_299' title='bbox 977 2223 1025 2266; x_wconf 92' lang='lat' dir='ltr'><strong>et</strong></span> <span class='ocrx_word' id='word_1_300' title='bbox 1051 2211 1178 2265; x_wconf 80' lang='lat' dir='ltr'><strong>Filii</strong></span> <span class='ocrx_word' id='word_1_301' title='bbox 1207 2221 1253 2265; x_wconf 90' lang='lat' dir='ltr'><strong>et</strong></span> <span class='ocrx_word' id='word_1_302' title='bbox 1305 2210 1534 2282; x_wconf 85' lang='lat' dir='ltr'><strong>Spiritus</strong></span> <span class='ocrx_word' id='word_1_303' title='bbox 1563 2213 1729 2262; x_wconf 76' lang='lat' dir='ltr'><strong>sancti</strong></span> <span class='ocrx_word' id='word_1_304' title='bbox 1760 2204 1977 2278; x_wconf 83' lang='lat' dir='ltr'><strong>(Matth.</strong></span> <span class='ocrx_word' id='word_1_305' title='bbox 2004 2219 2197 2266; x_wconf 75' lang='lat' dir='ltr'><strong>xxvm,</strong></span> 
     </span>
    </p>
   </div>
   <div class='ocr_carea' id='block_1_38' title="bbox 606 2297 2203 2379">
    <p class='ocr_par' dir='ltr' id='par_1_38' title="bbox 606 2297 2203 2379">
     <span class='ocr_line' id='line_1_38' title="bbox 606 2297 2203 2379; baseline -0.008 -17"><span class='ocrx_word' id='word_1_306' title='bbox 606 2307 693 2379; x_wconf 78' lang='lat' dir='ltr'><strong>t9)</strong></span> <span class='ocrx_word' id='word_1_307' title='bbox 722 2326 735 2363; x_wconf 89' lang='lat'><strong>:</strong></span> <span class='ocrx_word' id='word_1_308' title='bbox 768 2307 838 2379; x_wconf 78' lang='grc' dir='ltr'><strong>(ι’)</strong></span> <span class='ocrx_word' id='word_1_309' title='bbox 869 2305 1151 2360; x_wconf 79' lang='lat' dir='ltr'><strong>manifeste</strong></span> <span class='ocrx_word' id='word_1_310' title='bbox 1182 2303 1369 2373; x_wconf 91' lang='lat' dir='ltr'><strong>utique</strong></span> <span class='ocrx_word' id='word_1_311' title='bbox 1395 2301 1571 2356; x_wconf 83' lang='lat' dir='ltr'><strong>Patris</strong></span> <span class='ocrx_word' id='word_1_312' title='bbox 1594 2313 1722 2355; x_wconf 86' lang='lat' dir='ltr'><strong>vere</strong></span> <span class='ocrx_word' id='word_1_313' title='bbox 1749 2297 1939 2369; x_wconf 87' lang='lat' dir='ltr'><strong>patris,</strong></span> <span class='ocrx_word' id='word_1_314' title='bbox 1970 2305 2203 2352; x_wconf 86' lang='lat' dir='ltr'><strong>certum-</strong></span> 
     </span>
    </p>
   </div>
   <div class='ocr_carea' id='block_1_39' title="bbox 601 2390 2204 2468">
    <p class='ocr_par' dir='ltr' id='par_1_39' title="bbox 601 2390 2204 2468">
     <span class='ocr_line' id='line_1_39' title="bbox 601 2390 2204 2468; baseline -0.004 -18"><span class='ocrx_word' id='word_1_315' title='bbox 601 2414 706 2468; x_wconf 89' lang='lat' dir='ltr'><strong>que</strong></span> <span class='ocrx_word' id='word_1_316' title='bbox 736 2398 858 2453; x_wconf 91' lang='lat' dir='ltr'><strong>Filii</strong></span> <span class='ocrx_word' id='word_1_317' title='bbox 896 2413 1026 2452; x_wconf 84' lang='lat' dir='ltr'><strong>vere</strong></span> <span class='ocrx_word' id='word_1_318' title='bbox 1068 2396 1184 2464; x_wconf 84' lang='lat' dir='ltr'><strong>ﬁlii,</strong></span> <span class='ocrx_word' id='word_1_319' title='bbox 1225 2405 1278 2451; x_wconf 90' lang='lat' dir='ltr'><strong>et</strong></span> <span class='ocrx_word' id='word_1_320' title='bbox 1319 2393 1557 2464; x_wconf 89' lang='lat' dir='ltr'><strong>Spiritus</strong></span> <span class='ocrx_word' id='word_1_321' title='bbox 1601 2393 1774 2447; x_wconf 86' lang='lat' dir='ltr'><strong>sancti</strong></span> <span class='ocrx_word' id='word_1_322' title='bbox 1815 2405 1944 2446; x_wconf 80' lang='lat' dir='ltr'><strong>vere</strong></span> <span class='ocrx_word' id='word_1_323' title='bbox 1981 2390 2204 2461; x_wconf 88' lang='lat' dir='ltr'><strong>spiritus</strong></span> 
     </span>
    </p>
   </div>
   <div class='ocr_carea' id='block_1_40' title="bbox 602 2482 2206 2558">
    <p class='ocr_par' dir='ltr' id='par_1_40' title="bbox 602 2482 2206 2558">
     <span class='ocr_line' id='line_1_40' title="bbox 602 2482 2206 2558; baseline -0.004 -14"><span class='ocrx_word' id='word_1_324' title='bbox 602 2489 811 2555; x_wconf 86' lang='lat' dir='ltr'><strong>sancti;</strong></span> <span class='ocrx_word' id='word_1_325' title='bbox 867 2486 1061 2558; x_wconf 89' lang='lat' dir='ltr'><strong>hisque</strong></span> <span class='ocrx_word' id='word_1_326' title='bbox 1115 2484 1425 2541; x_wconf 86' lang='lat' dir='ltr'><strong>nominibus</strong></span> <span class='ocrx_word' id='word_1_327' title='bbox 1487 2500 1596 2540; x_wconf 93' lang='lat' dir='ltr'><strong>non</strong></span> <span class='ocrx_word' id='word_1_328' title='bbox 1657 2482 1974 2553; x_wconf 88' lang='lat' dir='ltr'><strong>simpliciter</strong></span> <span class='ocrx_word' id='word_1_329' title='bbox 2029 2497 2206 2552; x_wconf 88' lang='lat' dir='ltr'><strong>neque</strong></span> 
     </span>
    </p>
   </div>
   <div class='ocr_carea' id='block_1_41' title="bbox 600 2577 2204 2651">
    <p class='ocr_par' dir='ltr' id='par_1_41' title="bbox 600 2577 2204 2651">
     <span class='ocr_line' id='line_1_41' title="bbox 600 2577 2204 2651; baseline -0.003 -15"><span class='ocrx_word' id='word_1_330' title='bbox 600 2581 777 2636; x_wconf 89' lang='lat' dir='ltr'><strong>otiose</strong></span> <span class='ocrx_word' id='word_1_331' title='bbox 806 2580 1122 2651; x_wconf 89' lang='lat' dir='ltr'><strong>propositis,</strong></span> <span class='ocrx_word' id='word_1_332' title='bbox 1165 2579 1258 2634; x_wconf 87' lang='lat' dir='ltr'><strong>sed</strong></span> <span class='ocrx_word' id='word_1_333' title='bbox 1298 2578 1730 2650; x_wconf 79' lang='lat' dir='ltr'><strong>signiﬁcantibus</strong></span> <span class='ocrx_word' id='word_1_334' title='bbox 1760 2577 2051 2646; x_wconf 84' lang='lat' dir='ltr'><strong>diligenter</strong></span> <span class='ocrx_word' id='word_1_335' title='bbox 2076 2591 2204 2646; x_wconf 86' lang='lat' dir='ltr'><strong>pro-</strong></span> 
     </span>
    </p>
   </div>
   <div class='ocr_carea' id='block_1_42' title="bbox 603 2669 2209 2746">
    <p class='ocr_par' dir='ltr' id='par_1_42' title="bbox 603 2669 2209 2746">
     <span class='ocr_line' id='line_1_42' title="bbox 603 2669 2209 2746; baseline -0.004 -17"><span class='ocrx_word' id='word_1_336' title='bbox 603 2673 776 2746; x_wconf 90' lang='lat' dir='ltr'><strong>priam</strong></span> <span class='ocrx_word' id='word_1_337' title='bbox 817 2673 1245 2744; x_wconf 85' lang='lat' dir='ltr'><strong>uniuscujusque</strong></span> <span class='ocrx_word' id='word_1_338' title='bbox 1292 2673 1693 2726; x_wconf 86' lang='lat' dir='ltr'><strong>nominatorutn</strong></span> <span class='ocrx_word' id='word_1_339' title='bbox 1743 2669 2102 2726; x_wconf 69' lang='lat' dir='ltr'><strong>substantiam</strong></span> <span class='ocrx_word' id='word_1_340' title='bbox 2154 2678 2209 2725; x_wconf 73' lang='lat' dir='ltr'><strong>et.</strong></span> 
     </span>
    </p>
   </div>
   <div class='ocr_carea' id='block_1_43' title="bbox 604 2763 2210 2836">
    <p class='ocr_par' dir='ltr' id='par_1_43' title="bbox 604 2763 2210 2836">
     <span class='ocr_line' id='line_1_43' title="bbox 604 2763 2210 2836; baseline -0.005 -13"><span class='ocrx_word' id='word_1_341' title='bbox 604 2767 847 2822; x_wconf 90' lang='lat' dir='ltr'><strong>ordinem</strong></span> <span class='ocrx_word' id='word_1_342' title='bbox 878 2776 932 2822; x_wconf 91' lang='lat' dir='ltr'><strong>et</strong></span> <span class='ocrx_word' id='word_1_343' title='bbox 970 2765 1220 2836; x_wconf 88' lang='lat' dir='ltr'><strong>gloriam,</strong></span> <span class='ocrx_word' id='word_1_344' title='bbox 1260 2765 1338 2836; x_wconf 78' lang='lat' dir='ltr'><strong>(g)</strong></span> <span class='ocrx_word' id='word_1_345' title='bbox 1365 2774 1423 2819; x_wconf 93' lang='lat' dir='ltr'><strong>ut</strong></span> <span class='ocrx_word' id='word_1_346' title='bbox 1451 2765 1559 2819; x_wconf 91' lang='lat' dir='ltr'><strong>sint</strong></span> <span class='ocrx_word' id='word_1_347' title='bbox 1588 2763 1807 2833; x_wconf 88' lang='lat' dir='ltr'><strong>quidem</strong></span> <span class='ocrx_word' id='word_1_348' title='bbox 1836 2779 1932 2834; x_wconf 92' lang='lat' dir='ltr'><strong>per</strong></span> <span class='ocrx_word' id='word_1_349' title='bbox 1957 2763 2210 2818; x_wconf 91' lang='lat' dir='ltr'><strong>substan-</strong></span> 
     </span>
    </p>
   </div>
   <div class='ocr_carea' id='block_1_44' title="bbox 609 2858 1838 2928">
    <p class='ocr_par' dir='ltr' id='par_1_44' title="bbox 609 2858 1838 2928">
     <span class='ocr_line' id='line_1_44' title="bbox 609 2858 1838 2928; baseline -0.003 -14"><span class='ocrx_word' id='word_1_350' title='bbox 609 2861 739 2915; x_wconf 88' lang='lat' dir='ltr'><strong>tiam</strong></span> <span class='ocrx_word' id='word_1_351' title='bbox 770 2860 896 2924; x_wconf 86' lang='lat' dir='ltr'><strong>tria,</strong></span> <span class='ocrx_word' id='word_1_352' title='bbox 929 2874 1028 2928; x_wconf 89' lang='lat' dir='ltr'><strong>per</strong></span> <span class='ocrx_word' id='word_1_353' title='bbox 1058 2858 1468 2914; x_wconf 86' lang='lat' dir='ltr'><strong>consonantiam</strong></span> <span class='ocrx_word' id='word_1_354' title='bbox 1497 2873 1628 2913; x_wconf 88' lang='lat' dir='ltr'><strong>vero</strong></span> <span class='ocrx_word' id='word_1_355' title='bbox 1653 2873 1838 2912; x_wconf 91' lang='lat' dir='ltr'><strong>unum.</strong></span> 
     </span>
    </p>
   </div>
   <div class='ocr_carea' id='block_1_45' title="bbox 682 2949 2214 3021">
    <p class='ocr_par' dir='ltr' id='par_1_45' title="bbox 682 2949 2214 3021">
     <span class='ocr_line' id='line_1_45' title="bbox 682 2949 2214 3021; baseline -0.002 -15"><span class='ocrx_word' id='word_1_356' title='bbox 682 2950 774 3006; x_wconf 84' lang='grc'><strong>50.</strong></span> <span class='ocrx_word' id='word_1_357' title='bbox 807 2970 827 3003; x_wconf 85' lang='grc'><strong>‹</strong></span> <span class='ocrx_word' id='word_1_358' title='bbox 877 2950 1029 3006; x_wconf 87' lang='lat' dir='ltr'><strong>Hanc</strong></span> <span class='ocrx_word' id='word_1_359' title='bbox 1058 2966 1190 3021; x_wconf 80' lang='lat' dir='ltr'><strong>ergo</strong></span> <span class='ocrx_word' id='word_1_360' title='bbox 1232 2949 1496 3006; x_wconf 85' lang='lat' dir='ltr'><strong>habentes</strong></span> <span class='ocrx_word' id='word_1_361' title='bbox 1541 2949 1724 3018; x_wconf 85' lang='lat' dir='ltr'><strong>tidem,</strong></span> <span class='ocrx_word' id='word_1_362' title='bbox 1765 2959 1819 3005; x_wconf 91' lang='lat' dir='ltr'><strong>et</strong></span> <span class='ocrx_word' id='word_1_363' title='bbox 1858 2950 1926 3004; x_wconf 90' lang='lat' dir='ltr'><strong>ab</strong></span> <span class='ocrx_word' id='word_1_364' title='bbox 1968 2950 2121 3006; x_wconf 88' lang='lat' dir='ltr'><strong>initio</strong></span> <span class='ocrx_word' id='word_1_365' title='bbox 2156 2957 2214 3004; x_wconf 89' lang='lat' dir='ltr'><strong>et</strong></span> 
     </span>
    </p>
   </div>
   <div class='ocr_carea' id='block_1_46' title="bbox 605 3044 2203 3114">
    <p class='ocr_par' dir='ltr' id='par_1_46' title="bbox 605 3044 2203 3114">
     <span class='ocr_line' id='line_1_46' title="bbox 605 3044 2203 3114; baseline -0.001 -14"><span class='ocrx_word' id='word_1_366' title='bbox 605 3059 776 3114; x_wconf 89' lang='lat' dir='ltr'><strong>usque</strong></span> <span class='ocrx_word' id='word_1_367' title='bbox 797 3045 852 3099; x_wconf 90' lang='lat' dir='ltr'><strong>in</strong></span> <span class='ocrx_word' id='word_1_368' title='bbox 882 3044 1046 3100; x_wconf 85' lang='lat' dir='ltr'><strong>ﬁnem</strong></span> <span class='ocrx_word' id='word_1_369' title='bbox 1072 3044 1312 3103; x_wconf 88' lang='lat' dir='ltr'><strong>habituri</strong></span> <span class='ocrx_word' id='word_1_370' title='bbox 1335 3046 1388 3100; x_wconf 92' lang='lat' dir='ltr'><strong>iu</strong></span> <span class='ocrx_word' id='word_1_371' title='bbox 1413 3054 1706 3114; x_wconf 91' lang='lat' dir='ltr'><strong>conspectu</strong></span> <span class='ocrx_word' id='word_1_372' title='bbox 1752 3044 1846 3100; x_wconf 92' lang='lat' dir='ltr'><strong>Dei</strong></span> <span class='ocrx_word' id='word_1_373' title='bbox 1885 3053 1940 3100; x_wconf 92' lang='lat' dir='ltr'><strong>et</strong></span> <span class='ocrx_word' id='word_1_374' title='bbox 1978 3044 2203 3112; x_wconf 76' lang='lat' dir='ltr'><strong>Christi,</strong></span> 
     </span>
    </p>
   </div>
   <div class='ocr_carea' id='block_1_47' title="bbox 605 3137 2211 3207">
    <p class='ocr_par' dir='ltr' id='par_1_47' title="bbox 605 3137 2211 3207">
     <span class='ocr_line' id='line_1_47' title="bbox 605 3137 2211 3207; baseline 0 -15"><span class='ocrx_word' id='word_1_375' title='bbox 605 3151 822 3193; x_wconf 90' lang='lat' dir='ltr'><strong>omnem</strong></span> <span class='ocrx_word' id='word_1_376' title='bbox 855 3138 1164 3193; x_wconf 71' lang='lat' dir='ltr'><strong>haereticam</strong></span> <span class='ocrx_word' id='word_1_377' title='bbox 1203 3148 1259 3194; x_wconf 89' lang='lat' dir='ltr'><strong>et</strong></span> <span class='ocrx_word' id='word_1_378' title='bbox 1287 3154 1510 3207; x_wconf 86' lang='lat' dir='ltr'><strong>pravam</strong></span> <span class='ocrx_word' id='word_1_379' title='bbox 1539 3145 1742 3194; x_wconf 89' lang='lat' dir='ltr'><strong>sectam</strong></span> <span class='ocrx_word' id='word_1_380' title='bbox 1783 3137 2211 3194; x_wconf 86' lang='lat' dir='ltr'><strong>anathematiza-</strong></span> 
     </span>
    </p>
   </div>
   <div class='ocr_carea' id='block_1_48' title="bbox 2307 1920 3899 2000">
    <p class='ocr_par' dir='ltr' id='par_1_48' title="bbox 2307 1920 3899 2000">
     <span class='ocr_line' id='line_1_48' title="bbox 2307 1920 3899 2000; baseline 0.009 -27"><span class='ocrx_word' id='word_1_381' title='bbox 2307 1920 2593 1976; x_wconf 84' lang='lat' dir='ltr'><strong>Orientales</strong></span> <span class='ocrx_word' id='word_1_382' title='bbox 2614 1934 2746 1977; x_wconf 82' lang='lat' dir='ltr'><strong>recte</strong></span> <span class='ocrx_word' id='word_1_383' title='bbox 2773 1925 3031 1978; x_wconf 87' lang='lat' dir='ltr'><strong>dicantur.</strong></span> <span class='ocrx_word' id='word_1_384' title='bbox 3049 1957 3120 1967; x_wconf 95' lang='lat'><strong>—</strong></span> <span class='ocrx_word' id='word_1_385' title='bbox 3145 1927 3214 1982; x_wconf 87' lang='lat' dir='ltr'><strong>Et</strong></span> <span class='ocrx_word' id='word_1_386' title='bbox 3240 1931 3469 1999; x_wconf 87' lang='lat' dir='ltr'><strong>primum</strong></span> <span class='ocrx_word' id='word_1_387' title='bbox 3493 1931 3772 1986; x_wconf 90' lang='lat' dir='ltr'><strong>sciendum</strong></span> <span class='ocrx_word' id='word_1_388' title='bbox 3794 1945 3899 2000; x_wconf 90' lang='lat' dir='ltr'><strong>est,</strong></span> 
     </span>
    </p>
   </div>
   <div class='ocr_carea' id='block_1_49' title="bbox 2304 2014 3901 2090">
    <p class='ocr_par' dir='ltr' id='par_1_49' title="bbox 2304 2014 3901 2090">
     <span class='ocr_line' id='line_1_49' title="bbox 2304 2014 3901 2090; baseline 0.006 -23"><span class='ocrx_word' id='word_1_389' title='bbox 2304 2030 2409 2068; x_wconf 91' lang='lat' dir='ltr'><strong>non</strong></span> <span class='ocrx_word' id='word_1_390' title='bbox 2455 2014 2740 2070; x_wconf 85' lang='lat' dir='ltr'><strong>adversum</strong></span> <span class='ocrx_word' id='word_1_391' title='bbox 2783 2015 3056 2084; x_wconf 70' lang='lat' dir='ltr'><strong>haeresim,</strong></span> <span class='ocrx_word' id='word_1_392' title='bbox 3099 2036 3218 2090; x_wconf 73' lang='lat' dir='ltr'><strong>qua)</strong></span> <span class='ocrx_word' id='word_1_393' title='bbox 3264 2019 3546 2076; x_wconf 87' lang='lat' dir='ltr'><strong>dissimilis</strong></span> <span class='ocrx_word' id='word_1_394' title='bbox 3587 2023 3901 2078; x_wconf 64' lang='lat' dir='ltr'><strong>substantizr</strong></span> 
     </span>
    </p>
   </div>
   <div class='ocr_carea' id='block_1_50' title="bbox 2306 2107 3904 2183">
    <p class='ocr_par' dir='ltr' id='par_1_50' title="bbox 2306 2107 3904 2183">
     <span class='ocr_line' id='line_1_50' title="bbox 2306 2107 3904 2183; baseline 0.005 -21"><span class='ocrx_word' id='word_1_395' title='bbox 2306 2107 2521 2162; x_wconf 91' lang='lat' dir='ltr'><strong>Patrem</strong></span> <span class='ocrx_word' id='word_1_396' title='bbox 2567 2122 2616 2163; x_wconf 91' lang='lat' dir='ltr'><strong>et</strong></span> <span class='ocrx_word' id='word_1_397' title='bbox 2650 2108 2847 2164; x_wconf 86' lang='lat' dir='ltr'><strong>Filium</strong></span> <span class='ocrx_word' id='word_1_398' title='bbox 2893 2110 2955 2183; x_wconf 90' lang='lat' dir='ltr'><strong>(i)</strong></span> <span class='ocrx_word' id='word_1_399' title='bbox 2992 2126 3118 2166; x_wconf 90' lang='lat' dir='ltr'><strong>ausa</strong></span> <span class='ocrx_word' id='word_1_400' title='bbox 3160 2120 3244 2167; x_wconf 91' lang='lat' dir='ltr'><strong>est</strong></span> <span class='ocrx_word' id='word_1_401' title='bbox 3286 2113 3602 2183; x_wconf 72' lang='lat' dir='ltr'><strong>prmdicare,</strong></span> <span class='ocrx_word' id='word_1_402' title='bbox 3634 2115 3686 2169; x_wconf 93' lang='lat' dir='ltr'><strong>in</strong></span> <span class='ocrx_word' id='word_1_403' title='bbox 3716 2115 3904 2171; x_wconf 52' lang='lat' dir='ltr'><strong>Antio-</strong></span> 
     </span>
    </p>
   </div>
   <div class='ocr_carea' id='block_1_51' title="bbox 2303 2201 3904 2284">
    <p class='ocr_par' dir='ltr' id='par_1_51' title="bbox 2303 2201 3904 2284">
     <span class='ocr_line' id='line_1_51' title="bbox 2303 2201 3904 2284; baseline 0.005 -29"><span class='ocrx_word' id='word_1_404' title='bbox 2303 2201 2423 2256; x_wconf 90' lang='lat' dir='ltr'><strong>chia</strong></span> <span class='ocrx_word' id='word_1_405' title='bbox 2455 2201 2620 2259; x_wconf 82' lang='lat' dir='ltr'><strong>fuisse</strong></span> <span class='ocrx_word' id='word_1_406' title='bbox 2650 2213 3013 2272; x_wconf 90' lang='lat' dir='ltr'><strong>conventum;</strong></span> <span class='ocrx_word' id='word_1_407' title='bbox 3055 2206 3150 2262; x_wconf 91' lang='lat' dir='ltr'><strong>sed</strong></span> <span class='ocrx_word' id='word_1_408' title='bbox 3191 2207 3454 2264; x_wconf 86' lang='lat' dir='ltr'><strong>adversus</strong></span> <span class='ocrx_word' id='word_1_409' title='bbox 3493 2226 3636 2276; x_wconf 90' lang='lat' dir='ltr'><strong>eam,</strong></span> <span class='ocrx_word' id='word_1_410' title='bbox 3680 2212 3750 2284; x_wconf 54' lang='grc' dir='ltr'><strong>(λ)</strong></span> <span class='ocrx_word' id='word_1_411' title='bbox 3783 2227 3904 2282; x_wconf 65' lang='lat' dir='ltr'><strong>qua:</strong></span> 
     </span>
    </p>
   </div>
   <div class='ocr_carea' id='block_1_52' title="bbox 2307 2298 3900 2374">
    <p class='ocr_par' dir='ltr' id='par_1_52' title="bbox 2307 2298 3900 2374">
     <span class='ocr_line' id='line_1_52' title="bbox 2307 2298 3900 2374; baseline 0.007 -25"><span class='ocrx_word' id='word_1_412' title='bbox 2307 2305 2428 2364; x_wconf 89' lang='lat' dir='ltr'><strong>post</strong></span> <span class='ocrx_word' id='word_1_413' title='bbox 2465 2305 2707 2352; x_wconf 88' lang='lat' dir='ltr'><strong>sanctam</strong></span> <span class='ocrx_word' id='word_1_414' title='bbox 2739 2298 3005 2370; x_wconf 90' lang='lat' dir='ltr'><strong>synodum</strong></span> <span class='ocrx_word' id='word_1_415' title='bbox 3052 2299 3326 2358; x_wconf 66' lang='lat' dir='ltr'><strong>Nicwnam</strong></span> <span class='ocrx_word' id='word_1_416' title='bbox 3374 2302 3426 2356; x_wconf 93' lang='lat' dir='ltr'><strong>in</strong></span> <span class='ocrx_word' id='word_1_417' title='bbox 3469 2303 3520 2358; x_wconf 91' lang='lat' dir='ltr'><strong>id</strong></span> <span class='ocrx_word' id='word_1_418' title='bbox 3556 2314 3900 2374; x_wconf 84' lang='lat' dir='ltr'><strong>proruperat,</strong></span> 
     </span>
    </p>
   </div>
   <div class='ocr_carea' id='block_1_53' title="bbox 2307 2385 3904 2467">
    <p class='ocr_par' dir='ltr' id='par_1_53' title="bbox 2307 2385 3904 2467">
     <span class='ocr_line' id='line_1_53' title="bbox 2307 2385 3904 2467; baseline 0.008 -26"><span class='ocrx_word' id='word_1_419' title='bbox 2307 2395 2364 2441; x_wconf 92' lang='lat' dir='ltr'><strong>ut</strong></span> <span class='ocrx_word' id='word_1_420' title='bbox 2389 2385 2487 2442; x_wconf 87' lang='lat' dir='ltr'><strong>tria</strong></span> <span class='ocrx_word' id='word_1_421' title='bbox 2514 2389 2730 2445; x_wconf 91' lang='lat' dir='ltr'><strong>nomina</strong></span> <span class='ocrx_word' id='word_1_422' title='bbox 2757 2390 2899 2446; x_wconf 88' lang='lat' dir='ltr'><strong>Patri</strong></span> <span class='ocrx_word' id='word_1_423' title='bbox 2924 2392 3087 2448; x_wconf 92' lang='lat' dir='ltr'><strong>vellet</strong></span> <span class='ocrx_word' id='word_1_424' title='bbox 3103 2394 3433 2462; x_wconf 87' lang='lat' dir='ltr'><strong>adscribere,</strong></span> <span class='ocrx_word' id='word_1_425' title='bbox 3453 2396 3522 2451; x_wconf 91' lang='lat' dir='ltr'><strong>de</strong></span> <span class='ocrx_word' id='word_1_426' title='bbox 3538 2410 3644 2467; x_wconf 88' lang='lat' dir='ltr'><strong>qua</strong></span> <span class='ocrx_word' id='word_1_427' title='bbox 3661 2412 3759 2452; x_wconf 88' lang='lat' dir='ltr'><strong>suo</strong></span> <span class='ocrx_word' id='word_1_428' title='bbox 3784 2397 3904 2453; x_wconf 90' lang='lat' dir='ltr'><strong>loco</strong></span> 
     </span>
    </p>
   </div>
   <div class='ocr_carea' id='block_1_54' title="bbox 2308 2483 3905 2549">
    <p class='ocr_par' dir='ltr' id='par_1_54' title="bbox 2308 2483 3905 2549">
     <span class='ocr_line' id='line_1_54' title="bbox 2308 2483 3905 2549; baseline 0.007 -11"><span class='ocrx_word' id='word_1_429' title='bbox 2308 2483 2678 2540; x_wconf 88' lang='lat' dir='ltr'><strong>tractabimus.</strong></span> <span class='ocrx_word' id='word_1_430' title='bbox 2703 2484 2921 2542; x_wconf 82' lang='lat' dir='ltr'><strong>Memini</strong></span> <span class='ocrx_word' id='word_1_431' title='bbox 2977 2489 3120 2544; x_wconf 90' lang='lat' dir='ltr'><strong>enim</strong></span> <span class='ocrx_word' id='word_1_432' title='bbox 3159 2505 3245 2546; x_wconf 89' lang='lat' dir='ltr'><strong>me</strong></span> <span class='ocrx_word' id='word_1_433' title='bbox 3288 2490 3341 2545; x_wconf 92' lang='lat' dir='ltr'><strong>in</strong></span> <span class='ocrx_word' id='word_1_434' title='bbox 3372 2491 3597 2547; x_wconf 82' lang='lat' dir='ltr'><strong>exordio</strong></span> <span class='ocrx_word' id='word_1_435' title='bbox 3636 2494 3905 2549; x_wconf 89' lang='lat' dir='ltr'><strong>sermonis</strong></span> 
     </span>
    </p>
   </div>
   <div class='ocr_carea' id='block_1_55' title="bbox 2308 2577 3906 2655">
    <p class='ocr_par' dir='ltr' id='par_1_55' title="bbox 2308 2577 3906 2655">
     <span class='ocr_line' id='line_1_55' title="bbox 2308 2577 3906 2655; baseline 0.006 -24"><span class='ocrx_word' id='word_1_436' title='bbox 2308 2577 2622 2647; x_wconf 90' lang='lat' dir='ltr'><strong>patientiam</strong></span> <span class='ocrx_word' id='word_1_437' title='bbox 2674 2588 2728 2634; x_wconf 91' lang='lat' dir='ltr'><strong>et</strong></span> <span class='ocrx_word' id='word_1_438' title='bbox 2772 2581 3230 2651; x_wconf 62' lang='lat' dir='ltr'><strong>aequanimitatem</strong></span> <span class='ocrx_word' id='word_1_439' title='bbox 3274 2583 3570 2654; x_wconf 86' lang='lat' dir='ltr'><strong>legentium</strong></span> <span class='ocrx_word' id='word_1_440' title='bbox 3610 2595 3774 2655; x_wconf 87' lang='lat' dir='ltr'><strong>atque</strong></span> <span class='ocrx_word' id='word_1_441' title='bbox 3809 2601 3906 2640; x_wconf 88' lang='lat' dir='ltr'><strong>au-</strong></span> 
     </span>
    </p>
   </div>
   <div class='ocr_carea' id='block_1_56' title="bbox 2309 2668 3906 2742">
    <p class='ocr_par' dir='ltr' id='par_1_56' title="bbox 2309 2668 3906 2742">
     <span class='ocr_line' id='line_1_56' title="bbox 2309 2668 3906 2742; baseline 0.006 -18"><span class='ocrx_word' id='word_1_442' title='bbox 2309 2668 2573 2725; x_wconf 91' lang='lat' dir='ltr'><strong>dientium</strong></span> <span class='ocrx_word' id='word_1_443' title='bbox 2617 2685 2787 2742; x_wconf 88' lang='lat' dir='ltr'><strong>usque</strong></span> <span class='ocrx_word' id='word_1_444' title='bbox 2833 2672 2898 2727; x_wconf 93' lang='lat' dir='ltr'><strong>ad</strong></span> <span class='ocrx_word' id='word_1_445' title='bbox 2929 2673 3326 2729; x_wconf 84' lang='lat' dir='ltr'><strong>absolutionem</strong></span> <span class='ocrx_word' id='word_1_446' title='bbox 3366 2677 3606 2731; x_wconf 90' lang='lat' dir='ltr'><strong>omnium</strong></span> <span class='ocrx_word' id='word_1_447' title='bbox 3633 2676 3906 2732; x_wconf 83' lang='lat' dir='ltr'><strong>dictorum</strong></span> 
     </span>
    </p>
   </div>
   <div class='ocr_carea' id='block_1_57' title="bbox 2309 2766 3907 2838">
    <p class='ocr_par' dir='ltr' id='par_1_57' title="bbox 2309 2766 3907 2838">
     <span class='ocr_line' id='line_1_57' title="bbox 2309 2766 3907 2838; baseline 0.004 -20"><span class='ocrx_word' id='word_1_448' title='bbox 2309 2777 2553 2818; x_wconf 91' lang='lat' dir='ltr'><strong>meorum</strong></span> <span class='ocrx_word' id='word_1_449' title='bbox 2581 2766 2930 2834; x_wconf 89' lang='lat' dir='ltr'><strong>poposcisse;</strong></span> <span class='ocrx_word' id='word_1_450' title='bbox 2961 2781 3030 2822; x_wconf 91' lang='lat' dir='ltr'><strong>ne</strong></span> <span class='ocrx_word' id='word_1_451' title='bbox 3062 2768 3385 2822; x_wconf 90' lang='lat' dir='ltr'><strong>temerarius</strong></span> <span class='ocrx_word' id='word_1_452' title='bbox 3409 2772 3686 2838; x_wconf 87' lang='lat' dir='ltr'><strong>quisquam</strong></span> <span class='ocrx_word' id='word_1_453' title='bbox 3725 2769 3779 2823; x_wconf 94' lang='lat' dir='ltr'><strong>in</strong></span> <span class='ocrx_word' id='word_1_454' title='bbox 3817 2785 3907 2825; x_wconf 91' lang='lat' dir='ltr'><strong>me</strong></span> 
     </span>
    </p>
   </div>
   <div class='ocr_carea' id='block_1_58' title="bbox 2305 2856 3900 2931">
    <p class='ocr_par' dir='ltr' id='par_1_58' title="bbox 2305 2856 3900 2931">
     <span class='ocr_line' id='line_1_58' title="bbox 2305 2856 3900 2931; baseline 0.004 -20"><span class='ocrx_word' id='word_1_455' title='bbox 2305 2856 2469 2927; x_wconf 80' lang='lat' dir='ltr'><strong>judex</strong></span> <span class='ocrx_word' id='word_1_456' title='bbox 2499 2867 2624 2914; x_wconf 88' lang='lat' dir='ltr'><strong>ante</strong></span> <span class='ocrx_word' id='word_1_457' title='bbox 2649 2859 3012 2929; x_wconf 89' lang='lat' dir='ltr'><strong>cognitionem</strong></span> <span class='ocrx_word' id='word_1_458' title='bbox 3046 2860 3270 2931; x_wconf 80' lang='lat' dir='ltr'><strong>perfecti</strong></span> <span class='ocrx_word' id='word_1_459' title='bbox 3296 2861 3562 2917; x_wconf 90' lang='lat' dir='ltr'><strong>sermonis</strong></span> <span class='ocrx_word' id='word_1_460' title='bbox 3588 2861 3900 2917; x_wconf 76' lang='lat' dir='ltr'><strong>exsisteret.</strong></span> 
     </span>
    </p>
   </div>
   <div class='ocr_carea' id='block_1_59' title="bbox 2313 2949 3910 3028">
    <p class='ocr_par' dir='ltr' id='par_1_59' title="bbox 2313 2949 3910 3028">
     <span class='ocr_line' id='line_1_59' title="bbox 2313 2949 3910 3028; baseline 0.004 -23"><span class='ocrx_word' id='word_1_461' title='bbox 2313 2949 2513 3007; x_wconf 84' lang='lat' dir='ltr'><strong>Volens</strong></span> <span class='ocrx_word' id='word_1_462' title='bbox 2547 2953 2709 3023; x_wconf 85' lang='lat' dir='ltr'><strong>igitur</strong></span> <span class='ocrx_word' id='word_1_463' title='bbox 2735 2965 3061 3026; x_wconf 88' lang='lat' dir='ltr'><strong>congregata</strong></span> <span class='ocrx_word' id='word_1_464' title='bbox 3093 2967 3402 3012; x_wconf 89' lang='lat' dir='ltr'><strong>sanctorum</strong></span> <span class='ocrx_word' id='word_1_465' title='bbox 3441 2955 3681 3028; x_wconf 81' lang='lat' dir='ltr'><strong>synodus</strong></span> <span class='ocrx_word' id='word_1_466' title='bbox 3717 2955 3910 3026; x_wconf 78' lang='lat' dir='ltr'><strong>impie-</strong></span> 
     </span>
    </p>
   </div>
   <div class='ocr_carea' id='block_1_60' title="bbox 2314 3046 3908 3119">
    <p class='ocr_par' dir='ltr' id='par_1_60' title="bbox 2314 3046 3908 3119">
     <span class='ocr_line' id='line_1_60' title="bbox 2314 3046 3908 3119; baseline 0.004 -21"><span class='ocrx_word' id='word_1_467' title='bbox 2314 3051 2476 3098; x_wconf 89' lang='lat' dir='ltr'><strong>tatem</strong></span> <span class='ocrx_word' id='word_1_468' title='bbox 2506 3059 2624 3100; x_wconf 90' lang='lat' dir='ltr'><strong>eam</strong></span> <span class='ocrx_word' id='word_1_469' title='bbox 2648 3047 2936 3116; x_wconf 87' lang='lat' dir='ltr'><strong>perimere,</strong></span> <span class='ocrx_word' id='word_1_470' title='bbox 2962 3064 3082 3119; x_wconf 63' lang='lat' dir='ltr'><strong>quae</strong></span> <span class='ocrx_word' id='word_1_471' title='bbox 3112 3049 3397 3104; x_wconf 86' lang='lat' dir='ltr'><strong>veritatem</strong></span> <span class='ocrx_word' id='word_1_472' title='bbox 3427 3049 3607 3104; x_wconf 82' lang='lat' dir='ltr'><strong>Patris</strong></span> <span class='ocrx_word' id='word_1_473' title='bbox 3629 3058 3683 3104; x_wconf 89' lang='lat' dir='ltr'><strong>et</strong></span> <span class='ocrx_word' id='word_1_474' title='bbox 3704 3046 3822 3103; x_wconf 87' lang='lat' dir='ltr'><strong>Filii</strong></span> <span class='ocrx_word' id='word_1_475' title='bbox 3855 3059 3908 3104; x_wconf 90' lang='lat' dir='ltr'><strong>et</strong></span> 
     </span>
    </p>
   </div>
   <div class='ocr_carea' id='block_1_61' title="bbox 2315 3134 3910 3204">
    <p class='ocr_par' dir='ltr' id='par_1_61' title="bbox 2315 3134 3910 3204">
     <span class='ocr_line' id='line_1_61' title="bbox 2315 3134 3910 3204; baseline 0.003 -14"><span class='ocrx_word' id='word_1_476' title='bbox 2315 3134 2547 3204; x_wconf 90' lang='lat' dir='ltr'><strong>Spiritus</strong></span> <span class='ocrx_word' id='word_1_477' title='bbox 2579 3138 2750 3192; x_wconf 89' lang='lat' dir='ltr'><strong>sancti</strong></span> <span class='ocrx_word' id='word_1_478' title='bbox 2786 3139 3067 3194; x_wconf 90' lang='lat' dir='ltr'><strong>nominum</strong></span> <span class='ocrx_word' id='word_1_479' title='bbox 3114 3155 3344 3195; x_wconf 88' lang='lat' dir='ltr'><strong>numero</strong></span> <span class='ocrx_word' id='word_1_480' title='bbox 3392 3139 3670 3196; x_wconf 88' lang='lat' dir='ltr'><strong>cluderet:</strong></span> <span class='ocrx_word' id='word_1_481' title='bbox 3710 3148 3770 3194; x_wconf 90' lang='lat' dir='ltr'><strong>ut</strong></span> <span class='ocrx_word' id='word_1_482' title='bbox 3803 3155 3910 3195; x_wconf 92' lang='lat' dir='ltr'><strong>non</strong></span> 
     </span>
    </p>
   </div>
   <div class='ocr_carea' id='block_1_62' title="bbox 610 3229 3909 3305">
    <p class='ocr_par' dir='ltr' id='par_1_62' title="bbox 610 3229 3909 3305">
     <span class='ocr_line' id='line_1_62' title="bbox 610 3229 3909 3305; baseline 0.001 -19"><span class='ocrx_word' id='word_1_483' title='bbox 610 3247 729 3286; x_wconf 92' lang='lat' dir='ltr'><strong>mus</strong></span> <span class='ocrx_word' id='word_1_484' title='bbox 763 3249 776 3285; x_wconf 91' lang='lat'><strong>:</strong></span> <span class='ocrx_word' id='word_1_485' title='bbox 810 3241 862 3286; x_wconf 92' lang='lat' dir='ltr'><strong>et</strong></span> <span class='ocrx_word' id='word_1_486' title='bbox 909 3233 953 3287; x_wconf 87' lang='lat' dir='ltr'><strong>si</strong></span> <span class='ocrx_word' id='word_1_487' title='bbox 996 3231 1120 3302; x_wconf 90' lang='lat' dir='ltr'><strong>quis</strong></span> <span class='ocrx_word' id='word_1_488' title='bbox 1158 3240 1358 3302; x_wconf 72' lang='lat' dir='ltr'><strong>prmter</strong></span> <span class='ocrx_word' id='word_1_489' title='bbox 1401 3231 1670 3286; x_wconf 89' lang='lat' dir='ltr'><strong>salubrem</strong></span> <span class='ocrx_word' id='word_1_490' title='bbox 1711 3231 2110 3302; x_wconf 87' lang='lat' dir='ltr'><strong>Scripturarum</strong></span> <span class='ocrx_word' id='word_1_491' title='bbox 2159 3243 2213 3287; x_wconf 88' lang='lat' dir='ltr'><strong>et</strong></span> <span class='ocrx_word' id='word_1_492' title='bbox 2239 3241 2284 3304; x_wconf 73' lang='grc' dir='ltr'>ο</span> <span class='ocrx_word' id='word_1_493' title='bbox 2318 3229 2646 3285; x_wconf 87' lang='lat' dir='ltr'><strong>subsistente</strong></span> <span class='ocrx_word' id='word_1_494' title='bbox 2700 3245 2860 3285; x_wconf 91' lang='lat' dir='ltr'><strong>causa</strong></span> <span class='ocrx_word' id='word_1_495' title='bbox 2915 3232 3339 3302; x_wconf 85' lang='lat' dir='ltr'><strong>uniuscujusque</strong></span> <span class='ocrx_word' id='word_1_496' title='bbox 3388 3233 3655 3298; x_wconf 88' lang='lat' dir='ltr'><strong>nominis,</strong></span> <span class='ocrx_word' id='word_1_497' title='bbox 3717 3233 3909 3305; x_wconf 84' lang='lat' dir='ltr'><strong>triplex</strong></span> 
     </span>
    </p>
   </div>
   <div class='ocr_carea' id='block_1_63' title="bbox 608 3323 2211 3395">
    <p class='ocr_par' dir='ltr' id='par_1_63' title="bbox 608 3323 2211 3395">
     <span class='ocr_line' id='line_1_63' title="bbox 608 3323 2211 3395; baseline -0.001 -15"><span class='ocrx_word' id='word_1_498' title='bbox 608 3334 812 3380; x_wconf 86' lang='lat' dir='ltr'><strong>rectam</strong></span> <span class='ocrx_word' id='word_1_499' title='bbox 847 3323 1008 3380; x_wconf 83' lang='lat' dir='ltr'><strong>ﬁdem</strong></span> <span class='ocrx_word' id='word_1_500' title='bbox 1038 3323 1218 3390; x_wconf 89' lang='lat' dir='ltr'><strong>docet,</strong></span> <span class='ocrx_word' id='word_1_501' title='bbox 1244 3323 1430 3380; x_wconf 90' lang='lat' dir='ltr'><strong>dicens</strong></span> <span class='ocrx_word' id='word_1_502' title='bbox 1460 3333 1552 3379; x_wconf 91' lang='lat' dir='ltr'><strong>aut</strong></span> <span class='ocrx_word' id='word_1_503' title='bbox 1583 3333 1818 3395; x_wconf 89' lang='lat' dir='ltr'><strong>tempus,</strong></span> <span class='ocrx_word' id='word_1_504' title='bbox 1843 3333 1935 3379; x_wconf 91' lang='lat' dir='ltr'><strong>aut</strong></span> <span class='ocrx_word' id='word_1_505' title='bbox 1955 3325 2211 3394; x_wconf 89' lang='lat' dir='ltr'><strong>spatium,</strong></span> 
     </span>
    </p>
   </div>
   <div class='ocr_carea' id='block_1_64' title="bbox 609 3415 2216 3488">
    <p class='ocr_par' dir='ltr' id='par_1_64' title="bbox 609 3415 2216 3488">
     <span class='ocr_line' id='line_1_64' title="bbox 609 3415 2216 3488; baseline -0.001 -16"><span class='ocrx_word' id='word_1_506' title='bbox 609 3425 702 3472; x_wconf 91' lang='lat' dir='ltr'><strong>aut</strong></span> <span class='ocrx_word' id='word_1_507' title='bbox 729 3417 1011 3484; x_wconf 61' lang='lat' dir='ltr'><strong>saeculum,</strong></span> <span class='ocrx_word' id='word_1_508' title='bbox 1043 3427 1137 3471; x_wconf 91' lang='lat' dir='ltr'><strong>aut</strong></span> <span class='ocrx_word' id='word_1_509' title='bbox 1159 3431 1280 3472; x_wconf 84' lang='lat' dir='ltr'><strong>esse</strong></span> <span class='ocrx_word' id='word_1_510' title='bbox 1301 3425 1392 3470; x_wconf 89' lang='lat' dir='ltr'><strong>aut</strong></span> <span class='ocrx_word' id='word_1_511' title='bbox 1419 3416 1588 3472; x_wconf 83' lang='lat' dir='ltr'><strong>fuisse</strong></span> <span class='ocrx_word' id='word_1_512' title='bbox 1620 3416 1794 3487; x_wconf 92' lang='lat' dir='ltr'><strong>prius,</strong></span> <span class='ocrx_word' id='word_1_513' title='bbox 1824 3431 1983 3485; x_wconf 88' lang='lat' dir='ltr'><strong>quam</strong></span> <span class='ocrx_word' id='word_1_514' title='bbox 2015 3415 2097 3488; x_wconf 84' lang='grc' dir='ltr'><strong>(Ιι)</strong></span> <span class='ocrx_word' id='word_1_515' title='bbox 2121 3431 2216 3485; x_wconf 86' lang='lat' dir='ltr'><strong>ge-</strong></span> 
     </span>
    </p>
   </div>
   <div class='ocr_carea' id='block_1_65' title="bbox 610 3507 2216 3578">
    <p class='ocr_par' dir='ltr' id='par_1_65' title="bbox 610 3507 2216 3578">
     <span class='ocr_line' id='line_1_65' title="bbox 610 3507 2216 3578; baseline -0.001 -13"><span class='ocrx_word' id='word_1_516' title='bbox 610 3520 831 3566; x_wconf 90' lang='lat' dir='ltr'><strong>neratus</strong></span> <span class='ocrx_word' id='word_1_517' title='bbox 858 3509 1027 3564; x_wconf 84' lang='lat' dir='ltr'><strong>Filius</strong></span> <span class='ocrx_word' id='word_1_518' title='bbox 1061 3527 1076 3566; x_wconf 90' lang='lat'><strong>:</strong></span> <span class='ocrx_word' id='word_1_519' title='bbox 1105 3510 1391 3564; x_wconf 89' lang='lat' dir='ltr'><strong>anathema</strong></span> <span class='ocrx_word' id='word_1_520' title='bbox 1421 3511 1509 3563; x_wconf 89' lang='lat' dir='ltr'><strong>sit.</strong></span> <span class='ocrx_word' id='word_1_521' title='bbox 1544 3509 1612 3563; x_wconf 88' lang='lat' dir='ltr'><strong>Et</strong></span> <span class='ocrx_word' id='word_1_522' title='bbox 1642 3509 1687 3563; x_wconf 93' lang='lat' dir='ltr'><strong>si</strong></span> <span class='ocrx_word' id='word_1_523' title='bbox 1713 3507 1834 3578; x_wconf 91' lang='lat' dir='ltr'><strong>quis</strong></span> <span class='ocrx_word' id='word_1_524' title='bbox 1865 3507 2060 3562; x_wconf 85' lang='lat' dir='ltr'><strong>Filium</strong></span> <span class='ocrx_word' id='word_1_525' title='bbox 2085 3523 2216 3563; x_wconf 89' lang='lat' dir='ltr'><strong>con-</strong></span> 
     </span>
    </p>
   </div>
   <div class='ocr_carea' id='block_1_66' title="bbox 613 3599 2210 3673">
    <p class='ocr_par' dir='ltr' id='par_1_66' title="bbox 613 3599 2210 3673">
     <span class='ocr_line' id='line_1_66' title="bbox 613 3599 2210 3673; baseline -0.003 -15"><span class='ocrx_word' id='word_1_526' title='bbox 613 3602 873 3658; x_wconf 90' lang='lat' dir='ltr'><strong>ditionem</strong></span> <span class='ocrx_word' id='word_1_527' title='bbox 906 3601 1068 3667; x_wconf 92' lang='lat' dir='ltr'><strong>dicit,</strong></span> <span class='ocrx_word' id='word_1_528' title='bbox 1099 3601 1554 3673; x_wconf 83' lang='lat' dir='ltr'><strong>quemadmodum</strong></span> <span class='ocrx_word' id='word_1_529' title='bbox 1601 3615 1766 3654; x_wconf 92' lang='lat' dir='ltr'><strong>unum</strong></span> <span class='ocrx_word' id='word_1_530' title='bbox 1810 3599 2210 3668; x_wconf 86' lang='lat' dir='ltr'><strong>conditionum;</strong></span> 
     </span>
    </p>
   </div>
   <div class='ocr_carea' id='block_1_67' title="bbox 614 3693 2212 3761">
    <p class='ocr_par' dir='ltr' id='par_1_67' title="bbox 614 3693 2212 3761">
     <span class='ocr_line' id='line_1_67' title="bbox 614 3693 2212 3761; baseline -0.003 -9"><span class='ocrx_word' id='word_1_531' title='bbox 614 3704 709 3752; x_wconf 88' lang='lat' dir='ltr'><strong>aut</strong></span> <span class='ocrx_word' id='word_1_532' title='bbox 746 3697 1104 3761; x_wconf 88' lang='lat' dir='ltr'><strong>nativitatem,</strong></span> <span class='ocrx_word' id='word_1_533' title='bbox 1151 3695 1292 3751; x_wconf 89' lang='lat' dir='ltr'><strong>sicut</strong></span> <span class='ocrx_word' id='word_1_534' title='bbox 1330 3702 1457 3750; x_wconf 88' lang='lat' dir='ltr'><strong>sunt</strong></span> <span class='ocrx_word' id='word_1_535' title='bbox 1497 3695 1843 3759; x_wconf 88' lang='lat' dir='ltr'><strong>nativitates;</strong></span> <span class='ocrx_word' id='word_1_536' title='bbox 1892 3703 1984 3748; x_wconf 91' lang='lat' dir='ltr'><strong>aut</strong></span> <span class='ocrx_word' id='word_1_537' title='bbox 2022 3693 2212 3748; x_wconf 78' lang='lat' dir='ltr'><strong>factio-</strong></span> 
     </span>
    </p>
   </div>
   <div class='ocr_carea' id='block_1_68' title="bbox 614 3854 2214 3926">
    <p class='ocr_par' dir='ltr' id='par_1_68' title="bbox 614 3854 2214 3926">
     <span class='ocr_line' id='line_1_68' title="bbox 614 3854 2214 3926; baseline -0.007 -6"><span class='ocrx_word' id='word_1_538' title='bbox 614 3865 710 3920; x_wconf 86' lang='lat' dir='ltr'><strong>lib.</strong></span> <span class='ocrx_word' id='word_1_539' title='bbox 743 3864 796 3918; x_wconf 89' lang='lat' dir='ltr'><strong>in</strong></span> <span class='ocrx_word' id='word_1_540' title='bbox 823 3862 1106 3919; x_wconf 88' lang='lat' dir='ltr'><strong>Constant.</strong></span> <span class='ocrx_word' id='word_1_541' title='bbox 1144 3877 1198 3914; x_wconf 95' lang='lat' dir='ltr'><strong>n.</strong></span> <span class='ocrx_word' id='word_1_542' title='bbox 1229 3859 1323 3914; x_wconf 70' lang='lat'><strong>25.</strong></span> <span class='ocrx_word' id='word_1_543' title='bbox 1355 3858 1549 3915; x_wconf 79' lang='lat' dir='ltr'><strong>Verius</strong></span> <span class='ocrx_word' id='word_1_544' title='bbox 1577 3857 1851 3926; x_wconf 88' lang='lat' dir='ltr'><strong>potiores,</strong></span> <span class='ocrx_word' id='word_1_545' title='bbox 1885 3854 2075 3919; x_wconf 88' lang='lat' dir='ltr'><strong>Carn.,</strong></span> <span class='ocrx_word' id='word_1_546' title='bbox 2107 3855 2214 3909; x_wconf 87' lang='lat' dir='ltr'><strong>duo</strong></span> 
     </span>
    </p>
   </div>
   <div class='ocr_carea' id='block_1_69' title="bbox 611 3926 2213 4000">
    <p class='ocr_par' dir='ltr' id='par_1_69' title="bbox 611 3926 2213 4000">
     <span class='ocr_line' id='line_1_69' title="bbox 611 3926 2213 4000; baseline -0.007 -10"><span class='ocrx_word' id='word_1_547' title='bbox 611 3933 796 4000; x_wconf 88' lang='lat' dir='ltr'><strong>Colb.,</strong></span> <span class='ocrx_word' id='word_1_548' title='bbox 818 3934 1030 3996; x_wconf 72' lang='lat' dir='ltr'><strong>Germ,</strong></span> <span class='ocrx_word' id='word_1_549' title='bbox 1061 3932 1220 3988; x_wconf 91' lang='lat' dir='ltr'><strong>Sorb.</strong></span> <span class='ocrx_word' id='word_1_550' title='bbox 1249 3973 1258 3993; x_wconf 83' lang='lat'><strong>,</strong></span> <span class='ocrx_word' id='word_1_551' title='bbox 1288 3931 1441 3998; x_wconf 80' lang='lat' dir='ltr'><strong>juxta</strong></span> <span class='ocrx_word' id='word_1_552' title='bbox 1477 3944 1710 3998; x_wconf 66' lang='lat' dir='ltr'><strong>grarcum</strong></span> <span class='ocrx_word' id='word_1_553' title='bbox 1731 3971 1745 3993; x_wconf 95' lang='lat'><strong>,</strong></span> <span class='ocrx_word' id='word_1_554' title='bbox 1778 3926 2213 4000; x_wconf 83' lang='lat' dir='ltr'><strong>inconvertibilem</strong></span> 
     </span>
    </p>
   </div>
   <div class='ocr_carea' id='block_1_70' title="bbox 615 3998 2214 4070">
    <p class='ocr_par' dir='ltr' id='par_1_70' title="bbox 615 3998 2214 4070">
     <span class='ocr_line' id='line_1_70' title="bbox 615 3998 2214 4070; baseline -0.004 -11"><span class='ocrx_word' id='word_1_555' title='bbox 615 4015 666 4059; x_wconf 87' lang='lat' dir='ltr'><strong>et</strong></span> <span class='ocrx_word' id='word_1_556' title='bbox 716 3998 1105 4058; x_wconf 79' lang='lat' dir='ltr'><strong>immutabilem.</strong></span> <span class='ocrx_word' id='word_1_557' title='bbox 1153 4003 1418 4070; x_wconf 84' lang='lat' dir='ltr'><strong>Integram</strong></span> <span class='ocrx_word' id='word_1_558' title='bbox 1465 4001 1609 4055; x_wconf 89' lang='lat' dir='ltr'><strong>illam</strong></span> <span class='ocrx_word' id='word_1_559' title='bbox 1666 4001 1999 4070; x_wconf 87' lang='lat' dir='ltr'><strong>sententiam</strong></span> <span class='ocrx_word' id='word_1_560' title='bbox 2035 4009 2093 4070; x_wconf 91' lang='lat' dir='ltr'><strong>ut</strong></span> <span class='ocrx_word' id='word_1_561' title='bbox 2124 3998 2214 4070; x_wconf 12' lang='lat' dir='ltr'><strong>fab</strong></span> 
     </span>
    </p>
   </div>
   <div class='ocr_carea' id='block_1_71' title="bbox 615 4069 2214 4139">
    <p class='ocr_par' dir='ltr' id='par_1_71' title="bbox 615 4069 2214 4139">
     <span class='ocr_line' id='line_1_71' title="bbox 615 4069 2214 4139; baseline -0.006 -8"><span class='ocrx_word' id='word_1_562' title='bbox 615 4075 814 4131; x_wconf 82' lang='lat' dir='ltr'><strong>Acacio</strong></span> <span class='ocrx_word' id='word_1_563' title='bbox 847 4083 900 4129; x_wconf 91' lang='lat' dir='ltr'><strong>et</strong></span> <span class='ocrx_word' id='word_1_564' title='bbox 926 4073 1160 4128; x_wconf 89' lang='lat' dir='ltr'><strong>Eusebio</strong></span> <span class='ocrx_word' id='word_1_565' title='bbox 1188 4073 1240 4126; x_wconf 90' lang='lat' dir='ltr'><strong>in</strong></span> <span class='ocrx_word' id='word_1_566' title='bbox 1273 4069 1539 4126; x_wconf 75' lang='lat' dir='ltr'><strong>Enczeniis</strong></span> <span class='ocrx_word' id='word_1_567' title='bbox 1562 4072 1822 4139; x_wconf 81' lang='lat' dir='ltr'><strong>prolatam</strong></span> <span class='ocrx_word' id='word_1_568' title='bbox 1854 4069 2214 4138; x_wconf 83' lang='lat' dir='ltr'><strong>proditAtha-</strong></span> 
     </span>
    </p>
   </div>
   <div class='ocr_carea' id='block_1_72' title="bbox 617 4140 2215 4216">
    <p class='ocr_par' dir='ltr' id='par_1_72' title="bbox 617 4140 2215 4216">
     <span class='ocr_line' id='line_1_72' title="bbox 617 4140 2215 4216; baseline -0.005 -14"><span class='ocrx_word' id='word_1_569' title='bbox 617 4147 826 4212; x_wconf 88' lang='lat' dir='ltr'><strong>nasius,</strong></span> <span class='ocrx_word' id='word_1_570' title='bbox 851 4146 946 4200; x_wconf 91' lang='lat' dir='ltr'><strong>lib.</strong></span> <span class='ocrx_word' id='word_1_571' title='bbox 979 4145 1049 4216; x_wconf 88' lang='lat' dir='ltr'><strong>de</strong></span> <span class='ocrx_word' id='word_1_572' title='bbox 1067 4143 1271 4216; x_wconf 85' lang='lat' dir='ltr'><strong>Synod.</strong></span> <span class='ocrx_word' id='word_1_573' title='bbox 1303 4158 1422 4212; x_wconf 86' lang='lat' dir='ltr'><strong>pag.</strong></span> <span class='ocrx_word' id='word_1_574' title='bbox 1443 4143 2044 4216; x_wconf 60' lang='lat' dir='ltr'><strong>9!!.Acacius_antem,</strong></span> <span class='ocrx_word' id='word_1_575' title='bbox 2072 4140 2215 4210; x_wconf 91' lang='lat' dir='ltr'><strong>apud</strong></span> 
     </span>
    </p>
   </div>
   <div class='ocr_carea' id='block_1_73' title="bbox 618 4213 2214 4287">
    <p class='ocr_par' dir='ltr' id='par_1_73' title="bbox 618 4213 2214 4287">
     <span class='ocr_line' id='line_1_73' title="bbox 618 4213 2214 4287; baseline -0.003 -15"><span class='ocrx_word' id='word_1_576' title='bbox 618 4217 1010 4287; x_wconf 76' lang='lat' dir='ltr'><strong>Epiphaniam,</strong></span> <span class='ocrx_word' id='word_1_577' title='bbox 1039 4213 1172 4287; x_wconf 64' lang='lat' dir='ltr'><strong>hair.</strong></span> <span class='ocrx_word' id='word_1_578' title='bbox 1195 4230 1366 4287; x_wconf 66' lang='lat' dir='ltr'><strong>Lxxu,</strong></span> <span class='ocrx_word' id='word_1_579' title='bbox 1394 4230 1448 4287; x_wconf 94' lang='lat' dir='ltr'><strong>n_.</strong></span> <span class='ocrx_word' id='word_1_580' title='bbox 1478 4214 1534 4279; x_wconf 91' lang='lat'><strong>6,</strong></span> <span class='ocrx_word' id='word_1_581' title='bbox 1555 4213 1673 4268; x_wconf 84' lang='lat' dir='ltr'><strong>haec</strong></span> <span class='ocrx_word' id='word_1_582' title='bbox 1702 4222 1754 4268; x_wconf 91' lang='lat' dir='ltr'><strong>et</strong></span> <span class='ocrx_word' id='word_1_583' title='bbox 1786 4213 2042 4283; x_wconf 86' lang='lat' dir='ltr'><strong>pleraque</strong></span> <span class='ocrx_word' id='word_1_584' title='bbox 2063 4227 2214 4282; x_wconf 88' lang='lat' dir='ltr'><strong>supe-</strong></span> 
     </span>
    </p>
   </div>
   <div class='ocr_carea' id='block_1_74' title="bbox 617 4285 1488 4344">
    <p class='ocr_par' dir='ltr' id='par_1_74' title="bbox 617 4285 1488 4344">
     <span class='ocr_line' id='line_1_74' title="bbox 617 4285 1488 4344; baseline -0.007 -1"><span class='ocrx_word' id='word_1_585' title='bbox 617 4285 764 4344; x_wconf 81' lang='lat' dir='ltr'><strong>riora</strong></span> <span class='ocrx_word' id='word_1_586' title='bbox 791 4290 952 4344; x_wconf 86' lang='lat' dir='ltr'><strong>verba</strong></span> <span class='ocrx_word' id='word_1_587' title='bbox 984 4285 1198 4342; x_wconf 78' lang='lat' dir='ltr'><strong>Asteria</strong></span> <span class='ocrx_word' id='word_1_588' title='bbox 1227 4285 1488 4340; x_wconf 89' lang='lat' dir='ltr'><strong>attribuit.</strong></span> 
     </span>
    </p>
   </div>
   <div class='ocr_carea' id='block_1_75' title="bbox 693 4353 2214 4430">
    <p class='ocr_par' dir='ltr' id='par_1_75' title="bbox 693 4353 2214 4430">
     <span class='ocr_line' id='line_1_75' title="bbox 693 4353 2214 4430; baseline -0.002 -18"><span class='ocrx_word' id='word_1_589' title='bbox 693 4359 765 4429; x_wconf 90' lang='lat' dir='ltr'><strong>(a)</strong></span> <span class='ocrx_word' id='word_1_590' title='bbox 813 4359 1022 4424; x_wconf 69' lang='lat' dir='ltr'><strong>Grmce,</strong></span> <span class='ocrx_word' id='word_1_591' title='bbox 1076 4357 1360 4430; x_wconf 76' lang='grc' dir='ltr'><strong>δυνάμεως,</strong></span> <span class='ocrx_word' id='word_1_592' title='bbox 1415 4357 1500 4412; x_wconf 82' lang='grc' dir='ltr'>καί</span> <span class='ocrx_word' id='word_1_593' title='bbox 1544 4357 1754 4429; x_wconf 79' lang='grc' dir='ltr'><strong>βούλης,</strong></span> <span class='ocrx_word' id='word_1_594' title='bbox 1798 4359 1882 4411; x_wconf 78' lang='grc' dir='ltr'><strong>καὶ</strong></span> <span class='ocrx_word' id='word_1_595' title='bbox 1931 4353 2076 4422; x_wconf 77' lang='grc' dir='ltr'><strong>δόξης</strong></span> <span class='ocrx_word' id='word_1_596' title='bbox 2123 4362 2214 4412; x_wconf 84' lang='grc' dir='ltr'><strong>τοῦ</strong></span> 
     </span>
    </p>
   </div>
   <div class='ocr_carea' id='block_1_76' title="bbox 621 4441 2217 4576">
    <p class='ocr_par' dir='ltr' id='par_1_76' title="bbox 621 4441 2217 4576">
     <span class='ocr_line' id='line_1_76' title="bbox 621 4441 2217 4576; baseline -0.005 -17"><span class='ocrx_word' id='word_1_597' title='bbox 621 4441 968 4576; x_wconf 41' lang='lat' dir='ltr'><strong>“afflabat</strong></span> <span class='ocrx_word' id='word_1_598' title='bbox 993 4516 1193 4576; x_wconf 78' lang='lat' dir='ltr'><strong>semper</strong></span> <span class='ocrx_word' id='word_1_599' title='bbox 1213 4498 1356 4567; x_wconf 87' lang='lat' dir='ltr'><strong>apud</strong></span> <span class='ocrx_word' id='word_1_600' title='bbox 1377 4498 1638 4576; x_wconf 84' lang='lat' dir='ltr'><strong>A_thanas.</strong></span> <span class='ocrx_word' id='word_1_601' title='bbox 1665 4506 1717 4552; x_wconf 93' lang='lat' dir='ltr'><strong>et</strong></span> <span class='ocrx_word' id='word_1_602' title='bbox 1740 4498 1952 4576; x_wconf 70' lang='lat' dir='ltr'><strong>Sperat.</strong></span> <span class='ocrx_word' id='word_1_603' title='bbox 1975 4497 2056 4576; x_wconf 70' lang='grc' dir='ltr'><strong>ω)</strong></span> <span class='ocrx_word' id='word_1_604' title='bbox 2079 4496 2217 4576; x_wconf 72' lang='lat' dir='ltr'><strong>hanc</strong></span> 
     </span>
    </p>
   </div>
   <div class='ocr_carea' id='block_1_77' title="bbox 619 4568 2217 4643">
    <p class='ocr_par' dir='ltr' id='par_1_77' title="bbox 619 4568 2217 4643">
     <span class='ocr_line' id='line_1_77' title="bbox 619 4568 2217 4643; baseline -0.006 -15"><span class='ocrx_word' id='word_1_605' title='bbox 619 4568 811 4630; x_wconf 80' lang='lat' dir='ltr'><strong>vocem</strong></span> <span class='ocrx_word' id='word_1_606' title='bbox 836 4616 851 4637; x_wconf 91' lang='lat'><strong>,</strong></span> <span class='ocrx_word' id='word_1_607' title='bbox 881 4588 909 4624; x_wconf 89' lang='lat' dir='ltr'><strong>a</strong></span> <span class='ocrx_word' id='word_1_608' title='bbox 938 4589 1043 4643; x_wconf 89' lang='lat' dir='ltr'><strong>qua</strong></span> <span class='ocrx_word' id='word_1_609' title='bbox 1086 4568 1316 4627; x_wconf 74' lang='lat' dir='ltr'><strong>Arianos</strong></span> <span class='ocrx_word' id='word_1_610' title='bbox 1347 4571 1712 4643; x_wconf 73' lang='lat' dir='ltr'><strong>vehementer</strong></span> <span class='ocrx_word' id='word_1_611' title='bbox 1738 4569 2088 4643; x_wconf 76' lang='lat' dir='ltr'><strong>abhorruisse</strong></span> <span class='ocrx_word' id='word_1_612' title='bbox 2120 4568 2217 4643; x_wconf 64' lang='lat' dir='ltr'><strong>lli-</strong></span> 
     </span>
    </p>
   </div>
   <div class='ocr_carea' id='block_1_78' title="bbox 617 4639 2212 4710">
    <p class='ocr_par' dir='ltr' id='par_1_78' title="bbox 617 4639 2212 4710">
     <span class='ocr_line' id='line_1_78' title="bbox 617 4639 2212 4710; baseline -0.005 -10"><span class='ocrx_word' id='word_1_613' title='bbox 617 4645 786 4701; x_wconf 88' lang='lat' dir='ltr'><strong>larius</strong></span> <span class='ocrx_word' id='word_1_614' title='bbox 812 4644 906 4700; x_wconf 90' lang='lat' dir='ltr'><strong>lib.</strong></span> <span class='ocrx_word' id='word_1_615' title='bbox 928 4639 978 4698; x_wconf 80' lang='lat' dir='ltr'><strong>tv</strong></span> <span class='ocrx_word' id='word_1_616' title='bbox 1004 4645 1071 4699; x_wconf 91' lang='lat' dir='ltr'><strong>de</strong></span> <span class='ocrx_word' id='word_1_617' title='bbox 1093 4644 1243 4698; x_wconf 90' lang='lat' dir='ltr'><strong>Trin.</strong></span> <span class='ocrx_word' id='word_1_618' title='bbox 1278 4660 1328 4696; x_wconf 95' lang='lat' dir='ltr'><strong>n.</strong></span> <span class='ocrx_word' id='word_1_619' title='bbox 1357 4641 1411 4700; x_wconf 84' lang='lat'><strong>5.</strong></span> <span class='ocrx_word' id='word_1_620' title='bbox 1447 4641 1664 4707; x_wconf 83' lang='lat' dir='ltr'><strong>indicat,</strong></span> <span class='ocrx_word' id='word_1_621' title='bbox 1700 4639 1815 4710; x_wconf 92' lang='lat' dir='ltr'><strong>ipse</strong></span> <span class='ocrx_word' id='word_1_622' title='bbox 1845 4640 2004 4704; x_wconf 77' lang='lat' dir='ltr'><strong>intra,</strong></span> <span class='ocrx_word' id='word_1_623' title='bbox 2037 4656 2090 4695; x_wconf 94' lang='lat' dir='ltr'><strong>n.</strong></span> <span class='ocrx_word' id='word_1_624' title='bbox 2120 4639 2212 4705; x_wconf 90' lang='grc'><strong>55,</strong></span> 
     </span>
    </p>
   </div>
   <div class='ocr_carea' id='block_1_79' title="bbox 2320 3321 3912 3391">
    <p class='ocr_par' dir='ltr' id='par_1_79' title="bbox 2320 3321 3912 3391">
     <span class='ocr_line' id='line_1_79' title="bbox 2320 3321 3912 3391; baseline 0.005 -17"><span class='ocrx_word' id='word_1_625' title='bbox 2320 3321 2646 3391; x_wconf 87' lang='lat' dir='ltr'><strong>nuncupatio</strong></span> <span class='ocrx_word' id='word_1_626' title='bbox 2691 3324 2959 3379; x_wconf 89' lang='lat' dir='ltr'><strong>obtineret</strong></span> <span class='ocrx_word' id='word_1_627' title='bbox 3002 3323 3104 3380; x_wconf 89' lang='lat' dir='ltr'><strong>sub</strong></span> <span class='ocrx_word' id='word_1_628' title='bbox 3153 3325 3390 3380; x_wconf 78' lang='lat' dir='ltr'><strong>falsitate</strong></span> <span class='ocrx_word' id='word_1_629' title='bbox 3433 3326 3712 3382; x_wconf 82' lang='lat' dir='ltr'><strong>nominum</strong></span> <span class='ocrx_word' id='word_1_630' title='bbox 3761 3327 3912 3382; x_wconf 82' lang='lat' dir='ltr'><strong>unio-</strong></span> 
     </span>
    </p>
   </div>
   <div class='ocr_carea' id='block_1_80' title="bbox 2319 3414 3914 3489">
    <p class='ocr_par' dir='ltr' id='par_1_80' title="bbox 2319 3414 3914 3489">
     <span class='ocr_line' id='line_1_80' title="bbox 2319 3414 3914 3489; baseline 0.003 -22"><span class='ocrx_word' id='word_1_631' title='bbox 2319 3427 2465 3481; x_wconf 89' lang='lat' dir='ltr'><strong>nem,</strong></span> <span class='ocrx_word' id='word_1_632' title='bbox 2499 3423 2554 3470; x_wconf 91' lang='lat' dir='ltr'><strong>et</strong></span> <span class='ocrx_word' id='word_1_633' title='bbox 2584 3414 2741 3469; x_wconf 87' lang='lat' dir='ltr'><strong>Pater</strong></span> <span class='ocrx_word' id='word_1_634' title='bbox 2771 3415 2920 3470; x_wconf 89' lang='lat' dir='ltr'><strong>solus</strong></span> <span class='ocrx_word' id='word_1_635' title='bbox 2950 3424 3111 3486; x_wconf 89' lang='lat' dir='ltr'><strong>atque</strong></span> <span class='ocrx_word' id='word_1_636' title='bbox 3137 3431 3277 3470; x_wconf 92' lang='lat' dir='ltr'><strong>unus</strong></span> <span class='ocrx_word' id='word_1_637' title='bbox 3307 3417 3450 3472; x_wconf 91' lang='lat' dir='ltr'><strong>idem</strong></span> <span class='ocrx_word' id='word_1_638' title='bbox 3483 3427 3646 3488; x_wconf 88' lang='lat' dir='ltr'><strong>atque</strong></span> <span class='ocrx_word' id='word_1_639' title='bbox 3673 3418 3790 3489; x_wconf 87' lang='lat' dir='ltr'><strong>ipse</strong></span> <span class='ocrx_word' id='word_1_640' title='bbox 3819 3419 3914 3473; x_wconf 86' lang='lat' dir='ltr'><strong>ha-</strong></span> 
     </span>
    </p>
   </div>
   <div class='ocr_carea' id='block_1_81' title="bbox 2321 3505 3913 3578">
    <p class='ocr_par' dir='ltr' id='par_1_81' title="bbox 2321 3505 3913 3578">
     <span class='ocr_line' id='line_1_81' title="bbox 2321 3505 3913 3578; baseline 0.005 -18"><span class='ocrx_word' id='word_1_641' title='bbox 2321 3505 2475 3561; x_wconf 90' lang='lat' dir='ltr'><strong>beret</strong></span> <span class='ocrx_word' id='word_1_642' title='bbox 2501 3517 2556 3562; x_wconf 92' lang='lat' dir='ltr'><strong>et</strong></span> <span class='ocrx_word' id='word_1_643' title='bbox 2593 3508 2826 3578; x_wconf 91' lang='lat' dir='ltr'><strong>Spiritus</strong></span> <span class='ocrx_word' id='word_1_644' title='bbox 2863 3511 3031 3564; x_wconf 89' lang='lat' dir='ltr'><strong>sancti</strong></span> <span class='ocrx_word' id='word_1_645' title='bbox 3073 3524 3268 3564; x_wconf 91' lang='lat' dir='ltr'><strong>nomen</strong></span> <span class='ocrx_word' id='word_1_646' title='bbox 3297 3518 3351 3565; x_wconf 91' lang='lat' dir='ltr'><strong>et</strong></span> <span class='ocrx_word' id='word_1_647' title='bbox 3383 3509 3500 3566; x_wconf 82' lang='lat' dir='ltr'><strong>Filii</strong></span> <span class='ocrx_word' id='word_1_648' title='bbox 3535 3511 3776 3567; x_wconf 88' lang='lat' dir='ltr'><strong>:idcirco</strong></span> <span class='ocrx_word' id='word_1_649' title='bbox 3805 3523 3913 3569; x_wconf 92' lang='lat' dir='ltr'><strong>tres</strong></span> 
     </span>
    </p>
   </div>
   <div class='ocr_carea' id='block_1_82' title="bbox 2315 3600 3915 3674">
    <p class='ocr_par' dir='ltr' id='par_1_82' title="bbox 2315 3600 3915 3674">
     <span class='ocr_line' id='line_1_82' title="bbox 2315 3600 3915 3674; baseline 0.004 -20"><span class='ocrx_word' id='word_1_650' title='bbox 2315 3600 2650 3656; x_wconf 84' lang='lat' dir='ltr'><strong>substantias</strong></span> <span class='ocrx_word' id='word_1_651' title='bbox 2697 3615 2820 3656; x_wconf 89' lang='lat' dir='ltr'><strong>esse</strong></span> <span class='ocrx_word' id='word_1_652' title='bbox 2867 3601 3142 3668; x_wconf 83' lang='lat' dir='ltr'><strong>dixerunt,</strong></span> <span class='ocrx_word' id='word_1_653' title='bbox 3189 3601 3596 3658; x_wconf 85' lang='lat' dir='ltr'><strong>subsistentium</strong></span> <span class='ocrx_word' id='word_1_654' title='bbox 3653 3619 3915 3674; x_wconf 88' lang='lat' dir='ltr'><strong>personas</strong></span> 
     </span>
    </p>
   </div>
   <div class='ocr_carea' id='block_1_83' title="bbox 2323 3695 3915 3768">
    <p class='ocr_par' dir='ltr' id='par_1_83' title="bbox 2323 3695 3915 3768">
     <span class='ocr_line' id='line_1_83' title="bbox 2323 3695 3915 3768; baseline 0.004 -20"><span class='ocrx_word' id='word_1_655' title='bbox 2323 3709 2417 3763; x_wconf 92' lang='lat' dir='ltr'><strong>per</strong></span> <span class='ocrx_word' id='word_1_656' title='bbox 2436 3695 2749 3749; x_wconf 82' lang='lat' dir='ltr'><strong>substantias</strong></span> <span class='ocrx_word' id='word_1_657' title='bbox 2775 3695 2854 3768; x_wconf 77' lang='lat' dir='ltr'><strong>(It)</strong></span> <span class='ocrx_word' id='word_1_658' title='bbox 2882 3696 3192 3766; x_wconf 90' lang='lat' dir='ltr'><strong>edocentes,</strong></span> <span class='ocrx_word' id='word_1_659' title='bbox 3222 3711 3328 3752; x_wconf 92' lang='lat' dir='ltr'><strong>non</strong></span> <span class='ocrx_word' id='word_1_660' title='bbox 3358 3696 3713 3752; x_wconf 89' lang='lat' dir='ltr'><strong>substantiam</strong></span> <span class='ocrx_word' id='word_1_661' title='bbox 3743 3699 3915 3754; x_wconf 86' lang='lat' dir='ltr'><strong>Patris</strong></span> 
     </span>
    </p>
   </div>
   <div class='ocr_carea' id='block_1_84' title="bbox 2397 3856 3917 3930">
    <p class='ocr_par' dir='ltr' id='par_1_84' title="bbox 2397 3856 3917 3930">
     <span class='ocr_line' id='line_1_84' title="bbox 2397 3856 3917 3930; baseline 0.005 -21"><span class='ocrx_word' id='word_1_662' title='bbox 2397 3856 2487 3930; x_wconf 44' lang='lat' dir='ltr'><strong>(lt)</strong></span> <span class='ocrx_word' id='word_1_663' title='bbox 2519 3857 2662 3929; x_wconf 87' lang='lat' dir='ltr'><strong>Lips.</strong></span> <span class='ocrx_word' id='word_1_664' title='bbox 2694 3867 2749 3930; x_wconf 90' lang='lat' dir='ltr'><strong>et</strong></span> <span class='ocrx_word' id='word_1_665' title='bbox 2785 3858 2906 3913; x_wconf 91' lang='lat' dir='ltr'><strong>Par.</strong></span> <span class='ocrx_word' id='word_1_666' title='bbox 2941 3870 3290 3930; x_wconf 86' lang='lat' dir='ltr'><strong>generaretur.</strong></span> <span class='ocrx_word' id='word_1_667' title='bbox 3334 3861 3423 3915; x_wconf 90' lang='lat' dir='ltr'><strong>Er.</strong></span> <span class='ocrx_word' id='word_1_668' title='bbox 3453 3876 3576 3915; x_wconf 91' lang='lat' dir='ltr'><strong>cum</strong></span> <span class='ocrx_word' id='word_1_669' title='bbox 3619 3861 3917 3916; x_wconf 86' lang='lat' dir='ltr'><strong>vetustiore</strong></span> 
     </span>
    </p>
   </div>
   <div class='ocr_carea' id='block_1_85' title="bbox 2321 3929 3920 4006">
    <p class='ocr_par' dir='ltr' id='par_1_85' title="bbox 2321 3929 3920 4006">
     <span class='ocr_line' id='line_1_85' title="bbox 2321 3929 3920 4006; baseline 0.002 -24"><span class='ocrx_word' id='word_1_670' title='bbox 2321 3944 2425 3983; x_wconf 91' lang='lat' dir='ltr'><strong>ms.</strong></span> <span class='ocrx_word' id='word_1_671' title='bbox 2455 3929 2610 4006; x_wconf 84' lang='lat' dir='ltr'><strong>Colh_.</strong></span> <span class='ocrx_word' id='word_1_672' title='bbox 2641 3939 2692 3985; x_wconf 93' lang='lat' dir='ltr'><strong>et</strong></span> <span class='ocrx_word' id='word_1_673' title='bbox 2720 3929 2908 4006; x_wconf 83' lang='lat' dir='ltr'><strong>Germ.</strong></span> <span class='ocrx_word' id='word_1_674' title='bbox 2939 3929 3229 4006; x_wconf 76' lang='lat' dir='ltr'><strong>generatur.</strong></span> <span class='ocrx_word' id='word_1_675' title='bbox 3265 3931 3396 3986; x_wconf 75' lang='lat' dir='ltr'><strong>Ball.</strong></span> <span class='ocrx_word' id='word_1_676' title='bbox 3418 3947 3538 3986; x_wconf 91' lang='lat' dir='ltr'><strong>cum</strong></span> <span class='ocrx_word' id='word_1_677' title='bbox 3569 3933 3799 4001; x_wconf 71' lang='lat' dir='ltr'><strong>cmteris,</strong></span> <span class='ocrx_word' id='word_1_678' title='bbox 3832 3950 3920 4006; x_wconf 81' lang='lat' dir='ltr'><strong>ge-</strong></span> 
     </span>
    </p>
   </div>
   <div class='ocr_carea' id='block_1_86' title="bbox 2317 4001 3561 4079">
    <p class='ocr_par' dir='ltr' id='par_1_86' title="bbox 2317 4001 3561 4079">
     <span class='ocr_line' id='line_1_86' title="bbox 2317 4001 3561 4079; baseline 0.004 -26"><span class='ocrx_word' id='word_1_679' title='bbox 2317 4011 2540 4055; x_wconf 80' lang='lat' dir='ltr'><strong>neratus.</strong></span> <span class='ocrx_word' id='word_1_680' title='bbox 2571 4001 2780 4068; x_wconf 84' lang='lat' dir='ltr'><strong>Graece,</strong></span> <span class='ocrx_word' id='word_1_681' title='bbox 2814 4005 2915 4079; x_wconf 74' lang='grc' dir='ltr'><strong>πρὸ</strong></span> <span class='ocrx_word' id='word_1_682' title='bbox 2941 4001 3036 4059; x_wconf 62' lang='grc' dir='ltr'><strong>ῖτοῦ</strong></span> <span class='ocrx_word' id='word_1_683' title='bbox 3062 4005 3146 4058; x_wconf 82' lang='grc' dir='ltr'><strong>τὸν</strong></span> <span class='ocrx_word' id='word_1_684' title='bbox 3166 4005 3272 4058; x_wconf 78' lang='grc' dir='ltr'><strong>υἱὸν</strong></span> <span class='ocrx_word' id='word_1_685' title='bbox 3298 4012 3389 4059; x_wconf 78' lang='grc' dir='ltr'><strong>τοῦ</strong></span> <span class='ocrx_word' id='word_1_686' title='bbox 3411 4012 3561 4060; x_wconf 80' lang='grc' dir='ltr'><strong>Θεοῦ.</strong></span> 
     </span>
    </p>
   </div>
   <div class='ocr_carea' id='block_1_87' title="bbox 2389 4092 3903 4169">
    <p class='ocr_par' dir='ltr' id='par_1_87' title="bbox 2389 4092 3903 4169">
     <span class='ocr_line' id='line_1_87' title="bbox 2389 4092 3903 4169; baseline 0.004 -24"><span class='ocrx_word' id='word_1_687' title='bbox 2389 4093 2454 4161; x_wconf 93' lang='lat' dir='ltr'><strong>(i)</strong></span> <span class='ocrx_word' id='word_1_688' title='bbox 2517 4092 2570 4148; x_wconf 87' lang='lat' dir='ltr'><strong>ln</strong></span> <span class='ocrx_word' id='word_1_689' title='bbox 2625 4095 2774 4169; x_wconf 80' lang='lat' dir='ltr'><strong>prius</strong></span> <span class='ocrx_word' id='word_1_690' title='bbox 2832 4095 3063 4169; x_wconf 84' lang='lat' dir='ltr'><strong>vulgatis</strong></span> <span class='ocrx_word' id='word_1_691' title='bbox 3107 4095 3358 4165; x_wconf 85' lang='lat' dir='ltr'><strong>adjicitur</strong></span> <span class='ocrx_word' id='word_1_692' title='bbox 3424 4096 3513 4153; x_wconf 85' lang='lat' dir='ltr'><strong>hic</strong></span> <span class='ocrx_word' id='word_1_693' title='bbox 3553 4108 3601 4152; x_wconf 86' lang='lat' dir='ltr'><strong>et</strong></span> <span class='ocrx_word' id='word_1_694' title='bbox 3650 4098 3903 4169; x_wconf 88' lang='lat' dir='ltr'><strong>Spiritum</strong></span> 
     </span>
    </p>
   </div>
   <div class='ocr_carea' id='block_1_88' title="bbox 2317 4166 3200 4236">
    <p class='ocr_par' dir='ltr' id='par_1_88' title="bbox 2317 4166 3200 4236">
     <span class='ocr_line' id='line_1_88' title="bbox 2317 4166 3200 4236; baseline 0.006 -20"><span class='ocrx_word' id='word_1_695' title='bbox 2317 4173 2550 4218; x_wconf 87' lang='lat' dir='ltr'><strong>sanctum</strong></span> <span class='ocrx_word' id='word_1_696' title='bbox 2581 4181 2600 4219; x_wconf 87' lang='lat'><strong><em>:</em></strong></span> <span class='ocrx_word' id='word_1_697' title='bbox 2629 4166 2834 4236; x_wconf 86' lang='lat' dir='ltr'><strong>absque</strong></span> <span class='ocrx_word' id='word_1_698' title='bbox 2861 4168 3200 4223; x_wconf 87' lang='lat' dir='ltr'><strong>auctoritate.</strong></span> 
     </span>
    </p>
   </div>
   <div class='ocr_carea' id='block_1_89' title="bbox 2394 4260 3914 4334">
    <p class='ocr_par' dir='ltr' id='par_1_89' title="bbox 2394 4260 3914 4334">
     <span class='ocr_line' id='line_1_89' title="bbox 2394 4260 3914 4334; baseline 0.001 -19"><span class='ocrx_word' id='word_1_699' title='bbox 2394 4260 2464 4332; x_wconf 86' lang='lat' dir='ltr'><strong>(j)</strong></span> <span class='ocrx_word' id='word_1_700' title='bbox 2509 4260 2621 4314; x_wconf 84' lang='lat' dir='ltr'><strong>Hoc</strong></span> <span class='ocrx_word' id='word_1_701' title='bbox 2657 4261 2853 4334; x_wconf 12' lang='lat' dir='ltr'><strong>saltem,</strong></span> <span class='ocrx_word' id='word_1_702' title='bbox 2900 4261 3262 4318; x_wconf 89' lang='lat' dir='ltr'><strong>obtendebant</strong></span> <span class='ocrx_word' id='word_1_703' title='bbox 3308 4262 3632 4328; x_wconf 85' lang='lat' dir='ltr'><strong>Eusebiaui,</strong></span> <span class='ocrx_word' id='word_1_704' title='bbox 3684 4265 3773 4334; x_wconf 87' lang='lat' dir='ltr'><strong>qni</strong></span> <span class='ocrx_word' id='word_1_705' title='bbox 3816 4265 3914 4318; x_wconf 83' lang='lat' dir='ltr'><strong>sibi</strong></span> 
     </span>
    </p>
   </div>
   <div class='ocr_carea' id='block_1_90' title="bbox 2322 4329 3921 4456">
    <p class='ocr_par' dir='ltr' id='par_1_90' title="bbox 2322 4329 3921 4456">
     <span class='ocr_line' id='line_1_90' title="bbox 2322 4329 3921 4456; baseline 0.005 -73"><span class='ocrx_word' id='word_1_706' title='bbox 2322 4329 2714 4456; x_wconf 60' lang='lat' dir='ltr'><strong>adfversantes,</strong></span> <span class='ocrx_word' id='word_1_707' title='bbox 2768 4332 3090 4390; x_wconf 73' lang='lat' dir='ltr'><strong>Sabellianm</strong></span> <span class='ocrx_word' id='word_1_708' title='bbox 3140 4333 3364 4389; x_wconf 75' lang='lat' dir='ltr'><strong>hmresis</strong></span> <span class='ocrx_word' id='word_1_709' title='bbox 3414 4337 3630 4392; x_wconf 91' lang='lat' dir='ltr'><strong>nomine</strong></span> <span class='ocrx_word' id='word_1_710' title='bbox 3675 4329 3921 4391; x_wconf 79' lang='lat' dir='ltr'><strong>solebant</strong></span> 
     </span>
     <span class='ocr_line' id='line_1_91' title="bbox 2322 4417 2604 4456; baseline 0.004 -1"><span class='ocrx_word' id='word_1_711' title='bbox 2322 4417 2372 4455; x_wconf 84' lang='lat' dir='ltr'><strong>tu</strong></span> <span class='ocrx_word' id='word_1_712' title='bbox 2400 4417 2604 4456; x_wconf 87' lang='lat' dir='ltr'><strong>amare.</strong></span> 
     </span>
    </p>
   </div>
   <div class='ocr_carea' id='block_1_91' title="bbox 2320 4417 2604 4459">
    <p class='ocr_par' dir='ltr' id='par_1_91' title="bbox 2320 4417 2604 4459">
     <span class='ocr_line' id='line_1_92' title="bbox 2320 4417 2604 4459; baseline 0.014 -4"><span class='ocrx_word' id='word_1_713' title='bbox 2320 4417 2604 4459; x_wconf 79' lang='lat' dir='ltr'><strong>tutamare.</strong></span> 
     </span>
    </p>
   </div>
   <div class='ocr_carea' id='block_1_92' title="bbox 2395 4493 3918 4568">
    <p class='ocr_par' dir='ltr' id='par_1_92' title="bbox 2395 4493 3918 4568">
     <span class='ocr_line' id='line_1_93' title="bbox 2395 4493 3918 4568; baseline 0.005 -22"><span class='ocrx_word' id='word_1_714' title='bbox 2395 4493 2645 4568; x_wconf 70' lang='lat' dir='ltr'><strong>(lv)_Quod</strong></span> <span class='ocrx_word' id='word_1_715' title='bbox 2671 4496 2814 4550; x_wconf 89' lang='lat' dir='ltr'><strong>enim</strong></span> <span class='ocrx_word' id='word_1_716' title='bbox 2847 4497 3006 4551; x_wconf 89' lang='lat' dir='ltr'><strong>vertit</strong></span> <span class='ocrx_word' id='word_1_717' title='bbox 3035 4506 3218 4553; x_wconf 91' lang='lat' dir='ltr'><strong>noster</strong></span> <span class='ocrx_word' id='word_1_718' title='bbox 3244 4498 3510 4568; x_wconf 88' lang='lat' dir='ltr'><strong>interpres</strong></span> <span class='ocrx_word' id='word_1_719' title='bbox 3539 4509 3641 4555; x_wconf 88' lang='lat' dir='ltr'><strong>tres</strong></span> <span class='ocrx_word' id='word_1_720' title='bbox 3671 4499 3918 4554; x_wconf 77' lang='lat' dir='ltr'><strong>substan-</strong></span> 
     </span>
    </p>
   </div>
   <div class='ocr_carea' id='block_1_93' title="bbox 2321 4565 3926 4640">
    <p class='ocr_par' dir='ltr' id='par_1_93' title="bbox 2321 4565 3926 4640">
     <span class='ocr_line' id='line_1_94' title="bbox 2321 4565 3926 4640; baseline 0.006 -23"><span class='ocrx_word' id='word_1_721' title='bbox 2321 4565 2438 4640; x_wconf 71' lang='lat' dir='ltr'><strong>t_ias_,</strong></span> <span class='ocrx_word' id='word_1_722' title='bbox 2468 4566 2548 4640; x_wconf 83' lang='lat' dir='ltr'><strong>_i|li</strong></span> <span class='ocrx_word' id='word_1_723' title='bbox 2575 4577 2713 4640; x_wconf 79' lang='grc' dir='ltr'><strong>τρεῖς</strong></span> <span class='ocrx_word' id='word_1_724' title='bbox 2733 4570 3051 4631; x_wconf 77' lang='grc' dir='ltr'><strong>ὑποστάσεις</strong></span> <span class='ocrx_word' id='word_1_725' title='bbox 3075 4569 3346 4624; x_wconf 83' lang='lat' dir='ltr'><strong>dixerunt.</strong></span> <span class='ocrx_word' id='word_1_726' title='bbox 3386 4565 3594 4635; x_wconf 80' lang='lat' dir='ltr'><strong>Verum,</strong></span> <span class='ocrx_word' id='word_1_727' title='bbox 3629 4573 3704 4625; x_wconf 87' lang='lat' dir='ltr'><strong>uti</strong></span> <span class='ocrx_word' id='word_1_728' title='bbox 3739 4582 3926 4626; x_wconf 73' lang='lat' dir='ltr'><strong>mouet</strong></span> 
     </span>
    </p>
   </div>
   <div class='ocr_carea' id='block_1_94' title="bbox 2325 4637 3924 4713">
    <p class='ocr_par' dir='ltr' id='par_1_94' title="bbox 2325 4637 3924 4713">
     <span class='ocr_line' id='line_1_95' title="bbox 2325 4637 3924 4713; baseline 0.004 -23"><span class='ocrx_word' id='word_1_729' title='bbox 2325 4637 2654 4713; x_wconf 69' lang='lat' dir='ltr'><strong>Epiphanius</strong></span> <span class='ocrx_word' id='word_1_730' title='bbox 2691 4639 2821 4713; x_wconf 71' lang='lat' dir='ltr'><strong>hazr.</strong></span> <span class='ocrx_word' id='word_1_731' title='bbox 2853 4657 3039 4713; x_wconf 77' lang='lat' dir='ltr'><strong>Lxxut,</strong></span> <span class='ocrx_word' id='word_1_732' title='bbox 3075 4658 3128 4694; x_wconf 90' lang='lat' dir='ltr'><strong>n.</strong></span> <span class='ocrx_word' id='word_1_733' title='bbox 3160 4642 3247 4707; x_wconf 73' lang='lat'><strong>17,</strong></span> <span class='ocrx_word' id='word_1_734' title='bbox 3285 4657 3350 4695; x_wconf 87' lang='lat' dir='ltr'><strong>ne</strong></span> <span class='ocrx_word' id='word_1_735' title='bbox 3389 4659 3540 4710; x_wconf 79' lang='lat' dir='ltr'><strong>quem</strong></span> <span class='ocrx_word' id='word_1_736' title='bbox 3581 4643 3924 4713; x_wconf 77' lang='lat' dir='ltr'><strong>[typostaseon</strong></span> 
     </span>
    </p>
   </div>
   <div class='ocr_carea' id='block_1_95' title="bbox 617 4707 3919 4788">
    <p class='ocr_par' dir='ltr' id='par_1_95' title="bbox 617 4707 3919 4788">
     <span class='ocr_line' id='line_1_96' title="bbox 617 4707 3919 4788; baseline -0.001 -16"><span class='ocrx_word' id='word_1_737' title='bbox 617 4715 889 4788; x_wconf 74' lang='lat' dir='ltr'><strong>signiﬁcat</strong></span> <span class='ocrx_word' id='word_1_738' title='bbox 909 4731 1029 4770; x_wconf 89' lang='lat' dir='ltr'><strong>eam</strong></span> <span class='ocrx_word' id='word_1_739' title='bbox 1054 4715 1340 4788; x_wconf 78' lang='lat' dir='ltr'><strong>formulam</strong></span> <span class='ocrx_word' id='word_1_740' title='bbox 1368 4712 1468 4766; x_wconf 90' lang='lat' dir='ltr'><strong>sibi</strong></span> <span class='ocrx_word' id='word_1_741' title='bbox 1495 4711 1672 4788; x_wconf 78' lang='lat' dir='ltr'><strong>minus</strong></span> <span class='ocrx_word' id='word_1_742' title='bbox 1695 4707 1856 4788; x_wconf 79' lang='lat' dir='ltr'><strong>fuisse</strong></span> <span class='ocrx_word' id='word_1_743' title='bbox 1884 4720 2212 4778; x_wconf 89' lang='lat' dir='ltr'><strong>suspectam.</strong></span> <span class='ocrx_word' id='word_1_744' title='bbox 2243 4711 2297 4772; x_wconf 93' lang='lat' dir='ltr'><strong>D</strong></span> <span class='ocrx_word' id='word_1_745' title='bbox 2321 4707 2600 4788; x_wconf 69' lang='lat' dir='ltr'><strong>appellatio</strong></span> <span class='ocrx_word' id='word_1_746' title='bbox 2631 4712 2902 4779; x_wconf 81' lang='lat' dir='ltr'><strong>perturbet,</strong></span> <span class='ocrx_word' id='word_1_747' title='bbox 2938 4712 2999 4766; x_wconf 87' lang='lat' dir='ltr'><strong>ob</strong></span> <span class='ocrx_word' id='word_1_748' title='bbox 3023 4713 3078 4764; x_wconf 90' lang='lat' dir='ltr'><strong>id</strong></span> <span class='ocrx_word' id='word_1_749' title='bbox 3107 4713 3238 4765; x_wconf 88' lang='lat' dir='ltr'><strong>enim</strong></span> <span class='ocrx_word' id='word_1_750' title='bbox 3266 4707 3564 4788; x_wconf 77' lang='lat' dir='ltr'><strong>liypostases</strong></span> <span class='ocrx_word' id='word_1_751' title='bbox 3588 4707 3919 4788; x_wconf 65' lang='lat' dir='ltr'><strong>abOrienta-</strong></span> 
     </span>
    </p>
   </div>
   <div class='ocr_carea' id='block_1_96' title="bbox 693 4782 2220 4861">
    <p class='ocr_par' dir='ltr' id='par_1_96' title="bbox 693 4782 2220 4861">
     <span class='ocr_line' id='line_1_97' title="bbox 693 4782 2220 4861; baseline -0.005 -17"><span class='ocrx_word' id='word_1_752' title='bbox 693 4782 768 4861; x_wconf 85' lang='lat' dir='ltr'><strong>(c)</strong></span> <span class='ocrx_word' id='word_1_753' title='bbox 795 4787 876 4843; x_wconf 84' lang='lat' dir='ltr'><strong>Ex</strong></span> <span class='ocrx_word' id='word_1_754' title='bbox 899 4801 1072 4861; x_wconf 61' lang='lat' dir='ltr'><strong>grmca</strong></span> <span class='ocrx_word' id='word_1_755' title='bbox 1092 4785 1286 4861; x_wconf 72' lang='lat' dir='ltr'><strong>phrasi</strong></span> <span class='ocrx_word' id='word_1_756' title='bbox 1319 4782 1784 4861; x_wconf 75' lang='lat' dir='ltr'><strong>legentlum_honto</strong></span> <span class='ocrx_word' id='word_1_757' title='bbox 1820 4784 1993 4861; x_wconf 73' lang='lat' dir='ltr'><strong>[actus</strong></span> <span class='ocrx_word' id='word_1_758' title='bbox 2020 4791 2092 4836; x_wconf 89' lang='lat' dir='ltr'><strong>est</strong></span> <span class='ocrx_word' id='word_1_759' title='bbox 2116 4798 2133 4847; x_wconf 85' lang='lat'><em>;</em></span> <span class='ocrx_word' id='word_1_760' title='bbox 2167 4791 2220 4836; x_wconf 90' lang='lat' dir='ltr'><strong>et</strong></span> 
     </span>
    </p>
   </div>
   <div class='ocr_carea' id='block_1_97' title="bbox 624 4853 1944 4928">
    <p class='ocr_par' dir='ltr' id='par_1_97' title="bbox 624 4853 1944 4928">
     <span class='ocr_line' id='line_1_98' title="bbox 624 4853 1944 4928; baseline -0.009 -11"><span class='ocrx_word' id='word_1_761' title='bbox 624 4853 760 4916; x_wconf 64' lang='lat' dir='ltr'><strong>moi</strong></span> <span class='ocrx_word' id='word_1_762' title='bbox 781 4853 1046 4928; x_wconf 67' lang='lat' dir='ltr'><strong>apostolus</strong></span> <span class='ocrx_word' id='word_1_763' title='bbox 1075 4856 1222 4924; x_wconf 83' lang='lat' dir='ltr'><strong>ﬁdei,</strong></span> <span class='ocrx_word' id='word_1_764' title='bbox 1252 4869 1356 4908; x_wconf 93' lang='lat' dir='ltr'><strong>non</strong></span> <span class='ocrx_word' id='word_1_765' title='bbox 1385 4853 1779 4928; x_wconf 64' lang='lat' dir='ltr'><strong>praedestinatus</strong></span> <span class='ocrx_word' id='word_1_766' title='bbox 1805 4853 1944 4928; x_wconf 78' lang='lat' dir='ltr'><strong>fidei.</strong></span> 
     </span>
    </p>
   </div>
   <div class='ocr_carea' id='block_1_98' title="bbox 697 4924 2224 5002">
    <p class='ocr_par' dir='ltr' id='par_1_98' title="bbox 697 4924 2224 5002">
     <span class='ocr_line' id='line_1_99' title="bbox 697 4924 2224 5002; baseline -0.003 -19"><span class='ocrx_word' id='word_1_767' title='bbox 697 4931 778 5002; x_wconf 81' lang='lat' dir='ltr'><strong>(tl)</strong></span> <span class='ocrx_word' id='word_1_768' title='bbox 816 4924 969 5002; x_wconf 52' lang='lat' dir='ltr'><strong>Apud</strong></span> <span class='ocrx_word' id='word_1_769' title='bbox 1017 4927 1330 5002; x_wconf 57' lang='lat' dir='ltr'><strong>Socratem,</strong></span> <span class='ocrx_word' id='word_1_770' title='bbox 1353 4926 1436 4980; x_wconf 74' lang='grc' dir='ltr'><strong>τὸν</strong></span> <span class='ocrx_word' id='word_1_771' title='bbox 1477 4924 1702 5002; x_wconf 49' lang='grc' dir='ltr'><strong>παθόντα</strong></span> <span class='ocrx_word' id='word_1_772' title='bbox 1745 4925 1878 5002; x_wconf 61' lang='grc' dir='ltr'><em>ῥπξρ</em></span> <span class='ocrx_word' id='word_1_773' title='bbox 1923 4927 2224 5002; x_wconf 49' lang='grc' dir='ltr'><strong>ᾖμῶν,-καὶ</strong></span> 
     </span>
    </p>
   </div>
   <div class='ocr_carea' id='block_1_99' title="bbox 621 4996 2227 5075">
    <p class='ocr_par' dir='ltr' id='par_1_99' title="bbox 621 4996 2227 5075">
     <span class='ocr_line' id='line_1_100' title="bbox 621 4996 2227 5075; baseline -0.004 -18"><span class='ocrx_word' id='word_1_774' title='bbox 621 4996 910 5075; x_wconf 42' lang='grc' dir='ltr'><strong>ὼάσὲἀντ-οι</strong></span> <span class='ocrx_word' id='word_1_775' title='bbox 940 5001 1073 5075; x_wconf 77' lang='grc' dir='ltr'><strong>ὑπὲρ</strong></span> <span class='ocrx_word' id='word_1_776' title='bbox 1095 5001 1256 5070; x_wconf 81' lang='grc' dir='ltr'><strong>ἡμῶν.</strong></span> <span class='ocrx_word' id='word_1_777' title='bbox 1291 4997 1403 5051; x_wconf 87' lang='lat' dir='ltr'><strong>lloc</strong></span> <span class='ocrx_word' id='word_1_778' title='bbox 1429 4997 1723 5050; x_wconf 88' lang='lat' dir='ltr'><strong>secundum</strong></span> <span class='ocrx_word' id='word_1_779' title='bbox 1750 4996 1883 5070; x_wconf 65' lang='grc' dir='ltr'><strong>ὑπὲρ</strong></span> <span class='ocrx_word' id='word_1_780' title='bbox 1907 4997 2047 5069; x_wconf 76' lang='grc' dir='ltr'><strong>ἡμῶν</strong></span> <span class='ocrx_word' id='word_1_781' title='bbox 2073 4996 2227 5050; x_wconf 85' lang='lat' dir='ltr'><strong>abest</strong></span> 
     </span>
    </p>
   </div>
   <div class='ocr_carea' id='block_1_100' title="bbox 624 5071 1060 5143">
    <p class='ocr_par' dir='ltr' id='par_1_100' title="bbox 624 5071 1060 5143">
     <span class='ocr_line' id='line_1_101' title="bbox 624 5071 1060 5143; baseline -0.011 -16"><span class='ocrx_word' id='word_1_782' title='bbox 624 5073 766 5143; x_wconf 79' lang='lat' dir='ltr'><strong>apud</strong></span> <span class='ocrx_word' id='word_1_783' title='bbox 796 5071 1060 5143; x_wconf 59' lang='lat' dir='ltr'><strong>Albanas.</strong></span> 
     </span>
    </p>
   </div>
   <div class='ocr_carea' id='block_1_101' title="bbox 718 5137 2191 5216">
    <p class='ocr_par' dir='ltr' id='par_1_101' title="bbox 718 5137 2191 5216">
     <span class='ocr_line' id='line_1_102' title="bbox 718 5137 2191 5216; baseline -0.004 -19"><span class='ocrx_word' id='word_1_784' title='bbox 718 5143 772 5216; x_wconf 91' lang='lat' dir='ltr'><strong>e)</strong></span> <span class='ocrx_word' id='word_1_785' title='bbox 795 5143 893 5216; x_wconf 72' lang='lat' dir='ltr'><strong>Sic</strong></span> <span class='ocrx_word' id='word_1_786' title='bbox 924 5139 1055 5216; x_wconf 87' lang='lat' dir='ltr'><strong>_Ba_d_.</strong></span> <span class='ocrx_word' id='word_1_787' title='bbox 1083 5153 1203 5216; x_wconf 79' lang='lat' dir='ltr'><strong>curn</strong></span> <span class='ocrx_word' id='word_1_788' title='bbox 1233 5151 1371 5216; x_wconf 61' lang='lat' dir='ltr'><strong>mss.</strong></span> <span class='ocrx_word' id='word_1_789' title='bbox 1397 5137 1691 5216; x_wconf 42' lang='lat' dir='ltr'><strong>Aliaenvero</strong></span> <span class='ocrx_word' id='word_1_790' title='bbox 1718 5137 1871 5216; x_wconf 60' lang='lat' dir='ltr'><strong>edin,</strong></span> <span class='ocrx_word' id='word_1_791' title='bbox 1901 5137 2191 5216; x_wconf 66' lang='lat' dir='ltr'><strong>discipulis.</strong></span> 
     </span>
    </p>
   </div>
   <div class='ocr_carea' id='block_1_102' title="bbox 695 5144 2215 5287">
    <p class='ocr_par' dir='ltr' id='par_1_102' title="bbox 695 5144 2215 5287">
     <span class='ocr_line' id='line_1_103' title="bbox 718 5144 2191 5219; baseline -0.005 -21"><span class='ocrx_word' id='word_1_792' title='bbox 718 5144 772 5216; x_wconf 89' lang='lat' dir='ltr'><strong>e)</strong></span> <span class='ocrx_word' id='word_1_793' title='bbox 801 5144 890 5197; x_wconf 93' lang='lat' dir='ltr'><strong>Sic</strong></span> <span class='ocrx_word' id='word_1_794' title='bbox 925 5144 1055 5195; x_wconf 88' lang='lat' dir='ltr'><strong>Bad.</strong></span> <span class='ocrx_word' id='word_1_795' title='bbox 1083 5153 1203 5194; x_wconf 91' lang='lat' dir='ltr'><strong>cum</strong></span> <span class='ocrx_word' id='word_1_796' title='bbox 1233 5151 1366 5192; x_wconf 91' lang='lat' dir='ltr'><strong>mss.</strong></span> <span class='ocrx_word' id='word_1_797' title='bbox 1397 5144 1530 5190; x_wconf 66' lang='lat' dir='ltr'><strong>Aliae</strong></span> <span class='ocrx_word' id='word_1_798' title='bbox 1559 5151 1691 5191; x_wconf 84' lang='lat' dir='ltr'><strong>vero</strong></span> <span class='ocrx_word' id='word_1_799' title='bbox 1718 5144 1871 5202; x_wconf 85' lang='lat' dir='ltr'><strong>edit.,</strong></span> <span class='ocrx_word' id='word_1_800' title='bbox 1901 5144 2191 5219; x_wconf 78' lang='lat' dir='ltr'><strong>discipulis.</strong></span> 
     </span>
     <span class='ocr_line' id='line_1_104' title="bbox 695 5144 2215 5287; baseline -0.003 -19"><span class='ocrx_word' id='word_1_801' title='bbox 695 5144 766 5287; x_wconf 49' lang='lat' dir='ltr'><strong>if)</strong></span> <span class='ocrx_word' id='word_1_802' title='bbox 794 5212 960 5287; x_wconf 73' lang='lat' dir='ltr'><strong>Editi.</strong></span> <span class='ocrx_word' id='word_1_803' title='bbox 988 5210 1270 5287; x_wconf 75' lang='lat' dir='ltr'><strong>Manifesta</strong></span> <span class='ocrx_word' id='word_1_804' title='bbox 1301 5211 1471 5277; x_wconf 84' lang='lat' dir='ltr'><strong>utique</strong></span> <span class='ocrx_word' id='word_1_805' title='bbox 1515 5207 1691 5287; x_wconf 54' lang='lat' dir='ltr'><strong>Patris</strong></span> <span class='ocrx_word' id='word_1_806' title='bbox 1739 5209 2040 5287; x_wconf 41' lang='lat' dir='ltr'><strong>(hic‘addtt</strong></span> <span class='ocrx_word' id='word_1_807' title='bbox 2086 5209 2215 5264; x_wconf 86' lang='lat' dir='ltr'><strong>Bad.</strong></span> 
     </span>
    </p>
   </div>
   <div class='ocr_carea' id='block_1_103' title="bbox 626 5277 2222 5357">
    <p class='ocr_par' dir='ltr' id='par_1_103' title="bbox 626 5277 2222 5357">
     <span class='ocr_line' id='line_1_105' title="bbox 626 5277 2222 5357; baseline -0.004 -17"><span class='ocrx_word' id='word_1_808' title='bbox 626 5277 888 5357; x_wconf 66' lang='lat' dir='ltr'><strong>persona),</strong></span> <span class='ocrx_word' id='word_1_809' title='bbox 915 5300 1027 5338; x_wconf 83' lang='lat' dir='ltr'><strong>vere</strong></span> <span class='ocrx_word' id='word_1_810' title='bbox 1054 5277 1236 5357; x_wconf 78' lang='lat' dir='ltr'><strong>patris,</strong></span> <span class='ocrx_word' id='word_1_811' title='bbox 1273 5291 1509 5357; x_wconf 78' lang='lat' dir='ltr'><strong>certaque</strong></span> <span class='ocrx_word' id='word_1_812' title='bbox 1545 5277 1675 5333; x_wconf 83' lang='lat' dir='ltr'><strong>Filii</strong></span> <span class='ocrx_word' id='word_1_813' title='bbox 1701 5277 1816 5333; x_wconf 81' lang='lat' dir='ltr'><strong>uere</strong></span> <span class='ocrx_word' id='word_1_814' title='bbox 1844 5280 1963 5348; x_wconf 79' lang='lat' dir='ltr'><strong>lilii,</strong></span> <span class='ocrx_word' id='word_1_815' title='bbox 2005 5292 2222 5357; x_wconf 36' lang='lat' dir='ltr'><strong>not-aque</strong></span> 
     </span>
    </p>
   </div>
   <div class='ocr_carea' id='block_1_104' title="bbox 629 5351 2220 5426">
    <p class='ocr_par' dir='ltr' id='par_1_104' title="bbox 629 5351 2220 5426">
     <span class='ocr_line' id='line_1_106' title="bbox 629 5351 2220 5426; baseline -0.003 -16"><span class='ocrx_word' id='word_1_816' title='bbox 629 5351 862 5426; x_wconf 76' lang='lat' dir='ltr'><strong>Spiritus</strong></span> <span class='ocrx_word' id='word_1_817' title='bbox 911 5355 1077 5426; x_wconf 79' lang='lat' dir='ltr'><strong>sancti</strong></span> <span class='ocrx_word' id='word_1_818' title='bbox 1121 5369 1140 5409; x_wconf 90' lang='lat'><strong><em>:</em></strong></span> <span class='ocrx_word' id='word_1_819' title='bbox 1184 5352 1515 5422; x_wconf 85' lang='lat' dir='ltr'><strong>castigantur</strong></span> <span class='ocrx_word' id='word_1_820' title='bbox 1554 5366 1620 5405; x_wconf 81' lang='lat' dir='ltr'><strong>ex</strong></span> <span class='ocrx_word' id='word_1_821' title='bbox 1664 5365 1844 5422; x_wconf 67' lang='lat' dir='ltr'><strong>grseco</strong></span> <span class='ocrx_word' id='word_1_822' title='bbox 1889 5361 1944 5406; x_wconf 90' lang='lat' dir='ltr'><strong>et</strong></span> <span class='ocrx_word' id='word_1_823' title='bbox 1991 5351 2220 5421; x_wconf 90' lang='lat' dir='ltr'><strong>potiori-</strong></span> 
     </span>
    </p>
   </div>
   <div class='ocr_carea' id='block_1_105' title="bbox 631 5427 1046 5491">
    <p class='ocr_par' dir='ltr' id='par_1_105' title="bbox 631 5427 1046 5491">
     <span class='ocr_line' id='line_1_107' title="bbox 631 5427 1046 5491; baseline -0.002 -8"><span class='ocrx_word' id='word_1_824' title='bbox 631 5427 734 5483; x_wconf 89' lang='lat' dir='ltr'><strong>bus</strong></span> <span class='ocrx_word' id='word_1_825' title='bbox 765 5442 895 5482; x_wconf 92' lang='lat' dir='ltr'><strong>mss.</strong></span> <span class='ocrx_word' id='word_1_826' title='bbox 1041 5481 1046 5491; x_wconf 78' lang='grc'><strong>,</strong></span> 
     </span>
    </p>
   </div>
   <div class='ocr_carea' id='block_1_106' title="bbox 701 5491 2220 5572">
    <p class='ocr_par' dir='ltr' id='par_1_106' title="bbox 701 5491 2220 5572">
     <span class='ocr_line' id='line_1_108' title="bbox 701 5491 2220 5572; baseline -0.003 -21"><span class='ocrx_word' id='word_1_827' title='bbox 701 5497 778 5570; x_wconf 86' lang='lat' dir='ltr'><strong>(g)</strong></span> <span class='ocrx_word' id='word_1_828' title='bbox 806 5498 1012 5572; x_wconf 67' lang='lat' dir='ltr'><strong>Graece,</strong></span> <span class='ocrx_word' id='word_1_829' title='bbox 1033 5500 1101 5558; x_wconf 81' lang='grc' dir='ltr'><strong>ὡς</strong></span> <span class='ocrx_word' id='word_1_830' title='bbox 1125 5492 1253 5572; x_wconf 58' lang='lat' dir='ltr'><strong>sistat</strong></span> <span class='ocrx_word' id='word_1_831' title='bbox 1271 5503 1335 5570; x_wconf 73' lang='grc' dir='ltr'><strong>τῇ</strong></span> <span class='ocrx_word' id='word_1_832' title='bbox 1347 5498 1438 5566; x_wconf 79' lang='grc' dir='ltr'><strong><em>μὲν</em></strong></span> <span class='ocrx_word' id='word_1_833' title='bbox 1463 5495 1755 5572; x_wconf 55' lang='grc' dir='ltr'><strong>ὐτζοστᾴσει</strong></span> <span class='ocrx_word' id='word_1_834' title='bbox 1769 5499 1910 5572; x_wconf 60' lang='grc' dir='ltr'><strong>τρία,</strong></span> <span class='ocrx_word' id='word_1_835' title='bbox 2005 5491 2220 5572; x_wconf 43' lang='grc' dir='ltr'><strong>ῥέ-συμ·</strong></span> 
     </span>
    </p>
   </div>
   <div class='ocr_carea' id='block_1_107' title="bbox 628 5566 2212 5644">
    <p class='ocr_par' dir='ltr' id='par_1_107' title="bbox 628 5566 2212 5644">
     <span class='ocr_line' id='line_1_109' title="bbox 628 5566 2212 5644; baseline -0.004 -19"><span class='ocrx_word' id='word_1_836' title='bbox 628 5566 786 5644; x_wconf 47' lang='lat' dir='ltr'><strong>suae</strong></span> <span class='ocrx_word' id='word_1_837' title='bbox 828 5569 928 5644; x_wconf 52' lang='grc' dir='ltr'><strong>ἓν,</strong></span> <span class='ocrx_word' id='word_1_838' title='bbox 968 5572 1087 5644; x_wconf 75' lang='lat' dir='ltr'><strong>qua:</strong></span> <span class='ocrx_word' id='word_1_839' title='bbox 1119 5569 1278 5622; x_wconf 89' lang='lat' dir='ltr'><strong>verba</strong></span> <span class='ocrx_word' id='word_1_840' title='bbox 1310 5566 1373 5644; x_wconf 69' lang='lat' dir='ltr'><strong>&#39;v_.</strong></span> <span class='ocrx_word' id='word_1_841' title='bbox 1403 5581 1455 5644; x_wconf 67' lang='grc' dir='ltr'><strong>ρ.</strong></span> <span class='ocrx_word' id='word_1_842' title='bbox 1504 5567 1750 5644; x_wconf 80' lang='lat' dir='ltr'><strong>lluetius,</strong></span> <span class='ocrx_word' id='word_1_843' title='bbox 1782 5566 1872 5624; x_wconf 87' lang='lat' dir='ltr'><strong>lib.</strong></span> <span class='ocrx_word' id='word_1_844' title='bbox 1921 5566 2212 5644; x_wconf 34' lang='lat' dir='ltr'><strong>u&#39;AOrigen.</strong></span> 
     </span>
    </p>
   </div>
   <div class='ocr_carea' id='block_1_108' title="bbox 631 5631 2219 5710">
    <p class='ocr_par' dir='ltr' id='par_1_108' title="bbox 631 5631 2219 5710">
     <span class='ocr_line' id='line_1_110' title="bbox 631 5631 2219 5710; baseline -0.003 -16"><span class='ocrx_word' id='word_1_845' title='bbox 631 5631 688 5710; x_wconf 74' lang='grc' dir='ltr'><strong>ἱι.</strong></span> <span class='ocrx_word' id='word_1_846' title='bbox 719 5631 774 5709; x_wconf 63' lang='lat'><strong>2;</strong></span> <span class='ocrx_word' id='word_1_847' title='bbox 812 5657 866 5696; x_wconf 92' lang='lat' dir='ltr'><strong>n.</strong></span> <span class='ocrx_word' id='word_1_848' title='bbox 897 5641 954 5707; x_wconf 89' lang='grc'>5,</span> <span class='ocrx_word' id='word_1_849' title='bbox 985 5631 1302 5710; x_wconf 78' lang='lat' dir='ltr'><strong>deprompta</strong></span> <span class='ocrx_word' id='word_1_850' title='bbox 1344 5636 1508 5692; x_wconf 80' lang='lat' dir='ltr'><strong>fuisse</strong></span> <span class='ocrx_word' id='word_1_851' title='bbox 1545 5639 1814 5708; x_wconf 76' lang='lat' dir='ltr'><strong>coniectat</strong></span> <span class='ocrx_word' id='word_1_852' title='bbox 1860 5654 1926 5695; x_wconf 77' lang='lat' dir='ltr'><strong>ex</strong></span> <span class='ocrx_word' id='word_1_853' title='bbox 1967 5631 2219 5710; x_wconf 60' lang='lat' dir='ltr'><strong>Origene,</strong></span> 
     </span>
    </p>
   </div>
   <div class='ocr_carea' id='block_1_109' title="bbox 631 5707 2222 5776">
    <p class='ocr_par' dir='ltr' id='par_1_109' title="bbox 631 5707 2222 5776">
     <span class='ocr_line' id='line_1_111' title="bbox 631 5707 2222 5776; baseline -0.001 -12"><span class='ocrx_word' id='word_1_854' title='bbox 631 5707 722 5768; x_wconf 89' lang='lat' dir='ltr'><strong>lib.</strong></span> <span class='ocrx_word' id='word_1_855' title='bbox 755 5707 842 5766; x_wconf 84' lang='lat' dir='ltr'><strong>vtn</strong></span> <span class='ocrx_word' id='word_1_856' title='bbox 874 5707 1071 5765; x_wconf 83' lang='lat' dir='ltr'><strong>contra</strong></span> <span class='ocrx_word' id='word_1_857' title='bbox 1094 5708 1334 5771; x_wconf 88' lang='lat' dir='ltr'><strong>Celsum,</strong></span> <span class='ocrx_word' id='word_1_858' title='bbox 1367 5707 1893 5776; x_wconf 59' lang='lat' dir='ltr'><strong>asserente,Patrem</strong></span> <span class='ocrx_word' id='word_1_859' title='bbox 1925 5717 1980 5764; x_wconf 89' lang='lat' dir='ltr'><strong>et</strong></span> <span class='ocrx_word' id='word_1_860' title='bbox 2007 5707 2222 5774; x_wconf 84' lang='lat' dir='ltr'><strong>Filium,</strong></span> 
     </span>
    </p>
   </div>
   <div class='ocr_carea' id='block_1_110' title="bbox 633 5778 2228 5856">
    <p class='ocr_par' dir='ltr' id='par_1_110' title="bbox 633 5778 2228 5856">
     <span class='ocr_line' id='line_1_112' title="bbox 633 5778 2228 5856; baseline 0 -22"><span class='ocrx_word' id='word_1_861' title='bbox 633 5779 751 5838; x_wconf 72' lang='grc' dir='ltr'><strong>ὄντα</strong></span> <span class='ocrx_word' id='word_1_862' title='bbox 794 5782 883 5835; x_wconf 81' lang='grc' dir='ltr'><strong>δύο</strong></span> <span class='ocrx_word' id='word_1_863' title='bbox 918 5790 980 5855; x_wconf 74' lang='grc' dir='ltr'><strong>τῇ</strong></span> <span class='ocrx_word' id='word_1_864' title='bbox 1010 5782 1292 5834; x_wconf 75' lang='grc' dir='ltr'><strong>ὑποστάσει</strong></span> <span class='ocrx_word' id='word_1_865' title='bbox 1331 5780 1647 5856; x_wconf 58' lang='grc' dir='ltr'><strong>πράγματα,</strong></span> <span class='ocrx_word' id='word_1_866' title='bbox 1679 5778 1729 5856; x_wconf 58' lang='grc' dir='ltr'><strong>ἔγ</strong></span> <span class='ocrx_word' id='word_1_867' title='bbox 1756 5781 1808 5837; x_wconf 78' lang='grc' dir='ltr'><strong>δὲ</strong></span> <span class='ocrx_word' id='word_1_868' title='bbox 1838 5791 1900 5856; x_wconf 78' lang='grc' dir='ltr'><strong>τῇ</strong></span> <span class='ocrx_word' id='word_1_869' title='bbox 1923 5780 2120 5855; x_wconf 68' lang='grc' dir='ltr'>,ὁμονάᾳ</span> <span class='ocrx_word' id='word_1_870' title='bbox 2146 5782 2228 5836; x_wconf 80' lang='grc' dir='ltr'><strong>καὶ</strong></span> 
     </span>
    </p>
   </div>
   <div class='ocr_carea' id='block_1_111' title="bbox 632 5849 1958 5924">
    <p class='ocr_par' dir='ltr' id='par_1_111' title="bbox 632 5849 1958 5924">
     <span class='ocr_line' id='line_1_113' title="bbox 632 5849 1958 5924; baseline 0.002 -20"><span class='ocrx_word' id='word_1_871' title='bbox 632 5860 694 5924; x_wconf 77' lang='grc' dir='ltr'><strong>τῇ</strong></span> <span class='ocrx_word' id='word_1_872' title='bbox 722 5849 986 5924; x_wconf 45' lang='lat' dir='ltr'><strong>angue-svia</strong></span> <span class='ocrx_word' id='word_1_873' title='bbox 1007 5854 1089 5904; x_wconf 69' lang='lat' dir='ltr'><strong>xui</strong></span> <span class='ocrx_word' id='word_1_874' title='bbox 1115 5857 1178 5918; x_wconf 69' lang='grc' dir='ltr'>τῇ</span> <span class='ocrx_word' id='word_1_875' title='bbox 1203 5849 1587 5908; x_wconf 30' lang='lat' dir='ltr'><strong>“turbinis—1&#39;0&quot;)</strong></span> <span class='ocrx_word' id='word_1_876' title='bbox 1617 5849 1958 5924; x_wconf 55' lang='grc' dir='ltr'><strong>βοῡλῆματόςσ</strong></span> 
     </span>
    </p>
   </div>
   <div class='ocr_carea' id='block_1_112' title="bbox 2327 4781 3926 4854">
    <p class='ocr_par' dir='ltr' id='par_1_112' title="bbox 2327 4781 3926 4854">
     <span class='ocr_line' id='line_1_114' title="bbox 2327 4781 3926 4854; baseline 0.004 -20"><span class='ocrx_word' id='word_1_877' title='bbox 2327 4781 2458 4834; x_wconf 85' lang='lat' dir='ltr'><strong>libus</strong></span> <span class='ocrx_word' id='word_1_878' title='bbox 2490 4791 2828 4854; x_wconf 72' lang='lat' dir='ltr'><strong>usurpentur,</strong></span> <span class='ocrx_word' id='word_1_879' title='bbox 2853 4794 2905 4836; x_wconf 87' lang='lat' dir='ltr'><strong>ut</strong></span> <span class='ocrx_word' id='word_1_880' title='bbox 2926 4800 3254 4850; x_wconf 88' lang='lat' dir='ltr'><strong>personarum</strong></span> <span class='ocrx_word' id='word_1_881' title='bbox 3278 4781 3613 4854; x_wconf 75' lang='lat' dir='ltr'><strong>proprietates</strong></span> <span class='ocrx_word' id='word_1_882' title='bbox 3642 4786 3926 4840; x_wconf 84' lang='lat' dir='ltr'><strong>subsisten-</strong></span> 
     </span>
    </p>
   </div>
   <div class='ocr_carea' id='block_1_113' title="bbox 2327 4852 3927 4926">
    <p class='ocr_par' dir='ltr' id='par_1_113' title="bbox 2327 4852 3927 4926">
     <span class='ocr_line' id='line_1_115' title="bbox 2327 4852 3927 4926; baseline 0.003 -21"><span class='ocrx_word' id='word_1_883' title='bbox 2327 4861 2408 4926; x_wconf 90' lang='lat' dir='ltr'><strong>tes_</strong></span> <span class='ocrx_word' id='word_1_884' title='bbox 2442 4852 2835 4926; x_wconf 68' lang='lat' dir='ltr'><strong>exsistantesque</strong></span> <span class='ocrx_word' id='word_1_885' title='bbox 2878 4854 3158 4926; x_wconf 73' lang='lat' dir='ltr'><strong>declarent.</strong></span> <span class='ocrx_word' id='word_1_886' title='bbox 3208 4852 3285 4909; x_wconf 86' lang='lat' dir='ltr'><strong>Et</strong></span> <span class='ocrx_word' id='word_1_887' title='bbox 3321 4866 3440 4926; x_wconf 88' lang='lat' dir='ltr'><strong>post</strong></span> <span class='ocrx_word' id='word_1_888' title='bbox 3484 4872 3649 4922; x_wconf 86' lang='lat' dir='ltr'><strong>pauca</strong></span> <span class='ocrx_word' id='word_1_889' title='bbox 3689 4875 3702 4910; x_wconf 88' lang='lat'><strong>:</strong></span> <span class='ocrx_word' id='word_1_890' title='bbox 3738 4856 3927 4910; x_wconf 72' lang='lat' dir='ltr'><strong>Merito</strong></span> 
     </span>
    </p>
   </div>
   <div class='ocr_carea' id='block_1_114' title="bbox 2327 4921 3927 4998">
    <p class='ocr_par' dir='ltr' id='par_1_114' title="bbox 2327 4921 3927 4998">
     <span class='ocr_line' id='line_1_116' title="bbox 2327 4921 3927 4998; baseline 0.005 -23"><span class='ocrx_word' id='word_1_891' title='bbox 2327 4921 2644 4998; x_wconf 83' lang='lat' dir='ltr'><strong>subsistentis</strong></span> <span class='ocrx_word' id='word_1_892' title='bbox 2680 4925 3079 4998; x_wconf 16' lang='lat' dir='ltr'><strong>Aexsislentisqne</strong></span> <span class='ocrx_word' id='word_1_893' title='bbox 3121 4925 3294 4980; x_wconf 85' lang='lat' dir='ltr'><strong>Patris</strong></span> <span class='ocrx_word' id='word_1_894' title='bbox 3321 4921 3381 4980; x_wconf 73' lang='grc' dir='ltr'><strong>ἐι</strong></span> <span class='ocrx_word' id='word_1_895' title='bbox 3425 4921 3556 4982; x_wconf 86' lang='lat' dir='ltr'><strong>Filii</strong></span> <span class='ocrx_word' id='word_1_896' title='bbox 3605 4939 3650 4983; x_wconf 86' lang='lat' dir='ltr'><strong>et</strong></span> <span class='ocrx_word' id='word_1_897' title='bbox 3696 4927 3927 4998; x_wconf 85' lang='lat' dir='ltr'><strong>Spiritus</strong></span> 
     </span>
    </p>
   </div>
   <div class='ocr_carea' id='block_1_115' title="bbox 2327 4993 3924 5069">
    <p class='ocr_par' dir='ltr' id='par_1_115' title="bbox 2327 4993 3924 5069">
     <span class='ocr_line' id='line_1_117' title="bbox 2327 4993 3924 5069; baseline 0.004 -23"><span class='ocrx_word' id='word_1_898' title='bbox 2327 4993 2490 5046; x_wconf 84' lang='lat' dir='ltr'><strong>sancti</strong></span> <span class='ocrx_word' id='word_1_899' title='bbox 2513 4996 2868 5069; x_wconf 75' lang='lat' dir='ltr'><strong>proprietates,</strong></span> <span class='ocrx_word' id='word_1_900' title='bbox 2896 4996 3279 5069; x_wconf 79' lang='lat' dir='ltr'><strong>subsistentium</strong></span> <span class='ocrx_word' id='word_1_901' title='bbox 3309 5014 3643 5066; x_wconf 85' lang='lat' dir='ltr'><strong>personarum</strong></span> <span class='ocrx_word' id='word_1_902' title='bbox 3674 4993 3924 5069; x_wconf 54' lang='lat' dir='ltr'><strong>lii/posta-</strong></span> 
     </span>
    </p>
   </div>
   <div class='ocr_carea' id='block_1_116' title="bbox 2329 5065 3929 5141">
    <p class='ocr_par' dir='ltr' id='par_1_116' title="bbox 2329 5065 3929 5141">
     <span class='ocr_line' id='line_1_118' title="bbox 2329 5065 3929 5141; baseline 0.005 -24"><span class='ocrx_word' id='word_1_903' title='bbox 2329 5081 2406 5141; x_wconf 85' lang='lat' dir='ltr'><strong>se_s</strong></span> <span class='ocrx_word' id='word_1_904' title='bbox 2447 5065 2709 5141; x_wconf 79' lang='lat' dir='ltr'><strong>appellant</strong></span> <span class='ocrx_word' id='word_1_905' title='bbox 2749 5065 3072 5141; x_wconf 81' lang='lat' dir='ltr'><strong>Orientales;</strong></span> <span class='ocrx_word' id='word_1_906' title='bbox 3109 5085 3210 5123; x_wconf 89' lang='lat' dir='ltr'><strong>non</strong></span> <span class='ocrx_word' id='word_1_907' title='bbox 3245 5082 3299 5123; x_wconf 90' lang='lat' dir='ltr'><strong>ut</strong></span> <span class='ocrx_word' id='word_1_908' title='bbox 3332 5079 3432 5123; x_wconf 87' lang='lat' dir='ltr'><strong>tres</strong></span> <span class='ocrx_word' id='word_1_909' title='bbox 3469 5071 3590 5124; x_wconf 88' lang='lat' dir='ltr'><strong>illas</strong></span> <span class='ocrx_word' id='word_1_910' title='bbox 3629 5065 3929 5141; x_wconf 77' lang='lat' dir='ltr'><strong>[typostases</strong></span> 
     </span>
    </p>
   </div>
   <div class='ocr_carea' id='block_1_117' title="bbox 2331 5136 3926 5204">
    <p class='ocr_par' dir='ltr' id='par_1_117' title="bbox 2331 5136 3926 5204">
     <span class='ocr_line' id='line_1_119' title="bbox 2331 5136 3926 5204; baseline 0.005 -16"><span class='ocrx_word' id='word_1_911' title='bbox 2331 5137 2429 5190; x_wconf 88' lang='lat' dir='ltr'><strong>tria</strong></span> <span class='ocrx_word' id='word_1_912' title='bbox 2455 5136 2708 5204; x_wconf 85' lang='lat' dir='ltr'><strong>principia</strong></span> <span class='ocrx_word' id='word_1_913' title='bbox 2742 5146 2904 5192; x_wconf 84' lang='lat' dir='ltr'><strong>tresve</strong></span> <span class='ocrx_word' id='word_1_914' title='bbox 2937 5139 3058 5193; x_wconf 87' lang='lat' dir='ltr'><strong>deos</strong></span> <span class='ocrx_word' id='word_1_915' title='bbox 3097 5157 3206 5195; x_wconf 81' lang='lat' dir='ltr'><strong>esse</strong></span> <span class='ocrx_word' id='word_1_916' title='bbox 3248 5141 3422 5193; x_wconf 89' lang='lat' dir='ltr'><strong>dicant</strong></span> <span class='ocrx_word' id='word_1_917' title='bbox 3451 5159 3469 5196; x_wconf 89' lang='lat'><strong><em>:</em></strong></span> <span class='ocrx_word' id='word_1_918' title='bbox 3502 5158 3618 5195; x_wconf 91' lang='lat' dir='ltr'><strong>nam</strong></span> <span class='ocrx_word' id='word_1_919' title='bbox 3667 5136 3750 5195; x_wconf 71' lang='lat' dir='ltr'><strong>eos</strong></span> <span class='ocrx_word' id='word_1_920' title='bbox 3793 5159 3926 5196; x_wconf 88' lang='lat' dir='ltr'><strong>ana-</strong></span> 
     </span>
    </p>
   </div>
   <div class='ocr_carea' id='block_1_118' title="bbox 2325 5207 3929 5283">
    <p class='ocr_par' dir='ltr' id='par_1_118' title="bbox 2325 5207 3929 5283">
     <span class='ocr_line' id='line_1_120' title="bbox 2325 5207 3929 5283; baseline 0.003 -23"><span class='ocrx_word' id='word_1_921' title='bbox 2325 5207 2544 5260; x_wconf 86' lang='lat' dir='ltr'><strong>themate</strong></span> <span class='ocrx_word' id='word_1_922' title='bbox 2581 5207 2849 5283; x_wconf 81' lang='lat' dir='ltr'><strong>damnant,</strong></span> <span class='ocrx_word' id='word_1_923' title='bbox 2891 5211 2994 5283; x_wconf 80' lang='lat' dir='ltr'><strong>qui</strong></span> <span class='ocrx_word' id='word_1_924' title='bbox 3018 5219 3117 5265; x_wconf 88' lang='lat' dir='ltr'><strong>tres</strong></span> <span class='ocrx_word' id='word_1_925' title='bbox 3163 5211 3283 5266; x_wconf 88' lang='lat' dir='ltr'><strong>deos</strong></span> <span class='ocrx_word' id='word_1_926' title='bbox 3325 5213 3520 5266; x_wconf 85' lang='lat' dir='ltr'><strong>dicunt.</strong></span> <span class='ocrx_word' id='word_1_927' title='bbox 3562 5213 3747 5283; x_wconf 88' lang='lat' dir='ltr'><strong>Neque</strong></span> <span class='ocrx_word' id='word_1_928' title='bbox 3797 5230 3929 5270; x_wconf 84' lang='lat' dir='ltr'><strong>vero</strong></span> 
     </span>
    </p>
   </div>
   <div class='ocr_carea' id='block_1_119' title="bbox 2326 5280 3925 5354">
    <p class='ocr_par' dir='ltr' id='par_1_119' title="bbox 2326 5280 3925 5354">
     <span class='ocr_line' id='line_1_121' title="bbox 2326 5280 3925 5354; baseline 0.005 -22"><span class='ocrx_word' id='word_1_929' title='bbox 2326 5285 2476 5354; x_wconf 69' lang='lat' dir='ltr'><strong>tunc</strong></span> <span class='ocrx_word' id='word_1_930' title='bbox 2501 5281 2761 5354; x_wconf 78' lang='lat' dir='ltr'><strong>temporis</strong></span> <span class='ocrx_word' id='word_1_931' title='bbox 2805 5280 3028 5354; x_wconf 61' lang='lat' dir='ltr'><strong>haeresis</strong></span> <span class='ocrx_word' id='word_1_932' title='bbox 3072 5283 3380 5351; x_wconf 73' lang='lat' dir='ltr'><strong>suspicione</strong></span> <span class='ocrx_word' id='word_1_933' title='bbox 3425 5280 3779 5348; x_wconf 76' lang='lat' dir='ltr'><strong>laborabant,</strong></span> <span class='ocrx_word' id='word_1_934' title='bbox 3827 5285 3925 5354; x_wconf 89' lang='lat' dir='ltr'><strong>qui</strong></span> 
     </span>
    </p>
   </div>
   <div class='ocr_carea' id='block_1_120' title="bbox 2326 5347 3929 5422">
    <p class='ocr_par' dir='ltr' id='par_1_120' title="bbox 2326 5347 3929 5422">
     <span class='ocr_line' id='line_1_122' title="bbox 2326 5347 3929 5422; baseline 0.006 -22"><span class='ocrx_word' id='word_1_935' title='bbox 2326 5349 2424 5422; x_wconf 76' lang='lat' dir='ltr'><strong>tria</strong></span> <span class='ocrx_word' id='word_1_936' title='bbox 2463 5347 2516 5401; x_wconf 91' lang='lat' dir='ltr'><strong>in</strong></span> <span class='ocrx_word' id='word_1_937' title='bbox 2547 5349 2742 5422; x_wconf 83' lang='lat' dir='ltr'><strong>divinis</strong></span> <span class='ocrx_word' id='word_1_938' title='bbox 2776 5347 3181 5419; x_wconf 39' lang='lat' dir='ltr'><strong>praedicabant.’</strong></span> <span class='ocrx_word' id='word_1_939' title='bbox 3207 5354 3317 5409; x_wconf 86' lang='lat' dir='ltr'><strong>llnc</strong></span> <span class='ocrx_word' id='word_1_940' title='bbox 3348 5355 3522 5422; x_wconf 87' lang='lat' dir='ltr'><strong>ipsum</strong></span> <span class='ocrx_word' id='word_1_941' title='bbox 3568 5357 3709 5411; x_wconf 90' lang='lat' dir='ltr'><strong>enim</strong></span> <span class='ocrx_word' id='word_1_942' title='bbox 3737 5347 3929 5410; x_wconf 79' lang='lat' dir='ltr'><strong>catho-</strong></span> 
     </span>
    </p>
   </div>
   <div class='ocr_carea' id='block_1_121' title="bbox 2329 5419 3922 5497">
    <p class='ocr_par' dir='ltr' id='par_1_121' title="bbox 2329 5419 3922 5497">
     <span class='ocr_line' id='line_1_123' title="bbox 2329 5419 3922 5497; baseline 0.005 -24"><span class='ocrx_word' id='word_1_943' title='bbox 2329 5419 2430 5473; x_wconf 90' lang='lat' dir='ltr'><strong>lice</strong></span> <span class='ocrx_word' id='word_1_944' title='bbox 2490 5419 2650 5497; x_wconf 71' lang='lat' dir='ltr'><strong>etiam</strong></span> <span class='ocrx_word' id='word_1_945' title='bbox 2697 5431 2906 5497; x_wconf 69' lang='lat' dir='ltr'><strong>postea</strong></span> <span class='ocrx_word' id='word_1_946' title='bbox 2935 5423 3242 5497; x_wconf 68' lang='lat' dir='ltr'><strong>prmdicavit</strong></span> <span class='ocrx_word' id='word_1_947' title='bbox 3308 5419 3604 5497; x_wconf 77' lang='lat' dir='ltr'><strong>Gregorius</strong></span> <span class='ocrx_word' id='word_1_948' title='bbox 3650 5427 3778 5483; x_wconf 83' lang='lat' dir='ltr'><strong>Naz.</strong></span> <span class='ocrx_word' id='word_1_949' title='bbox 3828 5427 3922 5483; x_wconf 90' lang='lat' dir='ltr'><strong>Or.</strong></span> 
     </span>
    </p>
   </div>
   <div class='ocr_carea' id='block_1_122' title="bbox 2331 5491 3923 5564">
    <p class='ocr_par' dir='ltr' id='par_1_122' title="bbox 2331 5491 3923 5564">
     <span class='ocr_line' id='line_1_124' title="bbox 2331 5491 3923 5564; baseline 0.006 -20"><span class='ocrx_word' id='word_1_950' title='bbox 2331 5505 2485 5555; x_wconf 70' lang='lat' dir='ltr'><strong>xxxx,</strong></span> <span class='ocrx_word' id='word_1_951' title='bbox 2521 5506 2574 5564; x_wconf 66' lang='grc' dir='ltr'><strong>[ι.</strong></span> <span class='ocrx_word' id='word_1_952' title='bbox 2603 5491 2657 5553; x_wconf 85' lang='grc'><strong>5,</strong></span> <span class='ocrx_word' id='word_1_953' title='bbox 2700 5502 2755 5564; x_wconf 85' lang='lat' dir='ltr'><strong>et</strong></span> <span class='ocrx_word' id='word_1_954' title='bbox 2783 5493 2942 5559; x_wconf 90' lang='lat' dir='ltr'><strong>alibi;</strong></span> <span class='ocrx_word' id='word_1_955' title='bbox 2975 5496 3401 5560; x_wconf 42' lang='lat' dir='ltr'><strong>prmt‘lieaverunt</strong></span> <span class='ocrx_word' id='word_1_956' title='bbox 3423 5491 3494 5551; x_wconf 78' lang='grc' dir='ltr'><strong>ὀι</strong></span> <span class='ocrx_word' id='word_1_957' title='bbox 3521 5499 3923 5564; x_wconf 85' lang='lat' dir='ltr'><strong>Occidentales,</strong></span> 
     </span>
    </p>
   </div>
   <div class='ocr_carea' id='block_1_123' title="bbox 2331 5561 3928 5637">
    <p class='ocr_par' dir='ltr' id='par_1_123' title="bbox 2331 5561 3928 5637">
     <span class='ocr_line' id='line_1_125' title="bbox 2331 5561 3928 5637; baseline 0.008 -25"><span class='ocrx_word' id='word_1_958' title='bbox 2331 5570 2473 5637; x_wconf 73' lang='lat' dir='ltr'><strong>puta,</strong></span> <span class='ocrx_word' id='word_1_959' title='bbox 2506 5561 2850 5637; x_wconf 66' lang='lat' dir='ltr'><strong>Consentius,</strong></span> <span class='ocrx_word' id='word_1_960' title='bbox 2878 5565 3036 5632; x_wconf 89' lang='lat' dir='ltr'><strong>epist.</strong></span> <span class='ocrx_word' id='word_1_961' title='bbox 3067 5567 3205 5634; x_wconf 84' lang='lat' dir='ltr'><strong>apud</strong></span> <span class='ocrx_word' id='word_1_962' title='bbox 3232 5569 3586 5637; x_wconf 76' lang='lat' dir='ltr'><strong>Augustinum</strong></span> <span class='ocrx_word' id='word_1_963' title='bbox 3615 5585 3762 5636; x_wconf 76' lang='lat' dir='ltr'><strong>cstx,</strong></span> <span class='ocrx_word' id='word_1_964' title='bbox 3784 5588 3838 5625; x_wconf 95' lang='lat' dir='ltr'><strong>n.</strong></span> <span class='ocrx_word' id='word_1_965' title='bbox 3872 5561 3928 5634; x_wconf 71' lang='grc'>4,</span> 
     </span>
    </p>
   </div>
   <div class='ocr_carea' id='block_1_124' title="bbox 2329 5631 3931 5710">
    <p class='ocr_par' dir='ltr' id='par_1_124' title="bbox 2329 5631 3931 5710">
     <span class='ocr_line' id='line_1_126' title="bbox 2329 5631 3931 5710; baseline 0.007 -24"><span class='ocrx_word' id='word_1_966' title='bbox 2329 5631 2574 5710; x_wconf 85' lang='lat' dir='ltr'><strong>scribens</strong></span> <span class='ocrx_word' id='word_1_967' title='bbox 2605 5651 2618 5686; x_wconf 90' lang='lat'><strong>:</strong></span> <span class='ocrx_word' id='word_1_968' title='bbox 2648 5633 2765 5710; x_wconf 72' lang='lat' dir='ltr'><strong>Utta</strong></span> <span class='ocrx_word' id='word_1_969' title='bbox 2795 5631 2953 5710; x_wconf 83' lang='lat' dir='ltr'><strong>virtus</strong></span> <span class='ocrx_word' id='word_1_970' title='bbox 2991 5631 3278 5702; x_wconf 31' lang='lat' dir='ltr'><strong>esu-qnam</strong></span> <span class='ocrx_word' id='word_1_971' title='bbox 3307 5631 3442 5692; x_wconf 60' lang='lat' dir='ltr'><strong>trina</strong></span> <span class='ocrx_word' id='word_1_972' title='bbox 3469 5643 3697 5710; x_wconf 84' lang='lat' dir='ltr'><strong>possidet</strong></span> <span class='ocrx_word' id='word_1_973' title='bbox 3737 5631 3931 5709; x_wconf 44' lang='lat' dir='ltr'><strong>rirtusj</strong></span> 
     </span>
    </p>
   </div>
   <div class='ocr_carea' id='block_1_125' title="bbox 2329 5705 3928 5781">
    <p class='ocr_par' dir='ltr' id='par_1_125' title="bbox 2329 5705 3928 5781">
     <span class='ocr_line' id='line_1_127' title="bbox 2329 5705 3928 5781; baseline 0.008 -25"><span class='ocrx_word' id='word_1_974' title='bbox 2329 5720 2433 5781; x_wconf 82' lang='lat' dir='ltr'><strong>una</strong></span> <span class='ocrx_word' id='word_1_975' title='bbox 2462 5705 2748 5781; x_wconf 67' lang='lat' dir='ltr'><strong>substantia</strong></span> <span class='ocrx_word' id='word_1_976' title='bbox 2792 5717 2882 5772; x_wconf 85' lang='lat' dir='ltr'><strong>est,</strong></span> <span class='ocrx_word' id='word_1_977' title='bbox 2925 5709 2976 5762; x_wconf 88' lang='lat' dir='ltr'><strong>in</strong></span> <span class='ocrx_word' id='word_1_978' title='bbox 3017 5725 3115 5780; x_wconf 88' lang='lat' dir='ltr'><strong>qua</strong></span> <span class='ocrx_word' id='word_1_979' title='bbox 3157 5711 3257 5762; x_wconf 87' lang='lat' dir='ltr'><strong>tria</strong></span> <span class='ocrx_word' id='word_1_980' title='bbox 3301 5723 3421 5764; x_wconf 88' lang='lat' dir='ltr'><strong>sunt</strong></span> <span class='ocrx_word' id='word_1_981' title='bbox 3463 5705 3578 5781; x_wconf 76' lang='lat' dir='ltr'><strong>qua:</strong></span> <span class='ocrx_word' id='word_1_982' title='bbox 3621 5705 3928 5768; x_wconf 66' lang='lat' dir='ltr'><strong>subsistunt.</strong></span> 
     </span>
    </p>
   </div>
   <div class='ocr_carea' id='block_1_126' title="bbox 2327 5774 3933 5850">
    <p class='ocr_par' dir='ltr' id='par_1_126' title="bbox 2327 5774 3933 5850">
     <span class='ocr_line' id='line_1_128' title="bbox 2327 5774 3933 5850; baseline 0.009 -24"><span class='ocrx_word' id='word_1_983' title='bbox 2327 5774 2666 5850; x_wconf 69' lang='lat' dir='ltr'><strong>Augustinus</strong></span> <span class='ocrx_word' id='word_1_984' title='bbox 2697 5779 2833 5850; x_wconf 87' lang='lat' dir='ltr'><strong>ipse,</strong></span> <span class='ocrx_word' id='word_1_985' title='bbox 2860 5774 3212 5850; x_wconf 51' lang='lat' dir='ltr'><strong>epistfcuxx.</strong></span> <span class='ocrx_word' id='word_1_986' title='bbox 3243 5781 3307 5836; x_wconf 88' lang='lat' dir='ltr'><strong>ad</strong></span> <span class='ocrx_word' id='word_1_987' title='bbox 3330 5774 3640 5848; x_wconf 74' lang='lat' dir='ltr'><strong>Maximum,</strong></span> <span class='ocrx_word' id='word_1_988' title='bbox 3674 5801 3728 5838; x_wconf 90' lang='lat' dir='ltr'><strong>n.</strong></span> <span class='ocrx_word' id='word_1_989' title='bbox 3754 5783 3788 5836; x_wconf 73' lang='lat'>5</span> <span class='ocrx_word' id='word_1_990' title='bbox 3817 5800 3828 5837; x_wconf 74' lang='grc' dir='ltr'><strong>ι</strong></span> <span class='ocrx_word' id='word_1_991' title='bbox 3868 5784 3933 5840; x_wconf 76' lang='lat' dir='ltr'><strong>Et</strong></span> 
     </span>
    </p>
   </div>
   <div class='ocr_carea' id='block_1_127' title="bbox 2333 5847 3933 5922">
    <p class='ocr_par' dir='ltr' id='par_1_127' title="bbox 2333 5847 3933 5922">
     <span class='ocr_line' id='line_1_129' title="bbox 2333 5847 3933 5922; baseline 0.005 -22"><span class='ocrx_word' id='word_1_992' title='bbox 2333 5847 2440 5901; x_wconf 68' lang='lat' dir='ltr'><strong>lucc</strong></span> <span class='ocrx_word' id='word_1_993' title='bbox 2470 5850 2662 5916; x_wconf 83' lang='lat' dir='ltr'><strong>omnia,</strong></span> <span class='ocrx_word' id='word_1_994' title='bbox 2698 5847 2907 5921; x_wconf 60' lang='lat' dir='ltr'><strong>inquit,</strong></span> <span class='ocrx_word' id='word_1_995' title='bbox 2932 5868 3022 5907; x_wconf 81' lang='lat' dir='ltr'><strong>nec</strong></span> <span class='ocrx_word' id='word_1_996' title='bbox 3065 5855 3278 5922; x_wconf 77' lang='lat' dir='ltr'><strong>confuse</strong></span> <span class='ocrx_word' id='word_1_997' title='bbox 3315 5867 3472 5908; x_wconf 80' lang='lat' dir='ltr'><strong>unum</strong></span> <span class='ocrx_word' id='word_1_998' title='bbox 3519 5847 3658 5922; x_wconf 78' lang='lat' dir='ltr'><strong>sunt,</strong></span> <span class='ocrx_word' id='word_1_999' title='bbox 3693 5855 3783 5911; x_wconf 55' lang='lat' dir='ltr'><strong>nec</strong></span> <span class='ocrx_word' id='word_1_1000' title='bbox 3826 5856 3933 5909; x_wconf 76' lang='lat' dir='ltr'><strong>ltis-</strong></span> 
     </span>
    </p>
   </div>
  </div>
