4270 6264
389 333 498 391 5θὸ

1162 335 1365 391 LIBER
1408 336 1493 391 DE
1534 336 1856 403 SYNOlllS,
1899 336 2029 395 SEU
2071 338 2159 394 DE
2217 338 2372 394 FIDE
2411 338 2902 396 ORIENTALIUM.

3581 338 3688 396 506

388 461 443 509 et
473 451 593 509 Filii
617 450 694 525 (η)
720 450 1031 506 diversitate
1059 450 1337 507 dissimilis
1364 453 1619 508 essentia:
1648 464 1987 525 separantes.
2017 456 2070 516 A
2096 454 2393 511 substantia
2422 454 2620 524 habet,
2653 472 2720 511 ne
2750 455 3093 512 demutabilis
3137 456 3251 511 fiat.
3285 454 3402 511 Non
3442 456 3588 514 enim
3635 455 3690 510 in

389 546 544 617 Quod
570 555 750 601 autem
776 545 978 600 dictum
1008 556 1092 601 est
1117 562 1133 601 :
1168 546 1235 602 Ut
1268 548 1367 602 sint
1394 547 1597 619 quidem
1627 566 1717 619 per
1756 551 1987 605 substan-

392 642 517 698 tiam
538 642 659 707 tria,
686 657 777 713 per
799 641 1191 694 consonantiam
1220 657 1337 696 vero
1357 658 1537 709 unum,
1568 657 1676 696 non
1705 641 1867 697 habet
1896 656 1990 697 ca-

392 735 652 793 lumniam
702 753 716 790 :
766 734 892 805 quia
945 734 1019 806 (b)
1070 735 1456 789 connominato
1508 734 1750 804 Spiritu,
1806 734 1856 790 id
1907 746 1991 791 est

394 828 695 902 paraeleto,
725 827 1097 883 consonantia:
1122 828 1326 897 potius.
1354 842 1516 898 quam
1543 827 1796 883 essentia:
1824 826 1987 899 ἀει

394 935 493 992 per
561 918 968 976 similitudinem
1029 918 1347 974 substantia:
1407 918 1688 990 praedicari
1737 919 1994 974 convenit

396 1014 683 1070 unitatem.

471 1106 562 1162 55.
597 1104 714 1160 Hac
743 1103 968 1176 {orntula
995 1104 1222 1159 eamdem
1267 1103 1445 1158 Patris
1483 1120 1544 1158 ac
1572 1101 1702 1159 Filii
1724 1103 1995 1158 essentiam

399 1197 695 1268 medicari.
731 1194 1025 1251 Nativitatis
1051 1206 1101 1251 et
1127 1194 1541 1251 innascibilitatis
1570 1194 1864 1249 discrimen.
1895 1193 1995 1249 Fi-

397 1289 501 1345 lius
524 1288 878 1343 immutabilis.
911 1319 979 1328 —
1006 1288 1274 1344 Caeterum
1320 1288 1496 1342 omnis
1524 1287 1773 1358 superior
1813 1302 1995 1343 sermo

398 1382 454 1439 in
477 1381 626 1437 nullo
657 1382 872 1438 Patrem
896 1391 950 1437 et
976 1381 1172 1436 Filium
1196 1381 1448 1436 essentia:
1494 1395 1558 1435 ac
1582 1389 1788 1434 natura:
1811 1380 1993 1435 diver-

398 1478 558 1533 sitate
586 1477 863 1533 discrevit.
887 1476 988 1533 Ubi
1020 1478 1163 1533 enim
1196 1476 1422 1539 dicitur,
1465 1474 1631 1531 Deum
1660 1476 1722 1531 de
1758 1475 1886 1542 Deo,
1919 1485 1996 1530 to-

404 1583 512 1628 tum
544 1588 608 1627 ea:
643 1582 794 1638 tota;
844 1588 949 1627 non
1004 1571 1294 1642 ambigitur
1326 1579 1496 1625 totum
1557 1570 1722 1624 Deum
1769 1585 1835 1623 ex
1884 1577 1995 1623 toto

404 1667 518 1723 Deo
544 1673 746 1721 natum.
779 1664 913 1720 Nam
944 1676 999 1720 et
1029 1665 1121 1720 Dei
1148 1662 1217 1719 de
1264 1664 1378 1719 Deo
1410 1671 1597 1719 natura
1632 1676 1738 1717 non
1783 1661 1993 1719 dill‘ert:

400 1768 460 1815 et
488 1765 632 1814 totus
658 1772 724 1813 ex
753 1764 865 1811 toto
894 1756 945 1811 itt
993 1756 1060 1811 iis
1109 1765 1193 1812 est
1234 1754 1350 1822 ipse
1376 1794 1390 1817 ,
1424 1754 1622 1825 quibus
1679 1751 1838 1808 Pater
1887 1762 1991 1808 est.

2089 562 2156 603 eo
2187 557 2463 615 nascente,
2497 564 2584 615 ea,
2613 550 2682 605 de
2708 565 2811 621 qua
2852 557 3015 605 natus
3046 557 3131 605 est
3157 590 3173 617 ,
3200 548 3474 605 demutata
3502 555 3693 603 natura

2090 649 2213 698 est:
2245 640 2341 697 sed
2369 640 2811 699 indemutahilem
2849 642 3142 699 essentiam
3174 653 3333 699 natus
3361 640 3597 697 obtinuit
3626 656 3691 696 ex

2092 733 2494 790 indemutabilis
2533 734 2615 807 (ιι)
2646 735 2970 790 auctoritate
3023 745 3250 791 naturze.
3284 734 3418 791 Nam
3447 733 3694 805 quamvis

2097 829 2275 898 imago
2321 836 2429 893 est,
2492 836 2669 884 tamen
2713 828 3166 886 incommutabilis
3212 837 3296 885 est
3343 828 3519 900 imago
3561 829 3695 898 (non

2092 928 2419 975 commutata
2475 920 2529 975 in
2560 934 2627 976 eo
2675 921 2883 977 scilicet
2932 935 3029 993 per
3069 920 3570 977 dissimilitudinem
3600 937 3692 992 pa-

2093 1019 2265 1068 terna:
2293 1012 2565 1082 essentize,
2589 1028 2654 1069 ex
2687 1029 2792 1085 qua
2821 1023 2903 1068 est
2950 1016 3186 1084 genitus,
3216 1014 3458 1084 natura),
3485 1014 3609 1084 quia
3632 1013 3683 1069 in

2094 1120 2161 1161 eo
2206 1105 2385 1175 imago
2417 1114 2652 1174 paternae
2704 1106 2954 1161 essentia:
3005 1114 3341 1162 nasceretur.
3391 1104 3511 1162 lam
3557 1119 3689 1161 vero

2095 1213 2218 1253 cum
2252 1198 2457 1269 primus
2483 1199 2660 1255 editus
2700 1200 2772 1273 (e)
2804 1215 2924 1256 esse
2951 1201 3117 1255 totius
3145 1209 3411 1256 creaturae
3437 1200 3686 1265 docetur,

2095 1300 2151 1346 et
2177 1291 2292 1362 ipse
2322 1292 2416 1348 illc
2456 1307 2671 1363 semper
2724 1292 2890 1348 fuisse
2940 1292 2992 1347 in
3026 1293 3292 1363 principio
3322 1291 3462 1363 apttd
3519 1292 3688 1348 Deum

2096 1383 2333 1439 Verbum
2391 1385 2531 1439 Deus
2561 1385 2797 1450 dicitur;
2851 1384 2978 1439 dum
3031 1385 3238 1455 primus
3275 1384 3493 1451 editur,
3538 1393 3695 1440 natus

2097 1475 2263 1533 fuisse
2287 1477 2627 1544 ostenditur;
2653 1478 2780 1533 dum
2813 1493 3030 1549 semper
3055 1479 3150 1534 luit
3174 1521 3188 1543 ,
3222 1494 3324 1534 nec
3343 1488 3589 1550 tempore
3610 1493 3697 1535 se-

2099 1580 2321 1642 paratur
2349 1588 2377 1626 a
2399 1570 2562 1644 482
2611 1572 2792 1628 Patre.
2826 1572 2941 1629 Non
2974 1589 3105 1645 ergo
3148 1573 3316 1630 videri
3347 1582 3524 1643 potest
3560 1574 3696 1629 divi-

2098 1664 2180 1718 sio
2233 1663 2664 1720 substantiarum
2719 1666 2963 1739 (supple,
2997 1666 3066 1721 ab
3117 1665 3220 1722 hac
3268 1666 3501 1739 synodo)
3553 1666 3697 1740 (quae

2100 1756 2233 1811 nihil
2263 1757 2407 1812 aliud
2435 1758 2659 1826 studuit,
2684 1773 2841 1829 quam
2871 1769 2927 1813 ut
2950 1774 3044 1830 per
3067 1759 3226 1814 trium
3262 1758 3335 1831 (Ῑ)
3363 1758 3691 1815 διιιιειιιηιῑιισ

402 1852 551 1910 Unus
575 1869 640 1908 ea:
686 1869 791 1907 uno
818 1853 1097 1921 passiones
1126 1849 1346 1905 humani
1377 1856 1562 1919 partus
1600 1858 1653 1903 et
1688 1846 1998 1918 couceptio-
2028 1842 2076 1903 B
2106 1865 2224 1905 rum
2249 1864 2447 1906 nomen
2478 1892 2491 1913 ,
2527 1851 2756 1921 triplicis
2780 1851 3030 1906 vocabuli
3062 1851 3378 1907 excluderet
3418 1849 3694 1925 unionem)

397 1947 483 2002 nis
506 1944 774 2001 excludit:
804 1953 861 2000 ut
889 1945 1015 2000 dum
1062 1958 1202 1999 unus
1233 1959 1296 1999 ex
1328 1956 1435 1997 uno
1460 1950 1565 2007 est,
1596 1955 1703 1995 non
1734 1939 1951 1995 aliunde
1974 1983 1988 2005 ,

396 2053 500 2096 nec
523 2038 795 2105 diversus,
828 2047 919 2093 aut
946 2038 1020 2109 (c)
1052 2036 1189 2092 alius
1215 2036 1307 2102 sit,
1340 2034 1433 2105 qui
1474 2043 1559 2090 est
1589 2049 1727 2089 unus
1749 2049 1816 2090 ex
1842 2047 1950 2089 uno
1976 2076 1992 2100 ,

396 2130 672 2204 perfectus
700 2146 730 2186 a
761 2130 1022 2203 perfecto.
1051 2130 1168 2187 Non
1196 2130 1376 2186 dill’ert
1415 2138 1612 2200 praeter
1627 2129 1849 2199 originis
1868 2143 1995 2183 cau-

396 2240 513 2281 sam
566 2223 636 2280 ab
702 2225 1123 2281 innascibilitate
1185 2223 1466 2289 nativitas;
1531 2237 1653 2277 cum
1727 2220 1993 2292 perfectio

397 2318 682 2391 utriusque
709 2333 814 2374 non
863 2317 1096 2374 dill‘erat.
1155 2317 1268 2371 Rex
1295 2318 1357 2370 de
1386 2317 1548 2388 Rege.
1595 2315 1708 2370 Non
1761 2314 1995 2369 admittit

396 2428 508 2469 uno
532 2423 697 2484 atque
713 2413 905 2471 eodem
939 2413 1157 2468 nomine
1184 2422 1422 2483 potestas
1446 2417 1857 2480 connuneupata
1883 2408 1997 2462 dis-

398 2506 806 2565 similitudinem
836 2508 1141 2579 potestatis.
1178 2506 1461 2561 Dominum
1488 2506 1551 2560 de
1596 2503 1839 2557 Domino.
1886 2502 1993 2557 Do-

396 2606 634 2661 minatus
661 2619 882 2676 quoque
902 2612 1146 2675 mquatur
1175 2604 1226 2657 in
1256 2603 1485 2658 Domina
1509 2619 1522 2655 :
1555 2616 1656 2657 nec
1671 2600 1863 2670 recipit
1887 2596 1992 2652 dif-

397 2698 681 2755 ferentiam
708 2697 955 2753 confessa
983 2697 1035 2751 in
1061 2705 1288 2767 utroque
1313 2696 1432 2751 sine
1471 2693 1783 2749 diversitate
1812 2691 1991 2746 domi-

401 2790 568 2847 natio.
601 2790 739 2845 lllud
764 2804 895 2846 vero
918 2831 934 2857 ,
963 2788 1105 2858 quod
1156 2796 1279 2859 post
1321 2787 1486 2842 multa
1533 2786 1637 2841 alia
1688 2785 1994 2855 subjectum

401 2892 507 2952 est,
540 2883 979 2938 inconvertibilem
1005 2891 1054 2938 et
1080 2880 1446 2936 immutabilem
1474 2920 1488 2944 ,
1537 2876 1814 2932 diuinitatis
1840 2886 1889 2931 et
1919 2891 1998 2930 es-

399 2979 576 3035 sentia:
601 2986 648 3032 et
675 2978 876 3032 virtutis
912 2986 958 3031 et
986 2976 1167 3047 gloria:
1203 2972 1670 3029 incommutabilem
1700 2970 1993 3040 imaginem,

399 3068 707 3126 absolutum
735 3079 838 3124 est.
869 3068 1000 3123 Nam
1028 3082 1094 3123 ex
1131 3068 1239 3121 Deo
1270 3066 1444 3130 Deus,
1474 3080 1541 3120 ex
1568 3071 1679 3118 toto
1710 3070 1856 3116 totus
1882 3101 1898 3127 ,
1927 3075 1993 3116 ex

399 3178 510 3220 uno
539 3178 700 3229 unus,
729 3170 784 3217 et
813 3176 878 3217 ex
908 3159 1150 3231 perfecto
1176 3157 1449 3229 perfectus
1476 3197 1490 3221 ,
1514 3163 1570 3210 et
1591 3169 1658 3210 ex
1701 3166 1829 3223 rege
1852 3167 1950 3208 rex
1978 3193 1992 3217 ,

402 3264 456 3312 et
472 3271 537 3313 es
560 3254 790 3310 Domino
823 3254 1082 3308 Dominus
1111 3292 1125 3317 ,
1159 3266 1283 3307 cum
1324 3249 1378 3304 in
1410 3263 1471 3304 ea
1503 3247 1649 3303 omni
1701 3245 1995 3301 divinitatis

400 3357 570 3430 gloria
598 3367 757 3427 atque
783 3364 973 3411 natura
1002 3397 1015 3421 ,
1062 3355 1116 3409 in
1146 3368 1249 3425 qua
1292 3352 1451 3407 Pater
1476 3360 1759 3422 permanet
1790 3390 1805 3416 ,
1840 3357 1996 3402 natus

401 3464 619 3523 quoque
667 3450 928 3506 subsistat
961 3458 1016 3504 et
1070 3446 1277 3511 Filius;
1308 3446 1471 3502 etiam
1505 3445 1611 3501 hoc
1655 3458 1722 3500 ex
1769 3451 1996 3515 paterna

393 3593 577 3664 juncte
596 3590 697 3646 tria
722 3600 863 3655 sunt,
894 3590 983 3644 sed
1012 3603 1128 3642 cum
1157 3588 1257 3644 sint
1285 3602 1467 3651 unum,
1499 3586 1596 3640 tria
1626 3592 1783 3650 sunt;
1812 3592 1997 3638 etcum

402 3663 505 3717 sint
526 3664 647 3723 tria.
674 3678 833 3716 unum
860 3671 995 3715 sunt.

484 3734 571 3806 (ιι)
613 3734 845 3806 Rursum
892 3732 1018 3788 hinc
1047 3730 1379 3787 removimus
1430 3742 1625 3806 voces,
1680 3736 1727 3781 et
1766 3725 1996 3797 Spiritus

401 3800 584 3871 sancti,
615 3805 854 3875 adiectas
875 3807 1078 3875 absque
1108 3820 1237 3859 mss.
1270 3800 1608 3875 auctqritate.

478 3868 647 3949 (b)'lu
682 3868 917 3949 vulgatis
939 3918 964 3949 ,ί
992 3868 1374 3949 cognominata.
1403 3869 1739 3949 Concinnius
1764 3868 1815 3949 in
1858 3882 1988 3949 mss.

405 3941 969 4015 eorinbminatonund
1001 3941 1128 4002 vero
1159 3948 1421 4014 sequitur,
1454 3942 1633 4015 auita
1665 3941 1994 4015 intellexerit

406 4020 662 4086 Hilarius,
698 4031 753 4075 ut
783 4011 1017 4088 Spiritus
1043 4011 1295 4079 sanctus,
1321 4012 1773 4088 quemadmodum
1807 4011 2002 4088 di_citur

406 4093 460 4148 in
489 4082 721 4158 SCIlOllS,
756 4092 805 4146 vi
829 4082 1199 4162 'processiouis
1229 4082 1476 4162 suminou
1512 4083 1767 4162 procedat
1791 4098 1820 4136 a
1847 4082 2003 4136 Patre

404 4156 715 4218 formaliter
744 4173 806 4218 ut
838 4156 1074 4217 similis?
1115 4161 1273 4217 Certe
1312 4159 1406 4214 lib.
1440 4172 1535 4223 xtl,
1570 4172 1623 4210 ιι.
1667 4156 1765 4213 55.
1808 4167 1997 4221 magna

408 4234 515 4290 fide
543 4234 827 4305 profitetur
849 4248 908 4289 se
952 4233 1211 4302 Spiritum
1244 4240 1484 4286 sanctum
1518 4241 1804 4305 numquam
1828 4225 2001 4278 dictu-

407 4298 709 4366 rum'esse,
755 4316 848 4360 aut
885 4298 1146 4374 genitum,
1181 4313 1271 4356 aut
1313 4310 1572 4374 creatum.
1598 4298 1775 4374 Quam
1820 4307 1997 4374 autem

407 4376 712 4432 luculenter
748 4367 991 4432 adstr'uat
1030 4376 1262 4445 Spiritus
1305 4372 1471 4445 sathti
1503 4371 1861 4445 divinitatem,
1889 4367 1998 4434 jam

407 4448 743 4503 ostendimus
767 4446 977 4520 praefat.
1011 4438 1256 4520 in'libros
1285 4442 1528 4520 de_'l‘rin.
1563 4440 1750 4520 n._l5,
1782 4438 1917 4493 adeo
1944 4446 1999 4491 ut

406 4529 690 4590 suspectus
716 4510 916 4575 nemini
950 4518 1117 4573 videri
1146 4518 1255 4590 jam
1281 4515 1473 4590 debeat
1495 4514 1595 4590 iste
1624 4510 1794 4590 lucus.

477 4581 563 4663 (ὲ)
593 4591 681 4647 Sic
712 4605 843 4663 mss.
875 4591 1113 4663 potiores
1135 4581 1162 4654 ,’
1184 4588 1289 4663 duo
1322 4584 1515 4663 Colb.,-
1536 4582 1695 4636 Carn.
1726 4624 1741 4647 ,
1768 4581 1963 4663 gerat.
1982 4621 1996 4644 ,

2095 1942 2163 1996 ad
2187 1943 2580 2012 separationem
2643 1941 2875 1997 diversae
2908 1943 2959 1997 in
2996 1943 3129 1998 Filio
3176 1953 3230 1999 et
3262 1945 3314 1999 in
3364 1944 3523 1999 Palre
3563 1943 3694 1999 sub-

2094 2033 2306 2087 stantize
2335 2033 2640 2088 introducta
2666 2051 2679 2088 :
2703 2044 2823 2088 cu‘m
2845 2035 3008 2090 totius
3032 2035 3158 2090 lidei
3181 2036 3448 2105 expositio
3470 2036 3681 2091 Patrem

2095 2134 2150 2182 et
2179 2124 2397 2191 Filium,
2426 2125 2799 2181 innascibilem
2830 2137 2887 2180 et
2912 2127 3269 2198 unigenitum,
3300 2141 3401 2182 nec
3429 2135 3693 2197 tempore,

2094 2235 2193 2276 nec
2216 2221 2457 2287 nomine,
2493 2236 2591 2276 uec
2618 2222 2854 2276 essentia
2883 2236 3025 2294 ,_uec
3051 2220 3314 2292 dignitate
3337 2262 3353 2288 ,
3386 2236 3489 2277 nec
3515 2221 3696 2277 domi-

2096 2316 2315 2371 natione
2366 2316 2663 2371 discernat.
2722 2316 2947 2387 Digutun
3000 2324 3180 2371 autem
3233 2324 3320 2371 est
3359 2315 3694 2373 conscientia

2094 2410 2367 2466 communi
2413 2410 2576 2466 etiam
2628 2419 2858 2465 creteras
2923 2409 3239 2465 eorumdem
3309 2411 3690 2482 episcoporum

2095 2504 2452 2561 Orientalium
2480 2505 2709 2560 diversis
2731 2514 2787 2561 et
2812 2504 2947 2561 locis
2974 2514 3030 2560 et
3057 2505 3392 2576 temporibus
3418 2510 3698 2576 conscrip-

2096 2609 2178 2656 tas
2227 2600 2361 2656 lldcs
2388 2615 2647 2665 noscere,
2680 2608 2739 2654 ut
2767 2615 2860 2667 per
2915 2599 3097 2668 plures
3122 2598 3503 2656 confessiones
3518 2599 3693 2654 since-

2097 2694 2229 2750 ritas
2251 2694 2596 2750 conscientite
2627 2694 2800 2764 possit
2828 2691 3079 2764 intelligi.

2171 2829 2249 2905 (g)
2278 2828 2479 2886 FIDES
2502 2827 2872 2886 SECUNDUM
2920 2827 3245 2885 ORIENTIS
3273 2826 3619 2885 SYNODUM.

2750 2945 2864 3017 (an.
2896 2943 3048 3017 547.)

2098 3061 2294 3120 Sancta
2326 3060 2567 3134 synodus
2593 3059 2648 3115 in
2678 3057 2758 3131 (It)
2785 3058 3005 3115 Sardica
3027 3065 3354 3129 congregata
3380 3072 3444 3112 ex
3476 3055 3703 3112 diversis

2175 3153 2468 3227 provinciis
2520 3152 2877 3208 Orientalium
2921 3151 3155 3221 partium
3186 3192 3201 3217 ,
3251 3149 3560 3215 Thebaida,
3607 3148 3701 3205 1E-

2169 3258 2356 3325 gypto,
2380 3247 2665 3304 Palaestina
2694 3288 2710 3313 ,
2741 3243 2934 3301 Arabia
2962 3286 2976 3310 ,
3003 3244 3261 3300 Pbtenice
3283 3287 3298 3311 ,
3329 3243 3486 3315 Syria
3507 3241 3660 3299 Ctele
3686 3285 3702 3311 ,

2175 3342 2584 3415 Mesopotamia,
2616 3340 2826 3402 Cilicia,
2855 3339 3219 3411 Cappadoria,
3248 3339 3440 3403 Ponto,
3470 3338 3705 3409 Paphla-

2170 3438 2331 3510 gonia
2360 3477 2375 3504 ,
2416 3432 2622 3491 Galatia
2643 3474 2659 3502 ,
2690 3432 2938 3506 Bithynia
2966 3473 2981 3500 ,
3014 3430 3367 3504 llellesponlo
3395 3472 3410 3498 ,
3441 3430 3504 3504 (il
3531 3429 3659 3486 Asia
3685 3471 3701 3499 ,

2102 3578 2224 3635 loco
2246 3577 2399 3646 juxta
2439 3587 2582 3646 mss.
2621 3570 3013 3646 restituendum
3055 3571 3384 3646 curavimus.
3423 3570 3553 3640 Ejus
3582 3571 3703 3646 loco

2102 3650 2157 3705 in
2189 3642 2296 3704 uno
2340 3661 2442 3701 ms.
2470 3642 2628 3699 Colb.
2676 3642 2941 3706 habetur,
2967 3644 3218 3711 expositio
3264 3643 3385 3711 ﬁdei
3429 3643 3706 3696 secundant

2106 3719 2336 3775 Orientis
2360 3716 2613 3787 synodum
2635 3714 2872 3787 {eodem
2902 3727 3087 3766 svnsu.
3123 3712 3231 3787 sed
3263 3727 3368 3787 non
3399 3713 3702 3787 audiendus

2101 3782 2605 3855 recentior'llemig.
2659 3785 2851 3855 inquo
2896 3791 3090 3846 exstat,
3137 3783 3265 3853 ﬁdes
3318 3782 3536 3837 Serdica
3579 3798 3698 3836 con-

2109 3863 2323 3917 scribta.

2272 3880 2323 3915 η.

2183 3880 2269 4004 ξ’]ῗῖ
2291 3931 2422 4004 Mss.
2440 3935 2763 4004 constanter
2792 3937 2840 3980 cI
2866 3940 3065 4004 magno
3091 3940 3359 4004 consensu
3391 3968 3407 3992 ,
3462 3924 3691 4004 Serdica.

2107 3994 2496 4058 llaée'mendax
2525 3997 2801 4067 iuSCt'iplit)
2827 3998 3090 4067 plurimos
3135 3995 3364 4061 fefellit,
3392 4011 3563 4065 eaque
3601 3994 3701 4051 Do-

2104 4076 2317 4130 natisue
2345 4070 2698 4141 Augustinum
2727 4070 2978 4136 decipere
3007 4077 3283 4122 tentarunt
3312 4070 3558 4141 ,Atuiipse
3589 4077 3702 4141 tes-

2104 4148 2174 4202 tis
2190 4154 2275 4202 est
2303 4138 2464 4209 epist.
2497 4142 2630 4195 alias
2651 4156 2832 4204 cum,
2869 4153 3030 4193 nunc.
3065 4154 3208 4203 xuv,
3237 4155 3289 4193 n.
3324 4139 3382 4195 6.
3409 4140 3509 4194 lllo
3530 4138 3706 4193 minus

2102 4227 2289 4272 cautus
2312 4212 2675 4282 fuitVigilius,
2708 4212 2801 4267 lib.
2834 4226 2864 4262 v
2906 4221 3090 4282 contra
3126 4211 3423 4282 Eutychen,
3458 4227 3512 4264 ιι.
3550 4211 3604 4267 5.
3636 4213 3703 4263 At

2104 4288 2365 4343 llilarium
2399 4281 2641 4338 nostrum
2672 4296 2777 4336 non
2818 4281 2979 4351 fugit,
3007 4298 3034 4334 a
3082 4281 3274 4351 quibus
3306 4282 3568 4350 prodierit
3615 4295 3706 4336 se-

2103 4372 2274 4429 quens
2302 4356 2551 4429 formula,
2581 4355 2824 4429 quamvis
2848 4370 2952 4405 nun
2983 4352 3507 4429 aperlgprutlidrrit.
3533 4351 3704 4429 Pu__rr_o

2110 4422 2216 4485 non
2248 4426 2508 4486 Snrtlicm,
2543 4424 2637 4479 sed
2668 4422 3027 4492 Philippttpoli
3073 4425 3123 4475 lll
3152 4422 3381 4478 Thracia
3424 4424 3567 4479 edita
3604 4422 3707 4478 fuit

2107 4502 2176 4556 ab
2205 4502 2292 4564 iis,
2324 4499 2414 4564 qui
2448 4497 2738 4568 sibigniale
2765 4495 2968 4549 conscii
2988 4535 3002 4558 ,
3036 4493 3377 4549 Sardicensis
3406 4495 3596 4568 synodi
3620 4495 3710 4568 ju-

2108 4573 2307 4627 dicium
2337 4566 2712 4624 formidabant.
2746 4569 3113 4635 Quamquam,
3146 4568 3386 4633 exceptis
3414 4566 3701 4635 postremis

409 4637 1149 4723 ⁷Αἰίἷῖρῖεἷιί⁷ιῖἷῇ⁷
1187 4637 1443 4712 aliud'sit.
1473 4637 1543 4711 Ut
1593 4637 1740 4722 saepe
1768 4637 2002 4708 Hilarius
2032 4651 2079 4711 ι)
2108 4644 2258 4699 hisce
2288 4640 2487 4723 verbis,
2522 4637 2773 4723 Similiter
2804 4653 2922 4723 eos:
2953 4638 3039 4723 q't‘ti
3068 4637 3386 4723 dictaturas.
3406 4652 3517 4723 esse
3539 4637 3659 4689 deos
3684 4679 3699 4703 ,

406 4734 555 4788 aliud
591 4741 815 4803 usurpat
851 4733 916 4786 ad
974 4732 1371 4786 distinctionem
1418 4739 1699 4798 personte,
1737 4726 1835 4778 ita'
1860 4736 2002 4776 nunc

409 4804 544 4859 alius
571 4806 636 4859 ad
669 4806 1070 4859 distinctionem
1101 4814 1324 4856 naturae.

480 4877 563 4947 (ά)
593 4877 687 4932 llic
708 4876 1128 4947 auctoritasnon
1159 4871 1300 4927 aliud
1328 4880 1479 4947 sonat
1520 4883 1583 4947 a_c
1610 4877 1792 4947 auctor
1804 4882 1836 4947 ς.
1850 4873 1999 4935 puta,

409 4938 570 5004 naias
591 4963 655 5003 es
689 4959 911 5002 auctore
940 4945 1093 5014 cujus
1120 4954 1203 4999 est
1238 4952 1427 4998 natura
1465 4938 1889 4996 indemutabilis.

482 5039 557 5112 (e)
588 5038 752 5106 Editi,
781 5038 1126 5112 cuntprimus
1156 5035 1333 5112 editus
1365 5042 1490 5112 esset
1533 5032 1689 5112 totius
1716 5038 1999 5112 creaturae,

410 5100 620 5167 docetur
648 5120 694 5165 et
725 5100 833 5179 ipse
876 5100 964 5179 ille
1012 5124 1209 5179 semper
1257 5106 1416 5179 fuisse
1461 5106 1517 5179 in
1559 5102 1816 5179 principio
1863 5100 2003 5179 apud

410 5130 620 5167 uocetur
648 5130 739 5165 ett
780 5130 833 5164 se
876 5130 964 5163 me
1012 5130 1209 5179 semper
1257 5130 1416 5177 ,uuse
1461 5130 1513 5157 ιιι
1559 5130 1816 5172 ιιι-ιιιιιμιυ
1863 5130 2000 5165 ιιμιηι

410 5181 596 5237 Deum.
636 5130 858 5237 Verfum
883 5178 1024 5234 Deus
1053 5179 1262 5243 dicitur,
1290 5178 1415 5231 dum
1438 5175 1634 5246 primus
1667 5174 1855 5226 editur.
1885 5169 2000 5224 Να-

411 5265 492 5309 tus
520 5253 673 5327 fuisse
700 5252 1005 5319 ostenditur,
1037 5260 1141 5306 etc.

485 5344 563 5430 tr)
589 5344 742 5430 Unas
770 5343 940 5430 εοιξιῖξι
966 5342 1277 5430 colli-"cuni
1290 5333 1999 5430 9".E'l:'3“°19‘._‘.'9liﬁfi§'

412 5408 811 5473 subsidentium.
842 5415 993 5470 Alter
1030 5412 1186 5469 Colb.
1215 5427 1336 5467 cum
1367 5408 1551 5466 Germ.
1588 5450 1603 5474 ,
1636 5408 1997 5462 substantiam.

414 5487 764 5545 Praeferimns
782 5502 904 5543 cutn
945 5488 1157 5541 caeteris
1186 5482 1615 5538 substantiarum:
1651 5493 1771 5533 cum
1800 5477 1887 5532 hic
1910 5492 2006 5532 ex-

415 5570 669 5616 cusentur
687 5558 1020 5623 Orientales,
1056 5555 1201 5628 quod
1231 5555 1423 5628 trinam
1472 5550 1800 5628 hypostasim
1838 5549 2009 5628 intro-

414 5632 690 5698 duxerint,
719 5646 783 5685 ac
808 5618 1029 5685 verbum
1057 5618 1293 5698 graecum
1321 5618 1615 5685 ὐπὸστοὶάις
1662 5622 1830 5678 latino
1891 5618 2010 5674 sub-

414 5705 620 5759 stantiae
640 5703 858 5758 nomine
884 5700 1116 5756 Hilarius
1144 5698 1354 5754 reddat.

422 5796 571 5874 ηις)
590 5794 832 5874 Titulum
856 5788 1156 5874 hbn'e'apud
1178 5787 1307 5874 Ba'd.
1323 5787 1634 5874 omissum;
1649 5785 2008 5874 et-inueditipf

421 5858 579 5924 nibus
604 5864 725 5922 aliis
768 5860 837 5921 nd
889 5858 1181 5933 marginem
1226 5858 1504 5917 dumtaxat
1549 5858 1816 5929 ιιιῆυςιιιιιι
1853 5858 1868 5923 ,
1909 5860 2008 5910 suo

2108 4725 2247 4780 etc.,
2278 4713 2510 4784 primum
2532 4709 2744 4784 vulgata
2775 4708 2942 4784 estalt
2972 4707 3522 4784 Ettsgtianisaliquot
3553 4722 3704 4784 nien-

2108 4801 2197 4841 ses
2217 4776 2335 4855 post
2363 4776 2650 4839 concilium
2684 4778 3066 4855 Antiochi-min
3098 4778 3386 4855 Eneteniis,
3416 4776 3550 4855 etin
3575 4776 3705 4832 Gul-

2108 4848 2937 4926 lias'perNarcissunttblarim,
2981 4849 3328 4926 Tlteotltirttttt
3374 4860 3427 4904 et
3469 4848 3703 4926 Marcum

2110 4928 2175 4983 ad
2198 4919 2547 4983 constantem
2571 4923 2721 4993 quasi
2763 4938 2792 4975 a
2824 4921 3033 4993 synodo
3063 4919 3239 4993 delata
3278 4962 3293 4988 ,
3342 4931 3399 4975 ιιι
3440 4921 3606 4993 testis
3625 4930 3710 4975 est

2107 5000 2455 5077 Athanasius,
2489 4991 3008 5077 libIchynod.p.
3069 4992 3197 5056 895;
3239 4995 3347 5047 itno
3396 5003 3452 5045 ut
3504 4991 3700 5077 ibidem

2107 5072 2344 5140 subjicit,
2376 5065 2793 5140 iidemtriennio
2818 5074 2937 5140 post
2960 5065 3031 5140 in
3080 5077 3395 5140 consessum
3427 5065 3706 5119 venientes

2107 5133 2354 5197 eamdem
2387 5139 2659 5210 praedictis
2686 5134 3078 5210 appendicibus
3114 5133 3384 5210 §intiliter
3411 5151 3520 5210 eos,
3550 5143 3656 5189 etc.
3688 5175 3705 5201 ,

2108 5213 2335 5281 aliisque
2362 5204 2599 5273 auctam,
2633 5204 2733 5275 per
2759 5206 3081 5281 Eudoviutn,
3114 5204 3422 5281 Martyrium
3454 5206 3697 5281 aliosque

2110 5284 2164 5339 in
2185 5275 2390 5338 Italiam
2416 5283 2730 5335 emiserunt.
2764 5276 2988 5331 Denmm
3037 5291 3156 5345 quae
3199 5275 3286 5330 hic
3315 5292 3435 5329 mox
3484 5277 3701 5347 subjici-

2113 5365 2200 5409 tur
2227 5362 2413 5410 contra
2445 5350 2732 5406 Photinum
2767 5390 2783 5414 ,
2815 5348 2882 5403 ab
2927 5347 3025 5401 hac
3056 5363 3159 5400 non
3189 5346 3369 5402 differt
3397 5389 3411 5413 ,
3443 5349 3542 5402 nisi
3574 5346 3704 5403 ana-

2114 5425 2410 5482 thematnm
2440 5420 2841 5478 additamentis.

2188 5496 2250 5568 (ἱ)
2282 5497 2498 5568 Aliquot
2537 5506 2666 5547 mss.
2700 5490 2883 5568 probae
2929 5502 3069 5546 natae
3090 5535 3104 5559 ,
3138 5489 3274 5544 Asia:
3290 5488 3703 5568 fitfggt't‘LU‘Sic

2118 5561 2256 5624 infra
2288 5561 2427 5638 apud
2452 5567 2580 5620 Bad.
2616 5561 2823 5638 necnon
2854 5562 2906 5616 in
2936 5573 3250 5638 veteranis.
3282 5561 3437 5638 Colb.
3462 5573 3517 5618 et
3542 5563 3664 5638 aliis
3690 5607 3705 5627 ,

2118 5632 2346 5712 Europa}
2372 5638 2632 5712 Titi-acia:
2660 5632 2803 5712 quod
2827 5646 2881 5688 et
2916 5634 3062 5712 apud
3084 5633 3334 5712 νίεἱΙίιιιιι
3382 5633 3581 5712 legitur
3613 5636 3708 5691 lin.

2118 5728 2152 5767 v
2179 5704 2368 5766 contra
2407 5707 2637 5777 Eutych.
2690 5706 2883 5760 Neutra
2943 5706 3103 5777 lectio
3147 5704 3498 5777 conﬁrmatur
3541 5704 3714 5777 Frag-

2117 5789 2307 5906 ἒιιΙιειιιο⁸
2332 5796 2411 5848 ιιι,
2443 5773 2532 5839 ubi
2561 5780 2737 5848 legere
2765 5782 2867 5843 est,
2901 5777 3044 5847 Asia,
3081 5776 3315 5847 Europa,
3346 5773 3714 5849 Hellespontb,

2181 5868 2357 5906 tracta.

2165 5853 2357 5910 [tradat
