4270 6264
618 326 724 382 507

1814 324 1896 381 SA
1905 323 2060 380 NCTI
2103 322 2357 381 HILAMI
2398 322 2706 382 EPISCOPI

3813 326 3918 383 508

691 448 940 521 Phrygiis
964 445 1174 502 duabus
1192 484 1208 511 ,
1240 442 1444 499 Pisidia
1476 480 1492 507 ,
1521 440 1817 514 Cycladum
1862 443 2157 498 insularum
2188 482 2205 510 ,
2236 445 2290 504 Α
2312 441 2480 498 dedit.
2506 443 2584 496 Ac
2605 456 2674 498 ne
2696 440 2812 497 lucc
2834 440 2990 512 origo
3009 438 3150 511 ejus,
3172 454 3241 496 ex
3262 453 3368 511 qua
3384 447 3541 497 natus
3560 451 3645 498 est
3668 445 3917 512 manem,

687 539 1025 611 Pamphylia,
1053 536 1208 593 Caria
1226 568 1244 603 ,
1268 534 1437 607 Lydia
1456 575 1471 601 ,
1496 533 1711 605 Europa
1732 566 1749 601 δ
1779 532 2005 589 Thracia
2028 564 2044 601 ,
2069 532 2218 590 Emi-

690 642 899 696 monto,
932 629 1010 703 (α)
1042 628 1209 703 Mysia
1230 662 1249 698 ν
1279 628 1572 685 Pannoniis
1608 627 1817 685 ditibus
1836 666 1853 696 ,
1878 627 2020 684 llatm
2048 644 2217 701 expo-

680 725 890 782 suimus
910 721 1098 779 tidem.

652 904 775 960 3L:
794 898 1077 957 Credimus
1095 899 1147 955 in
1163 915 1325 957 unum
1343 899 1511 954 Deum
1532 906 1739 970 patrem
1758 900 2210 972 outnipoteatem,

608 1005 914 1054 creatorem
935 1004 990 1050 et
1008 994 1265 1049 factorem
1289 994 1685 1058 universorum.
1706 1009 1776 1049 ea
1800 1010 1907 1063 quo
1930 996 2105 1053 omnis
2118 1009 2219 1065 pa-

611 1089 835 1146 teruitas
856 1087 911 1142 itt
934 1087 1086 1145 cadis
1108 1096 1165 1142 et
1184 1087 1235 1141 in
1254 1094 1397 1143 terra
1426 1086 1751 1143 nominatur.
1772 1084 2052 1142 Credimus
2071 1096 2125 1142 et
2159 1086 2214 1141 in

612 1181 942 1253 unigenitum
955 1180 1071 1251 ejus
1091 1179 1258 1235 ﬁlium
1279 1178 1559 1234 Dominum
1578 1186 1819 1234 nostrum
1836 1177 2021 1234 desum
2038 1175 2218 1233 Chris-

610 1284 748 1341 tum,
770 1273 862 1345 qui
877 1280 1003 1328 ante
1018 1270 1199 1327 omnia
1217 1270 1411 1326 saecula
1431 1285 1495 1326 ex
1521 1270 1680 1325 Patre
1694 1270 1908 1341 genitus
1923 1285 1977 1324 es
1986 1276 2026 1337 t,
2046 1269 2213 1327 Deum

616 1384 684 1425 ex
707 1369 839 1433 Deo,
871 1367 1054 1421 lumen
1081 1379 1149 1420 ex
1174 1364 1379 1418 lumine
1402 1400 1420 1431 ,
1450 1377 1546 1433 per
1573 1377 1731 1431 quem
1762 1361 1902 1417 facta
1929 1370 2055 1418 sunt
2092 1374 2214 1416 ont-

611 1465 698 1519 nia
725 1478 846 1533 qua:
872 1462 926 1516 in
953 1458 1107 1517 ClBiiS
1137 1469 1191 1515 et
1217 1473 1340 1529 quae
1381 1458 1434 1513 in
1462 1464 1606 1513 terra
1630 1497 1646 1522 ,
1676 1456 1907 1513 visibilis
1938 1464 1995 1512 et
2021 1455 2077 1510 in
2089 1454 2216 1511 visi-

612 1555 740 1610 bilia
774 1572 789 1607 :
818 1553 909 1624 qui
934 1563 1016 1607 est
1046 1551 1291 1616 verbum,
1323 1555 1378 1603 et
1397 1548 1681 1618 sapientia,
1705 1554 1763 1603 et
1785 1548 1971 1614 virtus,
1997 1558 2052 1603 et
2080 1546 2211 1614 vita,

610 1654 669 1702 et
698 1645 883 1701 lumen
913 1657 1134 1701 verum:
1167 1650 1222 1697 et
1248 1641 1337 1712 qui
1358 1640 1412 1695 in
1442 1639 1750 1719 novissimis
1778 1637 1968 1694 diebus
1994 1644 2216 1709 propter

615 1754 716 1796 nos
747 1741 1054 1794 incarnatus
1084 1746 1190 1802 est,
1214 1742 1269 1790 et
1298 1746 1455 1790 natus
1482 1748 1553 1790 ex
1595 1741 1782 1788 sancta
1831 1731 2046 1804 Virgine
2070 1770 2085 1798 ,
2120 1734 2212 1803 qui

2316 535 2396 609 (ε)
2429 535 2530 591 alia
2558 535 2739 607 potius
2762 546 2927 605 quam
2952 533 3050 589 Dei
3097 534 3491 605 intelligeretur
3518 549 3639 591 esse
3666 535 3920 592 substan-

2320 627 2391 683 tia
2416 644 2431 694 ;
2461 627 2627 684 etiam
2673 642 2774 683 eos
2798 625 3148 698 blesphemos
3177 627 3494 698 pronuntiat
3521 668 3538 696 ,
3583 630 3675 700 qui
3702 645 3771 686 ex
3808 631 3919 686 alia

2317 721 2496 793 aliqua
2525 722 2854 786 substantia.
2885 731 2941 777 et
2968 734 3078 776 non
3127 735 3194 775 ex
3216 721 3329 776 Dee
3357 721 3551 779 Filium
3584 732 3770 780 natum
3793 739 3917 781 esse

2316 813 2706 883 loquerentur:
2740 818 2903 883 atque
2934 812 3003 868 ita
3036 809 3110 881 (f)
3133 826 3256 867 cum
3298 827 3405 867 non
3428 828 3498 868 ea
3530 813 3696 871 nihilo
3712 815 3919 872 substi-

2318 907 2401 972 tit,
2432 916 2611 976 neque
2628 904 2847 961 aliunde
2871 920 3035 975 quam
3058 920 3123 961 es
3142 902 3256 961 Deo
3276 906 3419 977 quod
3439 916 3523 963 est
3544 908 3786 975 exstitit,
3806 925 3915 965 mm

2319 1006 2496 1069 potest
2517 997 2714 1069 ambigi
2761 998 2816 1052 in
2848 997 2931 1053 his
2974 1007 3130 1052 natus
3160 1012 3281 1053 esse
3326 1014 3446 1068 quae
3474 998 3573 1054 Dei
3608 1008 3765 1068 sunt;
3796 1001 3917 1071 quia

2314 1105 2491 1160 neque
2510 1089 2582 1146 de
2604 1096 2714 1145 non
2742 1088 3107 1156 exstantibus,
3130 1097 3309 1160 neque
3331 1090 3438 1147 alia
3462 1102 3620 1162 quam
3644 1092 3715 1149 de
3740 1094 3920 1150 inuas-

2316 1182 2464 1239 cibili
2512 1183 2686 1238 Patris
2710 1192 2762 1238 et
2792 1191 2997 1239 aeterna
3047 1182 3348 1238 substantia
3374 1182 3454 1257 (ς)
3482 1185 3765 1256 unigenita
3796 1186 3916 1243 Filii

2319 1286 2611 1349 generatur
2640 1274 2900 1330 essentia.
2932 1274 3160 1344 Respuit
3206 1288 3337 1330 vero
3363 1284 3420 1330 et
3466 1276 3753 1332 intervalla
3778 1284 3917 1333 tent-

2318 1386 2512 1443 porum
2541 1384 2604 1425 ac
2632 1369 2988 1424 saeculorum:
3017 1380 3076 1423 ut
3114 1369 3206 1439 qui
3239 1378 3336 1440 per
3384 1377 3630 1425 naturam
3680 1378 3785 1427 neu
3813 1370 3918 1428 dil-

2314 1463 2424 1520 l‘ert
2450 1506 2465 1529 .
2496 1474 2603 1518 non
2636 1463 2807 1533 possit
2832 1461 3150 1531 separabilis
3176 1477 3300 1518 esse
3333 1474 3431 1534 per
3458 1473 3687 1535 tempus.

2387 1560 2480 1617 56.
2509 1560 2650 1615 Deus
2693 1576 2797 1615 non
2823 1561 2924 1615 nisi
2949 1574 3081 1615 unus
3120 1569 3231 1625 est;
3257 1568 3505 1631 quatenus
3534 1558 3766 1613 dicantur
3800 1560 3919 1631 ptu-

2317 1671 2426 1713 res.
2451 1655 2606 1711 Fides
2630 1654 2868 1726 superior
2890 1664 3046 1710 unum
3099 1652 3276 1709 Patris
3300 1670 3363 1708 ac
3411 1650 3541 1707 Filii
3584 1652 3917 1707 substantiam

2319 1749 2585 1819 praedicat.
2618 1776 2691 1790 —-
2713 1749 2789 1804 Ex
2831 1749 2982 1804 omni
3018 1755 3200 1803 autem
3232 1755 3416 1817 parte,
3460 1758 3568 1816 qua
3595 1760 3657 1800 se
3680 1745 3917 1800 circum-

609 1830 899 1889 crueiﬂxus
926 1838 1012 1885 est
1044 1869 1059 1897 ,
1085 1835 1144 1884 et
1180 1836 1423 1882 mortuus
1447 1864 1462 1890 ,
1493 1833 1549 1880 et
1581 1823 1827 1894 sepultus
1856 1864 1871 1891 ,
1899 1829 1955 1879 et
1974 1822 2214 1881 surrexit

2318 1856 2481 1915 agere
2502 1840 2813 1897 sollicitudo
2835 1840 3026 1911 potuit,
3058 1840 3440 1895 haereticorum
3482 1836 3712 1908 ingeniis
3735 1836 3920 1893 aditus

610 1939 676 1981 ex
703 1922 932 1979 mortuis
951 1920 1106 1977 tertia
1128 1919 1235 1986 die,
1259 1926 1314 1975 et
1339 1924 1588 1986 receptus
1616 1916 1668 1970 in
1698 1916 1837 1971 coelo
1851 1924 1957 1980 est,
1979 1924 2032 1969 et
2051 1911 2217 1986 583

615 2015 773 2072 sedet
798 2014 851 2069 in
881 2013 1102 2069 dextera
1145 2010 1352 2076 Patris,
1385 2017 1646 2064 venturus
1683 2005 1761 2079 (ὑ)
1790 2006 2035 2077 judicare
2069 2006 2219 2061 vivos

615 2118 672 2164 et
695 2120 975 2174 mortuos,
1016 2113 1073 2160 et
1098 2102 1329 2160 reddere
1374 2100 1662 2170 unicuique
1707 2099 2003 2156 secundum
2050 2113 2219 2170 onera

616 2201 768 2272 ejus;
795 2199 949 2268 cujus
974 2211 1198 2267 regnum
1227 2182 1348 2253 sine
1388 2193 1690 2250 cessatione
1718 2199 1998 2262 permanet
2020 2191 2073 2245 in
2118 2192 2217 2247 im-

616 2308 803 2351 mensa
828 2290 1049 2349 smnia.
1081 2288 1248 2346 Sedet
1274 2288 1419 2344 enim
1450 2288 1503 2344 in
1533 2286 1754 2342 dextera
1782 2284 1957 2345 Patris
1984 2300 2091 2341 non
2121 2300 2215 2340 so.

535 2401 544 2415 ‘
615 2389 726 2445 lum
749 2386 801 2443 in
826 2384 930 2449 hoc
952 2384 1177 2452 saeculo,
1210 2382 1303 2448 sed
1335 2391 1391 2439 et
1426 2382 1481 2437 in
1504 2381 1707 2437 futuro.
1752 2379 2036 2437 Credimus
2061 2388 2118 2435 et
2159 2379 2214 2436 in

610 2480 873 2550 Spiritum
901 2486 1171 2542 sanctum,
1208 2476 1311 2531 hoc
1342 2484 1425 2531 est
1454 2515 1468 2540 ,
1500 2472 1833 2545 paraclctum
1858 2513 1876 2541 ,
1905 2487 2063 2544 quem
2088 2487 2216 2542 pro-

615 2572 836 2635 mittens
864 2567 1141 2639 Apostolis
1163 2575 1285 2639 post
1305 2568 1536 2624 reditum
1569 2567 1622 2622 in
1650 2565 1818 2622 caelos
1848 2565 1996 2622 misit
2016 2565 2216 2622 docere

612 2680 708 2721 eos
733 2679 797 2720 ac
837 2664 1123 2720 memorari
1153 2663 1356 2729 onmia,
1400 2675 1494 2732 per
1521 2675 1680 2731 quem
1727 2669 1782 2716 et
1810 2659 2216 2715 sanctiﬁcantur

615 2759 828 2813 sincere
877 2758 929 2812 in
961 2770 1084 2811 eum
1114 2753 1449 2810 credentium
1486 2754 1699 2808 animae.
1746 2750 1819 2826 (c)
1853 2751 1958 2806 Eos
1985 2760 2162 2807 autem
2196 2793 2212 2819 ,

613 2850 704 2922 qui
742 2842 928 2905 dicunt
957 2845 1025 2904 de
1077 2862 1186 2902 non
1212 2838 1545 2902 chtantibus
1591 2858 1715 2901 esse
1759 2841 1927 2900 lilium
1956 2838 2051 2899 Dei
2074 2878 2092 2912 ,
2128 2844 2213 2901 vel

610 2960 678 3000 ex
708 2944 811 2997 alia
837 2942 1164 3008 substantia,
1194 2950 1246 2996 et
1281 2954 1388 2996 non
1415 2955 1480 2996 ex
1516 2940 1625 2995 Deo
1648 2981 1663 3005 ,
1697 2950 1749 2994 et
1795 2938 1938 3011 quod
1965 2947 2082 2994 erat
2116 2938 2215 2994 aii-

613 3034 831 3106 quando
861 3045 1071 3104 tempus
1099 3042 1192 3091 aut
1213 3034 1469 3090 saeculum
1511 3031 1724 3103 quando
1761 3048 1867 3089 non
1896 3040 2013 3089 erat
2036 3068 2054 3100 ,
2081 3032 2215 3088 alie-

617 3140 718 3185 nos
748 3125 896 3181 novit
936 3133 1121 3180 sancta
1149 3136 1203 3179 et
1226 3124 1489 3180 catholica
1539 3121 1800 3179 Ecclesia.
1848 3123 2111 3179 Similiter
2159 3132 2213 3178 et

2318 1936 2615 1992 obstruitur
2647 1973 2662 2000 ,
2720 1949 2787 1991 ne
2815 1934 2943 2004 quid
2973 1949 3096 1990 esse
3138 1932 3473 1988 diversitatis
3502 1931 3822 2003 prmdicctttr
3864 1932 3916 1987 in

2319 2030 2476 2085 Filio.
2505 2027 2942 2086 Anathematisat
2992 2041 3226 2098 namque
3252 2040 3346 2082 eos
3372 2065 3387 2092 ,
3417 2026 3509 2097 qui
3538 2036 3649 2081 tres
3672 2024 3806 2080 deus
3836 2024 3921 2080 di-

2316 2129 2474 2177 cant:
2506 2120 2630 2191 quia
2647 2121 2944 2177 secundum
2969 2118 3136 2193 ω
3162 2126 3368 2174 natura:
3388 2118 3700 2184 veritatem,
3722 2123 3917 2174 nume-

2316 2229 2437 2270 rum
2466 2212 2926 2284 nuncupationum
2952 2212 3251 2269 substantia
3282 2212 3383 2267 ista
3412 2226 3521 2267 non
3550 2212 3778 2282 recipit,
3812 2212 3917 2266 nisi

2317 2314 2375 2359 ut
2404 2305 2458 2360 in
2482 2303 2796 2360 hominibus
2823 2309 2984 2375 tque
3014 2294 3237 2373 Angelis
3257 2302 3416 2368 solet,
3450 2317 3572 2358 cum
3597 2317 3793 2359 nomen
3814 2303 3914 2358 tri-

2316 2395 2496 2451 buitur
2518 2411 2585 2453 ex
2618 2395 2826 2452 honore
2850 2397 3189 2463 meritorum,
3223 2406 3431 2452 natura:
3454 2403 3633 2452 tamen
3656 2396 3794 2451 inter
3817 2410 3915 2452 eos

2314 2496 2371 2545 et
2398 2488 2568 2544 Deum
2593 2487 2675 2561 (It)
2708 2488 2992 2545 ditl‘erente
3019 2489 3351 2555 substantia;
3383 2497 3441 2544 et
3464 2488 3665 2545 ideirco
3690 2487 3765 2544 dii
3796 2486 3914 2558 pitt-

2316 2595 2407 2637 rcs
2432 2591 2581 2637 sunt.
2613 2583 2880 2637 Caeterum
2913 2581 2966 2637 in
2992 2589 3183 2641 natura
3210 2579 3308 2637 Dei
3331 2579 3476 2637 Deus
3516 2596 3653 2636 unus
3695 2590 3810 2647 est;
3838 2580 3912 2636 ita

2319 2683 2518 2740 tamen,
2545 2681 2681 2730 utet
2710 2673 2877 2729 Filius
2907 2673 3049 2730 Deus
3094 2673 3206 2739 sit,
3233 2673 3359 2744 quia
3386 2674 3439 2728 in
3481 2686 3551 2729 eo
3578 2679 3769 2729 natura
3802 2687 3910 2727 non

2313 2766 2573 2824 diderens
2598 2767 2701 2823 sitt
2739 2775 2797 2822 et
2842 2779 2966 2822 cum
2996 2765 3141 2822 Deus
3194 2780 3260 2821 ex
3292 2764 3403 2821 Deo
3428 2763 3536 2833 sit,
3566 2779 3673 2821 non
3731 2773 3912 2835 potest

2314 2877 2423 2917 non
2454 2870 2683 2928 uterque
2712 2860 2857 2916 Deus
2885 2872 3028 2924 esse.
3067 2873 3297 2930 quorum
3327 2874 3423 2930 per
3459 2858 3675 2929 generis
3694 2857 3911 2914 inditis-

2316 2954 2546 3011 rontlam
2576 2970 2687 3010 non
2734 2951 3075 3011 discernatur
3113 2951 3368 3009 essentia.
3415 2950 3678 3007 Numerus
3720 2960 3905 3005 autem
4001 3015 4013 3025 ο

2314 3047 2550 3103 nominis
2577 3047 2645 3123 in.
2677 3043 3077 3116 nuncupatiOne
3103 3046 3404 3116 respuitur;
3434 3045 3558 3115 quia
3596 3059 3702 3099 non
3740 3052 3826 3098 est
3854 3042 3908 3098 in

2316 3150 2523 3197 natura:
2562 3140 2824 3212 qualitate
2871 3139 3175 3195 diversitas.
3228 3137 3362 3194 Cum
3414 3137 3575 3208 igitur
3622 3136 3911 3193 anathema

613 3235 730 3286 eos.
751 3219 841 3289 qui
868 3217 1053 3274 dicunt
1074 3227 1182 3274 tres
1208 3232 1327 3274 esse
1354 3217 1520 3284 deos:
1546 3217 1631 3272 vel
1656 3216 1926 3277 Chriswm
1950 3233 2055 3275 non
2086 3232 2210 3273 esse
2238 3222 2283 3286 C
2312 3234 2383 3289 sit
2409 3231 2476 3304 (ι)
2513 3233 2649 3290 deos
2671 3233 2878 3298 dicens,
2910 3238 2968 3288 et
2992 3231 3277 3289 anathema
3300 3232 3373 3287 sit
3398 3230 3595 3287 Filium
3618 3228 3787 3285 Deum
3815 3229 3911 3284 dc-

616 3312 785 3371 Deum
813 3317 869 3364 et
890 3316 1016 3364 ante
1036 3309 1267 3375 smcula,
1300 3324 1474 3380 neque
1506 3309 1802 3377 Christum,
1837 3324 2011 3380 neque
2037 3308 2209 3366 lilium

612 3420 736 3461 eum
767 3418 888 3460 esse
914 3401 1040 3469 Dei;
1068 3403 1155 3460 vel
1177 3419 1299 3459 eum
1323 3403 1500 3474 ipsum
1542 3418 1663 3459 esse
1690 3402 1904 3463 Patrem
1934 3413 1987 3460 et
2012 3405 2208 3461 Filium

611 3504 668 3550 et
697 3502 941 3551 sanctum
974 3496 1274 3567 Spiritum,
1332 3495 1417 3549 viri
1453 3488 1825 3550 innascibilem
1867 3496 2069 3562 lilium;
2125 3496 2209 3551 vel

614 3583 756 3657 quod
789 3600 964 3656 neque
994 3586 1222 3641 consilio
1263 3592 1439 3656 neque
1466 3585 1743 3642 voluntate
1772 3580 1932 3643 Pater
1963 3573 2211 3657 genuerit

616 3674 848 3734 Filium:
906 3678 1321 3735 anathematizat
1371 3688 1556 3736 sancta
1602 3690 1656 3736 et
1701 3670 1963 3736 catholica
2023 3670 2209 3743 Eccle-

612 3773 711 3827 sia.
735 3771 847 3845 )(d)

679 3867 769 3922 55.
798 3865 956 3921 Fides
976 3867 1087 3921 lucc
1109 3865 1237 3921 Filii
1261 3868 1508 3939 originem
1537 3876 1779 3922 cateruam
1821 3868 2019 3922 statuit.
2049 3865 2205 3922 Eam-

607 3975 706 4031 que
748 3972 809 4015 ea:
850 3957 950 4013 Dei
989 3961 1293 4016 substantia.
1344 3988 1402 3999 —-
1455 3954 1719 4016 Brevibtts
1767 3960 2040 4031 expositio
2083 3960 2207 4016 lidei

615 4051 796 4122 lmjus,
826 4053 922 4109 sed
942 4052 1357 4109 absolutissitnis
1393 4068 1487 4109 usa
1513 4062 1597 4109 est
1616 4052 2040 4110 deﬁnitionibus.
2070 4053 2205 4111 Nam

606 4144 977 4200 condemnans
1003 4158 1131 4212 eos,
1159 4146 1248 4216 qui
1277 4146 1343 4201 de
1365 4160 1470 4202 non
1499 4144 1837 4203 exstantibus
1865 4160 1988 4203 esse
2009 4146 2204 4204 Filium

612 4235 891 4309 dicerent,
925 4239 1187 4310 originem
1220 4243 1269 4296 ei
1316 4254 1423 4297 non
1462 4249 1693 4312 emptam
1718 4284 1735 4312 ,
1772 4241 1869 4298 sed
1898 4248 2204 4302 manentem

681 4386 760 4468 (a)
781 4395 837 4452 In
868 4394 1113 4468 vulgatis,
1148 4386 1385 4453 Massilia
1406 4355 1521 4452 cum
1547 4390 1841 4468 Μειιίιιειιι⁵
1870 4411 2000 4455 mss.
2032 4387 2200 4468 babe-

613 4462 701 4523 tur
730 4462 1146 4539 tantumi'tllysia
1176 4513 1190 4533 ,
1228 4470 1307 4524 vel
1334 4508 1349 4532 ,
1378 4479 1437 4524 ut
1478 4467 1531 4523 in
1564 4462 1695 4539 miss.
1728 4462 1885 4523 Colb.
1932 4476 1987 4539 et
2015 4467 2200 4525 Germ.

612 4541 869 4612 pingitur,
907 4528 1124 4612 Magi-ia.
1156 4528 1453 4612 Provinciae
1501 4528 1722 4612 totidem
1774 4547 1830 4612 et
1873 4537 2064 4612 eodem
2107 4556 2201 4594 or-

2316 3341 2553 3397 uegans;
2581 3326 2827 3381 absolute
2855 3325 3157 3381 ostenditur
3185 3325 3339 3379 unius
3368 3323 3434 3379 ad
3480 3330 3765 3392 utrumque
3812 3337 3911 3377 no-

2313 3420 2476 3479 minis
2502 3418 2760 3475 unitatem
2791 3418 2859 3475 ds
2875 3419 3203 3488 proprietate
3229 3416 3589 3475 ittdiﬂerentis
3631 3430 3752 3472 esse
3777 3416 3909 3469 sult-

2314 3513 2528 3569 stantiac
2553 3530 2567 3565 :
2592 3526 2714 3567 cum
2746 3512 2798 3567 in
2822 3509 3164 3567 confessione
3192 3510 3520 3565 innascibilis
3545 3509 3638 3565 Dei
3662 3511 3829 3580 patris
3856 3516 3912 3562 t-t

2314 3598 2574 3676 unigenlti
2599 3596 2697 3660 Dei
2729 3594 2845 3670 lilii,
2878 3606 3069 3660 neutro
3095 3610 3122 3657 a
3151 3608 3210 3660 se
3247 3599 3683 3658 dissimilitudine
3720 3607 3911 3657 essen-

2313 3698 2403 3757 tite
2434 3696 2737 3764 diﬂ‘erente,
2771 3695 2842 3771 (ά)
2874 3707 3096 3768 uterque
3121 3711 3244 3752 cum
3273 3694 3414 3751 Deus
3438 3682 3529 3763 sit,
3555 3684 3697 3750 Deus
3729 3696 3908 3751 tamen

2314 3805 2455 3844 unus
2489 3798 2543 3844 et
2584 3788 2891 3845 credendus
2917 3790 3064 3844 sitet
3094 3786 3491 3859 prtedicandus.
3523 3786 3764 3843 Sollicita
3809 3788 3911 3843 ita-

2314 3884 2417 3953 title
2448 3866 2673 3935 multum
2704 3878 3053 3951 diligenthbe
3098 3879 3306 3935 cautela
3349 3878 3723 3949 episcoporum
3775 3874 3910 3934 [Ides

2315 3974 2487 4030 munit
2512 3976 2717 4030 naturae
2742 3974 2938 4045 genitte
2966 3975 3021 4027 et
3056 3971 3321 4044 gignentis
3364 3959 3773 4027 indill‘ei‘cnliant
3805 3976 3906 4027 ito-

2316 4065 2478 4120 minis
2499 4064 2575 4138 (It)
2610 4065 2806 4121 unione
2833 4065 3182 4122 conﬁrmans.

2385 4157 2473 4212 ὅτ.
2511 4154 2633 4211 Non
2663 4166 2830 4211 tamen
2857 4156 2985 4227 [idet
3010 4156 3297 4212 solitarium
3322 4152 3509 4222 Deum,
3539 4153 3740 4209 Filium
3770 4163 3909 4210 recte

2313 4244 2459 4306 docet
2484 4246 2859 4307 bibasciliilem.
2895 4251 2996 4319 Qui
3018 4255 3082 4309 ea:
3104 4246 3364 4306 voluntate
3399 4258 3659 4306 notentur.
3692 4279 3763 4291 —-
3797 4236 3904 4305 Ta-

2313 4397 2621 4472 iiquetcum
2652 4418 2717 4459 ex
2750 4389 2990 4472 pluribus
3037 4392 3171 4458 locis
3201 4443 3217 4468 ,
3269 4412 3378 4472 tum
3406 4414 3469 4458 cx
3508 4406 3655 4458 num.
3689 4394 3781 4469 40,
3815 4392 3902 4457 tibi

2311 4462 2502 4528 eadem
2534 4490 2696 4532 sensu
2722 4462 2901 4545 legere
2931 4481 3051 4543 est,
3088 4462 3215 4529 Νοιὶ
3232 4478 3302 4528 est
3325 4462 3388 4528 de
3413 4478 3516 4529 non
3538 4462 3852 4529 exstantibus
3883 4513 3899 4540 ,

2311 4546 2430 4617 ιιιβὶ
2458 4557 2664 4601 castam:
2708 4544 2851 4617 origo
2870 4544 2955 4601 sit.

613 4604 739 4666 diue
770 4604 1123 4688 recensentur
1144 4604 1283 4688 apud
1308 4610 1582 4688 ngiligm.
1614 4606 1684 4673 At
1711 4609 1848 4688 inira
1876 4604 2202 4680 Fragtnenlo
2228 4611 2280 4673 D
2379 4610 2454 4688 (ί)
2488 4617 2630 4687 Lips.
2666 4624 2721 4673 et
2741 4604 2890 4683 Pan,
2918 4634 3018 4671 non
3044 4630 3163 4670 cum
3187 4631 3249 4670 ex
3289 4604 3451 4672 ,ιίιρειο
3473 4604 3715 4671 ,εηδεῧειίι
3740 4635 3752 4671 ε
3783 4632 3903 4673 αις.

611 4698 727 4748 (ιιι,
760 4682 1013 4738 nonnulla
1041 4693 1124 4739 est
1147 4678 1200 4739 in
1242 4678 1432 4737 ordine
1458 4678 1838 4750 discrepantia.

681 4744 758 4825 (it)
789 4752 1111 4825 Fragmenta
1143 4770 1231 4810 cx:
1258 4752 1343 4807 hic
1369 4753 1619 4822 adjicitur
1643 4744 1700 4805 in
1729 4753 1829 4825 ﬁne
1851 4744 2127 4818 mundi;et
2148 4752 2200 4808 in

608 4824 803 4896 grmCis
830 4824 1109 4892 formulis,
1144 4841 1299 4896 quas
1319 4840 1491 4896 supra
1510 4824 1886 4896 annotavintus
1915 4834 2045 4896 post
2073 4839 2204 4881 cou-

603 4884 785 4952 Eilimn
817 4895 1068 4951 Antioch.
1095 4884 1147 4952 in
1163 4884 1367 4953 Callias
1390 4884 1447 4952 et
1474 4884 1679 4950 italiam
1711 4884 1936 4962 missas;
1968 4890 2053 4952 ini
2079 4916 2204 4952 συν-

606 4970 890 5048 τελεζᾳρςτοῇ
922 4971 1123 5048 ἁιῶνος.

680 5036 761 5114 (c)'
778 5042 1010 5111 EpiStola
1026 5039 1438 5114 pseudosynodi
1486 5037 1712 5114 Sardis;
1733 5036 2057 5114 Fragmento
2078 5052 2198 5114 ext,

609 5110 698 5169 hic
718 5110 979 5179 exhibet,
1012 5110 1359 5169 Credimus’iu
1405 5123 1637 5171 sanctam
1665 5110 1951 5175 Ecclesiam
1990 5110 2205 5166 catholi-

607 5200 750 5266 cam,
775 5187 828 5240 iu
853 5185 1201 5266 remissionem
1250 5193 1573 5253 peccatorum
1596 5220 1610 5249 ,
1644 5184 1697 5238 iu
1733 5184 1911 5266 _carnis
1941 5197 2203 5266 resurrec-

609 5258 829 5337 tionem,
871 5263 922 5311 in
968 5258 1121 5337 vitam
1168 5266 1457 5337 (sternam:
1485 5269 1605 5325 qua:
1634 5253 1828 5321 verba,
1883 5252 2098 5337 omissis
2148 5252 2201 5309 iu

609 5328 780 5382 carnis
803 5310 1247 5391 resurrectionem,
1273 5328 1395 5381 inde
1421 5310 1524 5389 huc
1545 5310 1793 5382 revocata
1813 5310 1949 5383 sunt
1963 5310 2200 5391 editione

613 5397 735 5452 Par.
766 5382 888 5453 cum
920 5382 1094 5467 neque
1124 5399 1177 5454 in
1206 5382 1327 5453 aliis
1355 5382 1485 5454 edit.
1513 5405 1750 5464 exstent,
1781 5411 1955 5468 neque
1981 5382 2033 5451 in
2064 5412 2197 5453 mss.

611 5485 784 5541 neque
802 5470 868 5541 in
901 5471 1097 5541 graecis
1122 5470 1387 5541 formulis.

683 5532 766 5610 ('d)
800 5532 1073 5605 Vetustior
1097 5533 1267 5597 codex
1296 5541 1449 5596 Colh.
1483 5550 1538 5599 et
1574 5532 1757 5597 Germ.
1808 5537 1897 5596 hic
1939 5534 2200 5610 adjiciunt

620 5613 692 5668 ita
717 5608 974 5668 dicentes:
1005 5612 1093 5666 ubi
1143 5611 1281 5682 apud
1314 5608 1442 5668 Batl.
1471 5654 1486 5680 ,
1520 5613 1592 5668 ita
1621 5614 1796 5668 dicens
1819 5652 1835 5680 ,
1864 5614 1916 5666 in
1947 5608 2069 5671 aliis
2112 5626 2210 5673 au-

618 5694 724 5740 tem
755 5682 913 5751 edit.,
942 5682 1198 5739 Hilarius.

710 5756 912 5829 (¢)7Ms.
964 5757 1099 5829 Silv.
1133 5796 1149 5821 ,
1175 5773 1240 5813 ea:
1266 5754 1372 5811 alia
1415 5760 1584 5829 potius
1628 5770 1782 5823 quam
1826 5750 1887 5813 de
1931 5750 2069 5824 Dei,
2100 5765 2207 5815 etc.

638 5826 947 5884 Praiimum
971 5828 1194 5885 verbum
1236 5842 1448 5892 manens
1474 5826 1616 5897 idem
1646 5843 1765 5887 esse
1786 5829 1928 5901 quod
1966 5838 2166 5898 exstant
2191 5872 2209 5902 ,

2312 4686 2636 4757 tigantnrcx
2661 4688 2780 4743 aliis
2809 4687 2979 4742 libris.
3166 4750 3197 4757 η
3274 4756 3277 4757 ν
3376 4748 3381 4757 ,
3814 4750 3817 4755 .

2382 4758 2460 4831 (g)
2492 4759 2548 4814 In
2578 4756 2827 4831 vulgatis,
2860 4758 3122 4831 unigeniti.
3156 4750 3348 4814 Verius
3372 4748 3424 4813 in
3453 4758 3584 4831 πῆξε.
3614 4750 3898 4829 unigenim.

2309 4828 2572 4887 Sic'enitn
2603 4828 2756 4887 antea
2789 4830 3111 4885 iuuascibilis
3155 4840 3419 4897 etlazler‘na
3476 4828 3541 4897 ad
3578 4828 3743 4897 putris
3773 4830 3905 4884 sub-

2307 4901 2568 5028 lstantiam
2610 4900 2918 4958 referuntur
2944 4942 2959 4968 ,
2991 4908 3098 4956 non
3146 4890 3213 4955 ad
3248 4901 3415 4971 ipsius
3462 4890 3629 4972 patris
3669 4900 3903 4959 vocabu-

2330 4990 2437 5028 υΙΙΙ.

2330 4990 2437 5028 Ulli.

2379 5042 2459 5119 (Ιι)
2498 5041 2639 5102 Edltl
2666 5087 2683 5112 ,
2733 5041 2977 5113 (timeretis
3016 5044 3090 5098 est
3136 5043 3455 5100 substantia:
3503 5044 3900 5117 corrigunture

2305 5126 2438 5171 mss.

2378 5187 2441 5259 (ί)
2482 5182 2596 5253 Eia,
2625 5183 2770 5263 Mir.2
2798 5184 3034 5263 Lipsae‘t
3059 5184 3499 5263 P:t_r.qperp_cram
3529 5175 3617 5243 hic
3642 5186 3901 5263 adjiciunt

2306 5257 2472 5314 duos:
2499 5275 2620 5314 cnm
2647 5275 2716 5315 ex
2740 5258 3095 5315 determinata
3119 5257 3470 5314 orientalium
3505 5257 3894 5329 propositione.

2304 5340 2406 5398 qua
2447 5330 2770 5385 damnantur
2800 5346 2905 5385 non
2939 5331 3029 5400 qui
3061 5330 3188 5401 duos
3211 5368 3224 5395 ,
3259 5331 3354 5385 sed
3381 5331 3474 5401 qui
3518 5341 3622 5388 tres
3660 5334 3782 5387 deos
3813 5332 3896 5384 di-

2303 5408 2450 5469 cant,
2481 5401 2733 5457 conﬁciat
2762 5398 2995 5457 Hilarius
3020 5398 3374 5457 indeliuitam.

2373 5472 2443 5548 (j)
2488 5471 2547 5527 In
2573 5474 2803 5548 vulgatis
2829 5507 2845 5538 ,
2870 5472 3059 5548 dicitur
3112 5482 3166 5526 ut
3212 5481 3456 5542 uterque:
3496 5471 3899 5545 interpolatoris

2313 5544 2475 5615 opera
2504 5552 2558 5599 et
2584 5545 2786 5614 absque
2810 5544 3131 5615 auctoritate
3158 5558 3288 5598 mss.

2386 5614 2462 5688 (Ιί)
2494 5616 2629 5688 Etlitl
2658 5621 2886 5685 excepto
2916 5614 3069 5688 Bod..
3099 5615 3358 5688 unionem.
3390 5616 3609 5673 Rectius
3634 5617 3724 5672 alii
3750 5617 3896 5684 libri,

2321 5686 2528 5752 unione,
2560 5686 2774 5760 bocrest
2806 5728 2821 5752 ,
2875 5686 3006 5760 [idos
3033 5686 3204 5741 munit
3233 5686 3285 5743 in
3319 5687 3504 5760 genito
3546 5696 3603 5743 et
3644 5687 3899 5760 gignente

2323 5768 2530 5831 natura:
2568 5755 3031 5831 indiil‘erentiam,
3070 5772 3228 5831 quam
3272 5755 3559 5827 conﬁrmat
3608 5755 3806 5827 unione
3835 5774 3899 5817 ac

2321 5828 2693 5904 singularitate
2716 5828 2972 5899 nominis.
