4270 6264
416 297 436 326 ἢ

416 295 522 351 509
1218 289 1420 347 LIBER
1460 289 1549 346 DE
1573 283 1878 359 SYNODIS,
1923 277 2052 343 SEU
2092 281 2181 336 DE
2222 274 2376 336 FIDE
2404 271 2894 333 OBIEN’I‘AIJUM.

3610 260 3714 318 510

414 426 538 464 tuen
564 421 630 462 ne
653 419 866 461 rursum
897 407 1056 462 utrius
1086 406 1179 462 Dei
1213 406 1524 477 prrcdicatio
1571 405 1779 461 unicam
1804 419 1866 459 ac
1895 406 2003 461 sine

2117 409 2464 451 commonere
2505 391 2706 455 omnia,
2751 404 2847 460 per
2871 400 3031 458 quem
3076 393 3131 440 ct
3161 380 3559 439 sanctiﬁcantur
3592 396 3713 432 rm-

414 499 672 572 prugenie
695 513 790 552 sua
814 497 1038 553 solitarii
1064 498 1158 552 Dei
1184 499 1310 553 velit
1332 497 1604 551 alﬁrmare
1621 495 2005 559 substantiam;

414 593 596 648 statim
627 590 766 644 hanc
795 590 1124 645 condemnat
1151 590 1508 645 temeritatem
1531 627 1544 650 .
1577 601 1698 658 quae
1721 588 1842 658 quia
1868 586 2009 642 Deus

412 701 552 742 unus
582 691 685 752 est,
715 700 880 740 unum
913 699 975 739 ac
1003 684 1298 739 solitarium
1330 684 1498 739 Deum
1534 689 1739 752 patrem
1767 722 1781 746 ,
1809 679 2011 735 baben-

417 790 524 835 tem
569 778 622 833 in
651 791 710 834 se
743 791 937 831 nomen
968 785 1023 831 et
1064 776 1232 847 patris
1278 785 1331 831 et
1358 775 1452 830 lilii
1483 776 1861 830 conﬁteretur:
1886 787 2008 828 cum

417 873 468 928 in
497 879 789 942 generante
815 869 975 926 Patre
1005 878 1060 924 et
1091 879 1343 924 nascente
1371 868 1512 924 Filio
1540 868 1681 923 Deus
1709 881 1847 921 uutts
1867 876 2011 922 esset

415 963 484 1018 ob
513 961 863 1017 iiidiﬂ’erentis
891 959 962 1015 ab
1003 960 1230 1015 invicem
1261 969 1465 1014 natura:
1488 957 1842 1014 substantiam
1874 974 2010 1028 prae-

415 1058 696 1114 dicandus.
725 1055 1101 1112 Innascibilem
1137 1071 1353 1127 quoque
1381 1051 1573 1112 Filium
1618 1064 1924 1112 sanctorum
1958 1057 2009 1110 il-

416 1151 513 1206 des
541 1148 893 1218 neseitzqnia
939 1157 1127 1202 natura
1159 1147 1278 1202 Filii
1325 1149 1425 1202 nisi
1472 1163 1535 1203 ex
1578 1149 1858 1204 nativitate
1903 1163 2006 1202 non

411 1251 613 1300 exstat.
643 1241 944 1297 Nativitatis
973 1249 1150 1296 autem
1180 1241 1230 1294 in
1270 1241 1502 1296 eo'adeo
1551 1243 1782 1311 perlecta
1819 1248 2006 1298 natura

409 1345 515 1404 est,
538 1346 595 1391 ut
617 1335 707 1406 qui
729 1349 794 1391 ex
825 1334 1121 1390 substantia
1151 1334 1248 1389 Dei
1275 1343 1432 1389 natus
1457 1341 1569 1402 est,
1596 1336 1758 1391 etiam
1789 1351 1854 1392 ex
1881 1350 2010 1391 con-

412 1431 535 1486 silio
565 1430 682 1500 ejus
710 1444 774 1484 ac
802 1429 1078 1484 voluntate
1103 1437 1374 1483 nascatur.
1428 1427 1505 1482 Ex
1542 1430 1818 1484 voluntati:
1864 1432 2006 1487 enim

408 1531 568 1594 atque
595 1523 822 1578 consilio
843 1561 858 1586 ,
887 1535 992 1576 non
1021 1535 1085 1576 ex
1119 1520 1416 1591 corporalis
1465 1523 1711 1591 passione
1755 1536 1960 1580 natura!
1989 1565 2003 1589 ,

412 1614 665 1670 essentia:
693 1611 788 1668 Dei
819 1612 887 1668 de
915 1611 1149 1667 essentia
1177 1613 1272 1668 Dei
1302 1613 1495 1683 genita:
1525 1614 1770 1668 absoluta
1805 1615 2010 1684 perlec-

412 1710 488 1764 tio
513 1717 614 1764 est.
641 1707 992 1776 Consequens
1017 1715 1195 1762 autem
1245 1711 1365 1772 est,
1409 1716 1466 1760 ut
1491 1719 1610 1761 eam
1657 1721 1797 1762 nunc
1847 1697 2006 1762 [idem

2112 485 2354 542 dentium
2383 484 2435 538 in
2460 497 2585 537 eum
2616 479 2898 535 sinceriter
2924 475 3138 531 animae.
3173 473 3252 546 (ά)

2185 579 2230 634 Ι.’
2272 596 2290 630 ι
2335 577 2440 631 Eos
2469 585 2648 629 autem
2701 572 2791 642 qui
2821 571 3007 624 dicunt
3038 585 3052 622 ε
3091 567 3164 620 De
3189 563 3350 620 nullis
3377 561 3712 618 exstantibus

2111 669 2299 732 Filius,
2333 667 2417 722 t'el
2461 665 2529 720 de
2573 665 2736 718 altera
2770 659 3105 724 substantia,
3141 665 3329 712 etnon
3375 670 3442 710 ex
3477 655 3616 720 Deo;
3658 662 3714 708 et

2112 759 2256 831 quod
2305 769 2420 814 erat
2467 767 2674 824 tempus
2722 753 2802 808 vel
2835 753 3090 806 saeculum
3132 747 3348 819 quando
3392 761 3500 802 non
3548 755 3709 800 erat:

2110 854 2316 909 alienos
2345 852 2448 906 scit
2473 860 2656 905 sancta
2688 854 2746 902 et
2769 845 3032 900 catholica
3068 841 3332 898 Ecclesia.

2182 949 2245 1006 II.
2293 968 2312 1002 ι
2345 949 2398 1005 Si
2429 948 2552 1018 quis
2597 957 2777 1000 autem
2808 943 3016 998 Patrem
3071 949 3126 995 et
3177 938 3374 994 Filium
3414 935 3550 991 duos
3577 932 3704 990 dicit

2111 1044 2244 1098 deos
2272 1061 2284 1096 :
2312 1039 2599 1095 anathema
2631 1037 2719 1093 sit.

2183 1134 2269 1192 Ill.
2311 1135 2384 1209 (ε)
2418 1152 2437 1186 ι
2473 1133 2540 1188 Et
2569 1131 2616 1187 si
2646 1131 2790 1202 quis,
2814 1143 2977 1184 unum
3007 1127 3194 1182 dicens
3224 1121 3703 1189 Deum,Cliristnm

2111 1243 2288 1288 autem
2335 1232 2502 1286 Deum
2554 1238 2678 1282 ante
2703 1225 2895 1280 sacula
2926 1223 3091 1279 ﬁlium
3121 1221 3214 1276 Dei
3255 1220 3566 1274 obsecutum
3599 1216 3704 1270 Pa—

2115 1328 2181 1381 tri
2218 1327 2271 1380 in
2316 1324 2593 1379 creatione
2638 1322 2876 1376 omniuut
2908 1335 3014 1373 non
3047 1316 3334 1372 conﬁtetur
3365 1331 3379 1367 :
3421 1311 3707 1368 anathema

2111 1423 2201 1477 sit.

2186 1509 2274 1572 IV.
2325 1529 2346 1566 ι
2383 1512 2446 1566 Et
2476 1510 2522 1566 si
2573 1508 2693 1580 quis
2742 1504 3111 1563 innascibilem
3164 1505 3356 1566 Deum,
3385 1499 3467 1554 vel
3499 1507 3705 1570 partem

2111 1608 2250 1679 ejus,
2295 1607 2362 1661 de
2389 1603 2554 1660 Maria
2598 1613 2781 1658 natum
2806 1615 2928 1656 esse
2954 1597 3113 1654 audet
3134 1595 3300 1669 ‘86
3325 1594 3504 1650 dicere
3535 1610 3548 1647 :
3580 1606 3708 1646 ana-

2115 1701 2292 1755 thema
2327 1697 2419 1751 sit.

408 1773 942 1868 retractemus,qua:
973 1813 1078 1852 non
1121 1798 1249 1852 olim
1293 1794 1370 1869 (a)
1424 1811 1546 1853 cum
1584 1798 1842 1854 thinus
1888 1789 2005 1870 epi-
2038 1801 2086 1862 Β
2189 1795 2249 1846 V.
2299 1809 2317 1843 ι
2351 1791 2412 1844 Et
2465 1789 2508 1844 si
2561 1786 2682 1857 quis
2728 1783 3024 1841 secundum
3074 1779 3147 1851 (fi
3180 1776 3571 1850 prtescientiam
3620 1773 3704 1830 vel

407 1902 628 1964 scopatu
667 1891 910 1961 dcjectus
947 1896 1052 1956 est,
1080 1891 1380 1960 conscripta
1404 1896 1506 1945 est.

405 2025 570 2104 ‘85
617 2021 928 2094 Exemplum
975 2023 1097 2094 ﬁdei
1142 2021 1339 2078 Sirmio
1391 2022 1466 2096 (b)
1543 2022 1604 2076 ab
1664 2020 2006 2076 Orientalibus

661 2128 839 2172 contra
867 2115 1149 2170 I’Itotiuum
1179 2115 1384 2188 scripta:
1415 2117 1562 2188 (ann.
1595 2113 1742 2186 551).

476 2251 563 2306 58.
613 2268 634 2302 ι
686 2248 972 2304 Credimus
1017 2248 1069 2303 in
1112 2261 1278 2303 unum
1325 2247 1493 2303 Deum
1528 2255 1734 2320 patrem
1762 2247 2008 2318 omnipo-

405 2353 637 2408 tentem,
666 2349 966 2398 creatorem
995 2349 1052 2396 et
1079 2340 1444 2408 conditorem,
1479 2354 1545 2395 ex
1579 2353 1686 2411 quo
1712 2341 1888 2396 omnis
1912 2355 2004 2410 pa-

405 2437 628 2494 ternitas
654 2437 707 2492 in
740 2437 880 2494 celo
905 2443 959 2491 et
988 2435 1040 2492 in
1075 2436 1231 2492 terris
1254 2435 1581 2489 nominatur.
1611 2434 1678 2490 Et
1707 2435 1756 2488 in
1791 2435 2002 2492 unicum

402 2531 520 2600 ejus
546 2527 738 2586 Filium
775 2528 1059 2586 Dominum
1097 2535 1340 2582 nostrum
1367 2525 1551 2584 Jesum
1577 2526 1882 2594 Christum,
1914 2525 2001 2596 qui

399 2634 528 2678 ante
554 2622 733 2678 omnia
764 2620 962 2676 saecula
992 2634 1057 2674 ex
1080 2618 1239 2674 Patre
1263 2627 1418 2674 natus
1446 2627 1550 2687 est,
1585 2618 1749 2674 Deum
1773 2633 1838 2672 ex
1868 2618 1998 2685 Deo,

403 2715 586 2774 lumen
611 2729 678 2770 ex
710 2713 933 2780 lumine,
968 2725 1064 2781 per
1090 2725 1247 2782 quem
1283 2710 1416 2764 facta
1447 2718 1573 2766 sunt
1603 2711 1780 2766 omnia
1811 2710 1863 2767 in
1893 2724 2004 2767 ca:-

401 2807 470 2890 Iis
497 2809 631 2864 etin
680 2816 852 2869 terra,
888 2804 1116 2860 visibilia
1164 2812 1218 2859 et
1267 2803 1572 2859 invisibilia.
1629 2803 1730 2870 Qui
1761 2813 1843 2858 est
1885 2819 2003 2858 ver-

399 2886 548 2964 bum,
580 2907 636 2954 et
660 2897 945 2970 sapientia,
979 2889 1053 2968 (ι)
1083 2901 1136 2952 et
1162 2897 1353 2962 virtus,
1379 2903 1435 2950 et
1461 2896 1588 2960 vita,
1609 2904 1674 2962 et
1704 2881 1883 2952 lumen
1913 2911 2003 2951 ve-

399 3009 518 3049 rum
553 3012 566 3048 :
601 2993 692 3064 qui
724 2993 776 3048 in
817 2991 1123 3047 novissimis
1150 2990 1341 3046 diebus
1371 2997 1589 3060 pr0pter
1624 3003 1722 3044 nos
1753 2989 2003 3060 incorpo-

399 3095 548 3142 ratus
575 3093 677 3152 est,
712 3093 766 3140 et
804 3093 962 3138 natus
988 3077 1055 3138 de
1085 3091 1272 3137 sancta
1302 3080 1548 3153 Virgine,
1594 3087 1644 3137 et
1675 3083 1962 3138 crucilixus
1982 3124 1996 3149 ,

2111 1883 2640 1956 pratdestinationem
2672 1896 2698 1932 a
2729 1878 2891 1933 Maria
2917 1875 3046 1930 dicit
3085 1873 3280 1929 Filium
3313 1886 3454 1934 esse,
3501 1876 3558 1924 et
3597 1883 3702 1923 non

2107 1987 2236 2034 ante
2261 1975 2458 2031 saecula
2496 1989 2563 2029 ex
2592 1972 2749 2028 Patre
2777 1978 2957 2025 natum
2987 1966 3128 2037 apud
3158 1965 3323 2021 Deum
3359 1977 3500 2029 esse,
3526 1968 3580 2016 ct
3611 1973 3706 2030 per

2108 2083 2232 2128 eum
2265 2070 2403 2124 facta
2429 2081 2550 2122 esse
2575 2064 2752 2120 omnia
2786 2079 2799 2116 ι
2829 2059 3116 2115 anathema
3145 2057 3235 2112 sit.

2179 2162 2269 2218 Vl.
2318 2171 2336 2214 t
2367 2158 2573 2229 Siquis
2616 2153 2970 2211 substantiam
3006 2149 3102 2205 Dei
3141 2145 3352 2202 dilatari
3378 2155 3432 2201 et
3458 2140 3706 2199 contrahi

2109 2255 2238 2310 dicit
2264 2251 2582 2309 :anathema
2609 2249 2700 2304 sit.

2182 2345 2296 2400 VII.
2325 2352 2344 2398 ι
2372 2344 2426 2400 Si
2456 2343 2576 2414 quis
2601 2339 2872 2396 dllatatam
2887 2333 3240 2416 substantiam
3268 2330 3358 2388 Dei
3385 2328 3550 2383 [ilium
3567 2324 3708 2380 dicat

2107 2439 2321 2503 facere;
2353 2447 2446 2491 aut
2494 2434 2829 2490 latitudinem
2878 2428 3194 2486 substantia:
3243 2425 3384 2494 ejus,
3414 2422 3495 2496 (μ)
3546 2419 3702 2474 sicuti

2106 2533 2207 2590 sibi
2240 2531 2471 2594 videtur,
2502 2527 2695 2582 Filium
2723 2522 2964 2578 nominet
2993 2538 3005 2574 :
3040 2517 3326 2574 anathema
3354 2515 3443 2569 sit.

2178 2627 2315 2684 VIII.
2364 2646 2381 2678 ι
2411 2626 2466 2682 Si
2497 2625 2617 2695 quis
2645 2623 2862 2676 insitum
2891 2613 2979 2672 vel
3012 2614 3332 2687 prolativum
3362 2609 3582 2664 verbum
3609 2603 3704 2660 Dei

2104 2721 2272 2776 ﬁliuni
2296 2719 2440 2774 dicat
2470 2735 2483 2772 :
2511 2711 2796 2772 anathema
2827 2710 2920 2766 sit.
3445 2779 3448 2784 Ι

2185 2813 2274 2868 IX.
2304 2829 2324 2865 ι
2360 2811 2416 2866 Si
2445 2809 2562 2880 quis
2592 2806 2863 2862 hominem
2893 2791 3068 2858 solum
3119 2795 3251 2854 dicit
3290 2791 3358 2852 dc
3409 2787 3570 2848 Itiaria
3614 2788 3705 2845 Fi-

2109 2907 2239 2963 littm
2268 2923 2280 2958 :
2315 2901 2598 2958 anathema
2634 2901 2724 2954 sit.

2176 2997 2244 3052 Χ.
2279 3015 2297 3048 ‹
2323 2995 2380 3049 Si
2401 2995 2522 3064 quis
2539 2991 2705 3046 Deum
2730 2999 2784 3044 et
2809 2985 3083 3042 hominem
3115 2979 3183 3038 de
3214 2968 3381 3036 Maria
3407 2983 3589 3032 natum
3623 2971 3705 3030 di-

2103 3106 2236 3150 cens
2262 3132 2277 3158 ,
2328 3090 2494 3148 Deum
2533 3081 2909 3142 innascibilem
2953 3080 3030 3136 sic
3073 3073 3366 3147 intelligit:
3413 3069 3697 3126 anathema

397 3188 451 3232 ct
483 3188 729 3232 mortuus
759 3185 860 3246 est,
894 3185 949 3231 et
978 3173 1221 3248 sepultus
1254 3193 1266 3228 :
1301 3175 1390 3245 qui
1415 3173 1722 3232 elsurrexit
1749 3190 1814 3230 ex
1847 3192 1990 3229 inor-
2020 3187 2064 3248 ρ
2098 3187 2188 3241 εει,

399 3271 506 3325 tuis
533 3273 684 3328 tertia
713 3271 822 3338 die,
856 3281 910 3325 et
957 3265 1235 3326 adscendit
1283 3271 1336 3325 in
1363 3271 1592 3336 cmlum,
1639 3278 1692 3323 et
1727 3269 1880 3324 sedet
1938 3271 1989 3326 in

395 3365 615 3434 dextera
659 3363 853 3430 Patris,
902 3373 955 3419 et
1001 3375 1260 3419 venturus
1307 3375 1387 3418 cst
1432 3363 1483 3417 in
1527 3365 1990 3422 consmnntatiune

395 3460 580 3514 smeuli
615 3459 860 3529 judicare
892 3459 1045 3514 vivos
1071 3466 1127 3514 et
1157 3467 1416 3526 mortuos,
1445 3468 1499 3514 et
1526 3457 1750 3514 reddere
1781 3459 1990 3514 unicui-

395 3567 499 3619 que
526 3551 821 3606 secundum
871 3565 1036 3622 cpera
1065 3565 1160 3606 sua
1208 3552 1408 3620 :cujus
1453 3566 1678 3621 regnum
1722 3552 1840 3606 sine
1887 3554 1992 3607 tirio

397 3655 777 3714 perseverans,
821 3645 1115 3714 permanet
1170 3645 1222 3698 in
1285 3657 1542 3714 perpetua
1598 3644 1814 3700 szecula.
1878 3643 1992 3700 Erit

396 3741 538 3791 enim
568 3737 764 3791 sedens
791 3737 841 3790 in
871 3736 1089 3790 dextera
1122 3735 1315 3800 Patris,
1343 3751 1448 3790 non
1478 3736 1650 3789 solum
1681 3737 1734 3790 in
1767 3735 1869 3790 hoc
1891 3747 1989 3790 διεδ

393 3831 538 3894 culo,
572 3843 756 3884 verum
785 3827 946 3884 etiam
973 3837 1028 3882 et
1056 3815 1110 3882 in
1141 3825 1341 3882 l‘uturo.
1377 3816 1443 3882 Et
1467 3826 1518 3880 in
1547 3825 1805 3895 Spiritum
1833 3841 1990 3881 sanc-

396 3927 530 3984 tum,
559 3919 611 3974 id
637 3925 742 3984 est,
774 3919 1124 3990 paraeletum,
1155 3933 1314 3988 quem
1342 3918 1659 3988 promittens
1684 3918 1992 3989 Apostolis,

393 4019 578 4082 postea
622 4024 781 4082 quam
819 4010 1017 4066 caelum
1045 4011 1353 4076 adscendit,
1385 4009 1532 4066 misit
1553 4011 1751 4066 docere
1779 4025 1872 4066 eos
1899 4049 1913 4077 ,
1941 4012 1997 4067 et

464 4147 542 4222 (a)
565 4146 850 4222 Nlmirdm,
878 4147 954 4222 uti
985 4154 1136 4222 notat
1159 4145 1439 4222 Socrates,
1464 4145 1552 4201 lib.
1586 4160 1648 4212 It,
1671 4161 1719 4201 c.
1739 4145 1839 4202 Q9:
1869 4157 1983 4218 post

391 4217 723 4274 Consulatum
751 4217 921 4289 Sergii
941 4227 989 4272 et
1017 4217 1316 4286 Nigriniani
1342 4234 1360 4271 :
1387 4234 1485 4284 quo
1505 4233 1642 4289 anno
1668 4217 1877 4289 propter
1896 4231 1981 4273 tu-

392 4290 580 4343 multus
603 4290 810 4344 bellicos
839 4288 984 4343 nemo
1011 4291 1288 4360 solemnem
1307 4290 1461 4360 gessit
1482 4288 1815 4344 Consulatum
1837 4329 1850 4354 ,
1883 4291 1986 4346 huc

393 4371 476 4417 est
498 4401 513 4427 ,
545 4376 686 4430 anno
709 4375 884 4427 cccu,
908 4375 1029 4414 eum
1065 4359 1390 4414 Vetranione
1421 4361 1633 4430 dejecto
1662 4363 1844 4415 Sirmii
1870 4376 1985 4418 mo-

399 4441 607 4487 raretur
644 4429 1010 4486 Cutistantius.

463 4503 540 4574 (ti)
561 4503 841 4576 Socrates,
863 4503 954 4556 lib.
975 4517 1043 4576 An,
1067 4517 1116 4556 e.
1150 4501 1242 4576 50,
1283 4501 1456 4556 varias
1475 4502 1636 4557 variis
1659 4504 1988 4572 temporibus

2171 3276 2262 3333 XI.
2294 3295 2312 3329 ι
2345 3276 2400 3333 Si
2432 3274 2549 3346 quis
2580 3269 2794 3324 Verbum
2815 3281 2933 3322 caro
2953 3267 3144 3340 factum
3171 3267 3242 3315 est
3275 3256 3452 3330 (Joan.
3484 3259 3536 3321 i,
3573 3252 3662 3323 Ii)
3683 3293 3696 3315 ,

2099 3371 2342 3434 audiens,
2385 3363 2614 3422 Verbum
2664 3365 2714 3418 in
2756 3375 2972 3415 carnem
3020 3355 3341 3412 translatum
3394 3358 3582 3422 putet,
3616 3347 3698 3402 τιτι

2098 3463 2517 3519 demutationem
2549 3456 2626 3531 (Ιι)
2673 3455 3025 3511 sustinentem
3068 3448 3341 3519 accepisse
3365 3458 3583 3501 carnem
3616 3441 3698 3496 dl-

2099 3557 2170 3610 cit
2201 3573 2213 3609 :
2245 3553 2528 3612 anathema
2558 3553 2646 3606 sit.

2172 3645 2286 3700 Xll.
2313 3663 2332 3697 ι
2358 3645 2411 3698 Si
2435 3643 2555 3713 quis
2571 3641 2786 3695 unicum
2806 3639 2970 3694 lilium
2993 3634 3088 3691 Dei
3113 3631 3424 3688 crucilixum
3448 3625 3696 3692 audiens,

2097 3737 2408 3792 dealltatetn
2443 3734 2706 3805 (θεότητα)
2737 3730 2854 3798 ejus
2881 3728 3287 3794 corruptionem
3321 3720 3403 3773 vel
3435 3717 3696 3788 passibili-

2100 3839 2262 3886 tatem
2306 3823 2513 3898 (πάθος)
2555 3825 2647 3880 aut
2687 3820 3116 3878 demutatioueut
3149 3821 3242 3870 aut
3268 3812 3692 3869 deminutionem

2099 3925 2182 3980 vel
2213 3922 2641 3977 interfectionem
2679 3913 2999 3971 sustinuisse
3028 3910 3172 3966 dicat
3205 3926 3217 3963 :
3246 3901 3530 3962 anathema
3563 3904 3652 3958 sit.

2174 4013 2314 4070 XIII.
2360 4029 2380 4064 t
2426 4011 2487 4070 Si
2511 4011 2654 4082 quis,
2697 4007 2978 4062 Faciamus
3007 4003 3264 4058 hominem
3288 4000 3310 4072 (
3333 3997 3463 4054 Gen.
3498 4015 3534 4065 t,
3565 3995 3692 4069 ‘26),

2089 4153 2212 4226 Θεὸν
2251 4153 2339 4207 τὸν
2376 4149 2609 4226 χριστὸν.
2634 4148 2735 4226 πρὸ
2784 4149 2977 4226 acidiva
3024 4144 3131 4226 υὲῥγ
3172 4148 3262 4198 τοῦ
3294 4146 3462 4226 φοῦ..
3495 4141 3691 4226 discum

2088 4225 2279 4298 γηκότᾳ
2320 4213 2631 4298 τῷηιισιτρί.
2664 4213 3008 4276 Prail'erenda
3029 4217 3288 4298 uidetur“
3309 4213 3472 4293 lectio
3505 4213 3686 4294 Hilarii

2089 4284 2287 4358 nostri,
2315 4284 2437 4348 etim
2477 4284 2642 4346 altera
2673 4305 2780 4348 non
2808 4288 3103 4343 conveniat
3135 4288 3187 4339 in
3235 4284 3522 4358 Photinth
3548 4322 3561 4344 .
3593 4284 3682 4358 qui

2710 4217 3008 4273 rrel'erenda
3044 4217 3256 4270 videtur
3309 4213 3472 4267 lectio
3505 4211 3689 4270 llilai-ii

2093 4366 2261 4420 Deum
2275 4355 2447 4419 unum
2473 4361 2734 4418 conﬁtens
2759 4401 2772 4425 ,
2798 4359 3075 4413 Christum
3119 4366 3244 4410 aute
3274 4355 3492 4410 Mariam
3520 4355 3687 4408 BXstI-

2092 4437 2222 4490 tisse
2255 4434 2501 4506 negabat.
2535 4433 2713 4506 Iiujus,
2745 4440 2948 4506 uteni
2969 4429 3169 4506 decreti
3198 4426 3397 4497 duplex
3442 4436 3524 4480 0st
3553 4439 3682 4506 seu-

2091 4524 2224 4571 sus.
2256 4496 2547 4563 btvscilicet
2576 4496 2859 4560 anathema
2907 4503 2998 4565 sit,
3045 4500 3138 4569 qui
3181 4496 3303 4571 cum
3336 4496 3686 4571 unum_dicat

393 4567 575 4628 Sirtiiii
608 4577 946 4645 conscriptas
967 4567 1226 4629 formulas
1256 4588 1548 4644 earumque
1575 4567 1824 4629 auctores
1858 4589 1988 4629 con-
2016 4574 2065 4634 D
2092 4567 2283 4645 Deum,
2311 4578 2583 4634 Christum
2616 4586 2793 4630 tamen
2819 4572 2986 4626 Deum
3013 4567 3212 4645 neget;
3241 4570 3425 4636 sicque
3450 4567 3680 4645 inlra_i|-

390 4643 806 4716 fundensjiitanc
835 4662 864 4699 a
894 4644 1381 4716 MurcoAt'ctbusio
1402 4643 1575 4716 graice
1591 4645 1842 4716 scriptam
1875 4664 1988 4701 nic-

392 4713 808 4796 ιιιιιιίηηγιειήιιξ
837 4725 1020 4796 noster
1068 4713 1863 4796 Ililarius_cainnprientutibus
1884 4759 1897 4782 ,
1935 4717 1986 4774 id

391 4796 496 4854 est,
523 4785 617 4864 toti
638 4788 1124 4864 synoduattrtbujt.
1149 4785 1445 4864 Concilium
1469 4785 1599 4841 illud
1631 4787 1867 4857 Vigilius,
1892 4790 1984 4848 lib.

391 4847 638 4940 v‘cbntra
668 4847 896 4928 Eutych.
956 4875 1009 4912 n.
1051 4847 1470 4940 3,_ca_t_lioiicnm
1512 4847 1745 4940 vocantet
1776 4847 1986 4914 ex’tnlo

390 4931 612 4984 Oriente
663 4927 1066 5000 congregatum.
1121 4931 1265 5000 Nulli
1313 4927 1986 5000 autem,Occidentalium,

392 5003 494 5056 nisi
538 5000 680 5080 [orte
721 4985 1040 5080 qtiibtisd‘ani
1071 5017 1135 5056 ex
1185 4985 1421 5080 Ilij't‘ico,
1446 4985 1520 5054 ad
1553 4985 1679 5056 illud
1729 4985 1990 5080 accedere

393 5084 503 5152 tuni
539 5073 707 5134 licuit,
738 5067 897 5152 ’.ιυρά
937 5067 1274 5152 Magnentius
1323 5078 1580 5142 tyrannus
1634 5069 1991 5144 transalpinas

390 5143 639 5224 regiones
668 5153 828 5214 atque
854 5143 1073 5224 Italiam
1090 5154 1399 5224 occuparet.

430 5200 536 5294 λε)
583 5200 662 5294 IS;
688 5200 798 5294 uno
828 5227 928 5269 IIIS.
961 5212 1113 5269 Colb.
1163 5200 1436 5294 et'altero
1479 5207 1712 5270 Surbon.
1741 5211 1990 5294 addimus

391 5281 568 5364 tinget
600 5285 759 5364 virtus
783 5299 808 5364 _:
841 5300 961 5364 qua:
994 5301 1092 5340 vox
1118 5295 1305 5364 exstat
1351 5288 1403 5340 in
1432 5299 1716 5356 superiore
1756 5284 1987 5344 formula

391 5355 718 5420 Sardicensi,
747 5356 815 5411 ab
839 5360 936 5410 hac
965 5374 1069 5412 non
1098 5355 1414 5414 dissidenlc.

460 5429 536 5496 (Δ)
569 5423 870 5481 Ludovicus
895 5425 1105 5482 Mira-us
1127 5429 1424 5492 admonuit,
1456 5427 1505 5480 in
1535 5441 1638 5484 uno
1665 5424 1851 5490 codice
1881 5443 1987 5484 nis.

388 5512 447 5548 se
477 5501 743 5567 reperisse
774 5501 1007 5554 decretis
1051 5502 1402 5568 sequentibus
1434 5500 1705 5568 praelixuui
1740 5499 1880 5552 ltunc
1918 5502 1982 5553 ti-

391 5571 556 5622 tulnni
593 5585 606 5621 :
659 5568 988 5637 Deﬁnitiones
1035 5568 1408 5623 catholicarum
1453 5569 1861 5640 propositionum
1913 5570 1984 5624 26

389 5656 570 5699 contra
603 5645 884 5704 Pltotinum
920 5645 1211 5701 Itmt'ett'cum
1242 5655 1287 5699 et
1317 5646 1496 5700 contra
1522 5655 1693 5698 attines
1724 5643 1988 5714 Opinione:

395 5723 715 5795 inﬁdeliia‘tis
743 5730 1012 5785 hmreticw.

465 5801 536 5876 (ε)
578 5787 736 5877 Apud
767 5795 1116 5862 Athanasium
1141 5809 1193 5860 et
1216 5803 1516 5870 Socratem,
1547 5805 1631 5881 καὶ
1658 5797 1701 5859 ἒ¹ι
1728 5822 1806 5878 τις
1831 5801 1988 5884 λέγων

2096 4652 2184 4706 Iud
2217 4637 2600 4721 ih'terpretatur
2653 4647 2922 4702 llilarius:
2963 4637 3110 4721 alter
3167 4655 3294 4721 vero
3327 4675 3341 4703 ,
3368 4637 3483 4721 ,ιιιιί
3521 4637 3680 4718 nobis

2096 4707 2396 4794 praecipuus
2445 4721 2696 4794 videtur,
2749 4725 2804 4794 ut
2833 4716 3114 4794 anathema
3149 4711 3256 4790 sit,
3290 4710 3380 4794 qui
3409 4707 3678 4794 Christum

2096 4779 2149 4849 in
2172 4779 2481 4848 Conditione
2511 4779 2696 4846 rutundi
2723 4787 2994 4842 adstitisse
3013 4826 3028 4851 ,
3059 4793 3114 4836 et
3145 4783 3365 4852 perinde
3394 4787 3520 4835 ante
3568 4779 3676 4833 Ma-

2095 4868 2231 4920 riam
2263 4867 2426 4918 fuisse
2458 4872 2561 4916 non
2589 4865 2930 4916 conliteatur.

2171 4936 2242 5010 (Ῑ)
2279 4936 2447 4991 Verba
2482 4934 2591 5010 illa,
2622 4931 2996 5010 prwseientiam
3023 4925 3101 4980 uel
3138 4922 3640 5010 praedestirtatiio‘nem.
3662 4959 3676 4988 ,

2095 4991 2206 5064 uno.
2223 4991 2402 5079 igrch
2428 4991 2686 5079 vocabulo
2723 5000 3012 5079 «pd-notaui
3058 4991 3423 5079 enuntiantur.
3475 4991 3678 5048 Deinde

2093 5066 2254 5150 ψιοό
2294 5079 2454 5132 vertit
2482 5076 2714 5131 Hilarius
2748 5066 2780 5128 ἁ
2831 5066 3036 5150 Maria,
3066 5066 3264 5150 legisse
3295 5067 3506 5150 videtur
3553 5079 3674 5150 cunt

2092 5137 2314 5222 Socrate
2342 5151 2395 5203 ἐκ
2425 5151 2622 5222 Μαρίας
2647 5160 2792 5222 ,Αηοιι
2824 5158 2943 5222 cunt
2970 5138 3284 5222 "Athanasio
3307 5137 3410 5222 γρᾷ
3437 5137 3633 5212 Μαρίας
3656 5174 3672 5196 ,

2091 5205 2210 5277 ante
2243 5221 2462 5274 Mariam
2486 5205 2677 5286 {quod
2699 5228 2874 5270 tamen
2909 5214 3066 5277 inl'ra,
3097 5205 3271 5286 lt._‘5,
3306 5205 3456 5286 legit,
3569 5224 3680 5286 ina-

2089 5273 2361 5366 gis'ctiani
2398 5273 2790 5366 hic'pl'aceret}
2823 5295 2893 5366 ut.
2922 5290 2992 5339 sit
3022 5273 3304 5366 anathema
3332 5273 3677 5366 ,btti‘plii-is-

2095 5343 2548 5421 ῗίιῖιῐέὲέωωιηὶι
2594 5357 2987 5431 pra-scientiam
3036 5362 3240 5408 tantum
3286 5343 3411 5404 ante
3457 5343 3676 5403 Mariam

2090 5451 2210 5494 esse
2237 5434 2517 5490 concedat.

2165 5485 2336 5581 Gil-ii
2351 5485 2562 5581 {necis
2584 5501 2878 5581 codicibus
2908 5491 3039 5554 nihil
3064 5499 3165 5581 est,
3188 5485 3681 5581 quogdjre‘spkondgat

2092 5557 2593 5643 νεῖεἶῖεξηεῗσιιιὶίὲίὺὶ
2611 5557 2618 5558 ί
2636 5557 2870 5628 videtur:
2899 5586 3016 5642 qua:
3044 5557 3258 5640 quidem
3290 5557 3533 5630 inl‘ra,'ii.
3562 5557 3633 5617 i3
3663 5602 3678 5630 ,

2097 5653 2438 5707 Omittuntnr.

2172 5703 2483 5796 (uideres,
2513 5715 2968 5796 daoprpsanxo'ea:
2993 5715 3097 5769 hoc
3124 5715 3227 5779 est,
3259 5703 3683 5783 demutatiuncut

2103 5791 2422 5870 sustinuisse
2448 5805 2569 5854 cum
2593 5791 2800 5866 accepit
2819 5791 3056 5862 carnem.
