4270 6264
596 264 697 324 511

1746 264 1754 277 '
1818 256 2060 317 SANCTI
2101 255 2357 315 IIILARII
2403 256 2707 317 EPISCOPI

3797 262 3905 319 512

592 402 701 444 non
739 384 955 440 Patrem
990 382 1057 438 ad
1102 381 1294 438 Filiqu
1317 353 1546 448 dixisse,
1575 380 1670 437 sed
1702 379 1877 451 ipsum
1904 376 1972 456 ad
1996 384 2192 433 semet-
2217 384 2269 445 Α
2369 375 2558 432 XXIII.
2605 398 2624 431 ι
2664 378 2719 435 Si
2748 379 2891 452 quis,
2921 380 3066 453 quod
3096 379 3298 437 dictum
3329 390 3451 449 est;
3483 380 3594 454 Ego
3621 378 3764 438 Deus
3793 383 3904 455 pri-

592 480 769 551 ipsum
792 476 939 533 dicat
965 476 1136 531 Deum
1168 476 1406 530 locutum
1442 490 1457 527 :
1480 472 1767 528 anathema
1792 470 1888 527 sit.

664 569 809 627 XIV.
856 587 877 622 ‹
925 568 984 627 Si
1038 568 1160 639 quis
1210 568 1376 625 lilium
1407 581 1513 622 non
1556 565 1701 622 dicat
1747 564 1984 621 Ahraha:
2026 562 2201 619 visum

590 664 744 737 (Gen.
773 663 950 737 mu),
989 662 1086 719 sed
1134 662 1302 719 Deum
1343 660 1741 727 innascibilem,
1775 660 1859 717 vel
1883 657 1961 733 (ιι)
1993 668 2200 730 partem

590 757 749 830 ejus:
781 755 1073 812 anathema
1100 755 1188 811 sit.

666 849 787 906 XV.
838 866 859 901 ι
893 846 950 904 Si
980 847 1100 919 quis
1129 862 1252 904 cum
1283 846 1453 903 Jacoh
1479 862 1586 901 non
1611 844 1809 901 Filium
1839 841 1993 915 quasi
2020 842 2200 899 homi-

591 957 719 1000 nem
742 939 1090 997 colluctatum
1116 937 1271 1013 (Gen.
1299 953 1478 1007 xxxn,
1497 938 1624 1011 21).
1651 936 1746 992 sed
1773 937 1943 994 Deum
1969 935 2206 992 innasci-

600 1032 789 1099 bilem,
815 1032 902 1088 vel
932 1041 1137 1101 partem
1166 1030 1287 1100 ejus
1316 1030 1461 1086 dicat
1486 1047 1499 1085 :
1532 1028 1826 1085 anathema
1856 1031 1947 1084 sit.

666 1125 812 1182 XVI.
859 1143 878 1177 ι
909 1124 1132 1196 Siquis,
1163 1123 1238 1197 (b)
1274 1122 1418 1177 Pluit
1447 1122 1754 1178 Dominusa
1782 1120 2001 1177 Domino
2040 1118 2195 1194 (Gen.

599 1234 691 1275 xtx
711 1260 726 1285 ,
752 1217 871 1288 24),
905 1230 1011 1273 non
1051 1216 1121 1272 de
1148 1216 1289 1273 Filio
1311 1223 1368 1272 et
1392 1215 1553 1271 Patre
1583 1213 1868 1285 intelligat,
1897 1213 1994 1270 sed
2025 1214 2198 1284 ipsum

593 1326 625 1368 a
657 1326 716 1368 se
740 1310 885 1366 dicat
923 1309 1128 1382 pluisse
1156 1328 1171 1365 :
1220 1309 1508 1364 anathema
1537 1308 1628 1365 sit.
1670 1307 1813 1362 Pluit
1838 1306 1984 1362 enim
2014 1306 2198 1363 Domi-

591 1420 697 1462 nus
725 1404 893 1460 Filius
920 1419 948 1458 a
977 1403 1203 1459 Domino
1232 1402 1412 1459 Patre.

664 1495 829 1552 XVII.
874 1494 946 1568 (ε)
984 1514 1005 1549 ο
1042 1495 1097 1553 Si
1130 1495 1250 1567 quis
1272 1495 1558 1551 Dominum
1602 1504 1657 1550 et
1706 1495 1994 1551 Dominum
2032 1492 2196 1568 487

593 1587 811 1645 Patrem
865 1596 920 1643 et
973 1586 1165 1643 Filium
1221 1586 1370 1659 (quia
1403 1586 1655 1642 Dominus
1679 1603 1712 1641 a
1742 1585 1967 1642 Domino
1993 1583 2201 1658 [supple

591 1678 816 1752 pluit]),
860 1678 999 1735 duos
1047 1678 1191 1736 dicat
1228 1679 1360 1736 deos
1393 1697 1407 1734 :
1440 1680 1726 1736 anathema
1771 1680 1860 1735 sit.
1908 1679 2025 1735 Non
2053 1681 2195 1736 enim

2304 484 2440 538 mus,
2484 478 2534 524 et
2566 487 2659 541 ego
2702 470 2840 527 Deus
2886 473 3217 539 novissimus,
3262 483 3312 528 et
3339 484 3524 545 prwter
3570 492 3652 530 me
3697 492 3801 531 non
3827 486 3904 533 est

2306 559 2443 617 Deus
2487 561 2658 634 (Esai.
2705 579 2853 632 xuv,
2908 564 2989 634 6),
3046 568 3113 620 ad
3160 566 3583 625 destructionem
3631 567 3898 627 idolorum

2304 651 2504 709 dictum
2536 664 2810 711 eteorum
2855 655 2943 727 qui
2980 671 3087 712 non
3137 666 3263 713 sunt
3313 657 3421 725 dii,
3470 658 3527 715 in
3577 658 3905 718 destructio-

2304 760 2424 802 nem
2458 745 2537 818 (g)
2569 746 2831 819 unigeniti
2856 757 2981 804 aute
3004 748 3201 805 smcula
3232 749 3325 807 Dei
3349 750 3566 822 judaice
3592 751 3894 825 intelligat:

2301 842 2589 898 anathema
2628 844 2720 899 sit.
2908 900 2913 907 ,
3462 902 3471 911 τ

2374 933 2564 993 XXIV.
2592 954 2612 988 ι
2640 936 2696 992 Si
2727 937 2847 1007 quis
2863 936 3139 994 voluntate
3172 938 3287 1006 Dei,
3319 947 3591 1010 tamquam
3610 954 3776 996 unum
3797 940 3901 996 ali-

2301 1026 2428 1099 quid
2466 1029 2536 1086 de
2579 1039 2856 1100 creatura,
2891 1029 3090 1087 factum
3130 1031 3276 1089 dicat
3327 1031 3568 1090 Filium:
3612 1032 3902 1092 anathema

2332 1121 2344 1134 ο

2299 1131 2390 1177 811.
3672 1170 3679 1175 .
3872 1170 3877 1179 .

2373 1214 2538 1273 XXV.
2573 1236 2592 1272 ι
2614 1217 2668 1273 Si
2696 1218 2817 1289 quis
2845 1218 3063 1275 nolente
3085 1219 3246 1275 Patre
3275 1227 3455 1276 natum
3485 1219 3631 1278 dicat
3651 1220 3849 1277 Filium
3880 1237 3898 1279 :

2298 1310 2589 1366 anathema
2632 1310 2723 1367 sit.
2757 1310 2873 1368 Non
2902 1311 3049 1368 enim
3103 1312 3182 1386 (ll)
3228 1312 3448 1370 nolente
3494 1313 3653 1369 Patre
3678 1323 3901 1375 coactus

2299 1404 2480 1473 Pater,
2513 1408 2599 1461 vel
2650 1405 2876 1461 naturali
2928 1408 3253 1463 necessitate
3300 1405 3524 1473 ductus,
3569 1421 3696 1462 cum
3732 1407 3903 1464 nollet

2298 1497 2483 1567 genuit
2509 1495 2704 1553 Filium
2733 1514 2746 1550 :
2777 1496 2873 1553 sed
2926 1494 2985 1570 (i)
3033 1512 3158 1552 mox
3191 1496 3381 1563 voluit,
3412 1498 3531 1552 sine
3557 1507 3806 1569 tempore
3840 1507 3903 1556 et

2300 1587 2709 1660 impassihiliter
2737 1604 2804 1644 ex
2840 1603 2902 1645 se
2926 1604 3048 1645 eum
3073 1589 3314 1660 genitum
3345 1588 3755 1645 demonstravit.

2373 1680 2565 1737 XXVI.
2613 1700 2632 1734 ι
2666 1681 2724 1738 Si
2746 1682 2867 1753 quis
2896 1680 3267 1737 innascihilem
3294 1681 3433 1755 et(j)
3455 1681 3742 1738 sineinitio
3756 1682 3903 1740 dicat

554 1806 563 1815 ι
592 1787 939 1845 exaequamus
965 1772 1051 1830 vel
1080 1772 1158 1846 (ά)
1203 1788 1579 1845 comparamus
1627 1773 1824 1829 Filium
1870 1773 2015 1829 Patri
2043 1815 2058 1840 ,
2086 1775 2182 1831 sed
2214 1773 2260 1834 B
2290 1771 2506 1840 Filium,
2533 1781 2801 1843 tamquam
2816 1772 2923 1843 duo
2947 1773 3064 1830 sine
3087 1773 3351 1844 principio
3368 1781 3425 1829 et
3438 1773 3550 1829 duo
3562 1774 3902 1832 innascibilia

592 1870 895 1940 subjectum
958 1868 1336 1940 intelligimus.
1386 1869 1572 1941 Neque
1620 1869 1765 1926 enim
1814 1868 2094 1926 descendit
2141 1869 2197 1926 in

602 1960 894 2019 Sodomam
923 1961 1041 2017 sine
1075 1960 1254 2016 Patris
1280 1961 1590 2029 voluntate;
1634 1976 1811 2033 neque
1845 1961 1986 2034 pluit
2012 1975 2078 2017 ex
2104 1975 2193 2029 se,

596 2055 691 2113 sed
714 2070 744 2110 a
770 2052 1027 2122 Domino,
1070 2054 1388 2111 auctoritate
1429 2054 1636 2111 scilicet
1665 2053 1870 2120 Patris;
1918 2068 2021 2109 nec
2044 2053 2199 2110 sedet

598 2149 654 2204 in
685 2147 911 2202 dextera
935 2161 965 2202 a
986 2148 1302 2218 semetipso,
1342 2147 1435 2203 sed
1461 2147 1611 2203 audit
1636 2146 1910 2204 dicentem
1953 2145 2192 2212 Patrem,

598 2237 737 2295 Sede
754 2239 823 2294 ad
847 2239 1105 2294 dexteram
1135 2238 1376 2313 meam(e)
1419 2238 1593 2314 (Psal.
1618 2253 1731 2307 cur,
1765 2238 1841 2311 1).
2176 2280 2179 2287 .

674 2331 866 2389 XVIII.
914 2351 933 2385 ‹
971 2334 1029 2391 Si
1079 2333 1200 2406 quis
1250 2333 1465 2390 Patrem
1512 2333 1788 2391 ctFilium
1837 2342 1895 2391 et
1935 2333 2194 2405 Spiritum

595 2438 845 2487 sanctum
871 2444 1032 2484 unam
1056 2442 1342 2500 personam
1365 2428 1510 2485 dicat
1538 2446 1553 2485 :
1585 2431 1873 2488 anathema
1906 2436 2000 2494 sit.

663 2541 810 2600 XIX.
858 2569 879 2603 ε
915 2549 972 2606 Si
1039 2552 1161 2623 quis
1216 2552 1479 2622 Spiritum
1533 2562 1780 2609 sanctum
1826 2553 2190 2627 'paracletum

590 2644 778 2702 dicens
805 2688 822 2713 ,
856 2647 1230 2705 innascibilem
1257 2649 1427 2706 Deum
1456 2649 1602 2705 dicat
1628 2668 1641 2704 :
1668 2649 1955 2704 anathema
2004 2648 2095 2703 sit.

669 2738 791 2795 XX.
838 2757 858 2793 ‹
896 2738 1123 2811 Siquis,
1179 2741 1341 2797 sicuti
1392 2740 1577 2797 docuit
1616 2755 1716 2797 nos
1746 2740 2028 2804 Dominus,
2085 2753 2194 2795 non

594 2832 759 2888 alium
781 2833 927 2889 dicat
957 2835 1294 2893 Paracletum
1320 2851 1348 2890 a
1380 2836 1559 2903 Filio;
1593 2836 1727 2892 dixit
1756 2837 1900 2892 enim
1935 2854 1949 2892 :
1976 2835 2041 2891 Et
2066 2837 2194 2892 alte-

596 2939 713 2978 rum
741 2926 1053 2998 paracletum
1099 2929 1261 2983 mittet
1303 2928 1443 2983 vobis
1468 2928 1649 2994 Pater,
1696 2944 1845 3000 quem
1890 2928 2082 3001 rogabo
2121 2927 2193 2999 (Ῑ)

594 3035 688 3091 ego
718 3017 901 3087 (Joan.
934 3038 1043 3088 xlv,
1075 3022 1166 3095 16)
1198 3041 1211 3078 :
1241 3023 1526 3080 anathema
1566 3025 1658 3079 sit.

668 3111 812 3170 XXI.
844 3133 865 3167 ι
899 3114 954 3172 Si
986 3116 1106 3184 quis
1134 3116 1392 3186 Spiritum
1422 3126 1665 3173 sanctum
1684 3124 1894 3188 partem
1916 3115 2064 3172 dicat
2092 3115 2196 3173 Pa-

599 3205 700 3262 tris
724 3207 808 3263 vel
837 3207 960 3264 Filii
993 3226 1006 3263 :
1038 3210 1323 3266 anathema
1348 3209 1438 3267 sit.

663 3297 832 3355 XXII.
859 3319 879 3354 ι
901 3299 957 3358 Si
983 3301 1105 3373 quis
1130 3303 1344 3359 Patrem
1376 3312 1431 3360 et
1452 3303 1646 3360 Filium
1671 3314 1727 3361 et
1747 3294 2009 3378 Spiritum
2035 3319 2193 3362 sanc-

595 3402 705 3450 tum
740 3403 848 3452 tres
874 3396 1019 3454 dicat
1040 3397 1174 3455 deos
1205 3417 1218 3453 :
1246 3399 1533 3456 anathema
1562 3400 1653 3457 sit.

676 3565 753 3633 (al
782 3564 922 3623 Editi
948 3565 1036 3624 hic
1065 3577 1118 3622 et
1155 3567 1386 3624 articulo
1432 3566 1782 3637 subsequenti
1835 3584 2047 3626 necnon
2074 3568 2138 3624 2i
2175 3609 2190 3634 ,

594 3647 795 3717 patrem
811 3656 830 3693 :
861 3640 1379 3717 renitentibusmss.
1419 3649 1474 3696 et
1501 3655 1674 3708 grmca
1707 3656 1840 3717 voce
1866 3644 2046 3717 μέρος.

667 3708 743 3845 (sq
779 3709 833 3765 In
859 3712 1095 3774 antiquis
1119 3711 1271 3766 libris
1300 3720 1629 3771 constanter,
1666 3714 1847 3779 pluvit,
1866 3708 2117 3780 pluvisse.

690 3799 718 3836 ο
765 3781 900 3837 Bad.
936 3782 1132 3845 Siquis
1170 3783 1446 3838 Dominum
1481 3793 1528 3837 et
1571 3783 1733 3838 Deum
1760 3801 1863 3839 non
1911 3784 2117 3839 Patrem

690 3781 738 3842 cl
765 3781 900 3837 Bad.
936 3782 995 3838 Si
1016 3784 1132 3845 quis
1170 3783 1446 3838 Dominum
1481 3793 1528 3837 et
1571 3783 1733 3838 Deum
1760 3801 1863 3839 non
1911 3784 2117 3839 Patrem
2145 3794 2193 3838 et

594 3851 793 3907 Filium
822 3855 1113 3920 intelligat;
1139 3856 1261 3925 quia
1289 3853 1559 3908 Dominum
1589 3864 1638 3907 et
1686 3855 1849 3909 Deum
1894 3856 2024 3911 duos
2054 3855 2193 3910 ditat

591 3925 751 3980 deos:
775 3927 953 3980 anath.
996 3926 1088 3982 Er.
1119 3935 1173 3979 et
1201 3926 1326 3981 Mir:
1354 3926 1414 3983 Si
1439 3928 1555 3992 quis
1604 3925 1885 3982 Dominum
1938 3937 1986 3981 et
2030 3927 2191 3982 Deum

593 4013 695 4051 non
727 3994 933 4051 Patrem
961 4008 1008 4052 et
1052 3997 1246 4051 Filium
1286 3999 1434 4063 quasi
1467 3997 1743 4052 Dominum
1772 4015 1804 4052 a
1850 3996 2072 4055 Domino
2111 3999 2194 4051 in-

594 4067 811 4139 telligat.
839 4077 946 4124 etc.
975 4110 990 4127 .
1019 4079 1076 4123 ut
1106 4068 1238 4124 Bad.
1295 4071 1361 4123 At
1391 4084 1522 4124 vero
1551 4068 1697 4139 Ligus.
1724 4078 1781 4126 et
1822 4068 1963 4126 Par:
1994 4070 2055 4125 Si
2078 4070 2194 4139 quis

597 4137 871 4193 Dominum
892 4147 941 4193 et
968 4139 1238 4194 Dominum
1271 4140 1476 4196 Patrem
1505 4153 1552 4194 et
1582 4138 1803 4207 Filium,
1831 4142 1979 4206 quasi
2009 4137 2192 4196 Domi-

592 4226 717 4265 num
742 4227 774 4264 a
804 4208 1027 4265 Domino
1052 4211 1349 4279 intelligat:
1376 4212 1497 4280 quia
1523 4210 1803 4267 Dominum
1823 4223 1872 4268 et
1914 4212 2190 4268 Dominum

588 4280 719 4336 duos
746 4282 884 4336 dicat
908 4282 1030 4337 deos
1047 4300 1066 4337 :
1087 4284 1266 4337 auath.
1303 4282 1360 4337 In
1388 4293 1604 4339 vetusto
1631 4283 1822 4339 codice
1844 4283 2187 4350 Colhertino,

593 4352 657 4407 Si
683 4355 801 4413 quis
826 4350 990 4406 Deum
1016 4365 1062 4409 et
1093 4354 1368 4409 Dominum
1400 4353 1607 4409 Patrem
1637 4365 1685 4410 et
1711 4353 1928 4416 Filium,
1953 4372 2053 4422 qua
2077 4353 2188 4409 Do-

591 4423 787 4477 minum
809 4439 840 4477 a
864 4422 1104 4483 Domino.
1133 4426 1261 4481 duas
1292 4426 1426 4480 dicat
1455 4426 1576 4481 deos
1601 4443 1620 4481 :
1648 4429 1829 4484 anatlt.
1848 4445 1868 4494 ;
1890 4426 2052 4482 lectio
2080 4440 2188 4481 non

593 4494 918 4561 spernenda,
950 4496 1035 4551 cui
1061 4496 1203 4553 favet
1229 4497 1538 4556 Facundos.
1565 4499 1732 4559 Iib.x.
1761 4513 1882 4563 cap.
1900 4498 1957 4562 6,
1983 4496 2077 4552 ubi
2099 4497 2192 4553 Hi-

592 4565 710 4621 larii
761 4565 876 4621 haec
924 4569 1103 4623 versio
1153 4569 1416 4626 mendose
1446 4570 1751 4625 exhibetur.
1808 4571 1876 4624 At
1924 4569 2190 4624 sincerior

593 4645 697 4700 est,
728 4653 888 4705 quam
916 4654 980 4694 ex
1004 4641 1214 4695 cmteris
1242 4655 1371 4694 mss.
1404 4641 1758 4707 exprimimus
1777 4683 1793 4710 ,
1824 4654 2004 4709 grteco
2024 4638 2191 4694 Atha-

594 4699 902 4764 nasii'textu
929 4711 1287 4777 saffragante:
1331 4727 1455 4766 nam
1477 4699 1627 4775 apud
1669 4699 1949 4769 Socratem
1978 4710 2189 4767 mendis
2219 4699 2268 4759 D

594 4780 756 4853 etiam
789 4789 981 4853 scatet.
1033 4782 1202 4837 Porro
1233 4782 1321 4837 hic
1366 4783 1657 4838 damnatur
1680 4826 1693 4841 .
1725 4783 1816 4853 qui
1848 4798 1970 4837 eum
2004 4782 2189 4838 audiat

595 4848 849 4906 Dominus
878 4869 911 4907 a
943 4852 1160 4909 Domino
1191 4854 1359 4922 pluit.
1393 4854 1607 4909 Patrem
1640 4848 1930 4910 Dominum
1977 4861 2034 4909 et
2083 4853 2188 4908 Do-

597 4923 802 4995 minum
832 4923 1025 4995 Filium
1050 4925 1121 4979 ita
1154 4925 1419 4995 intelligat
1449 4968 1464 4987 ,
1505 4935 1562 4980 ut
1588 4926 1866 4981 vocabulis
1895 4924 2111 4979 Domini
2136 4932 2191 4980 et

597 4992 810 5050 Domini
841 4994 976 5048 duos
1000 4995 1145 5051 dicat
1170 4992 1354 5053 deos:
1375 4996 1467 5054 Sic
1511 4998 1655 5050 enim
1688 5012 1863 5063 praem
1912 4996 2142 5050 habetur
2171 5016 2185 5053 :

596 5064 663 5147 Ei:
674 5089 753 5129 τις
774 5069 974 5147 ἁκρύων
996 5071 1171 5142 κύριον
1194 5071 1287 5147 rint
1310 5070 1519 5147 ῐῐοιτέροι¹
1535 5072 1621 5147 καὶ
1640 5070 1725 5147 τὸιί
1749 5070 1864 5126 Υἶὸν
1894 5070 2090 5144 κύριον,
2109 5071 2195 5147 uati

597 5140 774 5220 Ξιξριργ
799 5139 1106 5220 conﬂari-ipa
1129 5145 1213 5220 noti
1237 5142 1324 5197 τὸν
1352 5139 1464 5198 Tios
1502 5141 1638 5215 (ἐπεὶ
1663 5140 1837 5218 κύριος
1883 5143 1940 5197 ἐκ
1961 5139 2193 5220 nuptiae),

597 5208 691 5266 δύὸ
718 5211 853 5286 λέγοι
871 5208 1048 5274 θεοὺς·’
1072 5214 1321 5284 ἀνάθεμα.

678 5304 757 5378 (ά)
786 5305 861 5378 Ita
906 5321 1038 5362 mss.
1073 5308 1141 5362 At
1168 5306 1295 5363 editi
1323 5322 1648 5378 emquamus
1675 5307 1755 5362 vel
1796 5309 2198 5377 conformamus.

605 5373 700 5431 llis
725 5375 940 5454 duobus
960 5378 1139 5454 verbis
1168 5380 1397 5454 unicum
1410 5373 1773 5454 σίυντάσσξομεν
1796 5379 1851 5435 in
1882 5373 2061 5450 graeco
2114 5395 2200 5434 re-

604 5447 855 5522 spondet.
906 5448 1166 5520 Superius
1191 5451 1298 5522 jam
1347 5447 1692 5522 observatum
1726 5493 1740 5514 ,
1795 5447 1971 5522 unam
1999 5465 2199 5522 vocem

605 5520 898 5595 πρόγνωσιν
918 5522 1107 5595 eadem
1153 5520 1363 5578 ratione
1403 5522 1623 5595 duabus
1662 5521 1832 5578 fuisse
1880 5520 2145 5577 redditam
2179 5564 2195 5588 ,

606 5591 984 5674 quaSi‘ance-ps
1007 5594 1239 5650 Hilarius
1260 5609 1380 5667 qua:
1406 5595 1582 5666 aptior
1605 5594 1766 5662 foret,
1800 5601 2085 5666 utramque
2111 5607 2199 5650 se-

610 5659 878 5732 ligendum
910 5659 1260 5738 proponeret.

610 5778 655 5842 ᾖ
687 5753 760 5842 (e)
772 5754 937 5842 μιῃὰ
960 5756 1320 5842 Athanasium
1336 5770 1391 5842 et
1658 5755 1747 5831 hic
1774 5760 2057 5842 subjicitur
2071 5761 2203 5842 ᾇγᾷει

610 5810 935 5892 traiecisti
962 5810 1132 5883 an
1172 5810 1634 5888 ignauissime
1661 5810 2047 5900 saginat-3.3:;
2070 5810 2197 5889 aia.

2301 1875 2355 1919 et
2383 1863 2493 1919 duo
2527 1865 2708 1920 inuata
2748 1863 2935 1922 dicens
2965 1882 2979 1918 :
3027 1863 3166 1921 duos
3202 1865 3359 1922 taciat
3405 1864 3537 1921 deos
3573 1865 3901 1924 :anathema

2300 1957 2390 2012 sit.
2418 1956 2591 2029 Caput
2612 1957 2939 2029 enim,quod
2973 1967 3052 2014 est
3071 1958 3395 2029 principium
3417 1958 3680 2027 omnium,
3712 1959 3899 2027 Filius;

2299 2061 2460 2121 caput
2501 2062 2715 2123 autem,
2756 2052 2902 2125 quod
2937 2062 3019 2110 est
3058 2053 3381 2125 principium
3444 2052 3667 2122 Christi,
3715 2055 3896 2113 Deus:

2298 2143 2466 2218 m
2493 2145 2562 2202 ita
2592 2148 2736 2203 enim
2766 2147 2832 2203 ad
2864 2162 3029 2204 unum
3070 2148 3162 2220 qui
3206 2159 3288 2203 est
3323 2149 3442 2205 sine
3480 2148 3746 2221 principio
3784 2166 3904 2208 om-

2299 2237 2450 2293 nium
2478 2239 2823 2312 principium,
2859 2255 2959 2312 per.
2983 2239 3176 2296 Filium
3199 2241 3451 2297 universa
3476 2239 3783 2298 referimus.

2292 2362 2301 2367 ι
2370 2334 2587 2392 XXVII.
2627 2355 2648 2390 ί
2680 2336 2746 2393 Et
2777 2338 2969 2393 iterum
2982 2337 3368 2395 conﬁrmantes
3382 2337 3781 2396 Christianismi
3812 2340 3897 2397 in-

2297 2434 2592 2499 tellectum,
2626 2434 2879 2500 dicimus,
2905 2435 3157 2506 quoniam
3197 2435 3243 2490 si
3280 2434 3402 2505 quis
3424 2432 3698 2491 Christum
3727 2436 3899 2492 Deum

2298 2535 2471 2593 lilium
2500 2536 2594 2592 Dei
2620 2544 2748 2593 ante
2776 2535 2976 2592 stecula
3004 2533 3394 2591 subsistentem
3421 2540 3477 2587 et
3503 2531 3899 2589 ministrantem

2299 2637 2441 2696 Patri
2469 2637 2537 2695 ad
2556 2638 2796 2694 οηιυίιιπη
2826 2634 3214 2710 perfectionem
3238 2642 3347 2686 non
3370 2628 3546 2691 dicat:
3569 2629 3664 2686 sed
3694 2642 3763 2684 ex
3791 2644 3904 2701 quo

2298 2746 2367 2803 de
2392 2745 2555 2802 Maria
2573 2755 2732 2801 natus
2758 2751 2866 2809 est,
2894 2760 2959 2800 ex
2990 2757 3057 2800 eo
3080 2750 3137 2798 et
3159 2738 3430 2797 Chrismm
3454 2734 3688 2795 etlilium
3713 2734 3900 2793 nomi-

2300 2850 2485 2899 natum
2514 2856 2636 2898 esse
2654 2882 2671 2904 ,
2700 2850 2754 2896 et
2784 2839 2993 2896 initium
3025 2833 3303 2908 accepisse
3330 2843 3389 2889 ut
3414 2833 3487 2889 sit
3514 2831 3676 2899 Deus,
3706 2831 3893 2889 dicat:

2298 2926 2582 2992 anathema
2611 2935 2681 2991 sit
2707 2935 2804 3005 (k).
2844 2951 2864 2987 ι

2369 3027 2459 3083 59.
2490 3026 2704 3083 Photini
2727 3030 2870 3098 fraus
2897 3024 3168 3098 multiplex
3191 3021 3501 3078 retunditur.
3533 3018 3705 3075 Filius
3728 3030 3758 3073 a
3786 3016 3898 3073 Pa-

2298 3130 2375 3178 tre
2399 3138 2490 3178 uec
2508 3110 2796 3179 substantia
2813 3118 2988 3189 (li/fert
3013 3134 3108 3173 nec
3136 3126 3379 3187 tempore.
3409 3145 3480 3155 —
3503 3111 3811 3169 Necessitas
3840 3120 3897 3169 et

2219 3210 2264 3276 C
2296 3224 2509 3288 tempus
2532 3212 2813 3270 admonuit
2840 3211 3058 3281 eos,qui
3087 3217 3200 3265 tum
3218 3213 3605 3266 convenerant.
3635 3220 3735 3277 per
3759 3203 3902 3260 mul—

2299 3309 2512 3379 tiplices
2540 3307 2867 3379 quaestiones
2892 3305 3055 3361 latius
3102 3317 3167 3359 ac
3211 3300 3457 3358 diffusius
3502 3300 3900 3369 expositionem

2299 3400 2423 3458 ﬁdei
2444 3399 2731 3467 ordinare;
2752 3398 2876 3472 quia
2902 3397 3088 3454 multis
3111 3403 3166 3453 et
3190 3394 3419 3453 occultis
3439 3392 3705 3450 cuniculis
3730 3394 3782 3448 in
3810 3407 3904 3449 ca-

2302 3567 2471 3623 thema
2499 3566 2565 3620 sit
2591 3581 2610 3619 :
2631 3563 2773 3631 quod
2807 3561 3030 3619 omnino
3051 3557 3353 3632 superﬂuit.
3379 3557 3478 3632 llic
3498 3554 3643 3632 enim
3670 3571 3777 3632 non
3805 3571 3905 3632 uo-

2297 3654 2398 3695 vus
2442 3628 2924 3693 anathematismus
2959 3642 3080 3698 est,
3110 3628 3207 3689 sed
3251 3629 3500 3702 proxime
3541 3628 3691 3684 allati
3719 3628 3899 3700 expli-

2297 3711 2462 3768 catio.

2300 3792 2317 3820 ~'
2373 3780 2444 3851 (fl
2473 3780 2564 3837 Sic
2604 3795 2735 3835 mss.
2764 3779 2831 3835 At
2855 3776 3012 3840 editi,
3041 3792 3191 3851 quem
3214 3774 3567 3851 ro‘galgqeum.

2370 3844 2449 3923 (in
2497 3854 2555 3910 In
2597 3851 2813 3908 excusis
2863 3857 2918 3906 et
2970 3847 3227 3923 scriptis,
3259 3846 3451 3923 _uuici:
3480 3844 3595 3923 uhi‘
3628 3858 3693 3900 ex
3720 3857 3906 3923 grrcco

2299 3914 2815 3999 verbopoaoymﬁc,
2842 3931 2899 3999 et
2929 3936 3010 3999 ex
3042 3918 3228 3999 {litat-ii
3258 3914 3705 3999 interpretatione
3734 3914 3907 3984 liquet

2298 3986 2586 4068 legendum
2613 3986 2735 4068 esse
2762 3986 3030 4068 unigeniti.
3061 3988 3258 4046 Postea
3288 4003 3355 4068 ex
3376 3986 3551 4068 tribus
3578 4002 3710 4068 mss.
3740 4001 3906 4068 repo-

2298 4057 2479 4124 nimus
2523 4066 2748 4121 Judaice
2773 4057 3047 4133 intelligat,
3088 4060 3462 4133 consentiente
3488 4072 3664 4133 ευξωο
3689 4057 3904 4133 Ἰουδαιή

2295 4150 2396 4203 κῶς
2444 4139 2748 4196 ἕκλαυιϐάνοι
2779 4154 2794 4192 :
2825 4137 2914 4191 ubi
2940 4128 2998 4190 in
3046 4146 3176 4189 mss.
3223 4128 3377 4186 Colh.
3433 4140 3501 4203 et_
3518 4128 3908 4203 Germuiauasi

2295 4200 2519 4265 Judaice
2544 4209 2857 4276 intelligens,
2882 4207 2936 4262 in
2963 4206 3194 4273 vulgatis
3233 4211 3435 4276 autem,
3462 4200 3905 4276 Iudaiceﬂictum

2293 4282 2545 4352 intelligat
2571 4297 2590 4335 :
2615 4273 2738 4351 quae
2776 4278 2939 4336 lectio
2970 4277 3132 4339 infra.
3165 4289 3315 4332 num.
3347 4273 3440 4341 57,
3458 4273 3668 4329 obtinet
3691 4273 3747 4329 in
3776 4287 3903 4329 om-

2300 4354 2462 4410 nibus
2483 4352 2661 4409 libris.

2367 4425 2447 4494 (h)
2498 4424 2587 4478 Er.
2637 4428 2948 4479 removerat
2977 4422 3181 4477 nolente
3216 4417 3417 4494 Patre:
3463 4416 3607 4485 quod
3651 4418 3905 4486 quamvis

2292 4488 2628 4563 superﬂuere
2654 4494 2907 4550 videatur
2930 4535 2946 4558 ,
2992 4507 3096 4548 nec
3144 4488 3379 4563 postulet
3427 4502 3642 4563 grarcus
3675 4503 3896 4555 sermo;

2292 4560 2628 4626 restituimus
2657 4576 2837 4622 tamen
2867 4564 3192 4622 auctoritate
3214 4561 3348 4619 Bad.
3379 4570 3436 4617 et
3461 4560 3702 4616 omnium
3729 4574 3861 4617 mss.

2370 4661 2433 4732 (il
2462 4662 2607 4723 Min.
2634 4662 2783 4725 Lips.
2815 4669 2870 4717 et
2909 4660 3031 4732 Par.
3060 4667 3186 4729 post
3207 4657 3475 4732 Er.._moa:
3497 4665 3556 4711 ut
3579 4654 3760 4732 uoluit.
3794 4655 3899 4712 Hic

2297 4744 2352 4788 et
2378 4725 2537 4790 intra
2568 4733 2721 4791 abest
2747 4743 2856 4788 uta
2888 4730 3017 4787 Bad.
3052 4725 3101 4785 et
3145 4743 3278 4784 mss.
3308 4727 3496 4784 Grmce
3523 4770 3539 4791 ,
3573 4725 3679 4784 ἄλλ’
3707 4725 3818 4801 ἅμα
3841 4750 3903 4785 τε

2295 4809 2561 4868 ἐϐουλήθη.
2591 4808 2672 4880 καὶ
2700 4803 2939 4880 emam;
2965 4807 3052 4861 καὶ
3080 4804 3290 4865 ἀπαθῶς
3318 4803 3371 4869 ἒξ
3388 4801 3573 4857 ἑαυτοῦ
3603 4800 3755 4857 αὐτὸν
3780 4821 3901 4876 γεν-

2303 4884 2462 4942 νήσας
2491 4876 2769 4945 ἀπέδειξςύ.

2308 4968 2339 5024 ᾳ
2369 4950 2442 5024 (ὦ)
2476 4943 2719 5024 Grmcam
2758 4960 2956 5024 vocem
3005 4945 3235 5024 ᾅναρχον
3278 4944 3381 5024 bic_
3411 4944 3711 5024 dumtaxat.
3735 4943 3901 5024 vellit

2298 5011 2535 5079 Hilarius
2563 5023 2674 5076 sine
2697 5019 2843 5074 initio
2873 5060 2889 5085 ,
2941 5017 3080 5074 infra
3101 5011 3291 5073 'a'titem
3335 5018 3446 5072 sine
3486 5011 3764 5082 principio.
3792 5013 3899 5070 Ubi

2300 5095 2445 5151 enim
2471 5104 2648 5166 graece
2678 5091 2907 5166 habetur
2951 5093 3021 5155 ὥς
3049 5088 3140 5166 δρο
3183 5086 3398 5166 ἄναρχοι
3423 5130 3443 5166 ,_
3465 5086 3614 5166 vertit
3641 5094 3903 5166 tamquam

2303 5167 2410 5221 duo
2434 5156 2544 5220 sine
2570 5163 2864 5234 principio:
2887 5171 2941 5218 et
2969 5156 3365 5234 paulopost'cié
3388 5163 3508 5234 piata
3538 5156 3775 5233 ἄναρχον
3798 5165 3903 5213 τῶν

2306 5236 2430 5294 ὅλων
2456 5230 2654 5313 ᾲρχῆν,
2686 5235 2852 5313 latine
2876 5233 3053 5313 reddit
3075 5233 3332 5313 adnuunt
3352 5230 3904 5313 qui_(grmcus'sermo

2303 5300 2718 5382 postulat—quod)
2750 5316 2822 5382 est
2868 5306 2976 5382 sine
3005 5304 3283 5382 principio,
3309 5300 3535 5382 omnium
3565 5300 3899 5382 principium,

2303 5371 2399 5452 per,
2446 5371 2643 5452 Filium
2686 5371 2924 5434 universa
2949 5371 3148 5452 (grzece
3176 5373 3266 5432 hic
3309 5373 3597 5446 subjicitur
3625 5371 3859 5435 εὐσεϐῶς
3882 5413 3899 5439 ,

2303 5449 2409 5524 pie)
2428 5451 2719 5523 referimus.

2375 5544 2452 5617 (k)
2502 5543 2658 5611 Apud
2688 5543 2965 5617 Socratem
3004 5541 3090 5598 his
3120 5540 3335 5617 additur
3363 5539 3486 5617 ὠξμὸ
3530 5539 3898 5617 agnomen:

2305 5610 2450 5686 quod
2481 5617 2719 5672 retinere
2744 5616 2789 5671 si
2815 5615 3016 5686 placet,
3043 5629 3152 5669 non
3178 5612 3258 5669 sic
3286 5610 3691 5686 intelligendum
3717 5617 3902 5686 e‘st,_ut

2309 5679 2511 5745 Paulus
2541 5679 2910 5743 Samosatenus
2930 5686 3226 5748 asserebat,
3255 5680 3712 5753 quemadmodum
3744 5683 3798 5739 In
3833 5679 3906 5753 la.-

2306 5743 3486 5843 iipis'Sacratiseditionih‘ttslapteyalesium
3508 5750 3759 5816 obtinuit:
3778 5743 3897 5821 sed;

2306 5823 2373 5890 iit
2400 5826 2670 5889 nuntiaturi
2698 5828 2829 5885 sicut
2857 5834 2929 5885 est
2962 5823 3347 5883 Samosatenus.
