4270 6264
372 376 478 434 513

1155 373 1359 431 LIBER
1397 373 1487 430 DE
1529 373 1844 442 SYNODIS,
1887 374 2019 434 SEU
2057 375 2146 432 DE
2206 377 2362 434 FIDE
2402 375 2897 435 ORIENTALIUM.

3578 375 3685 434 5N

375 491 631 547 Iholieam
664 490 884 546 domum
917 503 1012 558 ca,
1043 505 1163 560 quae
1202 506 1302 562 per
1342 491 1628 547 Photinum
1675 493 1974 548 renovaba-
2001 504 2054 562 Α
2078 503 2184 559 est,
2217 494 2559 551 occasionem
2595 494 2863 550 haereticis
2889 501 3188 564 praestaret.
3223 503 3279 546 ιιι
3309 492 3681 550 innascibilem

374 592 482 652 tur,
515 582 739 638 haeresis
769 590 999 638 tentaret
1025 581 1302 652 irrepere:
1334 593 1391 638 ut
1424 599 1518 654 per
1539 584 1745 653 singula
1777 599 1974 654 genera

374 677 709 734 intemeratae
726 685 782 732 et
801 676 983 731 illaesa:
1008 675 1153 744 ﬁdei,
1180 676 1470 746 unicuique
1490 676 1676 748 generi
1706 675 1976 732 haeretica:

372 783 436 824 ac
451 768 662 824 furtivae
686 767 1055 822 lrandulentiae
1071 768 1435 824 eontrairetur
1457 785 1470 835 ;
1488 777 1776 839 essentque
1796 766 1872 840 (α)
1898 777 1977 823 tot

373 862 499 918 ﬁdei
526 862 913 928 absolutiones,
942 861 1217 931 quotidem
1245 869 1430 918 essent
1472 861 1713 932 quaesitae
1738 860 1975 932 perﬁdia:

374 955 712 1012 occasiones.
750 956 829 1010 Ae
869 953 1102 1024 primum
1143 964 1264 1024 post
1303 955 1611 1026 generalem
1640 954 1784 1009 illam
1813 962 1976 1025 atque

379 1047 735 1104 indubitatam
770 1057 1232 1102 sacramentorum
1269 1046 1686 1117 expositionem,
1725 1045 1852 1102 hinc
1881 1061 1973 1101 ex-

372 1140 636 1212 ponenda:
673 1139 792 1195 ﬁdei
815 1137 1103 1195 adversum
1149 1138 1437 1194 haereticos
1460 1137 1623 1210 coepit
1663 1138 1969 1196 exordium.

447 1233 485 1287 l.
536 1251 556 1284 r
593 1233 700 1288 Eos
723 1240 903 1287 autem
950 1232 1042 1302 qui
1069 1230 1292 1287 dicunt:
1327 1231 1404 1288 De
1443 1231 1604 1286 nullis
1634 1231 1972 1288 exstantibus

370 1325 557 1394 Filius,
591 1327 678 1382 vel
719 1325 788 1382 de
827 1325 994 1382 altera
1026 1323 1325 1380 substantia
1367 1333 1424 1380 et
1465 1337 1570 1379 non
1616 1339 1684 1380 ex
1726 1323 1870 1387 Deo;
1916 1331 1972 1380 et

368 1418 511 1491 quod
542 1430 659 1474 erat
689 1428 901 1489 tempus
947 1419 1031 1473 vel
1082 1418 1340 1474 saeculum
1390 1416 1606 1488 quando
1653 1432 1759 1473 non
1805 1426 1968 1474 erat:

368 1514 576 1570 alienos
605 1515 708 1568 scit
735 1523 920 1568 sancta
949 1521 1000 1568 et
1031 1512 1296 1567 catholica
1328 1511 1595 1567 Ecclesia.
1629 1530 1648 1564 ι

443 1607 534 1663 40.
573 1607 704 1674 Quis
732 1605 820 1661 hic
853 1604 1217 1676 ambiguitatis
1259 1604 1450 1659 locus?
1482 1612 1574 1658 aut
1603 1601 1728 1674 quid
1759 1619 1824 1658 ex
1852 1604 1966 1659 sin-

372 1715 514 1757 cerae
543 1698 667 1755 ﬁdei
695 1699 1027 1756 conscientia
1071 1698 1334 1768 reliquum
1362 1698 1484 1753 est?
1513 1696 1629 1752 Non
1655 1707 1738 1752 est
1764 1697 1831 1752 de
1859 1712 1966 1752 non

371 1795 875 1852 exstantibusautei
893 1803 1119 1853 exstans
1145 1795 1296 1862 origo
1320 1796 1412 1850 sit.
1431 1795 1544 1850 Non
1557 1805 1641 1850 est
1668 1803 1889 1850 cxsuins
1917 1791 1966 1847 ei

2082 586 2272 653 Deum,
2307 588 2391 644 vel
2417 598 2618 658 partem
2647 589 2784 658 ejus,
2818 587 2964 642 nasci
2999 586 3066 642 de
3095 585 3255 641 Maria
3287 587 3679 656 praedicarent;

2079 693 2363 736 occursum
2397 691 2481 736 est
2500 681 2752 736 salutaris
2782 680 3097 736 deﬁnitione
3123 681 3441 748 sententiae,
3469 690 3526 736 ut
3547 696 3674 735 anno

2080 770 2261 829 thema
2289 784 2434 830 esset
2458 775 2558 831 hoc
2585 776 2870 832 conﬁtens.
2899 774 3017 830 Non
3047 775 3189 830 enim
3218 775 3468 846 religiosa
3499 774 3676 831 unitas

2077 865 2341 934 nominis,
2370 882 2436 923 ex
2469 866 2822 922 indiﬁ‘erentis
2853 875 3058 923 natura:
3085 869 3320 923 essentia
3361 869 3677 935 constituta,

2078 972 2362 1026 personam
2384 959 2580 1028 genitae
2599 958 2794 1014 ademit
2820 961 3092 1027 essentiae,
3123 970 3178 1016 ιιι
3207 959 3286 1033 (d)
3319 960 3458 1016 unici
3486 976 3549 1016 ac
3570 960 3684 1016 sin-

2075 1050 2277 1120 gularis
2326 1049 2418 1105 Dei
2458 1051 2756 1107 substantia
2799 1067 2892 1122 per
2937 1054 3189 1108 unionem
3221 1053 3455 1110 nominis
3481 1053 3681 1109 intelli-

2073 1148 2228 1210 gatur
2257 1159 2268 1194 :
2301 1156 2422 1197 cum
2451 1142 2730 1213 utriusque
2751 1143 2999 1223 essentiae
3031 1155 3240 1202 nomen
3259 1161 3424 1201 unum
3444 1187 3458 1212 ,
3493 1145 3544 1200 id
3569 1154 3675 1213 cst,

2076 1232 2216 1290 Deus
2242 1249 2402 1303 unus,
2445 1237 2514 1292 ob
2544 1235 2851 1293 indiscreta:
2880 1237 2933 1292 in
2966 1248 3194 1308 utroque
3225 1247 3430 1294 natura:
3461 1239 3680 1295 indissi-

2073 1325 2255 1382 milem
2287 1327 2643 1384 substantiam
2673 1329 3016 1400 praedicetur.

2147 1417 2208 1473 V.
2248 1437 2266 1470 ι
2306 1418 2362 1476 Si
2389 1421 2507 1491 quis
2529 1422 2824 1476 secundum
2847 1424 3241 1493 praescientiam
3272 1423 3344 1496 (ε)
3369 1436 3424 1481 et
3448 1425 3676 1495 praedes-

2073 1510 2386 1567 tinationem
2415 1521 2544 1568 ante
2571 1513 2791 1569 lllariam
2822 1514 2952 1569 dicit
2980 1515 3172 1570 Filium
3219 1531 3370 1585 esse,
3408 1532 3512 1572 non
3546 1527 3673 1574 ante

2071 1605 2266 1660 saecula
2296 1621 2363 1660 ex
2393 1605 2548 1661 Patre
2591 1616 2774 1662 natum
2802 1607 2943 1678 apud
2975 1608 3144 1664 Deum
3175 1623 3318 1677 esse,
3348 1618 3404 1666 et
3429 1625 3525 1681 per
3547 1626 3669 1667 eum

2073 1695 2209 1752 facta
2242 1712 2362 1754 esse
2389 1701 2568 1754 omnia
2595 1717 2608 1753 :
2638 1700 2923 1757 anathema
2955 1703 3045 1757 sit.
3084 1721 3104 1754 ι

2141 1791 2234 1846 45.
2271 1792 2436 1846 Deum
2469 1794 2707 1847 omnium
2739 1804 2980 1849 nostrum
3016 1794 3108 1850 Dei
3141 1794 3328 1862 ﬁlium,
3359 1805 3486 1852 ante
3512 1811 3670 1868 quam

367 1891 436 1948 ad
460 1892 720 1962 originem
747 1890 1044 1947 substantia
1082 1891 1260 1962 aliqua
1291 1891 1416 1957 alia,
1455 1891 1554 1946 nisi
1578 1891 1691 1946 sola
1721 1905 1842 1961 qua:
1873 1890 1966 1946 Dei
2000 1890 2044 1951 Β
2071 1896 2364 1952 corporeus
2392 1885 2652 1950 nascitur.
2696 1886 2940 1957 negaturi
2980 1895 3157 1942 tamen
3195 1887 3490 1943 secundum
3532 1904 3673 1958 prac-

369 1991 578 2039 estzut
606 1984 660 2038 in
691 1998 758 2038 eo
783 1983 916 2038 nihil
971 1983 1114 2038 aliud
1165 1991 1348 2038 natum
1387 1997 1509 2038 esse
1561 1981 1753 2052 possit,
1802 1997 1960 2053 quam

375 2090 537 2131 omne
577 2074 651 2147 (b)
693 2074 974 2145 quodDei
1013 2075 1112 2141 sit;
1160 2074 1283 2146 quia
1302 2089 1410 2130 non
1437 2089 1503 2129 ex
1533 2072 1701 2129 nihilo
1720 2083 1963 2138 exstans,

371 2167 589 2223 aliunde
616 2182 721 2222 non
745 2166 1010 2223 subsistit.
1035 2166 1151 2222 Non
1179 2165 1360 2221 diﬁ'ert
1380 2166 1432 2221 in
1456 2175 1698 2237 tempore
1729 2184 1740 2220 :
1766 2177 1822 2223 ut
1844 2182 1965 2222 cum

366 2259 526 2316 Patre
551 2260 621 2316 sit
649 2259 1021 2330 intemporalis
1047 2268 1102 2314 et
1133 2258 1319 2314 Filius.
1354 2257 1738 2329 lnseparabilia
1789 2259 1967 2329 itaque

366 2354 506 2410 inter
555 2354 928 2412 innascibilem
998 2353 1212 2410 Patrem
1277 2363 1333 2408 et
1385 2351 1715 2424 unigenitum
1770 2351 1964 2408 Filium

367 2455 559 2504 cuncta
590 2455 736 2513 sunt,
767 2461 902 2518 quos
944 2445 996 2500 in
1050 2455 1295 2516 tempore
1333 2460 1494 2516 pares
1532 2445 1645 2516 ipsa
1676 2444 1762 2500 illa
1807 2445 1966 2499 unius

366 2547 572 2596 tantum
599 2538 668 2611 (ο)
698 2549 935 2610 paternae
959 2538 1288 2604 exsisteutis,
1311 2553 1377 2594 ex
1397 2553 1504 2609 qua
1529 2538 1779 2593 nativitas
1799 2537 1965 2594 sumi-

368 2639 474 2696 tur,
503 2630 860 2687 inditl'erentia
890 2630 943 2686 iu
971 2631 1118 2685 nullo
1147 2629 1420 2686 discernat
1449 2630 1722 2686 essentiae.

434 2721 600 2795 489
638 2721 700 2778 ll.
739 2741 757 2775 ι
789 2722 843 2780 Si
872 2723 994 2794 quis
1041 2733 1221 2778 autem
1251 2722 1467 2778 Patrem
1512 2731 1568 2778 et
1594 2721 1787 2778 Filium
1826 2721 1964 2778 duos

369 2815 497 2872 dicit
523 2818 655 2874 deos
686 2835 700 2871 :
733 2816 1018 2872 anathema
1046 2817 1135 2872 sit.

438 2908 522 2964 Ill.
558 2909 622 2964 Et
649 2909 695 2965 si
714 2908 835 2981 quis
860 2925 1022 2964 unum
1052 2909 1236 2966 dicens
1264 2909 1452 2977 Deum,
1481 2908 1758 2965 Christum
1777 2917 1961 2966 autem

365 3001 538 3058 Deum
580 3009 707 3058 ante
744 3002 938 3058 saecula
989 3001 1158 3057 ﬁlium
1206 3002 1299 3057 Dei
1346 3002 1660 3058 obsecutum
1715 3001 1856 3057 Patri
1908 3002 1960 3059 in

364 3094 638 3150 creatione
667 3095 906 3150 omnium
937 3109 1043 3150 non
1066 3097 1353 3151 conlitetnr
1380 3115 1391 3148 :
1426 3095 1709 3152 anathema
1738 3097 1826 3151 sit.
1865 3115 1883 3148 ι

435 3189 527 3243 41.
563 3186 632 3242 Ut
657 3188 889 3242 essentia:
913 3188 1145 3251 nomine,
1174 3187 1245 3240 ita
1279 3196 1395 3241 sunt
1436 3205 1594 3242 unum
1621 3187 1851 3242 essentia:
1875 3201 1962 3258 ge-

2070 1977 2348 2032 scientiam
2367 1989 2416 2033 et
2435 1979 2985 2048 praedestinationem,
3009 1996 3114 2036 non
3141 1983 3436 2038 secundum
3461 1991 3666 2038 naturae

2069 2069 2412 2125 subsistentis
2449 2072 2772 2138 essentiam,
2806 2072 2970 2128 fuisse
2999 2074 3320 2130 conﬁrmant
3351 2093 3365 2129 :
3397 2074 3585 2141 idest,
3616 2085 3675 2132 ut

2070 2177 2167 2235 per
2205 2164 2596 2233 praescientiam
2635 2165 2830 2230 Patris,
2867 2166 2992 2236 quia
3019 2182 3140 2222 eum
3179 2167 3578 2237 praedestinavit
3615 2175 3676 2222 ut

2069 2263 2216 2311 esset
2234 2255 2542 2326 aliquando,
2573 2255 2778 2314 scilicet
2799 2257 3098 2330 gignendus
3119 2275 3184 2315 ex
3211 2259 3434 2330 virgine.
3461 2260 3674 2314 nuntia-

2069 2357 2153 2403 tus
2190 2348 2344 2405 nobis
2378 2349 2535 2405 fuerit
2565 2351 2772 2420 potius,
2811 2368 2970 2422 quam
2999 2364 3124 2409 ante
3154 2354 3348 2410 saecula
3381 2354 3432 2410 in
3462 2363 3668 2409 naturae

2067 2440 2261 2496 divinae
2281 2443 2578 2498 substantia
2604 2454 2761 2500 natus
2785 2447 3052 2501 exstiterit
3078 2464 3090 2500 :
3118 2456 3281 2518 utque
3305 2448 3512 2514 omnia,
3540 2463 3660 2518 quae

2067 2534 2183 2606 ipse
2215 2536 2265 2590 in
2293 2536 2569 2606 proxihetis
2587 2536 2655 2592 de
2669 2539 3061 2606 corporationis
3082 2554 3191 2594 sua:
3213 2556 3276 2596 ac
3299 2540 3562 2610 passionis
3583 2556 3668 2595 sa-

2066 2629 2354 2684 cramentis
2367 2631 2577 2685 locutus
2591 2639 2668 2685 est
2679 2671 2693 2696 ,
2719 2631 2831 2701 ipsa
2852 2632 2940 2687 illa
2954 2633 3249 2688 secundum
3274 2633 3667 2704 prae-scientiam

2063 2716 2230 2790 590
2251 2719 2320 2776 de
2347 2734 2413 2774 eo
2439 2735 2468 2775 a
2497 2719 2656 2776 Patre
2685 2723 2791 2777 sint
2814 2722 2975 2778 dicta.
3013 2723 3198 2795 Itaque
3221 2724 3483 2780 doctrinae
3511 2725 3671 2796 hujus

2065 2811 2393 2880 perversitas
2415 2812 2806 2870 condemnatur
2835 2832 2849 2867 :
2881 2823 2938 2870 ut
2962 2818 3209 2888 cognitus
3237 2815 3394 2872 nobis
3422 2819 3668 2889 unigeni-

2065 2912 2150 2960 tus
2181 2905 2272 2961 Dei
2307 2905 2466 2973 ﬁlius,
2500 2916 2656 2964 natus
2689 2909 2866 2980 potius
2898 2925 2963 2965 ex
2999 2910 3158 2966 Patre
3187 2920 3313 2966 ante
3351 2911 3578 2977 saecula,
3611 2927 3644 2967 e
3671 2919 3693 2966 t

2063 2997 2177 3069 ipsa
2207 2998 2401 3054 saecula
2441 3013 2562 3054 cum
2609 3001 2870 3056 creaturis
2900 3002 3152 3058 omnibus
3194 3001 3456 3069 condens,
3497 3017 3661 3074 quam

2064 3091 2476 3161 praedestinatus
2507 3093 2575 3148 sit
2601 3108 2724 3150 esse
2750 3093 3069 3165 gignendus.

2139 3183 2228 3238 Vl.
2265 3202 2283 3236 ί
2321 3183 2376 3240 Si
2420 3183 2542 3256 quis
2572 3185 2924 3241 substantiam
2959 3187 3050 3242 Dei
3080 3185 3292 3242 dilatari
3337 3194 3392 3244 et
3420 3185 3669 3244 contrahi

364 3297 595 3337 nerc.-—
624 3281 824 3338 Rerum
864 3279 1018 3336 nobis
1063 3280 1364 3335 absolutam
1406 3279 1816 3350 intelligentiam
1849 3279 1962 3349 ipsa
1992 3281 2037 3344 C
2067 3275 2198 3333 dicit
2225 3295 2238 3330 :
2272 3276 2560 3333 anathema
2593 3278 2683 3334 sit.
2721 3298 2740 3331 ι

364 3376 454 3431 illa
487 3375 718 3432 nominis
745 3375 996 3446 religiosa
1028 3373 1291 3445 professio
1323 3374 1529 3430 tribuit.
1563 3378 1697 3429 Cum
1725 3375 1868 3430 enim
1907 3374 1958 3428 in

363 3467 711 3524 damnatione
735 3469 837 3534 sit,
867 3469 1078 3523 Patrem
1109 3479 1163 3524 et
1189 3466 1381 3522 Filium
1420 3467 1556 3522 duos
1586 3467 1718 3522 deos
1743 3467 1958 3531 dicere;

365 3568 422 3617 et
443 3574 652 3617 rursum
683 3560 968 3616 anathema
999 3562 1102 3627 sit,
1138 3559 1330 3615 Filium
1363 3561 1531 3616 Deum
1559 3575 1755 3632 negare
1787 3577 1799 3614 :
1830 3561 1960 3615 sub-

363 3652 578 3709 stantia:
617 3653 844 3710 diversae
887 3653 1108 3708 alterius
1151 3653 1219 3708 ab
1258 3653 1426 3708 altera
1457 3653 1640 3724 opinio
1670 3654 1720 3707 in
1772 3653 1965 3723 praedi-

363 3746 552 3800 candis
588 3745 691 3802 diis
738 3746 948 3802 duobus
993 3746 1314 3802 excluditur.
1356 3745 1474 3800 Non
1525 3746 1666 3801 enim
1709 3755 1792 3801 est
1826 3745 1962 3812 alia,

362 3849 564 3910 praeter
583 3840 729 3896 illam
761 3839 856 3896 Dei
886 3841 1052 3911 patris
1078 3857 1141 3897 ex
1175 3857 1276 3912 qua
1307 3840 1399 3896 Dei
1432 3840 1572 3895 ﬁlius
1602 3840 1745 3895 Deus
1771 3839 1964 3895 intem-

363 3932 563 4003 poralis
589 3942 671 3990 est
691 3942 866 4003 natus,
896 3934 1150 3991 essentia.
1172 3933 1304 3988 Nam
1324 3949 1443 3989 cum
1465 3933 1770 3988 necessario
1791 3932 1958 3987 Deum

363 4035 572 4096 patrem
607 4027 946 4093 conﬁtemur,
976 4036 1031 4082 et
1064 4025 1313 4082 absolute
1340 4023 1616 4081 Christum
1648 4023 1742 4080 Dei
1789 4023 1957 4079 ﬁlium

364 4117 536 4176 Deum
568 4119 959 4191 praedicamus,
987 4128 1040 4175 et
1082 4120 1221 4175 inter
1251 4119 1369 4174 haec
1414 4117 1578 4174 duum
1619 4117 1841 4172 deorum
1891 4117 1964 4171 sit

361 4211 663 4283 irreligiosa
688 4213 956 4269 confessio
980 4230 992 4265 :
1013 4227 1122 4267 non
1156 4219 1403 4282 possunt,
1435 4209 1728 4267 secundum
1756 4217 1964 4264 naturae

361 4303 780 4361 indiﬁ’erentiam
818 4315 870 4361 et
903 4320 1097 4362 nomen
1131 4303 1475 4369 indiﬁ‘erens,
1509 4317 1614 4358 non
1647 4318 1810 4358 unum
1843 4316 1964 4358 esse

363 4397 420 4452 in
466 4398 714 4454 essentiae
759 4413 994 4470 genere,
1037 4412 1266 4470 quorum
1306 4397 1555 4453 essentian
1604 4411 1800 4452 nomen
1857 4411 1963 4451 non

363 4490 494 4548 licet
518 4507 639 4548 esse
670 4491 773 4548 nisi
805 4507 992 4548 unum.

439 4587 529 4644 ιν.
568 4607 587 4641 ι
624 4588 682 4644 Si
705 4587 824 4660 quis
849 4586 1218 4644 innascibilem
1251 4587 1438 4652 Deum,
1467 4583 1550 4641 vel
1575 4591 1779 4656 partem
1807 4581 1924 4654 ejus
1945 4623 1960 4648 ,

363 4677 434 4737 de
463 4678 624 4738 Maria
661 4688 842 4735 natum
885 4694 1006 4736 esse
1045 4678 1207 4736 audet
1235 4678 1454 4734 dicere:
1485 4677 1768 4733 anathema
1813 4676 1905 4732 sit.
1937 4694 1956 4728 ι

437 4774 528 4830 42.
563 4772 691 4830 Filii
719 4785 767 4829 et
800 4773 975 4828 Patris
1015 4789 1116 4828 non
1143 4789 1247 4827 una
1276 4789 1513 4842 persona.
1541 4770 1733 4828 Contra
1763 4786 1848 4826 eos
1875 4770 1962 4840 qui

363 4877 598 4923 asserunt
627 4865 678 4921 F
680 4869 827 4922 ilium
855 4876 971 4921 ante
1002 4867 1226 4921 Mariam
1250 4883 1350 4921 non
1373 4881 1478 4921 esse
1505 4865 1603 4920 nisi
1629 4881 1720 4938 per
1741 4862 1965 4936 praedes-

365 4960 681 5016 tinationcm.
705 4990 776 5001 —
807 4959 884 5016 Ne
911 4959 1054 5030 quod
1093 4968 1414 5031 nuncupatae
1439 4958 1688 5015 essentiae
1714 4956 1768 5013 in
1807 4957 1966 5012 Patre

365 5065 420 5112 et
463 5056 634 5125 Filio,
684 5073 782 5129 per
828 5055 1198 5113 indissimilem
1245 5067 1510 5124 naturam,
1564 5070 1760 5111 nomen
1801 5067 1966 5109 unum

441 5212 518 5288 (a)
542 5211 601 5269 In
628 5213 878 5285 vulgatis,
903 5213 1128 5267 totidem.
1162 5214 1232 5267 At
1256 5211 1308 5266 in
1335 5227 1466 5267 mss.
1499 5221 1604 5266 tot:
1626 5220 1678 5266 ct
1703 5225 1828 5266 mox
1850 5219 1970 5283 quot

368 5284 552 5352 eidem,
589 5301 684 5356 pro
712 5285 1242 5356 quotidemaEademi
1264 5283 1520 5356 loquendi
1548 5285 1756 5339 ratione
1805 5283 1968 5356 habe-

367 5371 491 5412 mus
518 5354 637 5426 cap.
671 5356 740 5412 15
773 5357 822 5410 iu
874 5355 1061 5411 Matth.
1101 5373 1156 5409 η.
1189 5355 1256 5410 10
1278 5373 1302 5427 εν
1341 5354 1408 5409 In
1436 5365 1506 5408 tot
1553 5356 1773 5427 partium
1805 5355 1968 5410 millia

367 5428 509 5499 plebs
538 5430 859 5483 dinumerala
884 5428 1100 5482 satiatur
1120 5469 1134 5495 ,
1165 5426 1424 5498 quotidem
1449 5427 1511 5481 de
1537 5426 1786 5497 partibus,
1820 5438 1924 5483 etc.

441 5565 516 5639 (b)
543 5565 735 5639 Exeusi
759 5574 986 5639 excepto
1015 5562 1136 5639 Mir_.
1160 5563 1416 5639 omittunt
1440 5579 1605 5639 omne,
1633 5563 1772 5634 quod
1800 5562 1969 5633 probe

365 5633 545 5693 exstat
571 5637 626 5692 iu
655 5633 907 5693 omnibus
933 5650 1062 5690 mss.
1097 5633 1486 5689 Excludendus
1511 5633 1661 5690 enim
1687 5646 1771 5690 est
1815 5648 1969 5689 error

365 5706 770 5834 gareticorum,
805 5709 895 5778 qui
925 5705 1118 5761 Filium
1151 5715 1358 5776 partem
1407 5705 1580 5762 Patris
1605 5721 1729 5762 esse
1756 5719 1971 5761 assere-

413 5789 528 5834 ant.

413 5789 528 5922 333).
548 5850 689 5907 Edili
717 5894 730 5916 ,
766 5860 988 5916 paterna:
1018 5849 1433 5922 innascibilitatis
1463 5850 1720 5922 artcrnitas
1745 5891 1756 5914 ,
1789 5864 1976 5922 exque

362 5919 602 5980 nativitas
628 5923 891 5980 sumitur:
923 5931 1034 5978 tutu
1067 5923 1197 5979 Bad.
1229 5965 1243 5993 ,
1273 5920 1675 5992 indi/Terentiam
1704 5921 1756 5976 in
1787 5919 1930 5974 nullo
1953 5936 1971 5985 ;

2138 3371 2228 3427 44.
2258 3371 2505 3427 Dilatatio
2527 3382 2573 3427 et
2601 3373 2887 3430 contractio
2916 3373 2970 3428 in
2993 3371 3160 3428 Deum
3188 3390 3291 3428 non
3315 3373 3528 3429 cadunt.
3565 3372 3676 3428 Nec

2068 3464 2120 3519 F
2121 3465 2241 3520 ilius
2284 3474 2358 3520 est
2401 3465 2589 3521 divinae
2621 3465 2918 3522 substantia:
2949 3467 3208 3520 rlilalatio.
3234 3495 3306 3506 —
3331 3464 3591 3521 Contrahi
3621 3472 3676 3521 et

2065 3557 2300 3625 dilatari,
2334 3558 2630 3629 corporalis
2659 3568 2743 3615 est
2774 3560 2952 3630 passio
2981 3577 2996 3615 :
3032 3560 3172 3615 Deus
3202 3569 3403 3625 autem,
3431 3559 3521 3629 qui
3553 3557 3664 3628 spi-

2067 3653 2202 3709 ritus
2229 3663 2332 3720 est,
2365 3663 2421 3710 et
2442 3653 2610 3724 Spirat
2634 3654 2722 3710 ubi
2749 3655 2881 3722 vult,
2908 3669 3015 3710 non
3039 3670 3098 3710 se
3121 3669 3218 3724 per
3245 3653 3673 3710 demutationem

2069 3744 2388 3802 substantiae
2417 3746 2733 3812 autdilatat,
2758 3755 2850 3801 aut
2874 3746 3162 3802 contrahit.
3183 3745 3346 3800 Extra
3373 3744 3673 3814 corporalis

2069 3836 2212 3891 enim
2246 3847 2448 3892 natur-.e
2479 3839 2858 3892 necessitatem
2891 3837 3026 3892 lihcr
3057 3852 3314 3903 manens,
3347 3835 3489 3907 quod
3519 3835 3668 3902 vult,

2068 3938 2124 3985 et
2152 3945 2272 3986 cum
2301 3931 2434 4000 vult,
2470 3941 2523 3986 et
2549 3930 2639 3986 ubi
2676 3932 2808 3997 vult,
2843 3930 2894 3986 id
2925 3941 3146 4002 praestat
3175 3946 3238 3987 cx
3270 3946 3409 3987 sese.
3439 3929 3669 4000 lmpium

2068 4035 2197 4090 ergo
2241 4030 2324 4076 est
2375 4021 2688 4079 substantiae
2738 4022 3164 4078 demutationem
3232 4022 3465 4079 libertati
3511 4031 3674 4080 tantae

2071 4113 2284 4169 virtutis
2315 4113 2646 4172 adscribere.
3620 4098 3622 4101 ν

2141 4207 2252 4263 Vll.
2290 4227 2309 4260 ι
2361 4209 2415 4265 Si
2446 4209 2566 4280 quis
2603 4208 2878 4264 dilatatam
2920 4210 3277 4267 substantiam
3329 4213 3423 4268 Dei
3472 4213 3669 4271 Filium

2069 4300 2214 4356 dicat
2241 4300 2446 4367 facere,
2476 4310 2569 4355 aut
2607 4301 2941 4360 latitudinem
2980 4303 3295 4360 substantiae
3320 4306 3437 4376 ejus
3474 4305 3669 4364 Filium

2069 4394 2312 4450 nominet
2341 4409 2354 4447 :
2389 4393 2672 4449 anathema
2707 4395 2796 4450 sit.
2836 4416 2854 4448 ι

2139 4486 2230 4542 45.
2257 4485 2517 4556 Superior
2543 4487 2828 4554 sententia,
2861 4490 2962 4543 etsi
3020 4488 3460 4549 indemutahilem
3497 4493 3664 4550 Deum

2068 4577 2270 4636 docere
2299 4577 2562 4646 voluerit,
2591 4579 2658 4634 ad
2689 4579 2827 4636 hanc
2856 4596 2914 4637 se
2938 4592 3114 4639 tamen
3143 4594 3460 4654 sequentem
3493 4587 3671 4644 haere-

2067 4672 2168 4727 sim
2196 4672 2540 4744 praeparavit.
2573 4672 2800 4742 Quidam
2823 4675 2966 4730 enim
2994 4675 3111 4731 ausi
3136 4684 3262 4731 sunt
3293 4676 3670 4734 innascibilem

2067 4765 2234 4822 Deum
2261 4781 2436 4838 usque
2461 4766 2530 4822 ad
2556 4777 2796 4823 sanctam
2828 4767 3103 4839 Virginem
3135 4770 3447 4827 substantiae
3474 4771 3667 4829 dilata-

2069 4858 2211 4914 tione
2261 4858 2585 4931 protendere
2631 4857 2653 4933 (
2697 4859 2820 4914 Viti.
2878 4860 3014 4916 lib.t
3055 4861 3120 4916 de
3158 4861 3350 4917 Trinit.
3398 4881 3451 4918 n.
3507 4864 3574 4919 l6
3619 4875 3665 4920 ct

2070 4950 2160 5007 lib.
2221 4968 2284 5020 κ,
2315 4969 2368 5007 η.
2400 4951 2501 5025 50)
2532 4967 2548 5007 ε
2574 4960 2632 5008 ut
2654 4952 2878 5009 latitudo
2926 4953 3152 5009 deducta
3198 4955 3431 5027 quodam
3459 4966 3668 5014 naturae

2071 5064 2182 5106 suae
2212 5058 2382 5104 tractu
2421 5063 2810 5120 assumensque
2845 5050 3116 5105 hominem
3158 5049 3300 5106 ﬁlius
3331 5066 3670 5124 nuncupare-

2078 5207 2198 5275 Er.,
2229 5205 2373 5272 Min,
2427 5207 2574 5277 Lips.
2606 5219 2661 5265 et
2691 5209 2813 5264 Par.
2839 5249 2852 5275 ,
2882 5209 3200 5278 indi/ferenti
3224 5210 3277 5265 in
3307 5212 3473 5267 nullo.
3501 5212 3676 5270 Casti-

2076 5288 2279 5350 gantnr
2295 5293 2360 5333 ex
2391 5279 2626 5348 scriptis.

2172 5348 2227 5422 d)
2259 5349 2315 5404 In
2344 5350 2576 5422 vulgatis
2602 5366 2666 5405 ac
2697 5349 2938 5422 pluribus
2985 5367 3119 5409 mss.
3151 5354 3324 5409 unica.
3371 5355 3591 5412 Rectius
3622 5357 3674 5412 in

2073 5419 2230 5476 Colb.
2253 5430 2307 5475 et
2331 5419 2515 5476 Germ.
2559 5419 2718 5487 unici,
2752 5422 2803 5478 id
2831 5432 2916 5478 est
2940 5423 3166 5478 solitarii
3191 5441 3205 5491 ;
3231 5426 3385 5482 unica
3415 5437 3498 5482 est
3525 5429 3670 5485 enim

2074 5491 2168 5564 Dei
2199 5501 2407 5564 natura,
2438 5492 2532 5548 sed
2563 5509 2668 5549 non
2697 5493 2983 5564 singularis
3011 5510 3073 5550 ac
3103 5497 3375 5552 solitarius
3405 5499 3565 5554 Deus.

2148 5562 2222 5636 (e)
2267 5563 2322 5636 lu
2371 5579 2476 5619 ms.
2509 5565 2673 5636 Corb.
2701 5562 3038 5636 acipluribus
3064 5566 3183 5621 aliis
3213 5583 3316 5622 non
3349 5569 3578 5626 habetur
3619 5582 3667 5626 et

2074 5634 2590 5708 prwdcstinationem.
2617 5635 2912 5708 Deindeiex
2935 5650 3066 5690 mss.
3091 5653 3260 5708 prope
3283 5643 3521 5696 omnium
3545 5658 3676 5698 cou-

2075 5719 2243 5783 seu_s_u
2283 5706 2624 5783 restituimus
2649 5717 2769 5762 ante
2809 5707 3035 5783 Mariam
3054 5706 3358 5783 {quamvis
3389 5714 3635 5783 superius
3655 5753 3670 5781 ,

2081 5783 2140 5852 ut
2167 5775 2256 5852 hic
2282 5776 2334 5852 i_n
2378 5779 2592 5834 excusis
2613 5787 2837 5852 ,_exstet
2861 5795 2894 5833 α
2927 5775 3145 5852 _Maria.'
3168 5780 3318 5838 Hanc
3365 5775 3678 5852 opinionem

2081 5847 2251 5904 Paulo
2283 5848 2649 5905 Samosatensi
2680 5849 2996 5905 nominatim
3045 5849 3303 5911 adscribit
3353 5847 3682 5914 Athanasius

2085 5920 2186 5979 sub
2216 5921 2377 5979 linem
2405 5920 2527 6000 libri
2555 5921 2622 5980 de
2651 5921 2864 5981 lncaru.
2897 5922 3118 5981 Christi.
