4270 6264
626 295 733 352 519

1777 305 1786 311 “
1828 290 2073 351 SANCTI
2116 287 2372 347 IIILARII
2412 284 2716 345 EPISCOPI

3822 282 3932 341 520

623 421 800 468 tamen
823 453 838 480 ,
868 416 928 466 ut
954 411 1221 484 subiectio
1249 411 1485 468 nominis
1527 412 1910 484 proprietatem
1969 410 2228 468 naturalis
2254 415 2308 474 Α
2333 412 2519 460 sancto
2550 402 2881 473 nuncupatio
2905 398 3231 458 damnabilis
3255 397 3381 457 est?
3409 397 3565 470 Quod
3596 407 3775 456 tamen
3804 402 3930 472 quia

621 511 780 574 atque
811 503 1166 560 iudilI‘erentis
1197 512 1422 561 testctur
1453 508 1724 563 essentite.

691 593 856 667 494
877 593 1063 649 XVIII.
1092 613 1109 646 ι
1132 594 1189 649 Si
1216 596 1336 666 quis
1364 596 1581 653 Patrem
1609 606 1665 654 et
1689 596 1883 673 Filium
1913 613 2070 652 unam
2100 612 2224 669 pcr-

622 699 813 741 sonam
844 684 1011 739 dicit:
1043 683 1333 743 anathema
1363 686 1452 742 sit.
1487 707 1507 741 ι

693 776 783 831 52.
818 774 980 831 Pater
1007 788 1057 832 et
1085 776 1137 831 F
1137 779 1259 835 ilius
1287 796 1389 835 non
1416 796 1521 835 una
1548 799 1789 852 persona.
1818 814 1891 825 -
1917 784 2034 840 Non
2070 785 2229 842 habet

632 868 1010 925 necessitatem
1033 870 1439 929 contradicendi
1466 874 1567 931 sibi
1592 876 1841 932 absoluta
1871 878 2226 948 perversitas:

629 967 687 1016 et
717 969 895 1016 tamen
926 961 1126 1018 stultus
1156 963 1508 1033 quorumdam
1541 964 1692 1022 furor
1721 968 1774 1022 in
1799 967 1850 1023 id
1873 969 2148 1040 prorupit,
2172 978 2232 1024 ut

626 1067 916 1124 personam
942 1070 1103 1111 unam
1131 1055 1295 1112 duum
1324 1058 1600 1114 nominum
1627 1074 1789 1117 ausus
1816 1060 1887 1115 sit
1912 1062 2225 1133 prtedicare.

700 1148 845 1204 XIX.
877 1149 977 1208 (Si
1024 1151 1148 1222 quis
1191 1152 1451 1224 Spiritum
1499 1162 1743 1210 sanctum
1791 1156 2123 1226 paracletum
2151 1156 2232 1211 dic

628 1255 795 1310 cens,
826 1242 1199 1300 innascibilem
1227 1244 1395 1302 Deum
1427 1244 1604 1301 dicat:
1630 1247 1917 1303 anathema
1949 1248 2038 1303 sit.
2065 1267 2084 1300 ι

702 1334 796 1391 55.
825 1334 1058 1405 Spiritus
1086 1346 1293 1393 sanctus
1322 1355 1424 1393 non
1449 1338 1766 1394 innascibilis
1794 1338 1955 1395 Deus.
1988 1340 2135 1395 Alius
2162 1347 2235 1396 est

628 1443 660 1481 a
692 1426 853 1483 Filio.
877 1428 1219 1501 —-Adjeetio
1250 1446 1395 1487 nunc
1422 1431 1720 1500 Paracleti,
1762 1431 2093 1489 anathemati
2134 1432 2233 1489 ob-

631 1520 850 1577 noxiam
896 1520 1022 1578 iacit
1060 1523 1393 1581 innascibilis
1430 1525 1483 1579 in
1524 1540 1592 1581 eo
1635 1525 1731 1581 Dei
1773 1526 2232 1596 praedicationem.

629 1611 1010 1685 Impiissiutum
1038 1616 1181 1673 enim
1206 1627 1288 1674 est
1306 1659 1320 1685 ,
1352 1618 1725 1676 innascibilem
1750 1621 1916 1675 Deum
1942 1636 2064 1677 eum
2089 1620 2195 1677 dici
2218 1662 2234 1689 ,

554 1780 559 1787 ι
630 1707 721 1778 qui
749 1708 817 1764 ad
845 1710 1270 1768 consolationem
1298 1722 1540 1769 nostram
1572 1722 1657 1771 est
1683 1714 1878 1771 missus
1906 1731 1934 1770 a
1969 1716 2124 1772 Filio.

2330 495 2572 553 hzeretici
2602 496 2821 564 dicunt,
2853 503 3002 552 recte
3040 494 3295 551 catholici
3336 493 3722 551 condemnant.

2400 588 2622 645 XXIIIJ
2646 589 2706 647 Si
2729 590 2853 661 quis
2881 590 3027 660 quod
3050 588 3256 644 dictum
3279 595 3383 656 est,
3414 587 3529 660 Ego
3549 587 3690 644 Deus
3716 588 3936 657 primus,

2328 690 2376 737 et
2402 699 2495 755 ego
2523 682 2663 737 Deus
2710 682 3037 749 novissimus,
3088 689 3139 735 et
3183 689 3368 752 praeter
3392 698 3473 737 me
3517 697 3623 736 non
3668 691 3743 736 est
3793 679 3938 737 Deus

2331 776 2352 849 (
2369 775 2515 831 Esai.
2545 792 2692 843 thv,
2721 776 2817 848 6),
2848 775 2914 831 ad
2943 775 3370 832 destructionem
3415 774 3686 831 idolorum
3725 774 3936 831 dictum

2330 877 2386 923 et
2405 882 2591 924 eorum
2613 868 2704 940 qui
2731 883 2837 923 non
2865 876 2990 922 sunt
3019 867 3115 934 dii,
3134 866 3187 922 in
3219 866 3643 924 destructionem
3672 866 3940 939 unigeniti

2331 970 2459 1016 ante
2484 960 2680 1017 szecula
2709 961 2802 1016 Dei
2821 958 3037 1031 iudaice
3075 959 3277 1016 dictum
3310 959 3613 1032 intelligat:
3647 961 3938 1017 anathema

2332 1058 2424 1112 sit.
2453 1075 2471 1109 ι

2403 1151 2494 1207 57.
2527 1149 2819 1219 lllud,non
2847 1160 2931 1206 est
2959 1150 3100 1204 Deus
3126 1156 3323 1221 praeter
3349 1162 3456 1216 me,
3489 1144 3689 1203 Filium
3720 1164 3821 1203 non
3848 1163 3940 1203 ne-

2332 1254 2426 1318 gat
2454 1245 2639 1301 Deum.
2661 1276 2734 1287 --
2754 1246 2987 1301 Deorum
3019 1244 3415 1301 numerositate
3439 1243 3717 1311 damnata,
3746 1251 3799 1300 et
3833 1243 3943 1301 Deo

2335 1347 2547 1396 tantum
2577 1355 2688 1396 uno
2718 1338 3053 1411 prmdicato,
3085 1338 3273 1409 negari
3322 1337 3466 1393 Deus
3505 1335 3651 1392 Iilius
3692 1334 3788 1391 Dei
3829 1350 3937 1390 non

2334 1440 2537 1505 potest.
2558 1432 2758 1489 Verum
2786 1444 2992 1487 natura:
3020 1431 3160 1487 istud
3184 1439 3405 1502 praestat
3424 1431 3658 1502 genuina
3683 1429 3931 1501 proprie—

2336 1532 2441 1592 tas,
2476 1534 2535 1579 ut
2563 1539 2785 1591 nomen,
2817 1523 2960 1593 quod
2989 1534 3220 1595 negatur
3246 1522 3314 1579 ad
3342 1537 3650 1589 numerum,
3679 1521 3944 1578 debeatur

2336 1618 2625 1684 essentitn;
2659 1624 2715 1673 et
2745 1616 2829 1683 id,
2862 1616 3004 1687 quod
3033 1632 3134 1671 non
3164 1626 3241 1671 est
3278 1614 3419 1670 Deus
3462 1625 3647 1685 praeter
3676 1631 3755 1670 me
3775 1657 3792 1682 ,
3835 1629 3947 1670 non

2337 1712 2509 1783 possit
2539 1710 2678 1766 Filio
2708 1709 2921 1765 auferre
2949 1708 3094 1779 quod
3127 1709 3267 1764 Deus
3296 1718 3411 1764 est:
3442 1709 3566 1779 quia
3594 1707 3736 1763 Deus
3760 1706 3939 1775 alius,

702 1800 923 1859 XX.¢Si
950 1805 1096 1875 quis,
1121 1804 1278 1861 sicuti
1297 1806 1482 1862 docuit
1506 1823 1605 1863 nos
1628 1806 1905 1876 Dominus,
1930 1824 2036 1864 non
2066 1810 2232 1865 alium
2261 1801 2310 1863 B
2339 1812 2538 1875 praeter
2567 1818 2726 1874 quam
2757 1802 2849 1874 qui
2881 1810 2966 1858 est
2993 1816 3056 1857 ex
3089 1801 3221 1867 Deo,
3256 1800 3436 1856 nullus
3461 1808 3565 1856 est.
3595 1800 3659 1855 Et
3688 1814 3784 1870 per
3810 1798 3951 1854 hanc

627 1880 774 1949 dicat
798 1894 1141 1952 Paracletum
1164 1912 1194 1951 a
1221 1896 1391 1963 Filio;
1422 1899 1558 1953 dixit
1581 1899 1725 1956 enim
1749 1917 1762 1953 :
1789 1900 1860 1954 Et
1885 1901 2105 1956 alterum
2127 1900 2237 1957 Pa-

627 1986 881 2042 racletum
905 1988 1068 2043 mittet
1092 1988 1231 2043 vobis
1254 1988 1435 2057 Pater,
1461 2007 1609 2062 quem
1632 1993 1825 2065 ragabo
1845 2009 1941 2067 ego
1960 2009 1980 2050 :
2003 1994 2236 2053 anathe-

629 2092 718 2132 ma
740 2079 865 2134 sit.»

699 2172 789 2229 54.
820 2171 926 2228 Cur
944 2173 1147 2229 dicatur
1168 2175 1302 2229 mitti
1322 2192 1354 2231 a
1381 2174 1555 2232 Patre.
1573 2179 1706 2234 -A
1734 2177 1873 2236 Filio
1898 2179 2235 2237 Paracletum

630 2265 856 2323 missum
896 2269 1279 2335 meminimus,
1324 2278 1380 2326 et
1422 2271 1476 2326 iu
1518 2271 1781 2344 principio
1814 2274 1916 2330 hoc
1946 2274 2079 2331 ﬁdes
2120 2276 2235 2346 ipsa

628 2359 898 2430 exposuit.
930 2358 1039 2417 Sed
1064 2360 1188 2433 quia
1216 2361 1528 2433 frequenter
1558 2362 1725 2420 Filius
1755 2379 1853 2435 per
1879 2365 2237 2424 indilferentis

637 2460 845 2506 natura:
887 2452 1141 2509 virtutem
1174 2470 1337 2527 opera
1368 2470 1464 2512 sua
1494 2472 1657 2529 opera
1688 2458 1865 2515 Patris
1905 2475 2028 2517 esse
2065 2460 2233 2527 dixit,

636 2543 859 2602 dicens:
908 2544 1023 2619 Ego
1063 2564 1221 2618 opera
1261 2547 1439 2604 Patris
1467 2552 1568 2607 mei
1596 2554 1734 2623 facio
1764 2552 1959 2627 (Joan.
1990 2570 2023 2609 ι
2049 2594 2066 2621 ,
2092 2555 2162 2612 37
2183 2553 2234 2627 ),

630 2636 897 2693 missurus
927 2653 1142 2709 quoque
1169 2639 1511 2703 Paracletum
1534 2683 1551 2708 ,
1583 2642 1744 2698 sicuti
1776 2642 2084 2715 frequenter
2109 2660 2239 2717 spo-

631 2729 852 2802 pondit,
877 2729 1146 2787 interdum
1172 2746 1296 2787 eum
1338 2742 1395 2788 et
1433 2732 1755 2791 mittendum
1795 2736 1930 2792 dixit
1969 2752 2001 2792 a
2037 2736 2236 2804 Patre,

536 2860 546 2869 .
629 2822 757 2878 dum
786 2838 948 2880 omne
975 2824 1118 2896 quod
1144 2833 1359 2896 ageret,
1388 2826 1477 2897 pie
1507 2827 1711 2884 referre
1739 2826 1814 2901 (α)
1841 2838 1928 2886 est
1953 2829 2146 2885 solitus
2172 2829 2240 2885 ad

630 2913 867 2972 Patrem.
894 2916 973 2972 Ex
994 2933 1103 2989 quo
1126 2915 1368 2974 haeretici
1397 2921 1736 2977 occasionem
1764 2923 2076 2993 frequenter
2099 2921 2239 2977 arri-

632 3008 824 3078 piunt,
852 3016 911 3064 ut
939 3008 1115 3080 ipsum
1145 3025 1266 3066 esse
1294 3010 1489 3067 Filium
1515 3013 1853 3071 Paracletum
1880 3015 2093 3071 dicant:
2119 3031 2239 3071 cum

627 3100 684 3154 in
710 3115 796 3164 eo.
825 3100 971 3171 quod
1000 3102 1164 3157 alium
1196 3103 1533 3160 Paracletum
1567 3106 1887 3163 mittendum
1917 3123 1947 3162 a
1977 3108 2139 3164 Patre
2168 3109 2240 3164 sit

2339 1911 2528 1953 vocem
2562 1895 2654 1950 Dei
2687 1894 2856 1965 patris
2884 1909 2990 1948 non
3024 1902 3202 1963 potest
3230 1907 3339 1948 non
3370 1892 3512 1949 Deus
3550 1906 3709 1960 esse,
3746 1892 3839 1963 qui
3879 1905 3949 1946 ex

2345 1986 2424 2059 (bi
2451 2002 2511 2043 se
2538 1985 2865 2042 indiﬂ‘erenti
2894 1984 2961 2039 ad
2995 1994 3240 2039 naturam
3271 1999 3426 2039 suam
3454 1991 3540 2040 est
3569 1990 3728 2039 natus
3756 1997 3951 2039 essen-

2340 2079 2434 2134 tia.
2464 2078 2617 2147 Quod
2646 2077 2852 2134 idcirco
2881 2076 3054 2133 Judtei
3100 2076 3167 2131 ad
3217 2076 3471 2131 unionem
3521 2075 3615 2132 Dei
3659 2074 3946 2143 referunt,

2338 2171 2468 2242 quia
2497 2170 2834 2242 unigenitum
2871 2170 3039 2225 Deum
3071 2169 3344 2225 nesciunt.
3387 2168 3495 2224 Sed
3526 2182 3624 2223 nos
3656 2182 3778 2223 cum
3809 2167 3953 2224 duos

2338 2266 2470 2323 deos
2502 2281 2760 2337 negamus
2780 2307 2794 2332 ,
2822 2264 3194 2320 diversitatem
3227 2263 3282 2317 in
3317 2261 3477 2318 Patre
3503 2271 3560 2319 et
3606 2261 3750 2318 Filio
3792 2270 3953 2317 natu-

2340 2361 2472 2415 ralis
2520 2358 2897 2415 abominamur
2950 2357 3204 2413 essentia:
3249 2373 3261 2409 :
3294 2356 3420 2426 quia
3450 2355 3536 2423 id,
3570 2354 3717 2427 quod
3745 2373 3847 2412 non
3875 2366 3952 2411 est

2339 2450 2484 2507 Deus
2515 2461 2702 2523 preter
2726 2467 2836 2517 me,
2878 2450 3100 2522 impiam
3140 2448 3210 2505 de
3249 2447 3400 2504 falsis
3438 2449 3542 2505 diis
3582 2449 3799 2519 perimit
3831 2448 3952 2520 opi-

2340 2543 2582 2600 nionem.
2612 2540 2745 2598 Cum
2773 2558 2907 2599 vero
2937 2557 3104 2598 unum
3138 2542 3308 2597 Deum
3349 2541 3708 2609 conﬁtentes,
3751 2540 3950 2597 Filium

2340 2653 2557 2709 quoque
2589 2638 2756 2694 Deum
2788 2638 3052 2702 dicimus;
3088 2636 3219 2691 nihil
3251 2637 3523 2693 diversum
3566 2652 3664 2707 per
3692 2636 3949 2692 substan-

2342 2732 2471 2788 tiam
2502 2733 2557 2787 iu
2588 2738 2821 2802 utroque
2847 2730 2950 2787 sub
2981 2746 3088 2786 uno
3117 2729 3337 2786 nomine
3364 2730 3739 2802 praedicamus.

2415 2824 2610 2882 XXIV.
2660 2844 2680 2878 ς
2728 2824 2786 2881 Si
2828 2826 2950 2896 quis
2996 2823 3271 2880 voluntate
3321 2824 3414 2879 Dei
3459 2832 3729 2895 tamquam
3776 2838 3950 2880 unum

2344 2917 2547 2989 aliquid
2587 2916 2655 2974 de
2684 2925 2931 2973 creatura
2972 2916 3166 2972 Filium
3208 2915 3407 2973 factum
3446 2916 3620 2973 dicat:
3660 2918 3952 2972 anathema

2345 3010 2436 3065 sit.
2467 3029 2487 3062 ι

2417 3101 2511 3157 58.
2546 3101 2718 3157 Filius
2744 3118 2807 3158 ea:
2837 3101 2933 3157 Dei
2957 3102 3267 3171 substantia,
3294 3118 3399 3157 non
3419 3111 3474 3157 ut
3501 3111 3749 3158 creatttrte
3772 3118 3837 3158 ea:
3862 3118 3955 3157 vo-

634 3202 975 3265 precaturus,
1009 3193 1369 3252 diuerentiam
1399 3198 1546 3255 missi
1574 3201 1922 3273 rogantisque
1947 3201 2237 3274 signiﬁcet.
2269 3188 2316 3252 C
2347 3195 2562 3250 luntate.
2586 3227 2659 3239 —
2682 3193 2945 3252 Omnibus
2988 3196 3254 3252 creaturis
3295 3196 3656 3252 substantiam
3697 3196 3954 3252 voluntas

703 3284 848 3341 XXI.
875 3303 893 3339 t
913 3285 969 3344 Si
997 3286 1118 3358 quis
1148 3287 1411 3359 Spiritum
1440 3299 1688 3348 sanctum
1716 3299 1928 3364 partem
1954 3294 2102 3351 dicat
2128 3293 2234 3350 Pa-

630 3378 731 3435 tris
759 3379 845 3435 vel
876 3377 1035 3435 Filii:
1068 3382 1356 3438 anathema
1385 3383 1475 3439 sit.
1497 3401 1518 3436 ι

705 3473 795 3530 55.
832 3473 957 3529 Non
986 3484 1062 3530 est
1094 3491 1216 3546 pars
1244 3474 1425 3532 Patris
1450 3487 1542 3532 aut
1573 3476 1723 3533 Filii.
1756 3508 1827 3520 --
1856 3479 2094 3537 Stultitia
2126 3479 2239 3536 ha:-

632 3566 789 3623 retici
817 3566 1019 3623 furoris
1040 3567 1157 3624 hzec
1178 3568 1357 3641 coegit
1378 3570 1431 3625 in
1453 3572 1654 3642 scripta
1679 3571 1911 3639 referre,
1938 3590 2044 3629 non
2062 3590 2239 3646 quaes-

637 3659 733 3717 tio.
766 3658 903 3716 Nam
958 3675 1081 3716 cum
1113 3659 1351 3732 Spiritus
1404 3663 1580 3719 sancti
1609 3679 1806 3722 nomen
1848 3664 2046 3722 habeat
2082 3681 2235 3722 suam

633 3752 1118 3824 signiﬁcationem,
1161 3763 1218 3811 et
1256 3755 1494 3825 Spiritus
1533 3767 1755 3813 sanctus
1791 3759 2094 3829 paracletus
2135 3758 2234 3813 ha-

631 3845 760 3903 beat
787 3847 1105 3904 substantiae
1134 3862 1248 3905 sua:
1275 3857 1334 3905 et
1360 3848 1598 3906 oflicium
1627 3860 1680 3907 et
1708 3851 1956 3909 ordinem
1981 3893 1995 3916 .
2027 3861 2083 3908 et
2111 3867 2238 3908 cum

635 3938 837 4009 ubique
890 3939 1296 3997 indemutabilis
1343 3940 1507 3999 Pater
1555 3952 1611 4000 et
1657 3942 1824 3999 Filius
1874 3944 2233 4015 praedicetur:

634 4032 909 4102 quomodo
940 4048 1065 4103 pars
1094 4048 1218 4091 esse
1246 4043 1341 4089 aut
1368 4034 1544 4091 Patris
1572 4043 1668 4091 aut
1695 4035 1818 4091 Filii
1846 4035 2077 4107 Spiritus
2106 4052 2235 4092 san-

635 4132 753 4181 ctus
784 4125 1089 4183 asseritur?
1123 4127 1230 4185 Sed
1261 4129 1383 4199 quia
1412 4129 1553 4186 sicut
1581 4131 1725 4185 inter
1754 4139 1952 4187 centera
1993 4130 2234 4187 insania-

633 4221 755 4272 rum
792 4232 1027 4290 genera,
1071 4219 1233 4275 etiam
1280 4219 1383 4276 hoc
1425 4236 1639 4293 quoque
1681 4221 1911 4292 proferri
1952 4221 2021 4279 ab
2058 4222 2237 4294 impiis

636 4308 817 4375 solet;
852 4311 1054 4368 idcirco
1079 4326 1108 4365 a
1140 4313 1347 4369 sanctis
1372 4313 1558 4371 debuit
1599 4316 1915 4385 improbari.

704 4401 868 4476 495
897 4402 1064 4459 XXII.
1089 4422 1108 4457 ι
1133 4404 1190 4460 Si
1222 4406 1341 4477 quis
1363 4406 1576 4464 Patrem
1598 4416 1654 4463 et
1674 4406 1867 4464 Filium
1897 4416 1953 4464 ct
1974 4407 2234 4480 Spiritum

634 4504 884 4551 sanctum
918 4507 1031 4553 tres
1062 4496 1194 4555 dicit
1221 4498 1384 4555 deos:
1416 4500 1703 4557 anathema
1730 4500 1819 4556 sit.
1853 4520 1872 4554 ι

2343 3286 2442 3343 Dei
2468 3287 2680 3343 attulit:
2709 3288 2806 3344 sed
2832 3297 3077 3344 naturam
3105 3287 3248 3344 Filio
3272 3287 3423 3344 dedit
3446 3304 3510 3344 es
3539 3289 3861 3359 impassibili
3887 3303 3954 3345 ac

2342 3394 2449 3436 non
2490 3390 2617 3437 nata
2665 3382 2969 3439 substantia
3014 3379 3251 3452 perfecta
3297 3381 3580 3437 nativitas.
3612 3380 3763 3436 Talia
3805 3381 3953 3437 enim

2341 3484 2534 3532 cuncta
2565 3483 2748 3531 creata
2778 3483 2935 3543 sunt,
2968 3476 3149 3546 qualia
3189 3490 3313 3531 esse
3355 3476 3494 3532 Deus
3537 3474 3738 3531 voluit:
3780 3474 3954 3532 Filius

2342 3578 2523 3626 autem
2552 3579 2708 3624 natus
2735 3585 2804 3626 ex
2827 3570 2938 3626 Deo
2961 3570 3085 3625 talis
3108 3570 3346 3625 substitit
3367 3611 3381 3637 ,
3405 3569 3579 3640 qualis
3603 3578 3657 3625 et
3680 3569 3821 3625 Deus
3845 3577 3950 3625 est.

2340 3660 2452 3718 Nec
2499 3661 2817 3718 dissimilem
2846 3663 2926 3717 sui
2957 3662 3127 3719 edidit
3155 3671 3347 3717 natura
3397 3672 3640 3717 naturam
3681 3680 3695 3715 :
3746 3662 3840 3718 sed
3883 3677 3952 3719 ex

2342 3755 2647 3813 substantia
2668 3755 2758 3811 Dei
2787 3756 2999 3826 genitus
3026 3766 3234 3811 naturae
3261 3755 3553 3811 secundum
3585 3755 3847 3826 originem
3871 3763 3955 3810 at-

2344 3847 2495 3914 tulit,
2529 3862 2635 3902 non
2665 3847 2959 3903 secundum
2983 3856 3284 3914 creaturas,
3311 3847 3606 3904 voluntatis
3632 3848 3950 3905 essentiam.

2412 3939 2614 3994 ΧΧν.‹
2637 3940 2848 4011 Siquis,
2873 3940 3091 3996 nolente
3123 3940 3306 4007 Patre,
3339 3950 3522 3996 natum
3555 3939 3950 3998 dicatFiIium:

2338 4034 2622 4089 anathema
2651 4033 2744 4089 sit.
2771 4032 2888 4088 Non
2916 4034 3062 4089 enim
3088 4032 3311 4088 nolente
3339 4041 3490 4101 patre
3516 4040 3735 4089 coaetus
3763 4031 3949 4100 Pater,

2339 4129 2425 4184 vel
2456 4128 2689 4183 naturali
2717 4130 3044 4185 necessitate
3074 4129 3286 4194 ductus,
3315 4127 3482 4202 496
3508 4144 3628 4185 cum
3658 4128 3829 4183 nollet
3858 4142 3954 4199 ge-

2340 4221 2456 4276 nuit
2478 4220 2705 4288 Filium;
2733 4221 2827 4278 sed
2857 4237 2982 4278 mox
3004 4222 3200 4292 voluit,
3235 4221 3351 4277 sine
3376 4206 3621 4291 tempore
3655 4230 3710 4278 et
3751 4219 3953 4293 impas—

2338 4313 2570 4370 sibilitcr
2591 4330 2659 4370 ex
2685 4329 2746 4371 se
2766 4330 2890 4372 eum
2914 4316 3247 4386 unigenitum
3273 4313 3683 4370 demonstravit.
3707 4333 3726 4366 ι

2413 4406 2505 4462 59.
2538 4404 2661 4461 Non
2687 4416 2856 4462 tamen
2903 4424 2967 4463 ea:
2993 4408 3152 4463 invito
3180 4405 3339 4461 Patre
3363 4405 3555 4461 Filius.
3581 4436 3653 4447 —
3674 4404 3807 4460 Cum
3837 4420 3947 4463 non

2340 4513 2407 4556 ex
2431 4498 2732 4565 voluntate,
2761 4507 2821 4555 ut
2846 4511 3071 4565 caetera,
3111 4499 3278 4556 Filius
3305 4499 3606 4555 subsistere
3633 4499 3945 4568 doceretur,

706 4589 797 4646 56.
831 4588 919 4645 Dii
959 4600 1062 4647 tres
1102 4602 1376 4665 negantur.
1399 4594 1664 4650 —Duum
1705 4593 1933 4650 deorum
1971 4594 2239 4665 professio
2264 4588 2319 4650 D
2344 4607 2412 4648 ne
2441 4592 2738 4648 secundum
2769 4591 3097 4648 voluntatem
3128 4600 3332 4648 tantum
3354 4633 3370 4661 ,
3405 4607 3510 4647 non
3549 4592 3712 4649 etiam
3752 4609 3949 4649 secun-

632 4698 756 4740 cum
786 4682 1089 4756 irreligiosa
1118 4684 1225 4752 sit,
1251 4685 1375 4757 quia
1413 4701 1672 4756 nusquam
1716 4686 1819 4741 nisi
1858 4702 2027 4742 unum
2069 4687 2235 4742 Deum

633 4772 989 4849 prmdicatum
1038 4778 1450 4835 meminerimus
1499 4787 1555 4835 et
1585 4778 1987 4849 praedicamus:
2035 4790 2240 4852 quanto

635 4872 808 4949 magis
851 4871 1013 4927 trium
1056 4870 1288 4929 deorum
1338 4873 1394 4929 in
1444 4872 1607 4929 Patre
1649 4883 1705 4929 et
1747 4873 1887 4929 Filio
1930 4883 1985 4930 et
2030 4873 2239 4946 Spiritu

707 5026 789 5101 (a)
816 5026 970 5101 Quod
1003 5037 1219 5099 praestat
1259 5030 1412 5086 salva
1437 5039 1643 5086 natura:
1663 5044 1776 5086 suae
1814 5030 2140 5101 aequalitate.
2174 5032 2247 5090 Ut

636 5099 783 5157 enim
814 5099 1042 5156 habetur
1068 5102 1120 5156 in
1151 5102 1296 5158 Psal.
1324 5117 1576 5158 cxxxvnt
1599 5145 1616 5168 ,
1660 5119 1717 5157 n.
1747 5102 1851 5160 28:
1881 5099 2243 5159 ’Contestatam

635 5172 701 5228 de
727 5187 791 5246 se
809 5179 1107 5246 potestatem
1130 5189 1223 5246 per
1249 5176 1545 5230 reuerentia:
1572 5176 1816 5230 honorem
1845 5175 1925 5238 ei,
1957 5176 2042 5229 cui
2069 5177 2243 5230 omnia

637 5243 937 5317 meminergt
964 5243 1259 5314 conﬁtenda
1278 5288 1293 5315 ,
1325 5246 1542 5317 subjecit
1568 5286 1582 5311 ,
1609 5262 1712 5301 non
1736 5247 1834 5300 sibi
1858 5247 2088 5301 adimens
2107 5250 2243 5313 quod

639 5314 829 5389 similia
860 5312 1020 5389 Patri
1037 5312 1209 5389 posset
1229 5358 1244 5383 ,
1275 5312 1365 5389 sed
1390 5312 1509 5373 eum
1539 5334 1630 5388 per
1658 5334 1806 5389 quem
1845 5318 2035 5372 similia
2074 5312 2243 5389 posset

642 5385 933 5441 ostendens.
960 5385 1098 5443 Vide
1124 5398 1281 5443 tract.
1307 5388 1452 5445 Psal.
1480 5385 1598 5444 exta
1618 5432 1632 5455 ,
1660 5385 1716 5445 n.
1747 5388 1801 5444 6.

820 5455 1156 5582 quétgtﬂlum
1193 5476 1248 5515 se
1285 5459 1375 5516 hic
1411 5460 1698 5531 adjicimus
1736 5459 2059 5516 auctoritate
2096 5475 2229 5516 mss.

641 5525 799 5584 Colb.
831 5536 885 5583 et
913 5528 1098 5584 Germ.

713 5597 890 5676 (c)_l_t_a
915 5614 1049 5656 mss.
1073 5599 1145 5676 ᾼι
1166 5601 1332 5670 editi,
1365 5604 1591 5658 naturali
1616 5604 1727 5676 lege
1750 5612 1955 5659 coactus
1978 5603 2135 5658 incito
2159 5620 2233 5670 se,

639 5679 746 5745 etc.
780 5669 975 5745 Filium
1006 5670 1287 5745 voluntate
1313 5669 1498 5745 natum
1530 5676 1635 5730 dici
1665 5669 1742 5730 "eo
1770 5690 1933 5731 sensu
1974 5669 2239 5745 permittit

638 5739 911 5818 IIilanus,
939 5756 1048 5811 quo
1084 5742 1180 5818 lib.
1239 5744 1418 5818 unde
1459 5744 1612 5800 Trin.
1636 5761 1701 5818 An.
1732 5745 1839 5813 50,
1881 5754 1939 5801 et
1964 5739 2236 5818 superius,

642 5824 699 5865 n.
736 5810 834 5874 I7,
867 5811 1270 5880 generationem
1302 5814 1445 5870 illius
1480 5810 2046 5873 creationem'vocari'
2074 5810 2236 5887 sinit,

2345 4684 2473 4741 dum
2505 4693 2748 4741 naturam
2781 4685 3006 4741 haberet
3029 4686 3357 4751 essentiam;
3386 4684 3511 4740 data
3540 4685 3810 4741 hmretieis
3848 4701 3945 4741 oc-

2341 4782 2490 4838 casio
2513 4781 2811 4848 videbatur,
2833 4790 2893 4836 ut
2912 4781 3289 4838 necessitatem
3315 4781 3426 4837 Deo
3449 4781 3584 4851 patri
3604 4780 3857 4852 gignendi
3879 4798 3948 4838 ex

2343 4892 2405 4934 se
2432 4876 2558 4933 Filii
2587 4875 2995 4945 adscriberent,
3030 4885 3303 4948 tamquam
3335 4876 3409 4949 (c)
3439 4886 3646 4933 natura:
3686 4876 3806 4948 lege
3847 4893 3949 4934 co-

2348 5034 2414 5089 ad
2445 5033 2831 5090 removendam
2861 5033 2982 5090 scil.
3014 5048 3230 5090 omnem
3264 5033 3437 5090 Patris
3476 5033 3530 5089 in
3571 5033 3692 5091 Filii
3720 5048 3952 5105 genera-

2348 5105 2496 5162 tione
2533 5106 2839 5177 passionem
2878 5116 2971 5160 aut
3006 5109 3443 5177 repugnantiam.
3488 5105 3771 5162 Verendum
3810 5108 3952 5161 enim

2346 5187 2494 5245 esset,
2516 5175 2689 5244 inquit
2715 5178 2962 5248 apposite
2987 5175 3278 5248 Grégorius
3305 5177 3457 5242 Naz.,
3489 5177 3581 5233 0r.
3610 5192 3773 5243 xxxv,
3802 5193 3858 5231 n.
3887 5179 3947 5244 2,

2346 5265 2408 5302 ne
2430 5259 2659 5304 coactam
2678 5249 2954 5317 quamdam
2981 5249 3354 5320 generationem
3370 5249 3737 5320 ittvelterentus,
3757 5266 3819 5303 ac
3845 5250 3951 5303 rel-

2344 5327 2401 5401 nt
2431 5319 2949 5401 naturaleguoddam
2972 5318 3375 5401 :egcerementum
3402 5318 3746 5401 (περίττωμα)
3773 5330 3949 5401 [ειεξι-

2347 5399 2501 5460 luque
2528 5391 2733 5461 diﬁcile
2751 5433 2767 5458 ,
2798 5393 2853 5446 in
2881 5391 3196 5447 divinitatem
3224 5392 3435 5445 minime
3459 5390 3739 5462 quadrans.
3773 5390 3947 5447 Paulo

2338 5462 2498 5533 aliter
2521 5462 2750 5533 subinde
2777 5462 2943 5517 locuti
2973 5471 3100 5518 sunt
3121 5462 3405 5531 'I‘heologi,
3425 5475 3564 5533 quos
3583 5464 3726 5518 inter
3751 5473 3949 5517 auctor

2339 5532 2436 5603 lib.
2465 5532 2533 5588 de
2546 5532 2963 5589 Trinit.etunit.
2992 5533 3111 5597 Dei,
3139 5533 3283 5603 apud
3310 5532 3689 5601 Augustinum,
3722 5549 3843 5603 cap.
3869 5534 3945 5589 '2:

2342 5600 2454 5658 Nec
2478 5604 2741 5658 voluntate
2761 5621 2855 5660 nec
2885 5600 3187 5660 necessitate
3203 5605 3374 5676 genuit
3401 5603 3561 5659 Pater
3584 5600 3812 5659 Filium}
3839 5621 3946 5659 non

2339 5677 2659 5739 necessitate,
2688 5677 2809 5743 quia
2837 5677 3111 5731 necessitas
3138 5677 3193 5729 in
3210 5675 3330 5731 Deo
3356 5693 3458 5731 non
3484 5686 3596 5741 est;
3625 5692 3726 5731 non
3756 5676 3946 5731 uolun—

2341 5753 2464 5820 tate,
2484 5747 2605 5820 quia
2625 5747 2857 5803 uoluntas
2878 5749 3062 5820 praeire
3079 5747 3385 5820 sapientiam
3405 5764 3507 5802 non
3528 5756 3713 5820 potest,
3735 5763 3852 5815 qua:
3872 5756 3949 5802 est

2341 5815 2535 5875 Filius.
2566 5816 2738 5890 Igitur
2759 5815 2904 5891 prius
2928 5829 3003 5875 est
3029 5815 3404 5875 rationabiliter
3430 5815 3644 5891 sapere,
3672 5835 3828 5891 quam
3856 5835 3947 5875 ra-
