4270 6264
544 267 652 337 523

1748 256 1995 320 SANCTI
2032 254 2293 316 HILARII
2330 255 2638 316 EPISCOPI

3734 260 3843 321 52b

543 404 681 463 quas
695 384 958 452 consisto,
983 393 1113 439 vere
1138 379 1309 436 Deum
1333 374 1410 449 (α)
1435 363 1700 431 nesciunt.
1723 371 1899 444 Atque
1927 373 2132 428 utinam
2161 373 2216 436 Α
2238 372 2452 445 genitus
2472 372 2615 428 Deus
2644 377 2748 438 est;
2775 383 3009 443 namque
3037 370 3191 444 origo
3218 385 3318 427 sua
3352 370 3688 431 innascibilis
3714 378 3847 433 sub.

542 483 759 555 penitus
786 475 1083 540 nescirent;
1110 486 1233 527 cum
1265 467 1589 542 procliviore
1613 467 1757 523 enim
1786 465 1941 521 venia
1985 465 2139 537 igno-

541 585 752 641 rarent,
780 583 945 643 quam
985 567 1368 624 obtrectarent.
1394 560 1505 619 Sed
1531 560 1726 617 horum
1755 560 2139 632 episcoporum

543 668 706 726 dolor
729 678 789 720 se
820 663 959 718 intra
985 657 1263 715 silentium
1292 670 1402 711 non
1436 652 1721 710 continens
1740 691 1754 718 ,
1783 651 2043 707 unitatem
2077 650 2138 705 ﬁ-

499 760 505 765 ’
543 759 633 816 dei
665 756 826 827 hujus
847 750 1059 825 quaerit,
1086 763 1245 821 quam
1273 747 1383 820 jam
1412 744 1622 818 pridem
1653 759 1753 815 per
1781 742 1917 800 alios
1938 742 2139 799 amisit.

542 850 678 907 Nam
711 848 798 903 illa
827 844 902 919 (b)
942 844 995 900 in
1019 842 1196 915 primo
1214 840 1432 897 collatae
1458 836 1813 909 expositionis
1838 832 1973 891 ﬁdes
2002 833 2145 889 hanc

544 939 731 998 habuit
757 936 1137 993 necessitatem
1162 950 1176 988 :
1206 932 1335 1004 quia
1361 930 1500 1002 apud
1530 930 1786 985 Sirmium
1815 942 1913 997 per
1949 927 2145 983 imme-

483 1091 489 1097 ,
545 1047 755 1092 morem
784 1037 1062 1102 gestorum
1090 1040 1311 1083 suorum
1343 1023 1721 1093 dictorumque
1753 1020 1942 1077 Osium
1988 1034 2145 1076 novae

545 1137 603 1187 et
640 1135 823 1183 tamen
852 1124 929 1197 (e)
971 1130 1281 1194 suppuratus
1320 1120 1430 1191 jam
1460 1118 1551 1174 diu
1579 1117 1874 1188 impietatis
1896 1114 2145 1171 doctrina

543 1226 889 1295 proruperat.
935 1216 1044 1273 Sed
1086 1215 1156 1271 de
1181 1229 1247 1270 eo
1267 1212 1348 1286 (ά)
1380 1212 1452 1267 nil
1479 1211 1692 1282 loquor,
1716 1209 1805 1280 qui
1831 1208 2036 1264 idcirco
2063 1216 2147 1264 est

542 1321 895 1380 reservatus,
945 1324 1015 1366 ne
1056 1307 1262 1379 judicio
1292 1305 1527 1360 humano
1576 1304 1916 1374 ignoraretur
1970 1301 2147 1372 qualis

542 1418 670 1466 ante
698 1409 945 1466 vixisset.
980 1404 1190 1474 Ubique
1213 1409 1392 1457 autem
1420 1396 1700 1465 scandala,
1729 1397 1930 1468 ubique
1966 1394 2145 1452 scitis-

541 1511 686 1559 mata
710 1542 725 1567 ,
773 1499 969 1569 ubique
1010 1493 1248 1567 perﬁdiae
1286 1500 1431 1548 sunt.
1483 1490 1616 1545 lliuc
1657 1489 1790 1544 illud
1820 1497 1934 1556 est,
1978 1496 2038 1543 ut
2078 1487 2146 1543 ad

540 1592 939 1667 professionem
979 1583 1387 1645 subscribendaa
1435 1582 1556 1638 ﬁdei
1594 1582 1758 1652 aliqui
1801 1595 2021 1647 eorum,
2053 1581 2146 1650 qui

543 1698 670 1745 ante
719 1684 863 1742 aliud
908 1676 1238 1753 scripserant
1264 1719 1281 1746 ,
1334 1684 1679 1746 cogerentur.
1712 1672 1824 1729 Nec
1848 1686 2049 1744 queror
2076 1672 2147 1729 de

2243 467 2443 523 stantia
2460 474 2560 522 est.
2591 464 2708 521 Non
2737 481 2901 521 unum
2928 466 3311 522 subsistentem
3332 508 3346 532 ,
3373 467 3470 523 sed
3496 466 3566 542 (ι)
3592 470 3845 526 substan-

2243 561 2372 615 tiam
2401 575 2508 615 non
2539 557 2896 615 diﬁ’erentem.
2934 558 3051 615 Non
3081 574 3247 614 unum
3284 559 3341 615 in
3366 559 3722 618 dissimilibus
3747 578 3846 620 na-

2242 654 2379 708 turis
2400 651 2497 709 Dei
2522 667 2743 719 nomen,
2770 651 2865 708 sed
2888 652 3050 708 unius
3077 651 3314 709 nominis
3335 660 3500 725 atque
3526 664 3734 711 naturae
3758 656 3846 712 in-

2244 743 2561 801 dissimilem
2605 744 2920 800 essentiam.
2962 742 3080 801 Non
3124 754 3475 816 praestantem
3518 764 3844 820 quemquam

2244 835 2497 907 cuiquam
2536 850 2736 908 genere
2758 836 3099 905 substantia,
3121 836 3219 895 sed
3261 838 3568 910 subjectum
3609 840 3845 897 alterum

2244 931 2400 987 alteri
2427 930 2705 988 nativitate
2734 940 2963 988 naturae.
2997 931 3215 988 Patrem
3245 933 3301 988 in
3330 948 3395 990 eo
3430 933 3694 1005 majorem
3722 949 3850 991 esse

2247 1022 2389 1095 quod
2418 1033 2569 1094 pater
2590 1032 2694 1093 est,
2726 1023 2923 1079 Filium
2946 1025 2999 1080 in
3029 1039 3096 1081 eo
3117 1040 3224 1082 non
3257 1024 3522 1083 minorem
3558 1042 3681 1083 esse
3699 1026 3847 1099 quod

2247 1116 2390 1173 ﬁlius
2415 1127 2517 1172 est.
2572 1115 3033 1189 Signiﬁcationem
3078 1118 3377 1188 interesse,
3421 1135 3529 1175 non
3577 1120 3849 1177 interesse

2247 1213 2517 1266 naturam.
2549 1211 2763 1266 Patrem
2793 1227 2901 1269 non
2953 1212 3092 1267 intra
3142 1220 3385 1285 tempora
3424 1215 3696 1282 conﬁteri,
3747 1213 3848 1270 scd

2246 1301 2726 1372 cointemporalem
2754 1303 2899 1359 Patri
2922 1302 3116 1359 Filium
3144 1320 3254 1359 non
3293 1319 3513 1376 negare.
3544 1304 3761 1363 Patrem
3790 1306 3849 1362 in

2248 1392 2388 1450 Filio
2415 1393 2734 1464 praedicare,
2766 1398 2894 1463 quia
2922 1395 3056 1451 nihil
3087 1396 3141 1451 in
3171 1409 3232 1452 se
3259 1396 3455 1452 habeat
3482 1395 3649 1453 Filius
3675 1414 3703 1451 a
3745 1398 3850 1454 Pa-

2249 1496 2333 1544 tre
2358 1487 2621 1544 dissimile
2646 1505 2663 1542 :
2692 1488 2889 1544 Filium
2918 1488 2971 1544 in
2993 1488 3154 1545 Patre
3181 1487 3446 1553 conﬁteri,
3479 1490 3604 1561 quia
3633 1505 3739 1546 non
3764 1500 3851 1548 est

2247 1580 2467 1637 aliunde
2490 1580 2634 1652 quod
2663 1581 2807 1638 ﬁlius
2828 1589 2932 1638 est.
2959 1582 3197 1638 Mutuam
3227 1581 3332 1639 sibi
3363 1597 3427 1640 ac
3447 1584 3681 1640 similem
3709 1584 3855 1640 invi-

2248 1658 2635 1728 ceminaturam
2663 1689 2769 1730 non
2812 1674 3026 1729 nescire
3050 1715 3067 1740 ,
3098 1675 3223 1745 quia
3251 1689 3349 1746 par
3373 1675 3446 1731 sit
3480 1691 3494 1730 :
3523 1675 3669 1747 quod
3709 1690 3856 1733 unus

545 1778 960 1853 patientissimis
976 1776 1107 1832 viris
1128 1770 1791 1841 Orientalibusepiscopis,
1818 1766 2144 1853 quibussul-
2172 1782 2221 1843 Β
2248 1764 2320 1822 sit
2346 1781 2453 1822 non
2479 1765 2810 1836 exiSIimare,
2844 1767 2969 1837 quia
2996 1782 3160 1822 unum
3211 1777 3336 1823 sunt
3361 1785 3375 1821 :
3417 1782 3587 1823 unum
3629 1783 3728 1825 eos
3771 1768 3855 1824 sic

545 1848 675 1928 iecit
699 1881 819 1942 post
840 1867 1198 1940 blasphemiae
1224 1865 1557 1921 voluntatem
1577 1870 1780 1917 coactae
1804 1860 1996 1916 saltem
2018 1848 2147 1914 ﬁdei

541 1963 852 2036 professio:
883 1957 1264 2032 gratulandum
1298 1955 1444 2011 enim
1474 1953 1691 2009 videtur
1719 1952 1774 2008 in
1822 1959 1968 2006 tanta
2001 1949 2148 2005 blas-

542 2049 916 2124 phemautium
962 2050 1341 2119 episcoporum
1387 2044 1642 2100 haeretica
1691 2041 2017 2114 pertinacia,
2048 2042 2149 2096 ali-

545 2161 706 2217 quem
720 2160 786 2201 ex
806 2143 890 2198 bis
912 2142 1110 2212 suscipi
1133 2140 1506 2212 ptenitentem.
1521 2138 1626 2194 Sed
1649 2137 1791 2193 inter
1813 2139 1950 2204 haec,
1973 2150 2007 2191 o
2021 2136 2147 2192 bea-

543 2244 632 2291 tos
652 2250 749 2289 vos
776 2235 831 2289 in
863 2234 1090 2289 Domino
1118 2241 1175 2288 et
1215 2231 1506 2303 gloriosos,
1536 2229 1626 2301 qui
1657 2230 1950 2299 perlectam
1982 2239 2146 2301 atque

544 2326 900 2399 apostolicam
932 2325 1093 2381 ﬁdem
1121 2324 1194 2397 (e)
1222 2324 1573 2380 conscientia:
1617 2320 1782 2395 ωε
1808 2321 2146 2393 professione

541 2422 862 2486 retinentes,
882 2419 1218 2489 conscriptas
1246 2418 1381 2475 ﬁdes
1409 2416 1517 2472 huc
1538 2430 1710 2488 usque
1738 2415 1994 2472 nescitis!
2027 2414 2144 2471 Non

542 2518 690 2573 enim
724 2515 950 2586 eguistis
974 2514 1179 2580 littera,
1208 2513 1301 2583 qui
1323 2512 1516 2583 Spiritu
1548 2510 1925 2567 abundabatis.
1955 2509 2144 2582 Neque

540 2607 780 2666 cilicium
804 2622 1000 2664 manus
1024 2606 1092 2662 ad
1110 2604 1459 2661 scribendum
1488 2604 1861 2673 desiderastis,
1890 2604 1979 2675 qui
2001 2603 2146 2675 quod

539 2705 705 2763 corde
731 2718 765 2759 a
789 2704 945 2759 vobis
983 2701 1331 2769 credebatur,
1368 2715 1464 2757 ore
1501 2700 1568 2757 ad
1598 2700 1827 2757 salutem
1856 2699 2148 2771 proﬁteba-

540 2802 695 2858 mini.
750 2799 861 2856 Nec
890 2798 1259 2855 necessarium
1303 2795 1569 2851 habuistis
1622 2795 1861 2868 episcopi
1916 2794 2142 2863 legere,

543 2892 688 2966 quod
718 2889 1023 2963 regenerati
1072 2887 1332 2960 ueophyti
1365 2887 1652 2943 tenebatis.
1706 2885 1814 2942 Sed
1844 2885 2145 2941 necessitas

543 2979 994 3043 consuetudinem
1018 2980 1218 3047 intulit,
1243 2980 1442 3051 exponi
1463 2979 1623 3045 ﬁdes,
1651 2985 1708 3034 et
1730 2977 1989 3048 expositis
2016 2979 2146 3034 sub-

546 3074 734 3134 scribi.
769 3072 872 3132 Ubi
902 3071 1046 3129 enim
1077 3084 1270 3127 sensus
1295 3067 1646 3126 conscientiae
1670 3068 2036 3142 periclitatur,
2080 3068 2146 3122 il-

2247 1872 2346 1929 per
2363 1858 2703 1916 indissimilis
2733 1867 2941 1917 natura:
2968 1858 3387 1917 indiﬁ‘erentiam
3433 1862 3757 1934 prmdicare,
3784 1878 3854 1921 ne

2248 1966 2388 2007 unus
2417 1951 2508 2007 sit.

2317 2041 2409 2099 65.
2442 2042 2652 2099 Hilario
2690 2045 2873 2099 desunt
2897 2046 3072 2110 verba,
3100 2062 3206 2102 non
3239 2063 3441 2105 sensus.
3461 2077 3536 2088 —
3558 2047 3803 2119 Exposui
3834 2090 3852 2117 ,

2247 2134 2566 2193 Cbarissimi
2596 2180 2611 2206 ,
2665 2146 2925 2209 quantum
2949 2139 3170 2195 humani
3214 2141 3485 2198 sermonis
3517 2142 3856 2199 consuetudo

2248 2231 2551 2301 patiebatur
2574 2273 2587 2299 ,
2639 2242 2695 2287 et
2726 2233 2986 2289 Dominus
3010 2232 3145 2289 mihi
3172 2232 3248 2308 (g)
3274 2248 3493 2305 semper
3520 2243 3582 2290 ut
3610 2236 3725 2305 ipse
3750 2235 3856 2292 scit

2248 2341 2279 2381 a
2305 2342 2394 2382 me
2421 2335 2609 2382 oratus
2642 2326 2883 2391 indulsit.
2916 2327 3223 2384 communis
3261 2327 3389 2384 ﬁdei
3431 2329 3851 2385 conscientiam.

2250 2418 2320 2475 Et
2348 2419 2394 2475 si
2434 2420 2563 2492 quid
2593 2420 2805 2488 minus,
2836 2421 3004 2477 immo
3050 2422 3173 2493 quia
3209 2421 3387 2477 minus
3417 2436 3481 2477 ac
3509 2437 3676 2495 prope
3718 2420 3854 2476 nihil

2246 2510 2448 2567 dictum
2469 2521 2574 2580 est,
2607 2519 2935 2569 mementote
2963 2528 3074 2567 non
3106 2526 3328 2568 sensum
3357 2513 3492 2569 mibi
3513 2554 3531 2581 ,
3557 2514 3653 2571 sed
3685 2513 3858 2569 verba

2248 2604 2459 2662 deesse.
2487 2604 2726 2677 Arguam
2764 2604 2905 2661 forte
2934 2606 2988 2660 in
3014 2620 3081 2663 eo
3102 2615 3351 2663 naturam
3376 2620 3585 2675 meam,
3626 2622 3737 2664 non
3768 2616 3858 2662 ta-

2248 2714 2373 2755 men
2402 2713 2621 2771 arguam
2644 2700 2979 2755 voluntatem
3005 2715 3018 2753 :
3049 2709 3104 2755 et
3133 2700 3356 2771 ignosco
3377 2708 3608 2767 naturae,
3629 2700 3676 2755 si
3705 2700 3859 2772 loqui

2249 2792 2318 2849 de
2344 2793 2455 2849 Deo
2484 2793 2624 2864 quod
2656 2794 2770 2848 vult
2806 2809 2914 2850 non
2942 2801 3145 2865 potest,
3170 2795 3328 2866 cujus
3365 2793 3598 2852 sufﬁciat
3622 2794 3691 2851 ad
3713 2795 3859 2851 salu-

2249 2892 2383 2949 tem,
2415 2885 2716 2943 credidisse
2741 2900 2863 2957 quae
2888 2886 2983 2942 Dei
3013 2893 3160 2942 sunt.

2321 2978 2413 3036 66.
2450 2979 2656 3035 Transit
2680 2980 2750 3035 ad
2775 2982 2991 3036 alterum
3013 2980 3175 3036 libelli
3198 2989 3419 3052 partem.
3450 2980 3579 3037 Ante
3605 2980 3759 3050 ﬁnem
3785 2998 3854 3037 ne

2240 3073 2524 3145 judicetur.
2557 3102 2625 3118 --
2664 3073 2819 3130 Nunc
2844 3076 2972 3145 quia
3004 3072 3085 3147 (Ιι)
3113 3074 3247 3131 ﬁdes
3278 3090 3401 3131 mea
3429 3083 3594 3146 atque
3634 3083 3810 3132 vestra
3839 3116 3856 3145 ,

543 3172 616 3228 lie
642 3171 818 3226 littera
847 3167 1173 3240 postulatur.
1203 3164 1315 3222 Nec
1338 3179 1473 3221 sane
1519 3164 1684 3221 scribi
1724 3162 1969 3236 impedit,
1998 3161 2143 3234 quod
2173 3180 2219 3247 ρ
2250 3176 2507 3239 quantum
2531 3167 2663 3225 mibi
2688 3168 2938 3224 conscius
2962 3183 3101 3235 sum,
3128 3168 3271 3239 apud
3318 3168 3493 3225 Deum
3538 3168 3702 3241 ξω
3742 3182 3858 3225 non

546 3264 783 3323 salutare
804 3269 891 3319 est
910 3258 1178 3316 conﬁteri.

613 3357 705 3415 64.
733 3355 925 3411 Hilarii
948 3354 1074 3424 ﬁdes
1096 3355 1160 3406 de
1193 3348 1348 3405 Patre
1369 3357 1415 3404 et
1432 3346 2148 3405 Filio.—Conﬁtemursane

544 3453 600 3510 in
629 3449 802 3508 sancti
832 3448 1066 3519 Spiritus
1092 3444 1236 3502 dono
1258 3459 1474 3520 semper
1496 3443 1835 3511 innocentes,
1866 3449 1923 3499 et
1947 3441 2145 3499 scribi-

543 3560 664 3601 mus
686 3542 949 3608 volentes,
996 3554 1104 3594 non
1131 3537 1265 3593 deos
1297 3537 1451 3603 duos,
1481 3535 1579 3591 sed
1599 3536 1771 3593 Deum
1799 3551 1963 3591 unum
1996 3553 2011 3590 :
2051 3550 2148 3591 ne—

544 3653 649 3710 que
675 3651 773 3709 per
798 3633 852 3690 id
880 3649 987 3689 non
1015 3639 1070 3687 et
1091 3629 1263 3686 Deum
1292 3629 1387 3685 Dei
1421 3629 1625 3695 ﬁlium;
1656 3637 1741 3685 est
1765 3628 1909 3685 enim
1939 3643 2008 3685 ex
2036 3628 2149 3686 Deo

542 3731 706 3787 Deus.
739 3727 857 3783 Non
893 3723 1240 3780 innascibiles
1275 3721 1434 3790 duos,
1462 3723 1588 3793 quia
1615 3722 1939 3778 auctoritate
1966 3721 2151 3777 innas-

547 3820 827 3880 cibilitatis
857 3820 1000 3875 Deus
1042 3830 1181 3872 unus
1210 3823 1296 3872 est
1325 3835 1339 3873 :
1370 3831 1547 3887 neque
1579 3830 1676 3887 per
1704 3814 1759 3871 id
1788 3831 1899 3873 non
1939 3824 1993 3871 et
2019 3814 2152 3873 Uni-

542 4006 722 4078 Syria,
751 4008 806 4057 ct
834 3998 1101 4078 Photinus
1126 3996 1179 4052 in
1210 3996 1425 4078 Illyrico
1445 3997 1672 4078 aliisque
1700 3993 1991 4078 provinciis
2012 3998 2143 4078 ij‘_i_l_ii

542 4068 880 4134 divinitatem
928 4069 1145 4140 penitus
1194 4068 1548 4139 reiecissent;
1581 4070 1856 4140 episcopi,
1900 4071 1991 4140 qui
2032 4071 2144 4126 illis

541 4151 789 4221 impense
815 4144 1205 4221 restiterunt,a
1222 4141 1437 4221 nostris
1459 4141 1640 4221 baberi
1668 4148 1950 4211 coeperunt
1978 4141 2144 4197 veluti

541 4209 793 4275 catholici
822 4223 877 4269 et
901 4212 1196 4269 divinitatis
1216 4209 1417 4266 Christi
1447 4209 1771 4272 defensores
1794 4230 1806 4265 :
1838 4221 1890 4266 et
1917 4225 2049 4277 tum,
2085 4222 2147 4267 ut

542 4291 781 4361 loquitur
806 4286 1100 4361 Gregorius
1122 4281 1275 4361 Nae,
1295 4281 1390 4361 _Or.
1419 4298 1540 4350 xxr,
1560 4300 1620 4337 ιι.
1644 4284 1716 4340 45
1747 4301 1760 4338 :
1787 4283 1944 4338 levior
1963 4284 2148 4355 impie-

545 4353 631 4415 tas'
650 4362 849 4429 pietatis
871 4353 1160 4429 opinionem
1184 4353 1393 4429 ferebat.

622 4424 699 4505 (ἐι)
734 4429 847 4485 Hoc
868 4424 1127 4505 Icenolim
1156 4424 1805 4505 abutebaturVinccntius
1829 4425 2141 4495 Rogatista:

542 4502 609 4558 ad
630 4496 794 4573 quem
817 4498 1170 4573 Augustinus,
1187 4497 1352 4573 epist.
1376 4496 1510 4573 alias
1540 4511 1718 4573 xui",
1752 4511 2069 4573 nuuc‘xqm,
2087 4512 2140 4551 η.

541 4575 607 4631 21
640 4567 662 4629 ε’
687 4571 877 4627 Hilarii
928 4570 1082 4623 libros
1127 4567 1253 4621 mihi
1290 4567 1529 4635 opponis,
1578 4568 1652 4619 uti
1680 4583 1830 4635 neges
1859 4567 2145 4621 Ecclesium

546 4656 851 4699 crescentem
885 4642 936 4694 in
977 4638 1210 4693 omnibus
1239 4638 1473 4707 gentibus
1512 4654 1670 4702 usque
1698 4640 1750 4690 in
1769 4638 1923 4705 ﬁnem
1946 4638 2141 4691 steculi.

2250 3262 2601 3334 periciitatur;
2630 3260 2911 3318 etostendi
2936 3261 3108 3326 vobis,
3123 3262 3265 3318 sicut
3291 3261 3560 3328 voluistis,
3587 3276 3708 3332 qua
3729 3270 3861 3318 ante

2250 3356 2510 3426 expositae
2539 3354 2674 3412 ﬁdes
2717 3363 2902 3411 essent
2941 3355 3010 3411 ab
3034 3354 3398 3412 Orientalibus
3417 3354 3708 3426 episcopis,
3759 3352 3861 3409 sed

2250 3447 2436 3520 paucis
2493 3446 2760 3518 (repetam
2807 3446 2953 3502 enim
2987 3487 3002 3512 ,
3044 3446 3167 3518 quia
3225 3444 3521 3502 secundum
3573 3457 3860 3500 numerum

2252 3538 2622 3594 Ecclesiarum
2649 3537 3030 3604 Orientalium,
3054 3538 3438 3608 episcoporum
3464 3552 3762 3608 paucorum
3789 3536 3862 3591 ﬁ-

2252 3632 2351 3689 des
2372 3631 2477 3688 ista
2496 3640 2582 3688 est
2603 3633 2657 3705 );
2688 3633 2804 3702 ipse
2830 3646 3070 3703 quoque,
3102 3632 3231 3704 quid
3258 3632 3329 3688 de
3356 3631 3556 3688 divinis
3579 3633 3748 3687 rebus
3768 3646 3861 3688 se-

2253 3726 2488 3781 cundum
2510 3724 2813 3781 doctrinam
2852 3724 3210 3794 apostolicam
3234 3724 3495 3781 sentirem
3521 3766 3537 3791 ,
3576 3724 3860 3796 professus

2254 3832 2375 3875 sum
2399 3835 2413 3872 :
2438 3818 2705 3889 reliquum
2731 3826 2837 3885 est,
2858 3828 2919 3873 ut
2948 3816 3014 3891 (i)
3045 3832 3168 3889 quae
3186 3831 3430 3875 errorem
3460 3817 3623 3875 nobis
3640 3833 3711 3874 ex
3726 3818 3861 3874 sim-

2258 4007 2437 4125 ratadm
2483 4000 2815 4125 ilmpietatem
2854 4016 2964 4058 non
3016 4001 3085 4059 de
3132 4000 3261 4058 Osio
3286 4040 3302 4068 ,
3346 3998 3443 4060 sed
3497 4000 3567 4057 de
3612 3999 3861 4058 doctrina

2258 4087 2362 4125 01⁵ίὲ
2406 4086 2481 4125 ica
2515 4113 2528 4125 .

2248 4080 2528 4142 praedicat.

2329 4141 2403 4211 (e)
2442 4144 2497 4197 In
2542 4145 2770 4214 vulgatis
2799 4151 2854 4200 et
2883 4144 3088 4212 aliquot
3119 4159 3277 4209 mss.,
3319 4143 3635 4200 conscientia
3659 4152 3706 4214 et
3730 4159 3864 4213 pro-

2251 4213 2495 4282 fessione.
2542 4212 2729 4269 Melius
2759 4216 2808 4269 in
2842 4216 3140 4283 potioribus
3187 4214 3370 4280 Colb.,
3424 4213 3614 4274 Carn..
3646 4212 3859 4281 Germ.,

2252 4287 2737 4358 et_c.,conscienti(c
2765 4287 3107 4358 professione.
3142 4285 3387 4358 Namque
3416 4286 3604 4358 alludit
3625 4284 3863 4358 Hilarius

2252 4355 2321 4410 ad
2355 4356 2498 4429 pium
2532 4354 2791 4413 Ecclesiae
2816 4354 3043 4421 morem,
3075 4372 3184 4429 quo
3210 4354 3454 4426 Syniboli
3497 4357 3655 4410 tidem
3700 4354 3865 4429 Com-

2253 4428 2550 4492 petentium
2604 4429 2753 4484 cordi
2812 4444 2923 4482 non
2971 4428 3135 4483 cartie
3186 4429 3396 4482 solebat
3445 4428 3857 4482 commendare.

2255 4496 2488 4551 Rursum
2544 4499 2610 4553 ad
2655 4499 2904 4554 eumdem
2947 4514 3152 4554 morem
3183 4500 3405 4566 respicit
3456 4499 3552 4554 lib.
3586 4498 3640 4553 in
3669 4497 3860 4552 Const.

2255 4584 2403 4640 num.
2429 4568 2481 4623 6.
2517 4569 2710 4640 Utique
2740 4580 2920 4627 autem
2951 4570 3025 4624 illi
3056 4571 3178 4627 loco
3200 4570 3523 4631 illustrando
3556 4570 3699 4623 valet
3726 4568 3864 4624 illud

2254 4636 2535 4708 Augustini
2585 4636 2760 4696 Serm.
2795 4656 2934 4697 ccxu
2967 4682 2983 4708 ,
3037 4660 3091 4695 n.
3135 4642 3211 4695 2:
3250 4640 3359 4696 Nec
3396 4651 3452 4695 at
3497 4640 3676 4695 eadem
3708 4642 3857 4697 verba

548 4715 756 4784 Quibus
803 4714 892 4767 ille
933 4706 1323 4784 respondetur.
1356 4709 1419 4763 5|
1438 4706 1624 4784 etii?
1672 4707 1805 4761 Vide
1833 4718 1886 4784 et
1921 4724 2051 4784 ‘qute
2080 4723 2143 4764 ea
2172 4719 2228 4781 D
2255 4706 2494 4784 Symboli
2523 4714 2733 4784 teneatis
2753 4755 2768 4778 ,
2799 4713 2908 4766 ulla
2958 4706 3112 4766 modo
3142 4712 3330 4766 debetis
3356 4712 3576 4766 scribere
3601 4753 3616 4784 _,
3649 4711 3739 4764 sed
3767 4727 3868 4784 (ru-7

549 4776 618 4843 tie
644 4802 701 4841 re
723 4784 1098 4838 annotavimus
1126 4779 1257 4850 (not.
1306 4780 1338 4833 b
1367 4778 1468 4832 col.
1503 4779 1607 4850 157
1628 4787 1762 4831 nost.
1790 4776 1961 4849 edit);

623 4858 695 4927 (b)
730 4853 898 4927 Editi,
928 4852 980 4904 in
1015 4848 1182 4927 prima
1212 4850 1415 4904 collatio
1435 4848 1766 4927 expositionis
1791 4848 1988 4927 synodo
2014 4850 2147 4927 ﬁdes

548 4917 689 4982 hanc,
712 4926 887 4980 habuit
916 4922 1263 4976 necessitatem
1285 4963 1302 4988 ,
1346 4936 1463 4974 cum
1489 4917 1648 4987 apud,
1686 4930 1791 4975 etc.
1819 4917 1897 4975 Ἀι
1926 4936 2055 4977 mss.
2086 4922 2144 4977 in

549 5000 714 5070 primo
741 4993 973 5070 (supple,
1003 4990 1145 5070 loco)
1171 4992 1371 5046 collatte
1397 4990 1912 5070 (Curn._conlocata:)
1943 4994 2147 5062 exposi-

547 5060 701 5127 tionis
728 5060 881 5137 ﬁdes.
905 5074 1010 5118 etc.
1042 5060 1138 5117 Hic
1160 5060 1486 5118 excusantur
1507 5062 1594 5132 qui
1625 5060 1854 5190 Ancer
1878 5060 2146 5122 convene-

548 5150 690 5190 runt.
728 5137 870 5190 uuod
894 5149 1084 5190 novam
1118 5133 1238 5188 ﬁdei
1267 5135 1663 5190 exno<itiunem
1694 5150 1720 5188 a
1765 5137 1873 5190 orsi
1899 5138 2027 5190 sint.

548 5150 691 5204 runt,
728 5133 870 5209 quod
894 5149 1084 5209 novam
1118 5133 1238 5188 ﬁdei
1267 5135 1663 5202 expasitiunem
1694 5133 1873 5192 adorsi
1899 5138 2027 5191 sint.

623 5214 699 5276 (ο)
732 5207 1082 5265 Recentiores
1106 5220 1240 5276 mss.
1261 5215 1537 5276 separatae.

624 5274 707 5353 (rt)
732 5281 787 5334 In
818 5274 1217 5353 excusis,_nihil
1240 5293 1445 5353 queror.
1473 5275 1607 5331 Cum
1641 5290 1955 5346 persuasum
1984 5279 2151 5353 habe-

548 5348 916 5409 rct'llilarius.
957 5348 1077 5404 ﬁdei
1108 5348 1514 5409 perversitatem
1546 5363 1611 5403 ex
1645 5362 1854 5404 morum
1880 5351 2150 5408 scattirire

547 5422 837 5507 pravitate,
860 5419 995 5507 adeo
1021 5418 1588 5507 ιρι’ῙῗνςλειηειιιοΔιιτρἶ
1624 5419 1707 5485 l9,
1732 5420 1914 5507 dicat}
1949 5419 2149 5507 Et‘ltoc

548 5490 619 5547 ita
646 5508 799 5565 8(8p8_
810 5502 916 5565 est,
936 5500 989 5545 ut
1020 5506 1136 5545 cum
1163 5490 1736 5565 incrementa_vitiorum
1767 5493 2067 5565 detrimenta
2088 5493 2142 5549 in

548 5561 730 5621 autore’
763 5561 857 5617 Dei
889 5562 1113 5633 fecerunt
1136 5602 1163 5633 ,_
1194 5576 1435 5617 vesanum
1465 5561 1754 5631 depravata:
1780 5564 2008 5618 scientia:
2035 5573 2143 5618 stu-

550 5637 694 5691 dium
723 5630 1014 5688 increscat:
1046 5630 1201 5687 facile
1225 5633 1453 5689 credidit
1496 5635 1635 5689 hanc
1681 5634 1795 5690 Osii
1852 5635 2145 5689 inﬁdelita-

548 5710 656 5759 tem
685 5719 793 5775 non
817 5702 981 5758 fuisse
1007 5702 1388 5775 subitamLsed
1428 5703 1683 5775 latentem
1719 5704 1830 5774 jam
1857 5706 1949 5761 diu
1975 5707 2141 5775 animi

547 5773 867 5844 pravitatem
898 5770 1219 5842 prodidisse.
1249 5772 1584 5843 Quamquam
1600 5770 1750 5833 forte
1772 5775 1912 5835 hanc
1932 5770 2140 5849 suppu-

2254 4781 2443 4836 dime
2475 4783 2792 4853 perdiscere;
2822 4799 2914 4836 nec
2942 4799 3060 4837 cum
3104 4784 3394 4837 didiceritis
3418 4825 3434 4847 ,
3485 4782 3737 4847 scribere,
3772 4781 3867 4836 sed

2254 4854 2504 4907 memoria
2533 4872 2732 4922 semper
2761 4867 2933 4909 tenere
2970 4866 3123 4923 atque
3156 4856 3400 4909 recolere.
3435 4853 3587 4920 Quod
3615 4870 3717 4908 non
3745 4853 3864 4908 licet

2253 4925 2431 4998 scribi.
2464 4927 2957 4998 commemoratiojit
2982 4925 3481 4998 promissionis‘Dei.
3512 4924 3599 4998 ubi
3627 4941 3717 4998 per
3740 4940 3867 4998 pro-

2257 4995 2462 5066 phetom
2492 4998 2844 5067 praenuntiam
2873 4993 3258 5052 Testamentum
3311 4995 3516 5051 Novum
3547 4996 3723 5067 dixit,
3742 4993 3865 5067 Hoc

2255 5076 2333 5138 est
2360 5066 2736 5135 testamentum,
2768 5068 2904 5138 quod
2935 5067 3181 5122 ordinabo
3207 5078 3319 5138 post
3349 5068 3459 5122 dies
3483 5068 3605 5121 illos
3624 5110 3639 5133 ,
3691 5066 3867 5138 dando

2255 5136 2418 5208 legem
2446 5157 2608 5193 meam
2626 5142 2681 5194 in
2708 5136 2873 5194 mente
2891 5155 3087 5205 eorum,
3112 5148 3160 5193 et
3180 5136 3234 5193 in
3259 5139 3417 5193 corde
3442 5154 3623 5192 eorum
3642 5137 3866 5208 scribam

2258 5207 2396 5282 eam.
2425 5210 2609 5282 Hujus
2637 5213 2709 5265 rei
2751 5210 3107 5282 signiﬁcanda:
3131 5227 3287 5269 causa
3307 5252 3321 5274 ,
3351 5209 3610 5265 audiendo
3638 5207 3865 5282 Synrbof

2258 5280 2370 5352 lum
2396 5277 2627 5347 dist-itur,
2658 5300 2750 5337 nec
2776 5277 2831 5337 in
2857 5277 3041 5337 tabulis
3064 5282 3142 5336 vel
3168 5284 3223 5336 in
3264 5283 3442 5352 aliqua
3481 5277 3701 5347 materiai
3722 5319 3739 5347 ,
3764 5277 3863 5335 sed

2257 5351 2313 5405 in
2343 5352 2498 5405 corde
2518 5354 2783 5409 scribitur.

2331 5420 2401 5494 (f)
2427 5423 2573 5505 .Editi
2590 5466 2607 5495 ,
2631 5426 2720 5480 sed
2746 5440 2900 5483 unam
2922 5424 3280 5480 substantiam.
3306 5423 3477 5489 Abest
3500 5437 3656 5478 unam
3672 5437 3711 5489 ,ει
3726 5434 3864 5476 ma.

2258 5498 2570 5549 nuscrintis.

2334 5563 2709 5639 (glilnmanus
2726 5568 2925 5639 codex,
2953 5568 3090 5623 alias
3108 5566 3337 5639 ﬂeginm
3354 5565 3652 5621 Christina
3670 5584 3694 5639 ς,
3720 5577 3865 5633 ἀνα

2259 5634 2425 5711 (quod
2448 5638 2615 5711 etiam
2639 5638 2803 5699 habet
2828 5634 2959 5711 Silv.
2984 5654 3014 5694 a
3032 5634 3478 5711 secundarum
3506 5652 3614 5697 non
3641 5634 3857 5707 semper.

2254 5770 2259 5775 ~
2298 5706 2306 5711 ⁷
2331 5706 2416 5778 (Ιι)
2446 5708 2500 5762 ln
2532 5717 2742 5765 vetusto
2773 5725 2873 5766 ms.
2904 5709 3086 5777 Colb.,
3110 5710 3176 5763 de
3202 5709 3306 5778 [ide
3327 5706 3462 5763 mea.

2256 5783 2268 5797 ’
2332 5778 2398 5850 (ἱ)
2427 5779 2580 5850 Bad.,
2604 5780 2699 5839 Er.
2724 5791 2781 5840 et
2804 5782 2958 5839 Min:
2987 5791 3041 5836 ut
3064 5781 3315 5853 professio
3358 5795 3476 5852 qua
3506 5790 3864 5839 erroremano-

2184 5960 2267 5969 -ι
