4270 6264
358 376 468 436 525
1137 372 1343 435 LIBER
1381 376 1471 435 DE
1508 375 1819 451 SYNODlS,
1856 372 1996 451 εει]
2036 377 2126 447 DE
2162 381 2324 443 FIDE
2350 381 2847 447 OBIENTALIUM.
3548 386 3659 453 523,

361 488 615 559 βιίεῖίθείε
638 491 928 550 securitate
970 490 1221 559 θεθτιωι,
1252 491 1592 563 ωϐηοεοδιὶε
1623 492 1742 549 sine
1779 492 1958 563 Suspi-
1983 493 2030 557 Α
2060 507 2283 567 possunt
2305 498 2471 561 videri
2484 515 2606 559 esse
2621 510 2922 569 consortes.
2944 500 3229 572 Atquinita
3245 516 3350 561 una
3365 501 3665 561 substantia

357 584 515 641 cione
555 585 765 656 aliqua;
812 588 935 656 quia
962 585 1074 655 jam
1104 601 1204 643 nec
1255 586 1442 645 relicta
1484 596 1567 641 est
1592 584 1866 657 audiendi.
1894 584 1966 639 Et
2064 587 2240 645 Patris
2266 601 2322 647 et
2347 591 2467 647 Filii
2495 594 2805 664 praedicata,
2834 603 2925 652 aut
2953 610 3114 653 unum
3161 596 3250 669 qui
3291 595 3426 652 duas
3457 611 3664 657 nuncu-

356 693 683 749 quamquam
711 678 824 750 jam
849 695 955 737 non
985 694 1174 736 verear
1194 678 1264 734 de
1288 693 1375 733 me
1410 677 1641 748 iudicari
1667 676 1963 734 secundum

359 772 757 843 expositionem
778 772 945 830 totius
967 771 1113 840 ﬁdei;
1134 780 1310 829 tamen
1336 770 1607 841 patimini,
1627 771 1782 843 (a)ut
1804 769 1964 829 velim

359 867 430 925 de
458 884 546 924 tne
572 867 770 935 adhuc,
798 867 902 923 nisi
927 866 1192 925 absolutis
1212 866 1485 943 omnibus,
1508 864 1765 936 judicari.

432 964 525 1018 67.
555 960 877 1017 Homousion
914 961 1121 1032 quando
1149 970 1284 1017 recte
1308 958 1871 1030 ρνωάὶεειιιν.-Μιι1ιί
1899 973 1967 1016 ex

366 1055 548 1122 nobis,
577 1054 794 1111 Fratres
822 1053 1151 1119 chariSsimi,
1180 1052 1250 1113 ita
1283 1068 1442 1109 unam
1474 1052 1831 1117 substantiam
1860 1051 1965 1107 Pa-

364 1149 463 1205 tris
490 1157 545 1203 et
572 1146 695 1203 Filii
718 1146 1040 1216 praedicant,
1066 1157 1123 1201 ut
1149 1146 1318 1205 videri
1340 1147 1551 1216 possint
1577 1162 1683 1203 nou
1708 1147 1882 1218 magis
1906 1146 1959 1202 id

364 1241 449 1311 pie
476 1254 639 1309 quam
661 1238 827 1308 impie
861 1236 1155 1307 praedicare
1186 1255 1199 1290 :
1232 1236 1395 1293 habet
1419 1240 1565 1295 enim
1601 1236 1704 1293 hoc
1741 1238 1967 1293 verbum

364 1333 417 1388 in
446 1347 510 1389 se
535 1342 591 1389 et
614 1330 740 1389 ﬁdei
766 1330 1180 1395 conscientiam,
1210 1342 1265 1388 et
1283 1329 1523 1391 fraudem
1544 1341 1808 1401 paratam.
1832 1329 1967 1385 Nam

360 1425 406 1481 si
435 1422 739 1485 secundum
771 1430 978 1479 natura:
1005 1421 1393 1495 proprietatem
1421 1436 1483 1483 ac
1508 1421 1923 1479 similitudinem
1948 1462 1964 1488 ,

362 1525 422 1575 ut
445 1516 744 1575 similitudo
768 1532 871 1572 non
896 1516 1138 1585 speciem
1160 1513 1240 1587 (ὁ)
1266 1514 1433 1575 solam
1449 1513 1659 1587 aﬁerat,
1678 1514 1774 1569 sed
1795 1527 1971 1585 genus

364 1619 580 1675 teneat;
640 1609 896 1679 religiose
943 1624 1103 1665 unam
1162 1607 1522 1665 substantiam
1562 1609 1921 1679 praedicamus
1948 1649 1966 1677 ,

364 1702 662 1761 dummodo
690 1718 850 1765 unam
895 1702 1250 1761 substantiam
1281 1702 1629 1774 preprietatis
1661 1701 1971 1758 similitudi-

2066 695 2127 755 pa
2139 682 2309 739 tiones
2335 683 2531 740 habeat
2560 687 2945 749 subsistentem
2972 687 3275 760 signiﬁcat;
3321 697 3409 749 aut
3437 689 3667 751 divisam

2068 788 2227 835 unam
2258 776 2638 847 substantiam,
2670 779 2803 841 duas
2822 780 3168 850 imperfectas
3198 779 3392 841 iecisse
3412 781 3670 845 substan-

2067 867 2190 937 tias;
2221 879 2315 925 aut
2343 870 2555 933 tertiam
2584 871 2816 942 priorem
2842 871 3226 941 substantiam,
3252 887 3375 944 quae
3398 889 3427 927 a
3459 873 3672 935 duobus

2068 972 2122 1021 et
2150 971 2405 1034 usurpata
2434 965 2504 1021 sit
2527 973 2582 1021 et
2602 973 2899 1038 assumpta,
2930 981 3048 1041 quae
3078 966 3285 1023 idcirco
3312 983 3414 1022 una
3438 966 3666 1035 dicatur,

2068 1057 2193 1128 quia
2214 1057 2267 1112 in
2282 1057 2417 1116 duas
2444 1074 2544 1117 una
2559 1058 2775 1119 desecta
2799 1059 2889 1119 sit.
2910 1059 2982 1119 Et
2998 1060 3089 1119 ubi
3110 1069 3232 1130 post
3249 1059 3365 1116 haec
3380 1059 3669 1121 nativitas?

2070 1148 2172 1209 Ubi
2195 1149 2379 1216 Pater,
2400 1150 2487 1207 ubi
2515 1150 2682 1215 Filius
2705 1151 3060 1225 intelligitur;
3095 1151 3137 1208 si
3164 1151 3378 1206 Patrem
3406 1151 3668 1206 etFilium

2070 1243 2152 1299 vel
2180 1242 2424 1303 desectio
2456 1245 2634 1321 potius
2658 1286 2675 1317 ,
2719 1244 2803 1303 vel
2832 1244 3119 1305 anterioris
3164 1244 3481 1305 substantia:
3515 1258 3670 1298 com-

2070 1336 2277 1402 munio,
2310 1354 2470 1407 quam
2501 1349 2705 1401 natura:
2734 1341 2991 1403 nativitas
3020 1338 3368 1413 prmdieabit?

2144 1431 2234 1489 69.
2269 1431 2589 1491 Homousiou
2612 1450 2711 1504 quo
2738 1434 2852 1493 loco
2881 1442 2990 1493 tnto
3010 1434 3326 1509 proferatur.
3374 1463 3448 1473 —
3498 1431 3553 1491 In
3584 1432 3673 1489 his

2070 1523 2233 1597 igitur
2269 1533 2345 1579 tot
2374 1534 2429 1581 et
2459 1534 2565 1583 tam
2598 1526 2850 1596 gravibus
2877 1524 3001 1589 ﬁdei
3036 1525 3290 1599 periculis
3312 1567 3327 1591 ,
3372 1524 3666 1581 verborum

2072 1616 2307 1675 brevitas
2332 1617 2683 1693 temperanda
2709 1627 2792 1675 est
2818 1635 2832 1683 ;
2882 1633 2953 1681 ne
2974 1619 3138 1687 impie
3165 1617 3268 1675 dici
3298 1617 3670 1685 existimetur,

2072 1712 2215 1781 quod
2247 1711 2334 1781 pie
2361 1710 2681 1781 intelligitur
2700 1728 2718 1771 ε
2740 1726 2811 1771 ne
2827 1725 3014 1777 secura
3040 1721 3199 1781 atque
3222 1710 3509 1769 innocente
3537 1725 3673 1765 con-

360 1812 492 1854 nem
512 1795 911 1865 ἱιιωηίϐεαωε,
944 1806 1003 1849 ιιι
1034 1794 1173 1866 θυοδ
1202 1811 1370 1859 unum
1392 1804 1556 1861 sum.
1598 1811 1705 1855 twn
1733 1795 1971 1866 singula-
2073 1802 2318 1868 scientia,
2350 1816 2446 1872 per
2466 1803 2810 1867 occasionem
2839 1802 3146 1865 hmreticam
3173 1844 3190 1875 ,
3216 1818 3338 1859 reus
3366 1817 3546 1863 sermo
3574 1801 3672 1857 sit.

361 1902 475 1945 rem
505 1886 1174 1958 signiﬁcet,sul;euuales.
1194 1885 1580 1963 IEqualitatem
1608 1886 1748 1950 dico,
1781 1885 1833 1943 id
1862 1892 1963 1952 est,

2078 1896 2325 1951 Dicturus
2346 1909 2504 1951 unam
2523 1894 2827 1955 catholicus
2848 1896 3207 1959 substantiam
3238 1896 3417 1961 Patris
3438 1905 3493 1951 et
3522 1894 3673 1963 Filii.

362 1977 780 2041 indiﬁ‘erentiam
831 1979 1224 2048 similitudinis,
1272 1990 1333 2034 ut
1370 1980 1673 2037 similitudo
1702 1979 1971 2035 habeatur
2072 2002 2181 2047 non
2211 1987 2338 2049 inde
2374 1988 2630 2058 incipiat:
2677 2003 2855 2058 neque
2891 1987 2996 2047 hoc
3046 1989 3198 2067 quasi
3248 1990 3541 2063 maximum
3591 1998 3673 2043 te-

358 2071 683 2143 mortalitas;
736 2071 1017 2142 aequalitas
1048 2086 1177 2127 vero
1204 2086 1368 2127 unum
1413 2070 1614 2129 idcirco
1662 2070 1733 2146 (e)
1762 2070 1971 2127 dicatur
2070 2084 2231 2141 neat,
2284 2087 2553 2153 tamquam
2604 2079 2725 2141 sine
2752 2079 2856 2139 hoc
2901 2095 3028 2141 vera
3059 2079 3194 2136 ﬁdes
3220 2080 3363 2136 nulla
3394 2081 3482 2136 sit.
3529 2080 3673 2135 Tuto

358 2182 503 2232 esse,
534 2169 660 2238 quia
689 2182 790 2238 par
815 2166 907 2231 sit;
934 2181 1098 2221 unum
1128 2174 1331 2226 autem.
1367 2166 1417 2221 itt
1449 2180 1557 2237 quo
1576 2180 1671 2239 par
1698 2164 1972 2235 signiﬁca-
2074 2186 2234 2233 unam
2263 2169 2623 2231 substantiam
2677 2170 2855 2237 dicet,
2893 2187 3017 2233 cum
3059 2180 3185 2227 ante
3227 2171 3460 2235 dixerit,
3512 2172 3677 2226 Pater

360 2269 469 2327 tur,
503 2274 611 2315 non
635 2257 702 2317 ad
726 2258 944 2315 unicum
968 2256 1438 2313 vendicetur.lina
1459 2256 1623 2329 igitur
1638 2256 1966 2323 substantia,
2075 2263 2345 2332 ingenitus
2396 2271 2518 2331 est;
2567 2261 2736 2323 Filius
2777 2269 2937 2323 natus
2969 2272 3084 2331 est,
3117 2262 3363 2318 subsistit
3390 2278 3455 2321 ex
3485 2261 3673 2331 Patre,

359 2351 406 2407 si
447 2368 553 2407 non
584 2367 872 2421 personam
902 2350 1295 2408 subsistentem
1338 2352 1607 2423 perimat,
1662 2367 1764 2411 nec
1810 2367 1969 2409 unam
2072 2354 2221 2419 Patri
2246 2355 2442 2413 similis
2462 2362 2548 2412 est
2571 2356 2792 2421 virtute,
2827 2354 3052 2423 honore,
3077 2364 3289 2411 natura.
3342 2354 3486 2415 Patri
3541 2355 3675 2410 sub-

358 2445 720 2502 substantiam
751 2446 999 2515 partitam
1033 2444 1088 2499 in
1118 2444 1254 2503 duos
1281 2443 1519 2511 dividat,
1548 2444 1803 2519 religiose
1831 2460 1963 2516 prae-

356 2538 629 2601 dicabitur
665 2554 832 2607 :quze
877 2551 945 2593 ex
976 2537 1271 2593 nativitatis
1300 2536 1648 2606 proprietate,
1690 2545 1747 2592 et
1773 2552 1839 2593 ex
1875 2552 1970 2591 na-

358 2640 496 2686 tura:
543 2628 898 2686 similitudine
951 2627 1024 2687 ita
1074 2625 1391 2687 indiﬁerens
1423 2628 1528 2697 sit,
1572 2636 1633 2684 ut
1675 2644 1781 2685 una
1816 2627 1970 2689 dica-

366 2731 471 2777 tur.

432 2812 521 2870 68.
558 2811 712 2868 Vocis
734 2812 963 2884 ejusdem
986 2810 1175 2882 triplex
1199 2828 1379 2868 sensus
1408 2828 1619 2881 pravus.
1644 2842 1713 2852 —
1737 2809 1807 2865 At
1842 2826 1969 2867 vero

358 2910 403 2966 si
432 2908 640 2971 ideirco
663 2908 823 2965 unius
850 2907 1171 2963 substantiae
1193 2907 1353 2962 Pater
1373 2917 1427 2960 et
1453 2904 1624 2960 Filius
1650 2904 1883 2973 dicatur,
1914 2913 1971 2961 ut

358 3001 451 3059 hic
468 3002 796 3067 subsistens,
816 3000 920 3063 sub
930 2999 1325 3071 signiﬁcatione
1344 2998 1472 3053 licet
1486 2997 1647 3053 duum
1660 2997 1966 3061 nominum,

358 3108 504 3153 etans
546 3108 610 3151 ac
652 3093 804 3151 solus
854 3092 966 3147 sit:
1008 3090 1320 3147 confessum
1359 3089 1576 3145 nomine
1602 3087 1801 3147 Filium
1831 3103 1965 3144 con-

2063 2445 2248 2519 jeCtus
2276 2456 2383 2513 est,
2416 2458 2473 2505 ut
2494 2448 2701 2509 auctori
2727 2465 2740 2500 :
2799 2463 2902 2503 nec
2928 2463 2988 2503 se
3019 2463 3115 2519 per
3141 2449 3379 2519 rapinam
3409 2447 3541 2514 Deo,
3575 2464 3673 2503 cu-

2069 2538 2155 2610 jus
2182 2539 2236 2593 in
2256 2538 2428 2595 forma
2460 2523 2733 2605 manebat,
2761 2538 3034 2610 aequavit;
3094 2537 3357 2595 obediens
3401 2554 3570 2609 usque
3599 2538 3669 2592 ad

2073 2637 2301 2685 mortem
2334 2630 2454 2684 fuit.
2513 2629 2630 2684 Non
2681 2640 2762 2685 est
2802 2644 2871 2684 ex
2911 2629 3108 2696 nihilo,
3158 2628 3255 2683 sed
3300 2627 3372 2699 (ι’)
3422 2627 3680 2684 nativitas;

2072 2730 2175 2781 est.
2223 2720 2338 2776 Non
2367 2730 2453 2777 est
2477 2721 2848 2791 innascibilis,
2895 2720 2990 2777 sed
3035 2721 3496 2792 eointemporalis.
3547 2720 3670 2779 Non

2071 2822 2154 2868 est
2181 2823 2356 2883 pater,
2389 2811 2481 2867 sed
2509 2828 2572 2867 ex
2601 2827 2668 2868 eo
2693 2811 2834 2867 ﬁlius
2861 2823 2965 2867 est.
2996 2811 3112 2867 Non
3147 2820 3231 2867 est
3258 2812 3434 2880 portio
3464 2812 3668 2882 aliqua,

2073 2905 2170 2973 sed
2204 2915 2348 2960 totus
2374 2915 2479 2961 est.
2527 2905 2641 2960 Non
2686 2913 2771 2959 est
2794 2913 2982 2959 auctor
3004 2906 3117 2976 ipse
3147 2949 3161 2973 ,
3206 2905 3300 2961 sed
3343 2907 3519 2976 imago
3541 2915 3669 2962 est:

2074 2998 2249 3070 imago
2279 2998 2370 3054 Dei
2418 3014 2484 3054 ex
2510 2999 2619 3054 Deo
2659 2999 2711 3054 in
2744 2998 2911 3054 Deum
2942 3009 3089 3054 nata.
3136 2998 3251 3054 Non
3283 3010 3364 3055 est
3395 3010 3666 3071 creatura,

2071 3090 2164 3145 sed
2197 3089 2336 3149 Deus
2365 3097 2466 3147 est.
2537 3089 2651 3145 Non
2680 3091 2817 3144 alter
2847 3090 2987 3145 Deus
3018 3091 3069 3145 in
3100 3106 3299 3160 genere
3323 3078 3663 3159 substantiae,

614 3200 723 3247 non
744 3195 1017 3253 tenemus,
1043 3184 1093 3239 si
1124 3198 1284 3239 unam
1316 3181 1674 3241 substantiam
1705 3179 1969 3237 conﬁten—
2070 3182 2163 3237 sed
2198 3198 2335 3237 unus
2361 3182 2498 3237 Deus
2518 3197 2613 3253 per
2635 3182 2949 3253 substantiae
2970 3182 3325 3239 indifferentis
3350 3185 3664 3241 essentiam.

360 3287 447 3335 tes
476 3278 653 3349 ipsum
678 3276 785 3337 sibi
814 3276 1029 3333 unicum
1058 3290 1124 3335 ac
1164 3274 1489 3344 singularem
1520 3284 1573 3330 et
1601 3273 1817 3330 Patrem
1845 3287 1968 3329 ese
1988 3260 2039 3328 C
2070 3273 2187 3329 Non
2222 3289 2449 3347 persona
2488 3274 2626 3329 Deus
2654 3252 2791 3329 unus
2821 3283 2924 3337 est,
2975 3273 3071 3329 sed
3104 3285 3295 3330 natura
3323 3293 3335 3327 :
3379 3276 3505 3347 quia
3530 3276 3669 3333 nihil

276 3412 299 3421 -
356 3370 595 3431 dicimus
620 3382 678 3427 et
707 3368 923 3427 Filium.
948 3368 1087 3438 Quin
1104 3368 1268 3425 etiam
1296 3377 1352 3425 et
1372 3367 1535 3443 hujus
1564 3366 1646 3439 (ά)
1673 3369 1854 3425 statim
1878 3383 1965 3422 er-

365 3464 506 3529 roris
525 3461 759 3525 occurrit
776 3460 995 3527 occasio
1017 3501 1032 3527 ,
1077 3468 1134 3517 ut
1158 3458 1362 3515 divisus
1380 3475 1413 3521 a
1432 3474 1556 3517 sese
1582 3459 1743 3517 Pater
1768 3459 1965 3516 intelli-

354 3570 533 3631 gatur,
564 3568 619 3613 et
645 3565 850 3628 partem
898 3554 1211 3611 exsecuisse
1237 3571 1354 3624 qua:
1400 3563 1548 3611 esset
1582 3554 1685 3611 sibi
1717 3553 1877 3609 ﬁlius.
1904 3552 1963 3609 ld

354 3651 504 3707 enim
536 3649 774 3705 haeretici
828 3662 988 3703 unam
1028 3646 1381 3707 substantiam
1426 3644 1782 3715 prsedicantes
1825 3658 1960 3701 con-

359 3742 589 3803 tendunt
621 3759 633 3794 :
667 3748 723 3797 et
745 3741 828 3797 his
860 3739 1087 3797 multum
1116 3738 1219 3811 piae
1236 3735 1597 3801 confessionis
1627 3746 1828 3797 nostrae
1848 3752 1964 3795 ser-

354 3850 451 3899 mo
471 3834 767 3899 blanditur,
790 3842 850 3891 ut
868 3832 995 3888 dutn
1026 3832 1129 3888 hoc
1146 3831 1368 3889 verbum
1389 3828 1669 3886 indeﬁnita
1700 3830 1962 3886 brevitate

357 3928 583 3984 dubium
612 3936 714 3992 est,
743 3927 983 3997 proﬁciat
1012 3924 1078 3981 ad
1101 3940 1364 3980 errorem.
1394 3924 1494 3981 Est
1524 3934 1784 3995 praeterea
1808 3939 1960 3980 error

358 4019 450 4077 hic
474 4020 635 4095 50]
656 4020 869 4086 tertius.
891 4028 948 4077 ut
967 4033 1090 4079 cum
1115 4018 1276 4079 unius
1293 4017 1604 4073 substantiae
1620 4016 1778 4073 Pater
1800 4024 1855 4075 et
1879 4015 1964 4071 Fi-

356 4114 466 4175 lius
506 4128 628 4173 esse
670 4113 899 4181 dicatur,
948 4109 1241 4182 signiﬁcari
1290 4110 1633 4166 existimetur
1658 4108 1959 4177 substantia

356 4206 528 4276 prior,
557 4218 717 4279 quam
752 4203 894 4267 inter
920 4218 981 4258 se
1006 4202 1111 4258 duo
1155 4216 1309 4271 pares
1339 4201 1574 4259 habeant
1599 4219 1611 4256 :
1645 4216 1710 4257 ac
1737 4201 1817 4257 sic
1845 4210 1961 4258 tres

354 4312 451 4355 res
481 4310 660 4361 sermo
687 4293 1343 4365 signiﬁcet,sub5tantiam
1370 4303 1629 4360 uuam,ct
1650 4292 1787 4351 duos
1801 4294 1959 4361 unius

354 4386 673 4449 subeuntia:
696 4386 839 4445 velut
870 4384 1204 4441 coheredes.
1232 4383 1302 4442 Ut
1336 4384 1479 4445 enim
1511 4384 1825 4441 eohaeredes
1853 4385 1959 4441 duo

353 4488 499 4543 sunt,
530 4486 585 4533 et
612 4477 897 4531 hcet-editas
926 4475 1165 4532 anterior
1190 4485 1274 4531 est
1300 4481 1454 4546 cujus
1476 4477 1583 4533 duo
1621 4487 1748 4533 sunt
1773 4478 1952 4534 cohae-

353 4570 510 4629 redes
536 4589 553 4627 ι
582 4569 656 4627 ita
687 4570 842 4627 unius
869 4567 1186 4633 substantiae
1213 4570 1500 4633 anterioris
1545 4570 1651 4626 duo
1697 4570 1769 4645 (e)
1800 4587 1958 4645 pares

2068 3366 2122 3421 in
2155 3384 2214 3423 se
2231 3367 2281 3421 di
2295 3383 2504 3422 versum
2529 3381 2592 3420 ac
2615 3366 2877 3421 dissimile
2903 3365 3100 3421 habeat
3127 3376 3283 3423 natus
3302 3376 3357 3422 et
3376 3382 3664 3439 generans.

2069 3459 2139 3516 Et
2168 3469 2286 3528 post
2318 3463 2432 3513 haec
2455 3500 2469 3524 ,
2526 3473 2684 3513 unam
2731 3457 3086 3512 substantiam
3135 3457 3310 3513 Patris
3353 3467 3407 3513 et
3431 3457 3551 3515 Filii
3580 3459 3666 3514 di-

2068 3552 2259 3618 cendo,
2305 3567 2410 3605 non
2433 3559 2587 3605 errat
2619 3567 2633 3603 :
2682 3557 2773 3604 aut
2795 3564 2955 3604 unam
2980 3548 3341 3604 substantiam
3388 3549 3659 3620 negando,

2062 3644 2172 3715 jam
2204 3651 2406 3713 peccat.

2140 3741 2229 3796 70.
2262 3738 2344 3792 Ne
2367 3736 2502 3791 mule
2523 3748 2569 3792 et
2589 3743 2704 3789 ante
2725 3734 2828 3789 alia
2850 3734 3181 3807 prwdicetur.
3205 3764 3274 3774 —
3294 3732 3467 3790 Nemo
3484 3734 3664 3805 itaque

2061 3848 2224 3895 ,unam
2250 3830 2605 3886 substantiam
2630 3827 2811 3898 negari
2841 3842 2869 3880 a
2893 3827 3050 3882 nobis
3072 3835 3257 3897 putet:
3280 3826 3434 3897 cujus
3461 3825 3666 3883 ideirco

2064 3923 2204 3978 ratio
2234 3919 2540 3976 ostenditur
2570 3961 2584 3985 ,
2630 3932 2697 3972 ne
2740 3927 2983 3988 negetur.
3022 3916 3194 3973 Nemo
3220 3933 3381 3974 unam
3409 3917 3664 3974 substann

2067 4014 2191 4068 tiam
2215 4012 2366 4067 brevi
2388 4026 2451 4066 ac
2479 4008 2620 4065 nudo
2650 4024 2901 4064 sermone
2931 4016 3085 4078 putet
3118 4010 3553 4081 praedicandam:
3596 4021 3660 4067 ut

2064 4106 2235 4177 possit
2249 4106 2497 4174 religiose
2523 4103 2626 4160 dici
2644 4119 2745 4158 una
2773 4118 2895 4159 esse
2907 4104 3230 4161 subatantia.
3260 4104 3375 4159 Non
3395 4107 3540 4161 enim
3552 4120 3656 4177 ego

2060 4192 2243 4265 audio,
2262 4195 2511 4252 Christus
2552 4212 2616 4251 ex
2645 4195 2807 4251 Maria
2832 4206 2988 4250 natus
3018 4196 3177 4273 502
3200 4206 3311 4263 est;
3344 4199 3444 4253 nisi
3483 4208 3538 4253 et
3564 4214 3661 4254 ιιιιο

2061 4292 2203 4348 diam
2232 4331 2245 4357 ,
2305 4289 2373 4343 In
2393 4289 2648 4361 principio
2676 4297 2784 4342 erat
2823 4287 3043 4343 Verbum
3066 4300 3112 4344 et
3132 4287 3272 4344 Deus
3294 4300 3402 4344 erat
3437 4288 3660 4346 Verbum

2062 4382 2241 4458 (Joan.
2291 4396 2330 4449 ι,
2360 4378 2434 4452 ι).
2480 4379 2596 4434 Νοιι
2620 4378 3133 4447 audiam,(2hristus
3156 4382 3524 4454 (g)esurivit;
3554 4382 3662 4439 nisi

2061 4484 2181 4548 post
2210 4474 2560 4546 quadraginta
2595 4472 2805 4528 dierum
2840 4473 3103 4544 jejunium
3144 4475 3381 4541 audiam,
3436 4474 3562 4530 Non
3600 4477 3658 4529 in

2058 4585 2189 4644 pane
2213 4569 2322 4625 solo
2350 4567 2468 4622 vivit
2500 4567 2651 4620 homo
2679 4564 2896 4639 (Matth.
2924 4581 2994 4631 tv,
3020 4564 3103 4637 4).
3145 4565 3263 4621 Non
3295 4566 3533 4633 audiam,
3583 4568 3660 4625 si-

351 4731 722 4814 όὶρρερενρςτε
747 4726 944 4809 videtur
968 4726 1318 4814 simplicitatis
1348 4744 1411 4814 ea:
1445 4744 1683 4814 sermone
1704 4731 1812 4814 sine
1833 4747 1948 4812 stt:-
1973 4735 2029 4797 D
2125 4726 2199 4802 (ε)
2222 4728 2296 4810 ιιι
2350 4727 2613 4809 vulgatis,
2661 4728 2893 4814 dicitur.‘
2913 4727 3109 4814 Verius
3147 4727 3200 4814 in
3245 4743 3376 4786 mss.
3430 4730 3655 4797 dicatur,

486 4817 552 4861 ne
583 4799 785 4869 aliqua,
813 4798 935 4864 quia
952 4799 1065 4866 jam
1103 4815 1195 4853 uec
1236 4800 1396 4854 relata
1423 4809 1528 4865 est,
1562 4801 1818 4856 audienda
1857 4802 1942 4855 sit.

486 4819 552 4861 ne
583 4819 785 4869 μιιιιμια,
813 4819 935 4864 qum
952 4819 1065 4866 jam
1103 4819 1195 4853 uec
1236 4819 1396 4854 rerum
1423 4819 1528 4865 εει,
1562 4819 1818 4856 auutettaa
1857 4819 1942 4855 διι.

348 4819 498 4941 ῧῖῗ.
529 4879 584 4929 et
606 4871 734 4941 Par.
762 4883 776 4922 :
804 4878 859 4924 ut
901 4884 1017 4939 qua:
1042 4885 1264 4923 errorem
1307 4871 1444 4927 vobis
1493 4887 1554 4926 ea:
1600 4871 1948 4939 simplicitatis

348 4938 890 5014 securitateaﬂeruut,
915 4938 1234 5014 agnoscatis
1254 4942 1732 5014 sine_sciscitatione
1749 4943 1942 5014 aliqua,

384 5017 470 5073 tua
489 5015 717 5084 jamiuec
739 5010 916 5065 relicta
937 5020 1011 5084 est
1046 5012 1326 5067 audientia.
1359 5011 1701 5084 Castigautur
1721 5029 1785 5067 ex
1811 5010 1943 5069 mss.

382 5081 572 5143 .‘imeus
606 5083 859 5146 llilarius,
890 5097 956 5135 ne
982 5081 1124 5137 forte
1165 5085 1306 5139 male
1327 5081 1544 5149 audiat}
1588 5083 1677 5138 ubi
1703 5084 1948 5140 homoeo-

349 5157 468 5215 sion
498 5157 671 5225 prima
696 5151 871 5225 fronte
900 5153 1218 5225 approbare
1244 5154 1531 5222 videbitur,
1556 5155 1798 5225 quamvis
1830 5164 1947 5223 post

351 5236 458 5299 tam
502 5221 760 5299 disertam
784 5221 916 5299 ﬁdei
956 5221 1066 5281 sua:
1106 5221 1537 5299 declarationem
1572 5221 1716 5278 nulla
1759 5221 1945 5281 rel—icta

351 5298 421 5357 an
462 5298 608 5361 male
642 5293 892 5359 audiendi
941 5295 1176 5363 occasio,
1208 5294 1315 5359 bis
1346 5296 1523 5353 verbis
1553 5310 1766 5355 omnem
1815 5313 1845 5353 a
1894 5313 1953 5353 se

351 5368 715 5439 suspicionem
752 5380 1005 5439 amovere
1018 5420 1021 5423 .
1036 5374 1212 5431 curat.

650 5452 781 5520 mss:
828 5434 931 5520 nisi
971 5439 1114 5520 quod
1142 5446 1195 5495 in
1226 5438 1528 5503 recentiore
1548 5436 1735 5504 οδω..
1766 5448 1822 5495 ιιι
1852 5454 1952 5494 non

350 5498 528 5571 veliti.
546 5498 629 5571 λι
642 5498 799 5574 editi,
822 5519 880 5567 tu
903 5498 1081 5569 nolint.

421 5580 503 5653 (εὖ)
535 5581 687 5655 Βωκ-
708 5590 829 5649 post
855 5576 1118 5655 Lipsium,
1149 5582 1368 5654 speciem
1397 5578 1827 5655 suamnReetius
1861 5581 1950 5655 alii

352 5650 515 5725 lihri,
550 5650 770 5723 speciem
814 5650 1257 5725 solum;ﬂid__e'st,
1299 5668 1461 5711 uuam
1508 5650 1873 5725 substantiam
1908 5652 1953 5725 si

350 5722 1249 5797 pradicmuscumsimilitudine,
1274 5740 1399 5797 qua:
1420 5739 1524 5785 non
1549 5723 1773 5783 formam
1801 5722 1955 5787 dunt:

353 5788 503 5874 isset
522 5788 834 5874 externam,
862 5788 963 5859 sed
992 5788 1045 5851 et
1069 5788 1244 5865 genus
1266 5788 1329 5855 a'c
1350 5805 1600 5861 naturam
1635 5805 1838 5866 teneat,
1864 5810 1957 5859 ,ιπε-

354 5864 548 5937 ligiose
575 5862 956 5935 praedicamus.

2055 4798 2344 4874 praepesita
2377 4798 2523 4869 prius
2553 4800 2814 4867 particula
2839 4808 2894 4853 ut
2923 4799 2975 4853 id
3009 4801 3335 4869 postulante.

2124 4892 2214 4967 (αλ
2243 4890 2335 4947 Sic
2362 4905 2493 4946 mss.
2523 4890 2593 4944 At
2621 4890 2775 4967 editi,
2805 4890 2964 4967 hujus
2985 4892 3127 4967 tanti
3153 4891 3359 4967 erroris.
3379 4892 3525 4967 __lilox
3556 4908 3653 4967 eo:

2180 4962 2363 5087 Rom;
2397 4977 2459 5017 ea:
2482 4978 2534 5017 se
2556 4964 2792 5016 secuisse.
2820 4958 3040 5028 confer,
3083 4962 3127 5018 si
3165 4961 3336 5029 lubet,
3379 4963 3472 5020 lib.
3505 4980 3556 5019 tv
3585 4964 3652 5022 de

2100 5050 2201 5089 rm.
2232 5049 2289 5087 η.
2364 5073 2377 5087 .
3149 5069 3152 5073 ε

2100 5050 2201 5089 1⁸111.
2232 5049 2289 5087 η.
2324 5049 2377 5087 4.
3149 5069 3152 5073 ε

2124 5122 2195 5195 (ε)
2236 5122 2351 5178 Vox
2381 5137 2529 5195 pares
2548 5137 2669 5179 eum
2698 5123 2943 5194 sequenti
2976 5124 3143 5183 verbo
3168 5141 3277 5180 esse
3310 5123 3656 5193 desideratur

2055 5196 2109 5250 in
2142 5193 2288 5265 prius
2320 5193 2570 5263 vulgatis.

2129 5285 2198 5358 (ι’)
2231 5285 2465 5354 Lipsius,
2501 5301 2573 5358 τιεΔ
2595 5294 2713 5355 post
2735 5302 2857 5340 eum
2886 5285 3035 5358 Pan,
3069 5287 3160 5343 Sed
3189 5299 3341 5344 natus
3374 5302 3447 5346 est
3493 5311 3512 5349 :
3539 5311 3647 5352 non

2057 5355 2185 5423 alio
2223 5370 2387 5411 sensu
2419 5397 2432 5423 ,
2483 5355 2577 5411 sed
2637 5365 2813 5417 tamen
2865 5357 3070 5426 absque
3123 5364 3464 5423 auctoritate.
3522 5360 3652 5424 Pes.

2059 5429 2192 5491 sime
2232 5438 2409 5483 autem
2447 5437 2630 5497 postea
2659 5428 3056 5499 contemporalis
3096 5444 3217 5485 cum
3246 5434 3464 5504 reliquis
3488 5437 3650 5495 editis

2057 5506 2243 5564 habet.

2132 5579 2210 5660 (ρ)
2249 5577 2434 5635 Obiter
2461 5576 2752 5660 observare
2774 5585 2877 5639 est.
2907 5591 3066 5660 quam
3100 5596 3204 5635 non
3236 5591 3394 5660 neget
3418 5582 3656 5660 Hilarius

2060 5647 2334 5722 Christum
2362 5647 2639 5722 esuriisse,
2663 5648 2863 5722 sitisse,
2886 5647 2940 5706 et
2958 5664 3174 5722 passum
3208 5647 3331 5709 esse
3353 5656 3650 5711 secundum

2066 5720 2336 5775 hominem
2364 5737 2377 5772 :
2406 5719 2532 5773 dum
2562 5722 2687 5791 haec,
2707 5721 2777 5783 ita
2810 5719 3143 5791 considerari
3170 5724 3303 5790 vult,
3348 5738 3406 5791 ut
3437 5726 3577 5781 aliud
3602 5729 3656 5783 in

2066 5807 2131 5848 eo
2160 5791 2497 5857 attendatur,
2550 5790 2693 5865 quod
2721 5806 2941 5863 prorsus
2973 5808 3166 5866 expers
3199 5806 3316 5853 erat
3343 5790 3657 5868 hujusmodi

2070 5861 2434 5919 affectionem.

2070 5876 2434 5919 auccuonum.
