4270 6264
674 404 781 461 527

1762 426 1771 438 -
1867 397 2111 457 SANCTI
2153 399 2408 458 lllLARll
2447 398 2757 460 EPISCOPI

3869 390 3975 462 528

673 519 834 587 tivit;
887 519 989 575 nisi
1015 518 1248 585 audiam,
1292 515 1393 583 Qui
1414 515 1594 572 biberit
1620 516 1684 572 de
1705 531 1856 588 aqua,
1881 534 2032 589 quam
2063 533 2155 589 ego
2183 519 2269 571 de-
2296 520 2349 582 A
2378 517 2743 575 Praedicantes
2770 517 2973 589 itaque,
3003 517 3225 574 Fratres
3253 516 3580 583 charissimi,
3616 517 3848 573 similem
3880 517 3976 573 Fi-

674 616 798 670 dero
834 615 917 682 ei,
976 630 1078 668 non
1105 614 1241 668 sitiet
1279 613 1333 665 in
1364 622 1609 668 a’ternum
1637 611 1820 684 (Joan.
1856 628 1940 679 tv,
1998 613 2110 681 l5).
2156 612 2272 668 Non

670 707 909 773 audiam,
937 704 1186 761 Christus
1213 719 1406 775 passus
1430 715 1513 761 est
1537 723 1551 770 ;
1597 705 1701 761 nisi
1724 704 1937 761 audiam
1964 746 1979 771 ,
2019 703 2172 760 Nunc
2201 716 2274 760 est

671 798 801 851 hora
851 805 905 851 ut
947 795 1118 851 Filius
1169 796 1391 851 hominis
1440 795 1754 866 clari/icetur
1788 795 1969 869 (Joan.
1995 811 2105 864 ιιι,
2150 795 2269 868 2ἰ).

662 886 786 945 Non
819 888 1054 956 audiam,
1089 898 1334 945 mortuus
1361 897 1483 955 est;
1545 888 1647 944 nisi
1674 888 1910 954 audiam,
1945 887 2269 943 resurrexit.

666 979 813 1037 Nihil
842 982 1144 1037 solitarium
1185 998 1253 1039 ex
1282 982 1481 1038 divinis
1505 982 1860 1038 sacramentis
1896 981 1964 1038 ad
2000 981 2268 1053 suspicio-

660 1094 792 1135 nem
813 1079 1149 1136 audieutium
1179 1088 1233 1137 et
1270 1080 1339 1135 ad
1385 1080 1733 1137 occasionem
1774 1079 2266 1150 blasphemantium

662 1171 1021 1243 proferamus.
1098 1173 1243 1229 Ante
1287 1173 1543 1230 nativitas
1593 1173 1759 1241 Filii,
1800 1181 1928 1229 ante
1977 1172 2264 1243 subiectio,

659 1277 789 1320 ante
815 1264 1114 1321 similitudo
1136 1275 1341 1322 natura:
1364 1264 1709 1337 praedicanda
1735 1272 1849 1321 est:
1878 1274 1937 1320 ut
1968 1280 2074 1319 non
2099 1264 2267 1335 impie

658 1358 820 1413 unius
850 1372 973 1414 esse
998 1367 1054 1415 et
1080 1358 1243 1414 Pater
1277 1366 1329 1415 et
1358 1357 1529 1414 Filius
1557 1358 1873 1415 substantia:
1914 1357 2262 1429 praedicetur.

654 1448 727 1505 Et
750 1464 857 1505 non
880 1450 1139 1522 intelligo,
1165 1466 1263 1507 cur
1282 1458 1412 1507 ante
1439 1459 1636 1507 caetera
1666 1460 1937 1522 tamquam
1961 1450 2261 1507 maximum

655 1551 712 1600 et
739 1543 1081 1614 potissimum
1124 1553 1180 1600 et
1205 1542 1508 1600 solitarium
1538 1543 1941 1615 praedicandum
1969 1544 2079 1610 sit,
2118 1542 2263 1613 quod

653 1652 767 1694 nec
788 1637 876 1707 pie
903 1638 1075 1709 possit
1100 1647 1226 1695 ante
1268 1647 1467 1694 caetera
1494 1637 1814 1708 praedicari,
1845 1646 1901 1694 et
1934 1636 2046 1709 iam
2097 1637 2262 1709 impie

628 1724 885 1786 'necesse
905 1730 977 1785 sit
999 1740 1121 1802 post
1148 1738 1348 1787 caetera
1370 1730 1649 1802 denegari.

723 1824 813 1880 7i.
847 1821 919 1878 Et
970 1825 1056 1895 pie
1097 1824 1202 1879 dici
1234 1833 1420 1897 potest,
1473 1830 1520 1877 et
1558 1823 1640 1895 pie
1685 1822 1860 1877 taceri.
1894 1853 1966 1864 —
2002 1820 2119 1879 Non
2150 1829 2255 1889 est,

2379 611 2509 666 lium
2566 612 2618 666 in
2671 612 2922 667 omnibus
2945 610 3111 679 Patri,
3166 611 3296 666 nihil
3343 610 3486 665 aliud
3521 627 3680 680 quam
3708 613 3971 681 aequalem

2378 704 2753 773 praedicamus.
2796 702 3057 760 Pcrl‘eetae
3077 703 3403 775 aequalitatis
3426 703 3840 775 signiﬁcandam
3875 705 3973 759 ha-

2373 797 2466 854 bet
2495 798 2792 853 similitudo
2835 816 2847 849 :
2881 807 2934 851 et
2964 797 3066 853 hoc
3092 813 3157 852 cx
3212 796 3414 853 sanetis
3440 796 3736 867 Scripturis
3758 797 3973 852 intelli-

2372 890 2605 961 geudum
2637 899 2739 946 est.
2770 889 2930 961 503
2946 888 3199 961 Legimus
3225 888 3303 961 (ά)
3337 904 3597 960 namque:
3631 888 3774 944 Vixit
3801 900 3973 945 autem

2371 984 2537 1039 Adam
2555 985 2785 1040 ducentis
2811 986 3021 1056 triginta
3044 985 3196 1039 annis
3218 1026 3232 1049 ,
3266 993 3313 1039 et
3340 985 3510 1056 genuit
3540 984 3825 1039 secundum
3854 985 3987 1056 ef/i—'

2370 1079 2505 1150 giem
2520 1095 2664 1133 suam
2686 1078 3026 1133 etsecunda»:
3048 1078 3433 1133 similitudinem
3447 1094 3615 1145 suam,
3639 1088 3686 1134 et
3709 1080 3973 1151 cognomi-

2370 1172 2511 1226 navit
2537 1188 2720 1226 nomen
2750 1172 2859 1239 ejus
2887 1170 3014 1228 Seth
3044 1169 3195 1244 (Gen.
3248 1186 3304 1240 v,
3333 1171 3411 1243 5).
3444 1172 3641 1239 Quaero
3666 1171 3971 1243 cuiusmodi

2369 1262 2778 1320 similitudinem
2810 1263 3110 1335 etelﬁgiem
3124 1278 3276 1319 suam
3292 1262 3461 1319 Adam
3486 1264 3679 1320 inSeth
3694 1265 3964 1336 genuerit.

2368 1356 2523 1413 Tolle
2549 1372 2837 1429 corporum
2868 1358 3232 1424 inﬁrmitates,
3251 1357 3382 1414 tolle
3408 1367 3704 1430 conceptus
3727 1359 3965 1428 initium,

2368 1449 2502 1507 tolle
2527 1450 2747 1507 dolores
2788 1449 2861 1524 (ε)
2910 1450 3256 1523 partitudinis
3279 1494 3295 1521 ,
3346 1459 3401 1507 et
3425 1466 3643 1509 omnem
3675 1451 3964 1508 humanam

2367 1545 2746 1601 necessitatem
2777 1563 2791 1598 :
2839 1559 3029 1615 quaero
3068 1543 3365 1600 similitudo
3395 1543 3514 1600 haec
3536 1589 3551 1612 ,
3602 1559 3723 1616 quae
3744 1546 3796 1601 in
3828 1545 3966 1603 Seth

2364 1648 2469 1706 est,
2494 1646 2671 1693 utrum
2700 1652 2797 1707 per
2822 1644 3069 1692 naturam
3093 1635 3377 1693 dissentiat
3400 1636 3632 1703 auctori,
3661 1645 3755 1693 aut
3780 1647 3962 1694 utrum

2364 1729 2585 1785 alterius
2609 1729 2828 1801 generis
2857 1730 3093 1786 essentia
3123 1728 3283 1786 fuerit
3309 1731 3363 1785 in
3407 1739 3636 1802 utroque
3666 1775 3680 1800 ,
3738 1748 3808 1789 ne
3846 1748 3957 1789 non

2361 1824 2661 1880 naturalem
2690 1822 2940 1879 habuerit
2966 1823 3100 1880 Adae
3130 1823 3263 1880 Seth
3289 1834 3447 1881 natus
3476 1826 3794 1883 essentiam.
3851 1827 3961 1885 Sed

654 1920 876 1976 Fratres
907 1917 1214 1975 charissimi
1242 1960 1256 1987 ,
1282 1933 1389 1974 una
1414 1917 1588 1973 Patris
1619 1927 1673 1972 et
1698 1916 1822 1972 Filii
1849 1915 2092 1987 neganda
2120 1917 2249 1971 sub-
2286 1905 2330 1967 Β
2356 1917 2651 1973 similitudo
2680 1916 2812 1973 Adae
2838 1927 2943 1985 est,
2980 1915 3047 1990 (ί)
3098 1917 3311 1973 etiamsi
3337 1933 3592 1991 negemus
3616 1938 3630 1988 ;
3693 1921 3818 1992 quia
3846 1935 3958 1978 non

649 2015 886 2072 stantia:
918 2013 996 2088 (a)
1028 2014 1128 2071 sed
1157 2028 1259 2070 nec
1280 2010 1725 2069 irrationabiliter
1751 2010 2112 2082 praedicanda.
2170 2009 2253 2067 Sit

646 2125 756 2166 una
803 2108 1105 2165 substantia
1150 2122 1217 2163 ex
1270 2116 1477 2162 natura:
1512 2105 1708 2177 genitae
1736 2104 2095 2175 proprietate;
2138 2118 2247 2158 non

642 2203 717 2259 sit
746 2212 839 2258 aut
867 2218 932 2258 ex
964 2200 1211 2271 portione
1234 2241 1251 2269 ,
1294 2207 1389 2254 aut
1416 2215 1480 2253 ex
1510 2198 1711 2254 unione
1730 2238 1745 2265 ,
1788 2206 1883 2251 aut
1910 2211 1975 2251 ex
2000 2209 2246 2250 commu-

642 2296 829 2352 nioue.
889 2294 1075 2350 Potest
1101 2308 1204 2348 una
1235 2290 1538 2348 substantia
1569 2288 1645 2361 (b)
1679 2289 1764 2360 pie
1790 2288 1927 2353 dici,
1976 2295 2031 2343 et
2052 2286 2139 2357 pie
2169 2295 2248 2342 ta-

641 2388 778 2445 ceri.
838 2386 1016 2442 Habes
1042 2385 1404 2453 nativitatem,
1445 2382 1615 2439 habes
1644 2380 2073 2437 similitudinem.
2104 2379 2244 2447 Quid

638 2480 793 2538 verbi
820 2480 1144 2536 calunmiam
1173 2476 1779 2547 suspiciose'tenemus,
1819 2475 1900 2528 rei
1940 2472 2245 2544 intelligen-

634 2577 712 2632 tia
766 2592 873 2631 non
930 2572 1294 2629 dissidentes?
1359 2569 1689 2637 Credamus,
1748 2578 1801 2624 et
1849 2567 2093 2624 dicamus
2119 2583 2241 2624 esse

594 2730 599 2735 ,
636 2682 798 2723 unam
842 2665 1231 2729 substantiam;
1274 2660 1371 2718 sed
1422 2677 1521 2733 per
1569 2668 1777 2715 natura:
1826 2658 2232 2730 proprietatem,

631 2775 742 2818 non
770 2758 839 2815 ad
864 2756 1312 2831 signiﬁcationem
1339 2754 1519 2824 impiae
1549 2751 1785 2808 uniouis.
1827 2749 1943 2806 Una
1974 2750 2043 2806 sit
2076 2766 2143 2807 cx
2169 2749 2241 2805 si-

629 2852 960 2918 militudine,
1000 2865 1107 2905 non
1137 2865 1203 2904 ex
1230 2845 1545 2903 solitudine.

704 2965 795 3020 72.
852 2963 968 3018 Vox
1013 2958 1326 3016 liomwusion
1371 2974 1440 3011 an
1496 2956 1669 3010 minus
1716 2954 1942 3027 prapria.
1993 2981 2067 2993 —
2128 2951 2236 3009 Sed

625 3058 767 3116 forte
798 3071 987 3127 parum
1017 3050 1363 3124 proprietatis
1414 3050 1468 3104 in
1497 3062 1558 3103 se
1588 3046 1792 3102 habere
1822 3045 2121 3101 similitudo
2152 3044 2234 3099 vi-

628 3150 841 3207 deatur.
890 3146 1006 3202 Hoc
1029 3145 1076 3201 si
1101 3150 1224 3209 est,
1276 3155 1461 3212 quaero
1507 3153 1613 3211 quo
1659 3137 1822 3193 modo
1851 3137 2056 3209 possim
2098 3135 2234 3192 alte—

625 3258 748 3299 rum
778 3239 848 3296 ad
882 3240 1047 3294 alium
1078 3236 1181 3291 nisi
1211 3250 1308 3306 per
1334 3231 1739 3289 similitudinem
1772 3231 2096 3302 coaequare?
2123 3231 2234 3286 Aut

2354 2021 2437 2067 est
2466 2020 2653 2066 natura
2683 2009 2982 2066 dissimilis.
3053 2010 3360 2066 Similitudo
3388 2023 3570 2068 autem
3602 2023 3809 2069 naturae
3841 2031 3950 2069 non

2353 2103 2543 2158 habuit
2568 2103 2620 2158 in
2645 2102 2776 2158 Seth
2828 2102 3050 2158 alterius
3076 2103 3292 2175 generis
3323 2111 3572 2158 naturam
3597 2146 3611 2170 ,
3663 2105 3790 2176 quia
3842 2121 3952 2163 non

2350 2195 2569 2253 aliunde
2589 2197 2721 2252 Seth
2766 2207 2923 2253 natus
2950 2204 3039 2253 est
3090 2216 3104 2253 :
3166 2198 3238 2251 ita
3296 2196 3599 2254 similitudo
3658 2214 3747 2257 res
3803 2200 3954 2270 ipsas

2350 2291 2430 2363 (g)
2452 2290 2714 2347 naturalis
2741 2301 3006 2362 coaequat,
3041 2306 3137 2363 per
3167 2292 3575 2349 similitudinem
3605 2309 3712 2349 non
3740 2294 3954 2353 indiffe-

2347 2383 2517 2441 rentis
2548 2385 2820 2440 essentiae.
2849 2383 3037 2439 Omnis
3060 2385 3241 2457 itaque
3270 2385 3431 2454 ﬁlius,
3468 2388 3765 2444 secundum
3793 2399 3951 2445 natu-

2347 2479 2518 2536 ralem
2551 2476 2913 2546 nativitatem,
2941 2481 3221 2550 aequalitas
3251 2480 3423 2551 patris
3446 2489 3566 2547 est;
3617 2483 3745 2552 quia
3778 2490 3864 2539 est
3892 2493 3949 2540 et

2343 2570 2647 2627 similitudo
2679 2581 2903 2628 naturae.
2965 2573 3031 2626 Et
3074 2572 3261 2627 beatus
3290 2571 3528 2629 Joannes
3556 2574 3717 2631 docet
3764 2576 3819 2631 in
3846 2591 3944 2632 na-

2344 2674 2464 2722 tura
2492 2668 2664 2722 Patris
2691 2677 2744 2722 et
2777 2667 2897 2721 Filii
2928 2707 2943 2733 ,
3002 2683 3161 2737 quam
3187 2666 3399 2739 Moyses
3438 2668 3489 2722 in
3512 2667 3643 2724 Seth
3685 2679 3741 2724 et
3768 2670 3944 2727 Adam

2341 2760 2748 2815 similitudinem
2776 2760 2936 2825 dicit,
2975 2760 3113 2815 hanc
3139 2760 3385 2816 eamdem
3416 2761 3779 2832 aequalitatem
3812 2778 3941 2820 esse

2341 2862 2567 2919 naturae,
2598 2853 2674 2908 ait
2702 2854 2880 2909 enim:
2924 2850 3148 2924 Propter
3183 2855 3279 2908 hoc
3319 2871 3432 2909 eum
3464 2854 3626 2926 magis
3646 2855 3941 2925 qttterebant

2336 2944 2513 3002 Judwi
2538 2946 2823 3016 interﬁcere
2843 2988 2857 3013 ,
2908 2946 3148 3017 quoniam
3178 2962 3281 3001 non
3304 2946 3472 3002 solum
3500 2946 3718 3003 solvebat
3748 2946 3940 3003 sabba-

2338 3049 2479 3105 tum,
2536 3040 2626 3094 sed
2666 3048 2717 3094 et
2753 3050 2949 3111 patrem
2987 3057 3135 3095 suum
3156 3040 3357 3096 dicebat
3383 3037 3571 3107 Deum,
3603 3041 3853 3108 aequalem
3882 3057 3940 3097 se

2336 3127 2528 3199 faciens
2562 3124 2673 3181 Deo
2728 3126 2906 3198 (Joan.
2944 3141 2993 3194 v,
3026 3124 3136 3197 l8).
3205 3126 3344 3195 Quid
3380 3135 3653 3182 tantorum
3684 3127 3932 3182 virorum

2334 3217 2595 3275 doctrinis
2648 3228 2809 3290 atque
2857 3219 3016 3277 dictis
3060 3220 3351 3275 inserimus
3395 3221 3660 3291 torpentia
3693 3221 3936 3292 peccatis

622 3333 887 3404 numquid
913 3346 1020 3387 non
1050 3330 1193 3386 idem
1211 3299 1305 3385 est
1324 3368 1338 3392 ,
1395 3341 1517 3384 esse
1546 3326 1619 3399 (c)
1646 3326 1852 3383 similes
1873 3299 2015 3397 quod
2046 3340 2230 3396 aequa-
2259 3299 2305 3364 (ἶ
2334 3311 2588 3404 8'3“st
2618 3311 2831 3404 illgenia
2856 3353 2872 3378 ν
2904 3321 2985 3404 Aet;
3036 3325 3228 3404 εθηειιε
3273 3310 3497 3404 hebete?)
3518 3321 3678 3383 alque
3708 3320 3936 3368 ίυηιθτθ·

618 3428 747 3485 les?
790 3426 848 3483 Si
889 3438 1057 3480 unum
1101 3422 1263 3488 dico,
1311 3420 1475 3477 habet
1517 3428 1573 3474 et
1626 3419 1771 3474 unici
1818 3418 2225 3488 suspicionem:

616 3523 665 3579 si
687 3520 920 3579 similem
949 3518 1161 3585 dixero,
1227 3514 1394 3569 habet
1448 3509 1808 3568 indill‘erentis
1857 3509 2220 3581 comparatio-

612 3631 763 3673 nem.
838 3612 981 3668 luter
1019 3610 1254 3667 similem
1304 3615 1360 3662 et
1408 3621 1572 3662 unum
1619 3618 1809 3675 quaero
1846 3617 2007 3673 quem
2034 3603 2216 3658 locum

614 3707 818 3765 habeat
842 3702 1101 3775 aequalis:
1131 3711 1187 3756 et
1207 3700 1483 3770 interrogo
1510 3706 1689 3753 utrum
1722 3695 2092 3753 similitudinis
2124 3710 2223 3766 po-

612 3798 742 3867 tius,
770 3805 864 3853 aut
891 3792 1196 3851 solitudinis
1228 3807 1314 3848 res
1341 3790 1431 3847 sit.
1473 3789 1593 3845 Non
1615 3798 1700 3845 est
1727 3787 2009 3859 aequalitas
2031 3788 2085 3843 in
2108 3788 2218 3843 dis-

610 3893 879 3951 similibus
902 3932 918 3957 ,
979 3903 1082 3946 nec
1102 3884 1404 3944 similitudo
1435 3892 1519 3940 est
1548 3884 1687 3939 intra
1713 3898 1901 3938 unum.
1950 3881 2057 3937 Aut
2088 3881 2218 3953 quid

613 3985 867 4043 dill‘erunt
892 3982 1123 4048 similes,
1146 3988 1202 4035 et
1230 3978 1470 4049 aequales
1499 3993 1514 4042 ;
1564 3985 1626 4030 ut
1650 3977 1717 4032 ab
1739 3991 1849 4031 uno
1880 3975 2076 4031 iterum
2099 3975 2215 4030 dis-

611 4082 867 4133 cernatur
893 4070 1150 4143 aequalis?
1202 4068 1324 4125 Non
1350 4075 1474 4123 sunt
1499 4065 1683 4138 itaque
1710 4065 2001 4123 dissimiles
2030 4082 2212 4138 aequa-

607 4168 708 4225 les.
750 4167 821 4222 Et
847 4164 974 4237 quid
995 4162 1145 4219 aliud
1175 4170 1400 4233 possunt
1422 4173 1542 4216 esse
1593 4159 1800 4215 similes
1840 4175 2002 4230 quam
2031 4175 2213 4231 aequa-

608 4261 723 4326 les,
748 4275 873 4316 eum
903 4259 955 4312 in
982 4254 1340 4313 dissimilibus
1367 4269 1475 4309 non
1498 4252 1568 4308 sit
1594 4253 1921 4322 aequalitas?

679 4351 771 4407 75.
812 4349 1187 4420 Equalitatem
1210 4348 1489 4419 perfectam
1523 4345 1782 4415 significat
1801 4344 2086 4401 similitudo
2111 4363 2210 4402 na-

606 4457 752 4503 turas.
807 4445 958 4513 Quod
988 4444 1159 4516 Moysi
1184 4441 1489 4510 similitudo,
1517 4442 1573 4496 id
1591 4440 1786 4497 Joanni
1809 4441 2099 4512 aequalitas.
2137 4471 2211 4482 --

598 4629 613 4641 '
674 4625 755 4699 (a)
780 4625 928 4699 Lips.
954 4632 1010 4699 et
1035 4622 1183 4699 Par.,
1212 4618 1304 4673 sed
1324 4634 1387 4672 ne
1434 4634 1453 4672 :
1504 4626 1615 4699 tum
1666 4632 1788 4699 eum
1817 4632 1902 4699 ea};

604 4688 889 4769 sequentia
937 4696 1015 4749 sic
1064 4691 1454 4769 coniungentes
1486 4728 1501 4755 ,
1551 4688 1982 4769 irrationabiliter
2009 4688 2206 4769 praedi-

605 4757 772 4825 earida
802 4769 869 4821 sit
899 4782 1001 4819 una
1025 4757 1330 4828 substantia,
1358 4766 1491 4826 etc.,
1514 4757 1754 4815 efﬁciunt
1776 4774 1993 4814 sensum
2010 4757 2087 4813 ab
2115 4758 2209 4814 lli-

603 4841 742 4897 lario
772 4839 1029 4893 alienum.

678 4930 753 5004 (b)
809 4929 882 5004 lta
915 4924 1264 5004 in_mss._nisi
1304 4920 1447 4995 quod
1476 4921 1531 4978 in
1552 4920 1773 4978 Carnut.
1809 4928 1866 4977 ut
1896 4922 1949 4976 in
1980 4920 2210 4992 vulgatis

601 4997 798 5068 exstat,
850 5000 1006 5070 impie
1046 4997 1173 5051 dici.

677 5095 751 5165 (c)
794 5093 883 5150 Sic
910 5106 1011 5165 ms.
1044 5088 1207 5165 Carn.
1238 5087 1342 5165 ᾼΙὶἰ
1370 5096 1546 5165 autem
1567 5129 1581 5153 ,
1638 5086 1833 5165 similes
1872 5095 1919 5141 et
1944 5087 2204 5159 mquales:

603 5159 699 5225 ubi
724 5159 854 5222 editi
886 5164 1106 5228 habent,
1145 5161 1313 5215 simile
1340 5162 1478 5233 quod
1506 5159 1724 5230 aequale.

677 5259 758 5328 (d)
788 5256 1069 5325 Origenes,
1092 5252 1186 5328 lib.
1218 5268 1235 5306 ι
1268 5252 1542 5328 Periarch.
1575 5265 1622 5306 c.
1644 5251 1711 5328 _2,
1743 5266 1811 5328 ex_
1837 5250 2201 5328 iisdemLScri:

598 5321 775 5400 pluris
826 5321 1111 5400 Conﬁrmat
1158 5325 1445 5394 imaginem
1481 5321 1751 5400 interdum
1800 5321 1850 5376 id
1874 5321 2000 5387 dici,
2052 5322 2195 5400 quod

599 5394 719 5466 ejus
747 5401 899 5465 cujus
923 5398 1101 5469 imago
1131 5405 1479 5453 estnaturam
1505 5394 1954 5469 obliueal_,_eaque
1984 5394 2194 5469 ratione

595 5462 793 5525 Filium
812 5462 991 5524 Patris
1015 5462 1305 5537 imaginem
1351 5466 1683 5533 nuncupari:
1717 5463 1865 5537 Sicut
1911 5462 2193 5537 secundum

592 5540 860 5596 historiam
886 5540 1103 5594 dicimus
1124 5532 1405 5609 imaginem
1425 5532 1551 5609 Adae
1571 5552 1677 5609 esse
1700 5535 1866 5609 ﬁlium
1894 5534 2008 5603 ejus
2036 5532 2189 5609 sem,-

589 5611 666 5664 s'ta
692 5612 823 5665 enim
850 5611 1098 5680 scriptum
1127 5622 1220 5673 est,
1238 5605 1338 5662 'Et
1366 5608 1538 5678 genuit
1560 5606 1727 5661 Adam
1750 5605 1878 5659 Seth
1905 5606 2185 5680 secundum

1504 4626 1615 4691 tum
1666 4632 1788 4691 cum
1817 4617 2029 4691 caneris
2072 4615 2204 4691 edit.
2234 4621 2291 4683 D
2393 4618 2461 4691 (Ῑ)

2330 3404 2442 3458 rios
2474 3400 2551 3476 (It)
2584 3401 2867 3458 adversum
2900 3402 3302 3459 indissolubiles
3337 3402 3750 3473 praedicationes
3777 3404 3934 3476 impii

2327 3492 2651 3565 fatigamus?
2676 3493 2780 3549 Per
2802 3493 3023 3566 Moysen
3051 3493 3183 3551 Seth
3212 3493 3344 3550 Adae
3365 3495 3664 3551 similitudo
3691 3504 3795 3563 est,
3826 3510 3929 3566 per

2326 3584 2591 3642 Joannem
2619 3585 2789 3641 Filius
2817 3586 2962 3642 Patri
2990 3586 3217 3657 aequalis
3244 3594 3327 3643 est
3358 3606 3371 3640 :
3417 3597 3470 3641 et
3496 3589 3789 3658 quaerimus
3815 3599 3930 3645 ter-

2325 3680 2458 3735 tium
2492 3679 2679 3735 nescio
2703 3680 2833 3750 quid
2879 3680 3023 3737 inter
3051 3679 3265 3737 Patrem
3288 3689 3344 3737 et
3370 3681 3571 3737 Filium
3592 3725 3608 3751 ,
3660 3683 3802 3754 quod
3834 3700 3927 3741 ua-

2328 3780 2445 3827 tura
2475 3786 2580 3827 non
2602 3771 2815 3841 recipit.
2853 3771 3058 3828 Similis
3098 3782 3182 3828 est
3209 3773 3391 3839 Patri,
3444 3774 3585 3831 ﬁlius
3610 3773 3787 3831 Patris
3816 3785 3924 3842 est,

2325 3880 2392 3921 ex
2440 3880 2508 3921 eo
2552 3876 2713 3922 natus
2760 3874 2882 3921 est:
2938 3881 3033 3937 per
3084 3866 3186 3922 hoc
3235 3867 3410 3924 solum
3456 3869 3545 3941 pie
3575 3878 3755 3941 potest
3777 3870 3924 3943 quod

2323 3975 2488 4016 unum
2520 3961 2629 4016 sint
2657 3960 2957 4031 praedicari.

2398 4054 2486 4108 74.
2523 4052 2928 4109 Similitudinem
2982 4055 3091 4111 sine
3116 4057 3409 4122 aequalitate
3432 4061 3732 4130 conﬁtentes
3761 4062 3921 4132 refel-

2318 4148 2602 4205 luntur.—
2627 4149 2739 4207 Nec
2768 4166 2856 4206 me
2883 4150 3036 4218 l'allit,
3054 4151 3272 4211 Fratres
3299 4154 3627 4223 charissimi,
3656 4155 3921 4228 quosdam

2317 4257 2461 4310 esse,
2509 4244 2598 4315 qui
2627 4244 3041 4301 similitudinem
3068 4246 3421 4314 conﬁtentes,
3467 4259 3668 4321 negant
3688 4249 3917 4321 aequali-

2319 4322 2503 4393 tatem.
2549 4335 2655 4392 Sed
2687 4336 2976 4407 loquantur
3000 4346 3056 4393 ut
3083 4339 3289 4405 volunt,
3343 4347 3399 4396 et
3424 4340 3774 4412 blasphemiae
3801 4354 3918 4396 suae

2318 4433 2469 4488 virus
2497 4432 2745 4502 iugerant
2774 4429 3165 4503 ignorantibus.
3232 4432 3288 4488 Si
3340 4432 3480 4489 inter
3503 4431 3914 4490 similitudinem

2506 4619 2653 4687 Lips.
2686 4627 2741 4675 et
2771 4617 2917 4686 Par.,
2971 4617 3125 4673 etiam
3153 4618 3266 4673 sine
3289 4632 3473 4688 genere
3506 4633 3525 4672 :
3554 4625 3909 4688 contramss.

2314 4686 2473 4747 ﬁdem
2500 4702 2554 4748 et
2575 4691 2760 4746 Hilarii
2780 4699 3036 4745 mentem.
3058 4689 3221 4745 Vetus
3246 4686 3347 4743 nis.
3372 4688 3533 4743 Carn.
3565 4704 3688 4743 eum
3718 4686 3910 4754 υἱώ..

2314 4764 2476 4829 Tell.,
2513 4779 2722 4818 necnon
2751 4763 2881 4817 edit.
2914 4762 3069 4825 Bud.,
3104 4760 3196 4831 Er.
3228 4770 3284 4816 et
3308 4760 3450 4824 Min,
3490 4760 3689 4815 etiamsi
3716 4774 3912 4831 genus:

2313 4828 2469 4906 quod
2510 4833 2854 4906 commodum
2900 4833 3081 4906 animo
3118 4830 3275 4906 ollert
3299 4845 3541 4906 sensum,
3596 4828 3910 4906 put_a’,_Seth

2313 4901 2521 4961 etiamsi
2569 4920 2739 4976 genus
2762 4904 2894 4960 Adae
2937 4904 3200 4976 obtineat,
3250 4902 3420 4972 ipsius
3442 4911 3619 4957 tamen
3648 4901 3906 4976 similitu-

2304 4978 2492 5034 dinem
2515 4971 2908 5039 co'gnominari.
2964 4971 3307 5029 Praeferimus
3356 4983 3532 5028 tamen
3560 4987 3682 5027 cum
3711 4971 3904 5040 Corb.,

2313 5050 2536 5114 Pratel.,
2565 5047 2724 5113 Silv.,
2746 5047 2978 5117 llcmig.,
3007 5045 3238 5109 Theod.,
3264 5044 3493 5101 Rom.et
3518 5044 3689 5117 altero
3710 5042 3900 5111 Carm,

2314 5123 2513 5175 etiamsi
2561 5134 2831 5190 negemus:
2884 5114 3116 5190 maxime
3159 5131 3281 5190 cum
3339 5131 3488 5182 num.
3535 5114 3903 5190 75,_ru_rsum

2312 5201 2582 5253 occurrat,
2612 5184 2758 5261 ecqua
2781 5190 2929 5261 plane
2950 5197 3024 5242 est
3047 5188 3246 5261 etiamsi
3268 5201 3544 5259 negemus:
3580 5186 3667 5241 ubi
3716 5184 3903 5242 denuo

2309 5262 2524 5331 Lipsius
2542 5263 2610 5318 de
2638 5259 2735 5316 sun
2755 5260 2955 5332 posuit,
3003 5259 3155 5332 etiam
3184 5259 3292 5332 sine
3305 5276 3505 5331 genere.

2383 5328 2459 5406 (9)
2514 5335 2572 5389 III
2605 5328 2841 5406 excusis,
2888 5330 3216 5406 naturales_,_
3248 5328 3549 5406 elegantius
3591 5344 3657 5386 ac
3684 5328 3895 5406 sepius

2304 5406 2357 5460 in
2390 5399 2521 5461 iuss.
2554 5405 2828 5473 naturalis.
2886 5402 3022 5456 Tum
3061 5402 3115 5456 in
3164 5402 3249 5455 his
3276 5402 3457 5457 verbis
3472 5443 3492 5473 γ,
3535 5418 3627 5473 per
3650 5399 3900 5473 similitu-

2302 5477 2473 5532 dinem
2503 5493 2605 5532 non
2646 5472 2988 5543 indifferentis
3014 5514 3029 5538 ,
3084 5473 3319 5527 abundat
3359 5471 3575 5540 quidem
3627 5471 3894 5543 particula

2299 5564 2524 5619 negans,
2552 5563 2649 5603 nec
2677 5550 2826 5619 male
2849 5545 3111 5599 omittitur
3140 5544 3191 5598 in
3223 5560 3325 5619 ms.
3356 5544 3554 5619 Rom.,_
3574 5543 3682 5619 sed
3702 5542 3897 5619 hujus-

2295 5612 2441 5675 modi
2496 5612 2784 5675 locutionis
2809 5616 2920 5687 iam
2969 5631 3076 5671 non
3122 5617 3288 5672 semel
3344 5616 3590 5686 exempla
3628 5612 3888 5668 vidimus.

591 5677 1000 5749 speciemsunm.
1044 5677 1765 5749 Quazimago’etiamnaturaz
1803 5692 1864 5730 ac
1888 5677 2187 5731 substantia:

2347 5731 2361 5745 .
2396 5691 2488 5746 lib.
2522 5705 2594 5745 vn
2621 5689 2689 5745 de
2710 5677 2860 5743 Trin.
2891 5704 2946 5741 η.
2977 5688 3066 5744 75.

648 5751 774 5803 atris
795 5760 841 5803 et
870 5748 996 5802 Filii
1017 5750 1237 5802 continet
1255 5748 1523 5802 unitatem.

668 5834 739 5908 te)
754 5834 1111 5908 ln‘plerisque
1132 5851 1262 5908 mss.
1277 5876 1292 5901 ,
1309 5838 1641 5908 paritudinis.
1665 5836 1811 5894 Voca
1820 5834 2002 5893 bulum
2019 5816 2181 5908 paiti-

596 5904 795 5959 tudinis
816 5904 927 5975 iam
960 5904 1202 5964 occurrit
1226 5921 1283 5962 n.
1312 5904 1405 5960 l7.

2364 5762 2443 5832 (Ιι)
2487 5762 2561 5816 lta
2590 5776 2720 5815 mss.
2754 5758 2824 5832 At
2853 5759 3007 5825 editi,
3048 5758 3329 5832 adversum
3345 5757 3721 5832 indissolubilis
3752 5770 3893 5825 prae-

2289 5828 2559 5888 dicationis
2585 5831 2982 5897 auctoritatem;
3033 5839 3087 5886 ct
3109 5845 3252 5898 mox,
3289 5828 3467 5885 Patris
3491 5828 3764 5902 aequalitas
3786 5835 3885 5898 est,

2286 5917 2396 5961 non
2444 5904 2660 5975 wqualis
2696 5910 2788 5959 est.
