4270 6264
372 289 480 346 555
1167 282 1373 343 LIBER
1406 283 1498 345 DE
1537 282 1851 353 SYNODIS,
1888 281 2023 343 SEU
2063 282 2153 341 DE
2191 283 2350 342 FIDE
2374 284 2865 346 ORIENTALIUM.
3568 299 3677 355 554-

370 420 533 479 quam
581 405 848 477 scriptum
870 405 979 463 sit:
1036 418 1222 478 quaero
1268 420 1612 478 compassum
1658 418 1783 462 esse
1831 404 1972 462 unde
1997 406 2053 470 Α
2147 404 2235 461 81.
2278 404 2514 478 Epistola
2534 406 2788 463 Sirmium
2807 407 2979 464 delata
3000 409 3064 465 de
3092 410 3346 469 homousii
3374 420 3422 469 et
3445 414 3673 472 nomen.

370 501 861 574 praesumpserint?
896 502 1007 557 Aut
1034 502 1295 574 numquid
1323 502 1517 559 volunt
1540 501 1676 559 duos
1717 514 1841 558 esse
1880 502 1973 573 qui
2074 498 2139 554 sii
2168 501 2506 571 expositione.
2535 499 2861 558 Homousion
2882 503 2945 558 ob
2970 505 3286 563 nativitatem
3310 507 3448 564 male
3466 512 3671 581 respui-

372 593 517 665 passi
542 593 711 649 sunt?
759 593 817 650 id
843 595 989 651 enim
1035 594 1342 667 compassio
1391 604 1639 653 testatur.
1682 593 1787 651 Ubi
1840 594 1972 651 illud
2072 601 2175 649 tur.
2201 593 2589 662 —Epistolam
2618 633 2636 663 ,
2684 610 2845 665 quam
2882 610 2914 653 a
2962 597 3116 654 vobis
3166 598 3238 656 de
3297 600 3566 658 homousii
3614 612 3672 660 et

370 697 454 745 est
480 687 634 744 Iesus
660 686 897 745 Christus
923 686 1096 744 Filius
1139 688 1281 745 Dei?
1309 699 1400 747 aut
1446 688 1709 761 numquid
1726 688 1866 745 alius
1885 697 1971 747 est

365 781 526 839 Jesus
552 779 824 852 Christus,
866 783 1009 839 alius
1057 784 1202 840 illius
1231 784 1369 840 Dei?
1395 784 1454 842 Si
1496 800 1603 839 non
1635 782 1777 840 idem
1805 792 1968 855 atque

368 891 508 932 unus
537 876 677 931 intra
699 883 967 943 extraque
994 875 1091 931 Dei
1113 875 1259 931 filius
1284 885 1403 944 est;
1433 875 1643 932 credite
1670 873 1748 949 (a)
1777 874 1831 930 in
1861 874 1963 930 ho-

367 968 582 1024 mousio
629 967 1044 1039 ignorationem,
1096 969 1144 1023 si
1180 967 1299 1023 haec
1347 969 1585 1040 ignorari
1611 968 1756 1024 licet.
1784 967 1843 1024 Si
1869 984 1966 1024 au-

367 1072 477 1119 tem
524 1063 581 1118 in
623 1060 707 1117 his
734 1061 869 1132 ipsis
892 1061 1009 1132 ipsa
1058 1062 1150 1117 illa
1198 1062 1464 1134 ignoratio
1491 1061 1652 1131 impia
1698 1068 1803 1128 est,
1840 1076 1964 1131 quas

363 1159 542 1211 tamen
573 1167 680 1209 non
708 1162 909 1224 potest,
935 1168 1038 1209 nec
1086 1151 1245 1220 falso,
1275 1157 1561 1221 excusari;
1590 1168 1786 1210 vereor
1809 1168 1877 1208 ne
1904 1162 1963 1210 et

365 1247 443 1316 (ὑ)
469 1247 760 1305 Ιιοιιιωυεῆ
782 1248 1175 1319 ignorationem
1197 1247 1468 1319 professio
1496 1247 1807 1303 mentiatur.
1838 1247 1959 1304 Non

361 1357 560 1414 queror
606 1341 900 1397 admodum
965 1341 1035 1397 de
1085 1342 1241 1397 venia
1265 1355 1427 1412 quam
1476 1339 1642 1413 508
1692 1340 1956 1397 dedistis:

358 1434 673 1505 religiosum
723 1441 811 1489 est
866 1433 977 1490 Deo
1029 1435 1129 1489 sua
1155 1448 1459 1500 reservare,
1506 1442 1561 1489 et
1603 1434 1959 1503 ignorationis

356 1542 511 1584 error
537 1526 807 1581 humanus
846 1536 951 1582 est.
977 1526 1082 1583 Sed
1108 1527 1393 1598 ignoscant
1420 1527 1552 1581 mihi
1576 1526 1687 1597 jam
1704 1526 1813 1582 duo
1838 1526 1955 1597 epi—

355 1621 507 1691 scopi
532 1618 733 1676 Valens
772 1628 828 1675 et
855 1619 1134 1686 Ursacius,
1163 1617 1308 1689 quod
1334 1632 1427 1674 eos
1457 1618 1529 1690 (ε)
1563 1634 1660 1688 pro
1687 1625 1848 1674 nitate
1870 1629 1955 1673 at-

354 1726 463 1782 que
490 1711 879 1767 exercitatione
929 1725 1027 1766 sua
1054 1712 1331 1781 ignorasse
1374 1724 1482 1764 non
1503 1709 1688 1765 credo.
1713 1708 1784 1764 Et
1811 1707 1953 1764 δίαι-

2071 685 2140 742 de
2202 684 2488 743 hommusii
2562 688 2899 758 expositione
2953 689 3094 760 apud
3165 689 3419 749 Sirmium
3469 693 3671 752 Valens

2069 786 2125 834 et
2155 776 2408 834 Ursacius
2451 785 2508 834 et
2544 778 2854 839 Germinius
2913 794 3277 852 poposcerunt
3330 786 3456 857 legi,
3511 788 3672 843 intel-

2069 871 2177 942 ligo
2223 871 2279 927 in
2326 872 2645 943 quibusdam
2697 889 2806 930 non
2861 876 3039 932 minus
3102 879 3265 950 509
3311 880 3671 952 circumspec-

2068 972 2175 1020 tam
2205 980 2326 1021 esse
2342 1007 2356 1031 ,
2379 980 2539 1036 quam
2564 966 2809 1023 liberam.
2833 969 2901 1023 Et
2927 971 3043 1040 ipsa
3066 971 3331 1028 homousii
3352 981 3409 1030 et
3428 974 3673 1032 homoeu-

2064 1054 2130 1111 sii
2157 1056 2548 1113 demonstratio
2577 1058 2710 1113 nihil
2736 1060 2952 1130 reliquit
2977 1061 3329 1119 difﬁcultatis.
3361 1066 3428 1121 Et
3448 1066 3667 1137 quidem

2064 1147 2131 1204 de
2170 1148 2502 1215 bommusio,
2544 1150 2686 1222 quod
2716 1160 2799 1208 est
2840 1152 3033 1209 similis
3072 1155 3354 1225 essentias,
3382 1172 3670 1216 commune

2056 1242 2318 1315 judicium
2349 1252 2451 1299 est.
2485 1244 2564 1300 De
2593 1245 2877 1301 homousio
2904 1261 3035 1303 vero
3055 1288 3071 1313 ,
3100 1248 3244 1318 quod
3269 1258 3354 1305 est
3393 1250 3555 1307 unius
3577 1268 3667 1308 es-

2060 1341 2284 1407 sentite,
2310 1348 2633 1408 tractantes,
2667 1341 2898 1410 primum
2926 1341 3131 1397 idcirco
3158 1345 3520 1413 respuendum
3544 1362 3666 1417 pro-

2060 1431 2378 1500 nuntiastis,
2420 1435 2547 1503 quia
2588 1447 2684 1503 per
2714 1433 2865 1489 verbi
2895 1433 3054 1504 hujus
3083 1436 3509 1493 enuntiationem
3539 1439 3667 1494 sub-

2058 1528 2251 1583 stantia
2284 1527 2430 1598 prior
2460 1526 2878 1599 intelligeretur,
2907 1544 3069 1599 quam
3101 1529 3209 1585 duo
3230 1530 3370 1585 inter
3394 1544 3454 1586 se
3484 1531 3667 1597 partiti

2057 1630 2258 1677 essent.
2294 1618 2543 1690 Intelligo
2577 1620 2767 1675 vitium
2805 1620 2862 1675 in
2891 1620 3264 1692 intelligentia.
3302 1622 3365 1677 Et
3403 1622 3664 1693 profanus

2056 1710 2144 1767 hic
2174 1726 2367 1769 sensus
2392 1721 2506 1781 est,
2533 1723 2589 1770 et
2622 1715 2896 1770 communi
2934 1714 3140 1785 judicio
3186 1717 3256 1771 ab
3297 1715 3539 1773 Ecclesia
3579 1732 3665 1773 rc-

354 1805 614 1861 cillimum
643 1813 727 1860 est
754 1818 825 1858 ne
865 1804 1081 1859 mentiri
1120 1802 1527 1869 existimentur,
1558 1804 1651 1874 qui
1675 1818 1735 1858 se
1763 1804 1816 1857 in
1845 1803 1951 1859 alio
1979 1806 2030 1867 B
2055 1803 2349 1873 spuendus.
2383 1804 2635 1862 Secundo
2659 1822 2875 1877 quoque
2900 1806 2954 1863 id
2983 1807 3287 1872 addidistis,
3308 1812 3453 1881 quod
3483 1817 3664 1881 patres

356 1897 437 1971 (ά)
465 1898 683 1969 negotio
719 1913 828 1952 non
857 1905 1086 1969 possunt
1112 1897 1215 1952 nisi
1242 1896 1528 1954 mendacio
1557 1910 1810 1967 purgare.
1839 1896 1947 1953 Sed

352 1989 614 2045 Dominus
636 1990 738 2046 hoc
767 1991 940 2061 magis
964 1990 1185 2054 tribuat,
1243 1998 1306 2046 ut
1339 2002 1439 2045 nos
1470 1990 1611 2046 male
1639 1990 1945 2061 opinemur,

350 2097 512 2153 quam
538 2082 616 2136 illi
643 2080 717 2154 (e)
738 2097 848 2137 non
887 2082 1276 2152 ignoraverint.
1305 2082 1446 2137 Malo
1472 2084 1618 2137 enim
1649 2097 1751 2154 ego
1795 2084 1938 2140 male

349 2172 669 2228 existimans
702 2172 953 2243 iudicari,
998 2187 1160 2244 quam
1212 2172 1372 2229 fidem
1402 2181 1636 2230 vestram
1677 2172 1948 2231 haeretica:

348 2266 698 2322 conscientiae
720 2267 1100 2323 communione
1125 2266 1340 2323 violari.

420 2357 512 2416 80.
544 2360 656 2415 Oro
682 2367 863 2415 autem
909 2373 1032 2429 vos,
1052 2360 1381 2416 sanctissimi
1420 2360 1543 2430 viri,
1573 2370 1632 2417 ut
1652 2374 1776 2418 cum
1806 2361 1946 2419 bona

349 2451 504 2509 venia
542 2450 940 2507 sollicitudines
980 2466 1130 2508 meas
1168 2450 1469 2509 aestimetis.
1497 2450 1567 2525 (ί)
1596 2451 1775 2509 Testis
1801 2455 1945 2510 enim

351 2544 611 2600 Dominus
653 2553 740 2601 est
786 2545 1137 2603 conscientiae
1160 2560 1318 2613 mete,
1342 2546 1397 2601 in
1433 2545 1584 2602 nullo
1613 2561 1700 2604 me
1729 2548 1949 2619 exposi-

348 2636 526 2693 tiones
564 2635 686 2704 has,
739 2652 877 2709 quas
927 2637 1182 2693 Sirmium
1227 2638 1518 2706 detulistis,
1571 2638 1695 2695 lidei
1744 2649 1949 2695 vostra:

348 2728 492 2785 velle
516 2728 844 2785 convellere.
872 2729 979 2786 Sed
1008 2730 1135 2787 date
1163 2731 1398 2800 veniam,
1434 2732 1482 2787 si
1509 2732 1757 2804 quaedam
1788 2732 1947 2787 intel-

349 2819 519 2890 ligere
540 2835 649 2877 non
676 2836 917 2890 possum,
934 2831 990 2878 et
1014 2822 1338 2878 consolabor
1360 2838 1479 2879 me:
1506 2825 1629 2893 quia
1658 2824 1791 2895 legi:
1822 2823 1948 2894 Spi-

351 2913 480 2967 ritus
508 2914 877 2984 prophetarum
923 2915 1184 2987 prophetis
1212 2915 1469 2987 subjectus
1494 2925 1569 2970 est
1592 2916 1652 2989 (l
1680 2913 1802 2972 Cor.
1828 2930 1944 2986 xxv,

350 3002 464 3077 32).
500 3005 579 3061 Ex
603 3021 711 3076 quo
736 3005 876 3062 forte
914 3022 1025 3061 non
1050 3006 1393 3077 impudenter
1439 3007 1599 3064 etiam
1623 3022 1654 3063 a
1684 3024 1774 3066 me
1802 3024 1945 3079 prte-

352 3097 605 3162 sumitur,
653 3108 712 3152 ut
759 3108 813 3154 et
836 3113 937 3168 ego
965 3099 1286 3175 intelligam,
1341 3099 1483 3170 quod
1522 3100 1661 3155 alius
1710 3100 1941 3171 ignoret.

2052 1898 2241 1965 nostri,
2258 1913 2380 1953 cum
2410 1899 2607 1954 Paulus
2630 1899 2707 1973 (g)
2734 1900 3086 1957 Samosateus
3112 1902 3403 1958 haereticus
3424 1919 3663 1975 pronun-

2052 1991 2215 2046 tiatus
2242 2001 2326 2047 est
2345 2033 2359 2058 ,
2389 1993 2553 2047 etiam
2582 1992 2903 2049 homousiOn
2932 1994 3338 2064 repudiaverim
3362 2013 3376 2050 :
3409 1998 3531 2068 quia
3557 2012 3660 2069 per

2051 2082 2189 2139 hanc
2216 2083 2375 2139 unius
2402 2084 2657 2140 essentia:
2687 2086 3139 2155 nuncupationem
3167 2087 3471 2142 solitarium
3493 2097 3657 2159 atque

2048 2176 2270 2231 unicum
2316 2176 2418 2232 sibi
2461 2190 2585 2232 esse
2630 2177 2846 2234 Patrem
2877 2188 2933 2235 et
2970 2178 3170 2234 Filium
3209 2179 3559 2249 praedicabat.
3587 2182 3659 2237 Et

2048 2268 2154 2325 hoc
2181 2282 2311 2325 sane
2333 2284 2476 2326 nunc
2503 2284 2718 2342 quoque
2745 2269 3187 2340 profanissimum
3218 2272 3463 2329 Ecclesia
3493 2287 3651 2330 reco-

2050 2361 2260 2433 gnoscit
2283 2402 2298 2429 ,
2329 2361 2544 2417 Patrem
2585 2371 2642 2418 et
2684 2361 2881 2419 Filium
2913 2364 2967 2418 in
3006 2362 3092 2419 bis
3136 2364 3418 2420 nominum
3449 2365 3656 2436 profes-

2048 2456 2294 2513 sionibus
2330 2456 2398 2511 ad
2430 2457 2642 2512 unionis
2667 2471 2733 2513 ac
2760 2456 3053 2528 singularis
3079 2457 3425 2514 solitudinem
3466 2468 3657 2529 negata

2048 2560 2401 2618 personarum
2442 2546 2777 2617 proprietate
2818 2560 3096 2603 revocare.
3126 2546 3310 2604 Tertio
3347 2548 3507 2604 etiam
3538 2549 3657 2606 haec

2048 2654 2209 2697 causa
2247 2638 2592 2710 improbandi
2642 2638 2912 2694 homousii
2960 2648 3384 2695 commemorata
3430 2654 3462 2694 a
3500 2640 3656 2696 vobis

2048 2743 2129 2789 est
2161 2749 2175 2787 :
2207 2731 2333 2802 quia
2362 2734 2415 2785 in
2445 2730 2690 2803 synodo,
2718 2745 2839 2802 qua:
2860 2729 3002 2801 apud
3040 2730 3275 2786 Nicaeam
3317 2730 3451 2800 fuit,
3479 2733 3654 2787 coacti

2047 2833 2232 2896 patres
2255 2822 2422 2878 nostri
2448 2831 2670 2895 propter
2697 2837 2793 2878 eos
2817 2823 2908 2891 qui
2929 2830 3234 2879 creaturam
3264 2821 3461 2878 Filium
3500 2824 3649 2880 dice-

2049 2916 2214 2984 bant,
2242 2930 2438 2971 nomen
2476 2912 2745 2972 homousii
2785 2914 3109 2971 iudidissent
3138 2932 3152 2970 :
3182 2916 3327 2986 quod
3366 2930 3475 2972 non
3515 2918 3655 2973 reci-

2050 3007 2304 3079 piendum
2336 3006 2538 3063 idcirco
2565 3009 2666 3075 sit,
2708 2994 2833 3078 quia
2863 3021 3132 3078 nusquam
3159 3008 3417 3080 scriptum
3449 3010 3658 3080 reperi-

2049 3108 2217 3157 retur.
2247 3100 2401 3169 Quod
2430 3116 2459 3152 a
2489 3099 2640 3155 vobis
2669 3099 2872 3155 dictum
2902 3100 3035 3155 satis
3073 3100 3260 3157 miror.
3293 3099 3350 3157 Si
3380 3102 3526 3158 enim
3556 3101 3656 3158 bo-

353 3187 469 3245 Non
490 3188 637 3258 quod
663 3188 955 3260 quidquam
983 3204 1082 3245 vos
1110 3190 1407 3245 secundum
1432 3205 1737 3246 mensuram
1768 3192 1946 3247 scien-
1974 3204 2019 3269 ο
2050 3194 2298 3251 mousion
2327 3199 2549 3264 propter
2576 3193 2871 3250 novitatem
2901 3193 3292 3264 repudiandum
3323 3195 3428 3262 sit;
3461 3210 3657 3253 vereor

354 3282 441 3337 tia:
481 3283 732 3354 ignorare
755 3296 919 3339 ausus
934 3286 1037 3340 sim
1064 3284 1273 3342 dicere:
1302 3285 1399 3340 sed
1422 3300 1586 3356 super
1610 3285 1736 3342 fidei
1762 3286 1944 3342 catho-

354 3373 473 3430 lica
511 3375 738 3443 unitate,
782 3377 1025 3448 patimini
1069 3392 1178 3432 non
1221 3379 1403 3434 minus
1429 3379 1662 3437 innubis
1687 3394 1811 3437 esse
1838 3380 1947 3437 sol-

352 3467 711 3538 licitudinum,
742 3484 901 3541 quam
930 3470 986 3526 in
1016 3470 1190 3527 vobis.

355 3584 687 3653 impassibilis
731 3586 890 3650 Deus,
928 3587 1099 3658 utique
1138 3588 1591 3662 incompassibilis.
1643 3588 1776 3645 Tam
1820 3608 1941 3661 ergo

354 3672 651 3730 εωπραηιη
687 3673 792 3712 non
811 3668 927 3730 ⁸εὖτ,
973 3676 1126 3726 quam
1150 3676 1240 3714 nec
1266 3676 1446 3730 ραεειιε
1476 3670 1570 3728 εει,
1606 3677 1669 3715 επ
1694 3679 1755 3716 ea
1775 3672 1945 3716 tamen

354 3727 646 3801 conditione
670 3746 771 3800 qua
796 3728 953 3785 Deus.
980 3730 1059 3786 Ex
1108 3748 1234 3801 quo,
1265 3727 1397 3788 utet
1418 3749 1480 3787 ex
1514 3740 1701 3788 nostro
1741 3733 1947 3789 Hilario

354 3792 698 3853 manifestum
753 3813 853 3866 est,
879 3792 1163 3857 hmreticds
1192 3792 1433 3858 dicentes
1459 3804 1622 3869 ﬁlium
1657 3803 1755 3857 Dei
1780 3807 1947 3858 homi-

356 3884 481 3947 nem
490 3869 632 3947 de)!
639 3872 753 3925 aria
772 3876 1076 3947 suscepisse,
1101 3890 1190 3943 per
1205 3892 1355 3942 quem
1380 3891 1674 3947 compassus
1694 3884 1789 3940 est,
1806 3876 1944 3947 duos

356 3942 413 4016 in
442 3941 663 3997 Christo
683 3941 1005 4008 asseruisse,
1034 3941 1263 4016 quorum
1296 3960 1434 4001 unus
1447 3941 1591 4001 esset
1621 3946 1942 4016 suscipiens,

357 4012 500 4087 alter
556 4026 881 4085 susceptus,
923 4012 1150 4084 uterque
1206 4032 1338 4072 vero
1382 4017 1670 4087 passibilis.
1724 4012 1857 4072 Nam
1902 4012 1950 4073 si

357 4083 627 4158 dixissent
661 4083 749 4156 per
797 4104 943 4158 quem
981 4083 1163 4157 passus
1215 4100 1323 4154 est;
1366 4083 1686 4157 sequeretur
1744 4098 1949 4144 tantum

357 4154 632 4211 Christum
661 4154 891 4227 passum
921 4154 1042 4213 esse
1070 4160 1363 4214 secundum
1394 4154 1638 4214 naturam
1682 4159 1950 4215 hominis:

357 4235 564 4301 at_cnm
591 4229 834 4284 scribunt
858 4246 946 4296 per
972 4247 1120 4301 quem
1141 4246 1438 4301 compassus
1462 4242 1555 4299 est,
1582 4232 1829 4299 passione
1856 4231 1956 4287 ho-

360 4297 523 4374 minis
557 4310 803 4374 naturam
834 4297 994 4356 Verbi
1022 4297 1272 4357 similiter
1299 4302 1440 4357 allici
1463 4297 1785 4374 signiﬁcant.

434 4369 509 4438 (a)
550 4370 753 4428 Omnes
784 4388 916 4428 mss.
944 4374 998 4428 in
1028 4374 1350 4428 Itomousion.
1514 4369 1537 4374 ⁷
1592 4396 1597 4401 ·

431 4439 505 4513 (li)
544 4440 798 4513 Nonnulli
826 4460 957 4501 mss.
988 4462 1107 4500 cum
1137 4447 1372 4513 excusis,
1408 4446 1685 4500 homousii.
1733 4446 1956 4501 Rectius

360 4510 538 4583 Cum,
560 4512 751 4579 Corb.,
777 4516 1000 4581 Pratel.,
1032 4516 1218 4580 Faur.,
1235 4510 1368 4583 etc.,
1388 4517 1674 4572 Itomaeusii.
1698 4517 1794 4572 llic
1815 4518 1956 4572 redit

363 4582 600 4657 liilarius
643 4587 708 4641 ad
749 4587 804 4643 id
846 4588 987 4657 quod
1023 4589 1137 4657 jam
1190 4582 1455 4643 deliberat
1496 4589 1701 4655 dicens,
1736 4588 1802 4642 Et
1838 4589 1956 4657 ipsa

358 4655 455 4708 illa
481 4672 619 4731 nunc
655 4655 878 4727 pt'wsens
916 4655 1223 4727 subscriptio
1270 4676 1371 4714 non
1397 4668 1533 4715 caret
1561 4659 1823 4731 falsitate:
1858 4655 1955 4714 ho-

359 4727 575 4800 moeusii
601 4738 804 4796 autem,
825 4746 929 4786 non
962 4731 1229 4784 hnmousii
1260 4727 1583 4800 professioni
1614 4731 1956 4787 subscribere

359 4799 533 4872 coacti
574 4808 721 4854 sunt.
753 4801 859 4857 Sed
905 4817 1065 4872 quam
1110 4816 1238 4858 vere
1257 4799 1326 4857 de
1358 4802 1585 4859 Ursaeio
1623 4814 1679 4857 et
1731 4802 1955 4857 Valente

359 4867 725 4926 subodoratus
787 4874 893 4941 sit,
921 4867 1017 4929 eos
1042 4890 1147 4928 non
1174 4889 1240 4929 ex
1268 4874 1449 4929 animo
1479 4874 1816 4929 hommusion
1839 4888 1958 4929 sus-

361 4944 597 5017 cepiSse,
643 4945 797 5002 testis
834 4956 917 5002 est
970 4945 1277 5001 Germinius
1321 4945 1646 5017 Fragmento
1678 4962 1767 5010 xv,
1801 4945 1955 5017 πηός

363 5012 547 5090 Miror
583 5027 774 5090 autem,
808 5019 980 5090 inquit
1007 5018 1320 5073 nominatim
1367 5012 1713 5090 de'Valente,
1741 5015 1957 5090 pracdic-

364 5096 472 5140 tum
511 5084 773 5143 Valentem
798 5084 1123 5145 aut-oblitum
1149 5105 1274 5151 esse,
1302 5098 1390 5142 aut
1411 5098 1545 5143 certe
1567 5088 1780 5143 subdole
1804 5086 1958 5140 dissi-

363 5160 562 5232 mulare
587 5161 726 5232 quod
746 5162 798 5215 in
829 5161 1140 5231 praeteritum
1160 5169 1353 5232 gestum
1370 5160 1456 5225 sit,
1486 5157 1840 5228 ctc.,quando
1867 5155 1960 5232 Fi-

365 5229 496 5283 lium
522 5229 745 5303 similem
771 5229 920 5286 Patri
945 5248 1037 5303 per
1083 5229 1253 5303 animo
1293 5247 1402 5284 esse
1449 5246 1603 5303 manu
1628 5229 1960 5303 nostraisub-

362 5302 688 5374 scripsimus.
723 5303 927 5374 Quippe
946 5300 1041 5374 isti
1060 5300 1181 5361 duo.
1211 5311 1266 5354 ut
1290 5308 1441 5355 notat
1467 5302 1741 5374 Socrates,
1770 5301 1866 5359 lib.
1891 5316 1960 5374 _n,

364 5384 486 5442 cap.
517 5370 623 5428 57:
657 5370 874 5445 Semper
906 5373 974 5427 ad
996 5388 1168 5427 eorum
1196 5381 1364 5443 partes
1391 5371 1696 5438 transibant,
1728 5375 1813 5442 qui
1845 5370 1961 5442 plus

367 5458 516 5512 posse
543 5445 856 5500 uiderentur.
1577 5510 1600 5512 ,ί
1786 5498 1793 5502 .

443 5516 518 5587 (c)
542 5514 609 5570 Ut
637 5528 764 5585 pote
802 5515 893 5586 qui
916 5529 1057 5587 anno
1080 5513 1189 5571 535
1216 5512 1383 5587 Tyrio
1408 5510 1770 5569 conciliabula
1792 5515 1961 5569 inter-

366 5583 602 5657 fuemnt,
630 5583 686 5641 et’
703 5583 900 5644 abhinc
923 5585 1017 5657 per
1036 5586 1109 5644 2⁸5
1129 5583 1299 5641 annos
1322 5584 1618 5657 innumeris
1643 5600 1808 5657 prope
1836 5600 1967 5641 con-

374 5656 653 5728 ventibus,
681 5659 735 5712 in
761 5655 956 5728 quibus
983 5657 1257 5714 solemnes
1302 5664 1459 5713 erant
1486 5655 1556 5711 de
1574 5656 1847 5727 pra-dictis
1869 5671 1967 5712 vo-

378 5726 530 5783 cibus
558 5726 963 5786 controversiae.

456 5798 537 5875 (ά)
576 5800 721 5866 Satis
756 5801 1041 5865 advertunt
1070 5799 1386 5877 prudentes,
1417 5797 1506 5861 hic
1547 5797 1773 5860 indicari
1816 5798 1965 5857 litte-

2052 3302 2120 3343 ne
2162 3294 2219 3343 et
2268 3285 2614 3342 hommusion
2672 3286 3035 3357 periclitetur,
3083 3286 3209 3358 quia
3261 3296 3528 3359 nusquam
3572 3286 3655 3361 (It)

2051 3380 2310 3449 scriptum
2339 3379 2663 3449 reperiatur.
2927 3376 2933 3383 ’

2128 3471 2219 3526 82.
2254 3470 2369 3539 Quo
2407 3487 2561 3526 sensu
2578 3469 2785 3545 judicio
2827 3469 3088 3525 communi
3124 3468 3415 3527 damnetur.
3440 3499 3514 3512 —
3540 3468 3650 3527 Sed

2048 3606 2141 3648 ras
2171 3606 2204 3646 a
2235 3590 2460 3646 Valente
2492 3595 2577 3660 et
2601 3587 2822 3646 Ursacio
2852 3587 2919 3644 ad
2948 3588 3146 3646 Julium
3178 3597 3300 3660 post
3326 3589 3647 3648 Sardicense

2051 3663 2337 3720 concilium
2372 3659 2728 3731 conscriptas,
2751 3662 2945 3731 quibus
2971 3659 3228 3730 expresse
3264 3660 3500 3716 confessi
3520 3671 3646 3717 sunt

2052 3734 2185 3790 falsa
2229 3748 2352 3791 esse
2371 3731 2552 3788 omnia
2578 3748 2699 3803 quae
2719 3731 2979 3790 adversus
3007 3732 3363 3789 Athanasium
3388 3731 3637 3804 divulga-

2053 3812 2199 3860 rant.

2149 3876 2197 3943 e)
2236 3874 2403 3929 Abest
2433 3889 2536 3927 non
2565 3888 2594 3926 a
2623 3871 2943 3943 quihusdam
2976 3887 3108 3928 mss.
3132 3872 3293 3928 male.

2149 3892 2175 3929 e
2236 3878 2403 3929 Abest
2433 3889 2536 3927 non
2565 3888 2594 3926 a
2623 3878 2943 3943 quibusdam
2976 3887 3108 3928 mss.
3132 3878 3293 3928 male.

2122 3878 2197 4016 Μ
2237 3947 2495 4016 Erasmus
2519 3953 2703 4016 mouet
2729 3957 2789 3998 se
2822 3945 2874 4016 in
2900 3946 3205 4016 recentiore
3234 3944 3465 4014 quodam
3496 3944 3648 4000 codi-

2054 4032 2117 4073 ce
2136 4012 2416 4087 reperisse
2442 4014 2531 4070 hic
2556 4014 2824 4087 additum;
2839 4012 2944 4069 Pro
2968 4015 3243 4083 prudentia
3254 4012 3431 4071 uestra
3456 4033 3617 4087 expett
3634 4042 3650 4059 ο

2056 4089 2184 4154 dite,
2210 4089 2336 4159 quid
2359 4089 2421 4141 sit
2447 4104 2499 4159 a_
2518 4086 2852 4142 sanctissimis
2877 4087 2996 4142 viris
3036 4103 3269 4159 poscere,
3304 4096 3359 4142 ut
3378 4104 3495 4159 cum
3521 4086 3653 4144 bona

2055 4163 2200 4215 uenia
2223 4157 2441 4213 audiant
2468 4157 2751 4223 dicentem;
2775 4166 2821 4212 et
2856 4174 2923 4211 an
2953 4157 3181 4226 ejusdem
3225 4157 3290 4212 sit
3333 4157 3559 4221 adulari,
3606 4170 3653 4226 et

2058 4234 2356 4305 objurgare.
2391 4228 2505 4305 Hoc
2543 4229 2773 4305 ideoita
2813 4224 3019 4305 dictum
3056 4236 3150 4290 est,
3193 4230 3416 4305 quiaea,
3442 4244 3558 4298 qua:
3585 4224 3655 4282 ad

2057 4299 2282 4376 pra’séns
2305 4303 2457 4376 tacita
2530 4299 2593 4353 ab
2639 4300 2719 4355 his
2748 4302 2980 4370 fuissent,
3030 4316 3171 4354 eram
3199 4302 3517 4376 proditurus,
3551 4317 3653 4376 non

2061 4371 2229 4429 tamen
2254 4374 2416 4429 initis
2440 4386 2556 4442 qua:
2581 4380 3061 4443 possenttamquam
3079 4371 3396 4443 excusabilia
3422 4373 3655 4442 defendi,

2060 4447 2259 4501 viderer
2299 4441 2627 4500 calumniari.
2661 4441 2874 4497 Erasmi
2908 4453 3089 4496 notam
3118 4456 3182 4494 ac
3221 4442 3385 4496 verba
3431 4441 3657 4500 retinuit

2062 4518 2302 4582 Μίνωας,
2334 4530 2453 4587 qua:
2470 4513 2525 4568 in
2557 4514 2904 4587 sequentibus
2947 4512 3081 4569 edit.
3112 4526 3336 4587 prorsus
3364 4528 3656 4583 suppressa

2062 4598 2206 4644 sunt.
2259 4583 2364 4657 Qui
2408 4593 2588 4641 autem
2625 4583 3001 4657 Remigianum
3047 4583 3291 4657 codicem
3332 4593 3457 4657 ante
3484 4598 3657 4639 anulos

1982 4628 2032 4689 ι»
2057 4628 3395 4731 265"pirus,";;l:m“;a"s;giss“esset,
3427 4628 3658 4731 ᾖτςηηιοῑ

2061 4747 2194 4787 nens
2218 4723 2287 4786 'ea
2316 4734 2371 4785 in
2399 4729 2707 4802 quibttsdnm
2743 4726 3117 4802 egemplaribus
3174 4723 3384 4802 haberi.
3432 4723 3661 4802 Exstant

2058 4803 2113 4857 in
2160 4794 2466 4858 recentiore
2504 4798 2750 4855 Οδτηνθι
2769 4794 2906 4853 Tell.
2932 4798 3001 4851 ad
3039 4803 3191 4852 oram
3218 4794 3381 4862 libri;
3417 4806 3472 4850 at
3500 4796 3555 4849 in
3581 4796 3658 4850 al-

2059 4882 2177 4929 tero
2215 4881 2378 4929 Uurn.
2422 4881 2548 4925 ante
2593 4869 2898 4926 annosQOO
2943 4868 3144 4939 scripto
3186 4876 3245 4939 et
3290 4866 3449 4922 Mich.
3490 4867 3653 4922 etiam

2060 4946 2114 4999 in
2146 4946 2264 5015 ipso
2291 4954 2459 5001 textu.
2494 4943 2820 5015 Hisquarto
2848 4956 2915 5015 se
2962 4938 3655 5015 purgatllilarius,__osten-

2059 5009 2246 5090 diique
2275 5031 2334 5090 se
2360 5030 2464 5071 non
2488 5009 2808 5090 adulationis
2830 5009 2979 5090 vitio,
3006 5012 3099 5066 sed
3130 5009 3393 5090 charitate
3418 5010 3656 5090 dictante

2060 5082 2362 5142 Orientales
2414 5086 2758 5139 sanctissimos
2803 5084 2938 5137 viros
2987 5082 3291 5151 appellasse
3340 5099 3354 5133 :
3394 5093 3502 5147 quo
3530 5082 3652 5135 scil.

2066 5158 2348 5229 prodesset
2373 5156 2846 5229 correctio,_quam
2867 5155 2945 5229 eis
2967 5153 3475 5229 adhibiturusnerat.

2138 5228 2212 5297 (g)
2245 5229 2299 5282 ln
2333 5236 2542 5281 vetusto
2583 5220 2769 5280 codice
2795 5222 2949 5297 Colb.
2980 5232 3038 5297 et
3063 5223 3247 5279 Germ.
3290 5220 3546 5297 Nooteus.
3579 5223 3665 5297 ᾼη

2067 5292 2290 5354 Paulum
2333 5299 2413 5351 sic
2438 5307 2596 5351 vocat
2641 5296 2875 5350 Hilarius
2915 5310 2944 5349 a
2996 5295 3187 5361 Noeto,
3234 5296 3387 5363 cujus
3414 5292 3667 5349 haeresim

2066 5368 2300 5437 quodam
2348 5369 2508 5422 modo
2547 5366 2911 5421 instauravit?
2941 5365 3270 5435 Epiphanius
3316 5365 3463 5437 enim
3505 5363 3670 5437 tradit

2069 5432 2204 5497 hmr.
2245 5456 2370 5504 va,
2402 5455 2456 5493 n.
2504 5439 2555 5499 1.
2591 5437 2815 5492 Paulum
2856 5432 3135 5507 opinatum
3167 5450 3310 5504 esse,
3359 5434 3527 5507 ﬁlium
3567 5432 3671 5507 Dei

2070 5512 2445 5568 subsistentiant
2474 5508 2660 5563 habere
2689 5525 2780 5577 per
2807 5504 2913 5562 sese
2937 5508 3152 5572 nullam,
3199 5508 3289 5561 sed
3329 5504 3524 5577 iubeo
3549 5506 3671 5560 sub-

2072 5585 2254 5638 sistere
2283 5600 2301 5638 :
2328 5585 2381 5637 id
2408 5581 2546 5653 quod
2591 5575 2821 5636 Sabellio
2860 5595 3056 5650 quoque
3084 5578 3301 5651 placuit,
3345 5575 3573 5644 Novato,
3618 5584 3668 5632 et

2074 5655 2128 5709 Ν
2133 5664 2265 5709 octo.

2148 5724 2701 5798 (hiArgumentuma
2732 5723 2880 5798 vocis
2907 5721 3143 5798 novitate
3170 5721 3396 5798 petitum
3425 5718 3669 5773 Athana-

2075 5791 2217 5863 sius,
2228 5797 2321 5855 0r.
2336 5791 2402 5865 it,
2419 5810 2541 5869 pag.
2567 5794 2671 5855 516
2682 5805 2739 5857 et
2751 5794 2876 5867 356,
2891 5805 2945 5854 et
2956 5794 3307 5866 Epiphanius,
3323 5791 3457 5848 hair.
3475 5806 3674 5860 Lxxm,
