4270 6264
600 306 706 364 5.55

1802 290 2046 352 SANCTI
2095 287 2352 345 ΗΙΙΛΒΙΙ
2403 284 2714 343 EPISCOPl

3795 279 3906 338 536

600 425 725 481 hinc
752 437 860 479 non
883 421 1205 477 calumnior.
1234 414 1374 471 Malo
1406 417 1551 471 enim
1582 412 1786 485 aliquid
1822 424 2021 466 novum
2046 422 2193 463 com-
2222 407 2279 468 Α
2301 403 2426 460 huic
2452 404 2688 460 sermoni
2721 412 2909 460 nostro
2939 418 3046 459 non
3077 403 3378 474 irreligioso
3405 402 3725 457 inseremus.

598 531 953 582 memorasse,
983 526 1143 586 quam
1182 509 1346 581 impie
1373 508 1668 579 respuisse.
1699 504 2069 561 Przctermissa
2094 502 2195 556 ita-

601 628 708 681 que
720 609 1015 681 quaestione
1027 604 1301 667 novitatis,
1317 616 1384 658 ne
1401 603 1453 656 in
1478 601 1559 655 his
1578 598 1794 671 quidem
1809 595 2009 653 residet
2023 609 2197 666 quaes-

598 707 694 769 tio,
730 719 847 772 qua:
877 700 1150 756 communi
1180 697 1420 753 omnium
1445 704 1687 751 nostrum
1701 691 1906 763 judicio
1936 689 2198 746 damnan—

600 807 712 850 tur.
752 793 885 860 Quis
927 792 1072 846 enim
1122 805 1269 844 same
1324 790 1519 843 mentis
1552 786 1765 843 tertiam
1812 781 2193 845 substantiam,

600 901 722 957 qua:
763 893 817 941 et
845 884 990 939 Patri
1021 891 1075 938 et
1101 881 1242 937 Filio
1271 878 1582 935 communis
1608 878 1699 939 sit,
1725 871 2074 947 praedicabit?
2098 870 2197 925 Vel

597 979 720 1047 quis
751 974 1046 1032 secundum
1088 976 1488 1038 Samosateum,
1528 969 1581 1024 in
1613 968 1832 1023 Christo
1868 974 2111 1030 renatus,
2144 973 2201 1019 et

600 1068 797 1124 Filium
820 1066 1104 1122 confessus
1133 1080 1196 1120 ac
1220 1065 1460 1130 Patrem,
1484 1060 1625 1132 quod
1651 1058 1902 1114 Christus
1926 1057 1980 1112 in
2007 1070 2068 1110 se
2096 1054 2198 1109 sibi

604 1170 660 1216 ct
683 1170 835 1229 pater
863 1167 919 1215 et
946 1159 1087 1213 lilius
1117 1158 1188 1212 sit
1214 1154 1604 1212 conﬁtebitur?
1631 1152 1734 1208 Par
1760 1150 1941 1221 itaque
1984 1149 2038 1203 in
2067 1162 2200 1202 con-

610 1250 932 1307 dcmnandis
964 1248 1329 1319 impietatibus
1355 1245 1734 1301 luereticorum
1767 1250 1953 1297 nostra
1981 1251 2199 1296 senten-

612 1343 682 1398 tia
713 1351 798 1397 est
832 1361 845 1397 :
877 1352 928 1397 et
971 1341 1110 1398 hanc
1138 1338 1408 1394 homousii
1445 1334 1853 1405 intelligentiam
1888 1348 1994 1388 non
2037 1330 2198 1387 modo

604 1435 835 1505 reSpuit,
866 1435 960 1489 sed
1000 1442 1056 1488 et
1079 1434 1210 1488 odit.
1240 1431 1403 1503 510
1430 1431 1606 1499 Atque
1640 1430 1709 1482 ita
1742 1443 1849 1481 non
1880 1424 2206 1496 relinquitur

606 1531 813 1585 vitiosa:
845 1527 1215 1597 intelligentia:
1245 1524 1493 1595 qutestio,
1520 1521 1611 1578 ubi
1637 1522 1691 1576 in
1722 1519 1834 1575 vitii
1859 1517 2205 1574 damnatione

606 1621 911 1675 communis
931 1633 1187 1674 assensus
1213 1626 1316 1671 est.

678 1712 766 1767 85.
803 1710 952 1777 Quod
980 1711 1060 1778 pie
1084 1727 1117 1762 a
1149 1707 1368 1762 Nicena
1397 1705 1595 1777 synodo
1638 1712 1951 1772 susceptum,
1982 1718 2085 1757 non
2116 1703 2204 1757 de-

2377 516 2397 548 ι
2432 496 2718 553 Credimus
2747 496 2799 551 in
2831 511 2995 552 unum
3018 496 3186 552 Deum
3216 505 3422 566 patrem
3444 494 3898 564 omnipotentem,

2299 591 2541 647 omnium
2591 588 2877 645 visibilium
2921 595 2980 644 et
3022 587 3369 643 invisibilium
3413 586 3696 642 factorem.
3740 584 3811 640 Et
3846 584 3901 640 in

2299 702 2464 741 unum
2495 685 2787 740 Dominum
2817 692 3058 739 nostrum
3087 682 3273 739 Jesum
3293 682 3568 738 Christum
3591 682 3756 737 ﬁlium
3778 680 3901 749 Dei,

2300 785 2485 832 natum
2514 792 2578 831 ex
2609 776 2771 830 Patre
2812 774 3167 845 unigenitum,
3199 773 3303 828 hoc
3345 783 3446 840 est,
3487 774 3557 829 de
3600 772 3905 829 substantia

2299 866 2497 933 Patris,
2521 866 2690 921 Deum
2714 881 2779 921 ex
2804 865 2935 929 Deo,
2971 866 3150 921 lumen
3178 879 3243 921 ex
3274 865 3498 930 lumine,
3524 864 3692 920 Deum
3716 879 3904 919 verum

2300 957 2369 1013 de
2410 957 2522 1012 Deo
2552 972 2697 1023 vero,
2750 969 2934 1012 natum
2978 972 3087 1012 non
3118 956 3339 1024 factum,
3385 958 3545 1013 unius
3586 956 3905 1012 substantia:

2301 1065 2424 1106 cum
2464 1049 2644 1116 Patre,
2680 1048 2760 1122 (ιι)
2791 1049 2934 1119 quod
2979 1064 3158 1121 grmce
3197 1050 3384 1107 dicunt
3424 1049 3768 1115 homousion,
3811 1064 3909 1120 per

2303 1157 2463 1214 quem
2502 1142 2850 1215 omniafacta
2888 1151 3015 1199 sunt
3041 1158 3161 1214 qua:
3200 1143 3252 1199 in
3287 1143 3426 1200 caelo
3452 1151 3509 1199 et
3534 1143 3589 1198 in
3618 1152 3788 1211 terra,
3814 1143 3908 1215 qui

2303 1246 2526 1309 propter
2547 1248 2785 1293 nostram
2799 1237 3027 1294 salutem
3049 1238 3329 1295 descendit
3347 1237 3439 1310 (ρ),
3465 1239 3776 1294 incarnatus
3795 1248 3898 1304 est,

2305 1338 2361 1386 et
2390 1330 2552 1386 homo
2579 1331 2739 1403 511
2761 1328 2935 1386 factus
2959 1340 3063 1395 est,
3092 1341 3148 1386 et
3177 1344 3365 1399 passus
3389 1339 3495 1395 est,
3521 1338 3580 1385 et
3604 1329 3907 1387 resurrexit

2304 1425 2464 1478 tertia
2509 1422 2619 1488 die,
2659 1432 2715 1477 ct
2751 1423 3034 1479 adscendit
3073 1424 3124 1477 in
3154 1423 3345 1489 ccelos,
3374 1431 3638 1478 venturus
3662 1422 3909 1493 judicare

2304 1516 2458 1572 vivos
2495 1527 2550 1572 et
2578 1525 2839 1572 mortuos.
2874 1517 2943 1572 Et
2975 1517 3029 1571 in
3059 1515 3318 1584 Spiritum
3367 1523 3637 1573 sanctum.
3669 1516 3776 1572 Eos
3813 1530 3912 1572 au-

2304 1617 2437 1673 tem,
2461 1609 2550 1679 qui
2576 1607 2784 1675 dicunt,
2816 1608 2944 1663 Erat
2974 1608 3189 1680 quando
3217 1622 3321 1663 non
3350 1617 3488 1675 erat,
3519 1616 3576 1662 et
3598 1614 3724 1663 ante
3745 1621 3909 1678 quam
3958 1674 3971 1687 _

2308 1711 2624 1757 nasceretur
2649 1715 2755 1756 non
2787 1708 2925 1767 erat,
2956 1711 3012 1756 et
3039 1700 3184 1771 quod
3207 1700 3275 1755 de
3303 1715 3409 1754 non
3440 1698 3778 1755 exstantibus
3800 1699 3913 1755 lac-

606 1806 718 1859 beat
743 1802 1046 1871 improbari.
1076 1832 1147 1842 —
1168 1802 1395 1860 Dicturo
1423 1809 1603 1854 autem
1644 1812 1731 1852 me
1764 1794 1977 1850 tandem
2006 1793 2074 1849 de
2100 1800 2208 1847 ter—
2235 1795 2285 1855 Β
2313 1800 2399 1848 tus
2427 1800 2531 1859 est,
2575 1792 2656 1848 vel
2683 1808 2748 1847 ex
2779 1788 2882 1848 alia
2907 1792 3206 1848 substantia
3250 1798 3343 1847 aut
3377 1791 3634 1858 essentia,
3665 1789 3915 1848 dicentes

606 1899 678 1950 tia
706 1896 1029 1967 quaestione,
1060 1899 1163 1949 oro‘
1189 1906 1304 1958 vos,
1340 1891 1530 1949 neubi
1559 1903 1664 1961 pax
1702 1885 2054 1943 conscientia:
2097 1893 2204 1949 est,

605 1988 679 2043 ibi
705 1990 775 2042 sit
807 2003 979 2058 pugna
1008 1985 1379 2055 suspicionum
1409 2001 1423 2036 :
1449 1994 1626 2052 neque
1659 1979 1952 2050 quidquam
1984 1991 2073 2032 me
2101 1975 2205 2030 nisi

607 2081 673 2134 ad
726 2079 951 2135 unitatis
1006 2076 1305 2147 profectum
1355 2072 1600 2144 proferre
1647 2068 1991 2127 existimetis.
2046 2068 2208 2123 lnane

607 2174 753 2228 enim
798 2181 904 2237 est,
944 2166 1472 2229 calumniamverbi
1517 2164 1924 2237 pertimescere,
1981 2161 2069 2216 ubi
2119 2174 2208 2214 res

609 2268 747 2335 ipsa,
795 2265 947 2335 cujus
990 2264 1215 2320 verbum
1261 2270 1365 2329 est,
1411 2275 1519 2315 non
1554 2259 1750 2314 habeat
1803 2255 2203 2311 difﬁcultatem.

606 2358 867 2429 Displicet
889 2358 1138 2428 cuiquam
1167 2356 1220 2410 in
1245 2352 1455 2427 synodo
1480 2351 1698 2408 Nictena
1727 2348 2045 2406 homousion
2075 2361 2201 2402 esse

608 2450 965 2521 susceptum?
989 2449 1108 2505 Hoc
1131 2450 1176 2503 si
1219 2449 1305 2503 cui
1336 2446 1607 2516 displicet,
1638 2444 1849 2514 placeat
1877 2455 2102 2498 necesse
2126 2448 2212 2494 est

608 2544 754 2616 quod
784 2544 851 2598 ab
880 2541 957 2614 (a)
983 2541 1127 2597 Ariis
1154 2540 1226 2594 sit
1246 2546 1519 2609 negatum.
1550 2536 1811 2607 Negatum
1837 2534 1981 2589 enim
2009 2532 2211 2588 idcirco

609 2647 693 2692 est
720 2634 1062 2695 homousion,
1094 2648 1162 2688 ne
1186 2646 1254 2687 ex
1289 2630 1590 2686 substantia
1641 2628 1737 2683 Dei
1765 2628 1931 2697 patris
1978 2627 2122 2681 Deus
2152 2624 2212 2679 ii-

617 2728 722 2786 lius
755 2738 934 2795 natus,
967 2726 1062 2783 sed
1105 2722 1399 2780 secundum
1436 2733 1715 2778 creaturas
1740 2735 1807 2776 ex
1838 2718 2010 2774 nihilo
2036 2716 2215 2775 condi-

616 2832 705 2876 tus
753 2819 1165 2891 praedicaretur.
1206 2816 1352 2872 Nihil
1401 2830 1601 2871 novum
1644 2813 1936 2885 loquimur,
1971 2810 2212 2881 pluribus

610 2912 755 2969 edita
783 2911 976 2968 litteris
1006 2910 1125 2981 ipsa
1152 2909 1406 2964 Ariorum
1434 2906 1659 2977 perﬁdia
1690 2904 1792 2962 sibi
1825 2903 1982 2965 testis
2007 2912 2113 2958 est.
2155 2901 2213 2957 Si

612 3012 833 3074 propter
861 3002 1175 3072 negantium
1227 2999 1559 3070 impietatem
1610 2997 1698 3067 pia
1730 3007 1842 3051 tum
1870 2994 1970 3050 fuit
2014 2992 2214 3049 intelli-

610 3095 795 3167 gentia
850 3094 1238 3158 conﬁtentum;
1290 3106 1474 3161 quaero
1514 3105 1611 3147 cur
1651 3090 1814 3145 hodie
1853 3088 2210 3154 convellatur,

2310 1884 2721 1941 convcrtibilem
2742 1894 2799 1940 ct
2825 1884 3207 1941 demutabilem
3230 1884 3398 1940 Demn
3432 1901 3444 1937 :
3479 1882 3579 1939 hos
3598 1885 3916 1940 anathema-

2312 1979 2446 2036 tizat
2475 1978 2737 2033 catholica
2769 1977 3033 2033 Ecclesia.
3066 1996 3084 2031 ι

2383 2069 2498 2125 Non
2530 2069 2617 2124 hic
2645 2069 2985 2125 sanctissima
3013 2069 3390 2140 religiosorum
3413 2070 3652 2126 virorum
3676 2069 3917 2139 synodus

2313 2165 2499 2221 nescio
2526 2178 2688 2234 quam
2721 2164 2977 2234 priorem.
3024 2179 3145 2234 qua:
3174 2164 3227 2218 in
3269 2163 3407 2220 duos
3442 2162 3616 2218 divisa
3645 2164 3737 2232 sit,
3783 2165 3915 2220 sub-

2312 2258 2566 2313 stantiam
2594 2255 2909 2322 introducit,
2938 2256 3034 2311 sed
3074 2255 3268 2311 Filium
3300 2264 3485 2311 natum
3513 2255 3583 2311 de
3609 2255 3911 2312 substantia

2313 2351 2508 2406 Patris.
2559 2348 2827 2420 Numquid
2875 2358 2931 2404 et
2982 2362 3083 2404 nos
3133 2348 3430 2419 negamus?
3462 2356 3557 2403 aut
3593 2347 3724 2419 quid
3768 2347 3915 2404 aliud

2313 2443 2673 2499 conﬁtemur?
2697 2442 2766 2497 Et
2794 2450 2915 2513 post
2941 2450 3167 2498 caeteras
3209 2442 3512 2497 communis
3537 2440 3661 2496 ﬁdei
3702 2442 3919 2511 exposi-

2316 2538 2491 2591 tiones
2539 2535 2633 2600 ait,
2682 2554 2702 2587 t
2732 2534 2925 2590 Natum
2978 2549 3083 2589 non
3126 2533 3347 2599 factum,
3406 2533 3565 2589 unius
3602 2532 3919 2589 substantias:

2314 2642 2436 2683 cum
2460 2626 2642 2691 Patre,
2665 2625 2808 2697 quod
2840 2641 3015 2695 graece
3042 2626 3230 2681 dicunt
3259 2626 3601 2681 homousion.
3629 2644 3651 2678 ι
3683 2624 3816 2694 Qua:
3831 2624 3919 2680 hic

2317 2720 2528 2773 vitiosa:
2558 2717 2931 2789 intelligentia:
2953 2717 3168 2774 occasio
3194 2717 3312 2773 est?
3338 2717 3507 2772 Natus
3529 2732 3651 2774 esse
3678 2716 3748 2772 de
3786 2716 3921 2774 sub—

2317 2811 2513 2867 stantia
2544 2811 2722 2867 Patris
2751 2810 2938 2879 Filius,
2974 2826 3081 2866 non
3111 2810 3281 2866 lactus
3305 2810 3630 2883 prmdicatur
3661 2828 3675 2863 :
3707 2824 3775 2865 ne
3821 2825 3921 2864 na-

2316 2907 2499 2964 tivitas
2523 2906 2841 2966 divinitatis.
2873 2905 3079 2961 factura
3123 2906 3195 2960 sit
3234 2906 3544 2961 creationis.
3571 2903 3773 2961 Idcirco
3814 2919 3920 2960 au—

2318 3005 2426 3052 tem
2453 2999 2606 3053 unius
2634 2998 2933 3054 substantia:
2955 3014 2974 3052 :
3002 3013 3109 3052 non
3149 3006 3211 3052 ut
3237 3011 3377 3053 unus
3405 2998 3662 3054 subsistat
3705 3006 3801 3053 aut
3824 3012 3919 3053 so-

2316 3090 2424 3155 lus,
2462 3089 2556 3145 sed
2590 3100 2645 3145 ut
2675 3106 2744 3146 ex
2781 3090 3078 3146 substantia
3114 3089 3206 3146 Dei
3236 3100 3393 3145 natus
3422 3104 3531 3144 non
3553 3088 3769 3144 aliunde
3793 3088 3922 3144 sub-

616 3187 760 3259 quod
795 3196 905 3243 tun:
930 3187 1017 3256 pie
1048 3194 1357 3255 susceptum
1392 3193 1497 3251 est,
1526 3184 1653 3255 quia
1676 3182 1839 3253 impie
1878 3182 2208 3253 negabatur?
2239 3195 2285 3260 ρ
2317 3183 2475 3238 sistat
2505 3224 2519 3244 .
2579 3198 2752 3254 neque
2791 3192 2848 3237 ut
2902 3184 2957 3237 in
3010 3183 3183 3253 aliqua
3240 3181 3555 3237 dissidentis
3603 3180 3920 3237 substantia:

613 3281 669 3338 Si
701 3280 789 3351 pie
833 3288 1145 3348 susceptum
1174 3286 1260 3333 est
1292 3291 1427 3332 :cur
1471 3277 1619 3331 venit
1646 3275 1965 3331 constitutio
1994 3274 2210 3344 pietatis

612 3374 666 3427 iu
693 3372 922 3436 crimen,
974 3386 1095 3441 qua:
1132 3370 1462 3438 impietatem
1504 3371 1591 3439 pie
1630 3383 1729 3439 per
1767 3384 1830 3424 ea
1860 3368 1977 3438 ipsa
2016 3367 2211 3437 quibus

612 3464 689 3538 (b)
720 3463 1041 3541 impiabatur
1069 3461 1361 3519 exstinxit?

684 3558 774 3614 8i.
806 3556 1039 3612 Nicaeum
1059 3556 1244 3627 synodi
1265 3572 1469 3625 scapus.
1496 3554 1803 3627 Symbolum
1827 3553 2122 3610 Nicwnum.
2142 3585 2213 3597 —

615 3632 909 3708 Videamus
930 3650 1093 3720 igitur
1131 3649 1256 3719 quid
1283 3633 1500 3705 Nicama
1541 3649 1783 3721 synodus
1807 3649 1878 3722 (ε)
1924 3649 2211 3717 studuerit,

619 3742 967 3808 homousion,
1004 3740 1055 3797 id
1072 3752 1175 3806 est,
1201 3741 1359 3797 unius
1384 3741 1700 3797 substantia:
1728 3741 2039 3797 conﬁtendo
2069 3761 2081 3795 :
2105 3757 2212 3798 non

619 3839 807 3910 utique
848 3836 1098 3892 ltmresim
1139 3836 1433 3907 parturire,
1465 3850 1585 3906 qua:
1616 3833 1684 3890 de
1715 3834 1982 3890 homousii
2023 3836 2215 3890 vitiosa

613 3931 869 4001 Opinione
907 3927 1231 3997 concipitur.
1273 3927 1414 3990 Non,
1458 3927 1675 3997 Opinor,
1715 3926 1847 3982 illud
1900 3927 2211 3996 loquentur,

612 4024 757 4095 quod
802 4036 964 4076 unam
1002 4021 1334 4077 anteriorem
1377 4022 1735 4076 substantiam
1766 4021 1927 4077 Pater
1957 4031 2009 4076 et
2042 4022 2214 4077 Filius

613 4117 667 4171 in
705 4114 1063 4171 substantiam
1090 4128 1242 4169 suam
1276 4113 1562 4185 partiendo
1601 4112 1911 4168 diviserint.
1947 4112 2014 4168 Et
2039 4112 2212 4184 ipsam

605 4209 823 4281 quidem
854 4208 1106 4280 religiose
1135 4216 1247 4264 tum
1297 4206 1552 4278 scriptam
1596 4205 1780 4273 ﬁdem,
1815 4222 1957 4262 nunc
2000 4221 2215 4278 quoque

608 4389 668 4429 ιι.
693 4372 762 4426 14
788 4380 843 4426 ει
871 4371 961 4437 19,
1013 4371 1065 4424 in
1096 4369 1244 4439 ipsos
1282 4366 1570 4439 haereticos
1595 4364 2162 4439 _parite_t-A_retorquent
2194 4382 2208 4418 :

609 4443 811 4514 quippe
835 4442 925 4512 qui
949 4434 1386 4514 'patrem‘dixere
1433 4437 1738 4509 ingenitum,
1768 4434 1960 4489 Filium
1991 4449 2214 4514 veroex

608 4506 719 4570 non
743 4506 876 4575 Ente',
900 4506 1086 4593 etinon
1113 4512 1276 4593 fuisse
1296 4506 1619 4593 priusquam
1655 4516 2048 4593 nascereturi‘et
2076 4506 2211 4593 alias

2315 3274 2628 3331 diversitate
2669 3274 2949 3331 subsistat.
2996 3275 3103 3331 Aut
3150 3274 3408 3346 numquid
3465 3290 3576 3330 non
3618 3274 3732 3329 haec
3785 3273 3919 3330 ﬁdes

2318 3376 2502 3423 nostra
2534 3376 2635 3433 est,
2677 3377 2865 3423 utnon
2895 3367 3113 3423 aliunde
3149 3368 3432 3434 subsistat,
3459 3381 3637 3438 neque
3661 3366 3804 3438 quod
3829 3366 3917 3421 in-

2316 3460 2593 3517 dissitmlis
2631 3459 2925 3517 subsistat?
2970 3460 3081 3515 Aut
3122 3460 3268 3516 aliud
3304 3460 3393 3516 hic
3438 3468 3670 3516 testatur
3694 3458 3920 3515 homou-

2317 3556 2460 3619 sion,
2504 3569 2665 3625 quam
2700 3565 2756 3608 ut
2794 3571 2897 3609 una
2943 3563 3103 3624 atque
3146 3552 3483 3610 indissimilis
3523 3553 3690 3610 duum
3738 3552 3810 3607 sit
3835 3566 3923 3609 se-

2317 3650 2554 3706 cundum
2601 3661 2806 3705 natura:
2848 3649 2916 3722 (f)
2953 3650 3260 3720 progeniem
3289 3650 3549 3715 essentia,
3580 3648 3705 3719 quia
3733 3661 3924 3704 essen-

2322 3744 2394 3799 tia
2422 3744 2545 3799 Filii
2578 3758 2684 3799 non
2716 3744 2787 3797 sit
2812 3742 3069 3797 aliunde?
3096 3742 3227 3810 Qua:
3257 3741 3379 3811 quia
3418 3740 3635 3796 aliunde
3664 3755 3773 3797 non
3808 3747 3919 3807 est,

2313 3841 2476 3896 unius
2499 3848 2646 3895 recte
2670 3852 2791 3895 esse
2820 3838 2981 3892 ambo
3008 3835 3298 3892 credentur
3326 3836 3612 3901 essentite;
3639 3834 3765 3907 quia
3790 3834 3922 3890 sub-

2318 3931 2572 3988 stantiam
2601 3929 2894 3986 nativitatis
2918 3928 3085 3984 Filius
3107 3943 3212 3984 non
3236 3927 3435 3983 habeat
3457 3926 3559 3983 nisi
3585 3925 3656 3983 de
3681 3936 3919 3998 paterna:

2317 4025 2640 4080 auctoritate
2670 4032 2894 4078 naturae.
3726 4076 3731 4081 ,

2391 4116 2479 4172 85.
2515 4115 2833 4172 Homousiou
2872 4130 2996 4169 num
3022 4114 3442 4185 improbandum,
3469 4114 3588 4186 quia
3613 4112 3792 4168 vitiose
3831 4127 3920 4166 so-

2317 4211 2418 4266 leat
2464 4212 2702 4283 intelligi.
2740 4240 2804 4252 -—
2830 4209 2938 4267 Sed
2980 4208 3118 4266 forte
3162 4224 3194 4266 e
3239 4210 3513 4265 contrario
3558 4208 3791 4273 dicetur,
3832 4206 3919 4263 id-

2321 4369 2543 4431 ἀσεϐεῖν.
2596 4365 2669 4421 id
2699 4376 2804 4430 est,
2860 4366 3192 4437 impietatem
3226 4382 3409 4436 agere,
3442 4365 3732 4423 conﬁctum
3765 4365 3919 4422 vidc-

2323 4449 2429 4493 tur.
2470 4438 2641 4493 Porro
2689 4436 2821 4493 illud
2863 4438 3175 4506 impiabamr
3213 4437 3281 4492 ad
3326 4437 3626 4494 Samosatei
3667 4437 3916 4493 hmresim

2321 4510 2513 4566 referri
2542 4510 2827 4565 commode
2851 4518 3052 4580 queat:
3083 4518 3140 4563 ut
3166 4523 3269 4577 qua
3292 4509 3383 4565 ille
3411 4524 3546 4565 voce
3573 4508 3715 4565 nude
3743 4519 3917 4580 posna

609 4600 775 4641 voces
796 4576 1175 4652 excogitarunt
1194 4576 1491 4652 Scripturis
1517 4594 1738 4652 prorsus
1764 4576 2215 4652 incognitas:__\_le-
2240 4576 2293 4636 D
2323 4581 2651 4651 impietatem
2684 4596 2834 4635 suam
2866 4576 3206 4646 enuntiabat,
3235 4595 3298 4635 ea
3312 4580 3444 4652 _ipsa
3465 4595 3561 4650 per
3587 4580 3724 4652 alias
3743 4576 3918 4651 supe-

610 4672 755 4722 rum,
787 4663 845 4710 ut
872 4646 1033 4711 docet
1046 4646 1397 4717 Athanasius,
1418 4646 1601 4722 libide
1614 4648 1818 4722 Synod.
1847 4663 1898 4722 p._
1913 4648 2042 4722 912:,
2061 4646 2209 4700 Hila-

608 4729 694 4784 rio
724 4720 909 4782 nostro
929 4725 1019 4781 hic
1043 4725 1394 4794 suifragante,
1424 4721 1555 4775 nihil
1570 4720 1627 4774 id
1651 4722 1828 4791 refert,
1925 4720 2038 4794 quis
2062 4733 2210 4773 voces

607 4801 666 4853 in
696 4798 972 4868 Scriptura
998 4813 1102 4850 non
1122 4789 1355 4868 repErtas
1382 4800 1616 4861 usurpet,
1647 4789 1799 4868 quam
1839 4789 1930 4843 diu
1959 4789 2071 4868 pias
2092 4806 2207 4842 sen-

609 4862 832 4935 tentias;
863 4862 1236 4937 complectitur.
1287 4863 1479 4919 Contra
1517 4862 2015 4937 hereticustantetsi
2063 4876 2209 4913 voces

608 4957 732 4995 suus
778 4932 806 4994 ἐ
847 4932 1010 4994 sacris
1056 4938 1241 4992 litteris
1297 4944 1529 5003 usurpet,
1567 4932 1904 4987 nihilominus
1948 4941 2213 5000 suspectus

609 5012 885 5083 animoque
910 5020 1187 5083 corruptus
1211 5006 1386 5063 audiet
1409 5023 1442 5060 a
1469 5003 1694 5075 Spiritu,
1722 5004 1896 5071 Quare
1920 5012 1974 5056 tu
2000 5017 2209 5056 enarras

598 5079 1071 5155 ἰωέίρίιὲηιεαρῗ-
1579 5146 1591 5155 .
1706 5153 1713 5155 _
1882 5153 1889 5155 ξ
1993 5099 2001 5107 ·

683 5152 758 5225 (α)
791 5152 987 5209 Excusi
1018 5150 1127 5213 hic,
1156 5148 1294 5225 quod
1320 5149 1384 5225 ab
1410 5146 1617 5225 Arionis
1642 5153 1714 5201 est
1741 5153 1982 5225 negatum
2001 5160 2020 5225 ς
2041 5153 2097 5199 ει
2126 5142 2208 5225 in-_

606 5215 714 5288 fra‘,
739 5215 1075 5279 [Arianorum
1105 5215 1597 5277 :dissentientibus
1643 5232 1776 5274 mss.
1809 5215 1915 5271 ’Sic
1942 5223 2021 5288 _et
2068 5215 2211 5288 apud

609 5286 969 5352 Phtnbadium
990 5292 1126 5357 Arii,
1159 5309 1265 5346 non
1293 5291 1476 5346 Ariani
1499 5297 1896 5357 nuncupantur.
1928 5286 2213 5357 Quomodo

611 5367 701 5421 hic
719 5366 974 5428 Hilarius,
1002 5368 1074 5419 ita
1090 5356 1439 5429 Athanasius,
1462 5362 1556 5418 lib.
1580 5360 1649 5414 de
1673 5356 1810 5431 Syn.
1839 5375 1893 5431 p.
1922 5357 2049 5423 920,
2068 5356 2211 5431 idem

606 5438 930 5494 vocabulum
954 5427 1274 5492 homousion
1301 5427 1449 5490 recte
1466 5442 1522 5489 et
1549 5432 1618 5488 ab
1642 5427 1980 5487 An'tiochena
2002 5427 2212 5500 synodo

610 5519 807 5565 contra
849 5509 1223 5565 Samosateum
1263 5505 1549 5576 reiectum,
1595 5514 1651 5559 et
1698 5518 1729 5557 a
1768 5501 1985 5576 Nicteoa
2022 5511 2212 5554 contra

612 5580 845 5636 Arianos
881 5588 1191 5649 susceptum
1232 5574 1426 5649 probat
1453 5592 1521 5632 ex
1551 5590 1719 5646 scopo
1764 5574 2045 5639 utriusque
2075 5585 2207 5627 con-

612 5652 742 5705 cilii.

685 5722 763 5790 (b)
790 5721 879 5778 Sic
910 5736 1043 5797 mss.
1078 5719 1221 5776 Editi
1252 5733 1402 5797 vero_,
1433 5719 1771 5797 impiebatur._
1796 5714 1974 5797 \[erbo
2000 5715 2209 5797 ὅτιψὶαῄ

617 5787 746 5848 usus
800 5803 884 5847 est
937 5793 1154 5849 Plautus
1195 5808 1208 5845 :
1249 5789 1393 5859 quod
1441 5787 1657 5861 quidem
1707 5787 1774 5843 ad
1826 5788 1995 5845 instar
2044 5787 2208 5856 graeci

2315 4650 2488 4709 rint-es
2522 4652 2766 4722 exposita
2803 4652 2917 4707 Arii
2950 4653 3282 4722 impietatem
3311 4650 3528 4706 Niemna
3556 4650 3797 4722 synodus
3815 4650 3920 4707 ex-

2312 4724 2583 4779 stinxerit.
2618 4721 2730 4777 Nisi
2760 4722 2898 4777 forte
2943 4721 3066 4792 quis
3096 4722 3283 4777 mallet
3337 4723 3425 4778 hic
3473 4721 3640 4778 alludi
3680 4722 3747 4777 ad
3797 4737 3920 4778 eam

2314 4796 2604 4858 rationem,
2635 4809 2740 4863 qua
2785 4808 2973 4849 vocem
3024 4794 3345 4848 homousion
3393 4792 3653 4850 adversus
3697 4794 3915 4849 Eusebii

2312 4867 2549 4936 argutias
2575 4864 2770 4920 Nicma:
2795 4875 3102 4936 susceptam
3144 4875 3329 4920 narrat
3364 4864 3706 4932 Ambrosius,
3732 4863 3829 4919 lib.
3858 4879 3918 4920 ιιι

2313 4934 2536 4994 ἀεἘὶᾶε
2561 4950 2612 4992 c.
2644 4936 2735 5001 l5,
2767 4952 2821 4989 n.
2858 4934 2978 5001 125,
3011 4936 3153 5005 quod
3186 4940 3363 4991 minus
3387 4936 3664 5006 probabile
3698 4946 3804 4990 est.

2393 5028 2465 5100 (c)
2506 5026 2564 5081 ln
2603 5026 2854 5098 vulgatis,
2904 5028 3171 5100 statuerit.
3204 5025 3402 5100 Verius
3434 5042 3564 5082 mss.
3613 5026 3916 5084 studuerit:

2316 5097 2576 5156 cum'non
2608 5107 2713 5153 tam
2746 5107 3017 5170 qureratur
3057 5113 3125 5154 an
3160 5097 3482 5154 homousion
3518 5106 3780 5155 statutum
3819 5100 3911 5168 sit,

2316 5187 2477 5242 quam
2500 5186 2606 5241 quo
2635 5171 2885 5225 consilio.

2390 5264 2469 5334 (ά)
2502 5263 2720 5334 Aliquot
2759 5279 2891 5319 mss.
2924 5273 2984 5318 ut
3007 5262 3332 5335 Fragmento
3370 5278 3429 5330 ιι,
3477 5260 3627 5335 num.
3654 5261 3915 5335 27,,quod

2315 5333 2483 5391 amca
2515 5333 2689 5389 dicunt
2716 5335 3039 5390 homousion.
3072 5333 3196 5390 lliec
3219 5345 3397 5389 autem
3420 5334 3585 5390 verba
3615 5350 3722 5390 non
3752 5333 3915 5390 habet

2314 5407 2589 5476 exemplar
2620 5404 2783 5462 Corh.
2838 5406 3039 5462 sreculn
3088 5413 3242 5461 sexto
3283 5416 3593 5470 exaratum,
3633 5406 3778 5477 quod
3813 5407 3914 5462 hoc

2314 5477 2630 5550 Symbolum
2652 5492 2773 5533 cum
2792 5478 2913 5534 aliis
2937 5477 3171 5548 antiquis
3190 5477 3555 5533 monumentis
3576 5479 3839 5533 continet.

2385 5568 2458 5642 (ε)
2485 5568 2709 5625 Addunt
2732 5570 2886 5635 editi,
2913 5571 2978 5626 de
3002 5571 3143 5626 caelis
3164 5587 3183 5625 :
3205 5570 3351 5642 quod
3382 5585 3555 5640 neque
3585 5571 3673 5642 hic
3694 5568 3747 5626 in
3777 5586 3909 5626 mss.

2314 5641 2508 5713 exstat,
2550 5656 2723 5710 neque
2765 5642 3091 5713 Fragmento
3122 5658 3185 5707 tt,
3215 5641 3392 5713 neque
3431 5641 3573 5712 apud
3600 5641 3909 5699 Luc-iterum

2313 5712 2406 5768 lib.
2440 5713 2506 5765 tlc
2536 5727 2639 5767 non
2670 5712 2956 5782 parcendo,
2990 5725 3096 5769 etc.

2385 5783 2457 5856 (Ι)
2488 5783 2565 5840 Ita
2592 5798 2745 5852 mssa
2783 5785 2872 5841 ubi
2899 5789 2952 5841 in
2977 5784 3231 5858 vulgatis,
3259 5786 3622 5857 propaginem.
