4270 6264
417 249 524 306 557

1196 248 1398 306 LIBER
1440 248 1529 305 DE
1586 247 1910 319 SYNODIS,
1951 247 2086 308 SEU
2129 248 2214 305 DE
2255 248 2413 306 FIDE
2452 248 2945 307 ORIENTALIUM.

3609 251 3716 310 538

413 369 560 423 circo
588 366 882 445 improbari
905 375 1175 438 oportere,
1199 367 1324 437 quia
1347 367 1539 422 vitiose
1567 367 1794 438 intelligi
1820 367 2012 436 soleat.
2041 370 2095 431 Α
2120 366 2354 424 Pereant
2381 381 2615 439 quoque,
2650 367 2695 422 si
2736 365 2949 422 videtur
2996 362 3164 439 (quod
3195 379 3301 421 non
3331 379 3433 436 ego
3455 365 3708 435 dixerim,

411 458 530 518 Hoc
555 462 605 516 si
635 464 911 528 timemus,
943 461 1222 517 deleamus
1252 460 1305 515 in
1342 460 1609 532 Apostolo
1642 459 1785 532 quod
1812 459 2014 517 dictum

412 567 496 613 εει
526 572 547 611 .°
578 556 837 610 Mediator
884 554 982 610 Dei
1016 564 1064 610 et
1100 555 1365 609 hominum
1405 553 1559 610 homo
1602 554 1837 611 Christus
1862 552 2015 609 Jesus

411 651 458 725 (l
484 650 621 706 Tim.
651 666 711 718 ιι,
744 649 831 722 5);
860 650 984 721 quia
1014 648 1081 705 ad
1107 651 1479 704 auctoritatem
1501 647 1723 705 haeresis
1744 662 1857 704 sua:
1876 647 2017 704 Pho-

417 744 562 799 tinus
607 743 709 797 hoc
750 743 955 796 tttitur:
989 752 1043 798 et
1091 757 1198 796 non
1230 742 1441 812 legatur
1479 756 1510 796 a
1543 740 1721 806 nobis,
1769 740 1895 811 quia
1946 739 2015 794 ab

410 835 506 892 illo
537 836 675 893 ntalc
706 835 1056 906 intelligatur.
1082 834 1277 890 Pereat
1302 849 1517 905 quoque
1546 833 1612 889 ad
1640 832 2015 904 Pltilippcnses

409 928 609 1001 scripta
638 928 885 999 epistola,
919 934 1015 982 aut
1043 927 1151 997 igni
1170 935 1266 981 aut
1302 927 1566 998 spongia:
1597 941 1666 982 ne
1694 924 1750 981 in
1782 940 1844 981 ea
1874 925 2014 980 Mar-

358 1076 379 1090 ,
411 1022 535 1076 cion
584 1021 815 1090 relegat:
842 1017 912 1073 Et
938 1018 1116 1074 habitu
1153 1029 1392 1087 repertus
1421 1027 1477 1073 ut
1513 1018 1666 1073 homo
1694 1016 1921 1088 (Philip.
1950 1033 2007 1083 tt,
2035 1090 2041 1095 ο

412 1113 494 1185 7),
524 1112 856 1185 phantasiam
887 1112 1131 1182 corporis
1167 1110 1431 1167 conﬁtens
1459 1124 1602 1175 esse,
1634 1124 1741 1165 non
1790 1123 2006 1180 corpus.

411 1207 530 1264 Non
552 1214 731 1262 exstet
757 1205 1107 1278 Evangelium
1131 1204 1357 1261 Joannis
1385 1221 1399 1258 :
1426 1219 1495 1260 ne
1515 1203 1786 1260 Sabellius
1804 1202 2007 1258 discat:

414 1304 575 1375 512
609 1300 721 1373 Ego
751 1311 797 1354 et
825 1299 986 1354 Pater
1008 1315 1165 1353 unum
1188 1313 1364 1353 sumus
1384 1294 1564 1367 (Joan.
1600 1312 1659 1363 ι,
1692 1294 1805 1368 50).
1826 1294 2010 1366 Neque

411 1393 500 1448 isti
532 1404 679 1448 nunc
720 1400 982 1449 creatura:
1006 1389 1388 1459 praedicatores
1435 1389 1698 1459 scriptum
1730 1388 2005 1443 habeant:

408 1482 567 1541 Pater
604 1486 771 1556 major
813 1500 893 1538 me
919 1493 991 1538 est
1022 1481 1203 1553 (Joau.
1234 1498 1342 1546 xlv,
1382 1482 1498 1553 28).
1550 1481 1735 1553 Neque
1773 1481 1872 1548 illi,
1915 1481 2007 1551 qui

407 1577 724 1633 dissimilem
754 1576 900 1632 Patri
930 1575 1128 1631 Filium
1156 1575 1431 1631 afﬁrmare
1447 1575 1659 1642 volunt,
1684 1576 1864 1646 legant
1889 1590 1904 1629 :
1926 1571 2008 1629 De

310 1650 331 1671 ’
405 1670 495 1726 die
511 1681 678 1725 autem
703 1680 751 1726 et
782 1670 910 1724 hora
949 1685 1096 1725 nemo
1122 1670 1207 1737 sit,
1239 1686 1398 1739 neque
1425 1669 1609 1741 Angeli
1634 1669 1690 1723 in
1728 1668 1890 1734 caelis,
1915 1684 2006 1722 ne-

2119 461 2215 518 sed
2261 459 2630 531 responsionis
2679 457 3021 530 necessitas),
3072 457 3253 515 omnia
3291 458 3473 515 divina
3521 459 3611 516 illa
3657 469 3714 517 et

2119 564 2302 611 sancta
2357 554 2647 627 Evangelia
2696 553 2886 610 salutis
2935 554 3183 610 humanas
3215 570 3325 611 :ne
3367 570 3428 611 se
3478 553 3711 612 invicem

2117 648 2385 703 contraria
2416 647 2680 703 dictorum
2709 647 2961 717 opinione
2986 655 3349 718 compugnent
3375 665 3388 701 :
3420 661 3490 703 ne
3515 648 3712 705 missu-

2117 756 2209 796 rus
2231 740 2488 796 Dominus
2507 739 2768 811 Spiritum
2787 747 3033 795 sanctum
3056 739 3175 811 ipse
3191 739 3259 795 de
3285 739 3490 810 Spiritu
3519 751 3710 799 sancto

2116 844 2273 890 natus
2303 835 2511 905 legatur
2540 852 2554 890 :
2587 834 2658 907 (ο)
2692 848 2761 890 ιιε
2803 842 3033 889 mortem
3078 834 3259 903 gladio
3288 834 3707 893 denuntiaturus

2114 927 2316 993 usuris,
2360 927 2469 983 emi
2513 926 2748 997 gladium
2786 941 3044 997 passurus
3073 927 3275 984 indicat
3301 927 3518 1000 (Matth.
3551 944 3707 998 xxvi,

2115 1019 2209 1093 52)
2236 1039 2247 1074 :
2277 1036 2345 1075 ne
2371 1019 2437 1075 ad
2475 1018 2682 1075 inferos
2709 1018 3091 1087 descensurus,
3124 1020 3176 1075 in
3208 1019 3457 1090 paradiso
3486 1021 3708 1077 sitcum

2115 1113 2324 1169 latrone
2373 1111 2554 1184 (Luae
2581 1127 2714 1179 χχιι,
2738 1110 2828 1183 56)
2858 1129 2871 1165 :
2905 1126 2971 1167 ne
2998 1121 3271 1183 postremo
3295 1112 3524 1184 apostoli
3553 1128 3709 1184 repe-

2111 1207 2320 1262 riantur
2365 1207 2416 1261 in
2467 1206 2692 1261 crimine
2721 1247 2735 1273 ,
2786 1205 2876 1275 qui
2918 1205 3190 1276 baptizare
3236 1206 3287 1261 in
3348 1206 3566 1263 nomine
3600 1208 3705 1263 Pa-

2093 1300 2208 1367 ,tris
2251 1308 2306 1354 et
2351 1297 2470 1353 Filii
2512 1305 2568 1353 et
2613 1296 2847 1367 Spiritus
2891 1297 3062 1352 sancti
3097 1297 3232 1367 jussi
3265 1296 3480 1366 (Matth.
3515 1314 3704 1364 xxvnt,

2112 1391 2224 1461 19),
2260 1400 2464 1446 tantum
2496 1391 2547 1446 in
2577 1390 2707 1447 Jesu
2730 1391 2947 1446 nomine
2976 1387 3055 1462 (ιι)
3077 1389 3702 1465 baptizavcrunt(Act.x,

2108 1482 2225 1554 48).
2267 1483 2431 1539 Vobis
2471 1483 2636 1550 enim,
2686 1483 2923 1549 Fratres,
2959 1483 3109 1538 vocis
3133 1482 3275 1549 dico,
3317 1482 3411 1555 qui
3430 1484 3545 1555 jam
3588 1500 3696 1541 non

2107 1577 2247 1633 lacte
2290 1576 2518 1639 alimini,
2552 1576 2646 1630 sed
2679 1576 2833 1630 lirtno
2874 1574 2993 1630 cibo
3037 1574 3226 1631 valetis
3258 1573 3443 1648 (Hebr.
3475 1592 3531 1643 ν,
3558 1576 3700 1648 12)-;

2105 1669 2397 1742 Numquid,
2425 1669 2550 1742 quia
2580 1671 2679 1725 ista
2709 1670 2983 1741 sapientes
3021 1669 3204 1725 mundi
3234 1683 3342 1725 non
3368 1669 3699 1742 intelligunt,

404 1781 503 1837 que
527 1763 722 1831 Filius,
753 1764 853 1819 nisi
886 1762 1042 1818 Pater
1066 1763 1209 1819 solus
1230 1762 1424 1833 (Marc.
1457 1774 1574 1829 xm,
1600 1759 1715 1834 52).
1749 1760 1868 1815 Non
1895 1759 2003 1815 sint
2034 1765 2079 1825 Β
2108 1775 2163 1820 et
2189 1764 2272 1819 bis
2298 1765 2461 1820 stulta
2489 1772 2639 1831 sunt,
2668 1778 2768 1818 nos
2789 1778 2912 1818 cum
2948 1762 3150 1818 mundo
3175 1763 3452 1833 sapientes
3476 1764 3699 1835 erimus,

402 1870 618 1928 quoque
645 1856 766 1912 libri
797 1857 960 1928 Moysi
994 1874 1007 1909 :
1041 1872 1108 1911 ne
1148 1855 1392 1912 tenebrae
1420 1856 1550 1921 Deo,
1576 1855 1670 1926 qui
1709 1853 2001 1909 innascibi-

401 1948 507 2004 lcm
534 1948 706 2004 lucem
740 1947 858 2004 babi
871 1955 966 2013 tat,
1009 1963 1209 2003 coaevze
1248 1948 1390 2014 sint;
1420 1947 1545 2019 quia
1575 1949 1627 2003 in
1655 1946 1925 2017 Genesi(t,
1945 1944 2003 2017 2)

401 2051 522 2112 post
550 2049 763 2097 noctem
791 2041 910 2096 dies
936 2054 1116 2111 coepta
1157 2041 1229 2096 sit
1265 2059 1279 2096 :
1310 2055 1380 2097 ne
1420 2041 1546 2096 anni
1584 2039 1662 2113 (ιι)
1693 2038 2004 2095 Mathusalae
2056 2110 2063 2117 .

403 2142 617 2191 aetatem
649 2134 836 2191 diluvii
864 2133 1134 2191 excedant
1157 2133 1310 2209 (Gen.
1341 2151 1395 2202 v,
1420 2133 1539 2208 26),
1568 2143 1626 2190 et
1655 2149 1761 2189 non
1793 2142 2000 2189 tantum

400 2235 524 2282 octo
569 2227 682 2282 sint
734 2225 929 2282 animae
973 2235 1265 2282 reservata:
1307 2226 1369 2300 (l
1423 2225 1537 2282 Pet.
1589 2242 1666 2294 ιιι,
1705 2226 1818 2297 20)
1872 2244 1886 2280 :
1934 2240 2003 2281 ne

398 2320 693 2377 clamorem
749 2318 1109 2376 Sodomorum
1157 2319 1379 2391 repletis
1427 2320 1539 2391 jam
1586 2320 1820 2390 peccatis
1857 2317 2002 2373 Detts

399 2413 646 2480 audiens,
691 2422 964 2483 tamquam
996 2414 1248 2483 ignorans
1271 2417 1589 2480 clamorem,
1619 2413 1914 2469 descendat
1941 2422 2000 2469 ut

400 2507 585 2563 videat
612 2523 678 2563 an
713 2507 870 2577 plena
904 2506 1014 2562 sint
1054 2522 1177 2564 cum
1216 2508 1452 2563 clamore
1482 2516 1719 2577 peccata,
1748 2516 1801 2564 et
1843 2523 1997 2577 repe-

396 2604 572 2658 riatur
616 2602 759 2658 Deus
812 2603 1023 2659 nescire
1065 2604 1205 2675 quod
1255 2604 1420 2659 sciret
1459 2602 1612 2678 (Gen.
1661 2619 1817 2670 xvm,
1859 2601 1995 2675 2t):

397 2710 466 2751 ne
491 2696 773 2767 quiSquam
813 2710 1031 2768 quoque
1058 2697 1434 2767 sepeliemiunt
1481 2698 1676 2768 sepulti
1702 2697 1779 2771 (ιι)
1826 2697 2032 2768 Moysi‘

398 2790 531 2844 sciat
553 2788 859 2859 sepulcrum
885 2786 1063 2862 (Deut.
1095 2805 1283 2857 xxxiv,
1309 2789 1400 2859 6);
1430 2804 1498 2843 nc
1521 2804 1617 2858 per
1633 2789 1773 2854 hzec,
1807 2796 1866 2843 ut
1887 2788 1996 2843 bac-

397 2883 549 2939 rctici
580 2890 787 2953 putant,
813 2883 1025 2939 diversa
1054 2883 1138 2938 lex
1170 2884 1282 2954 ipsa
1312 2883 1412 2939 sibi
1445 2883 1619 2939 hostis
1644 2883 1735 2937 sit.
1778 2882 1846 2937 Et
1872 2883 1995 2952 quia

396 2974 513 3032 lucc
538 2976 606 3032 ab
634 2975 716 3033 his
743 2992 845 3032 non
879 2977 1273 3049 intelliguntur,
1320 2993 1429 3033 non
1472 2978 1768 3049 legantura
1814 2977 1991 3034 nobis.

2106 1868 2164 1914 ut
2210 1859 2325 1914 haec
2349 1859 2509 1914 stulta
2542 1856 2870 1913 credamus?
2910 1856 2977 1910 Et
3009 1859 3131 1927 quia
3178 1856 3296 1914 haec
3335 1859 3515 1928 impiis
3557 1872 3702 1915 caeca

2104 1962 2262 2017 sunt,
2323 1967 2421 2007 nos
2470 1967 2578 2006 non
2625 1950 2921 2006 lucebimus
2969 1950 3240 2006 intellecta
3288 1952 3515 2007 veritate
3568 1949 3701 2008 doc-

2106 2043 2295 2099 trinae?
2319 2043 2456 2100 Male
2483 2045 2685 2099 sanctis
2712 2042 2873 2099 rebus
2911 2041 3308 2112 praeiudicatur,
3349 2044 3395 2098 si
3424 2044 3552 2114 quia
3594 2058 3701 2100 non

2106 2146 2310 2193 sanctae
2350 2152 2380 2191 a
2409 2135 2725 2208 quibusdam
2781 2133 3098 2199 habeantur,
3155 2148 3277 2189 esse
3330 2149 3438 2191 non
3478 2134 3698 2190 debent.

2105 2230 2221 2287 Non
2254 2243 2383 2301 ergo
2427 2229 2720 2300 gloriemur
2748 2241 2910 2283 cruce
2950 2225 3173 2293 Christi,
3219 2227 3342 2298 quia
3387 2225 3699 2282 scandalum

2104 2322 2305 2378 mundo
2331 2330 2450 2377 est:
2480 2337 2652 2392 neque
2699 2321 2751 2376 in
2777 2320 2994 2376 vivente
3035 2319 3146 2375 Deo
3181 2328 3411 2375 mortem
3440 2319 3701 2391 praedice-

2103 2431 2246 2481 mus,
2275 2431 2342 2471 ne
2371 2416 2439 2470 ab
2468 2415 2647 2485 impiis
2678 2425 2924 2470 mortuus
2945 2412 3089 2469 Deus
3118 2422 3393 2484 arguatur.

2174 2510 2264 2567 86.
2314 2510 2393 2563 An
2430 2509 2550 2580 quia
2574 2507 2637 2561 ab
2666 2507 2736 2563 80
2763 2507 3018 2577 episcopis
3054 2510 3321 2579 rejectum.
3352 2535 3425 2548 --
3446 2504 3584 2561 Male
3616 2506 3702 2562 in-

2105 2606 2365 2676 telligitur
2394 2602 2713 2657 ltomonsion
2749 2619 2760 2653 :
2790 2599 2915 2671 quid
2958 2600 3024 2653 ad
3082 2616 3166 2654 me
3212 2600 3349 2654 bene
3393 2597 3701 2676 intelligen-

2105 2675 2257 2755 tem?
2297 2696 2434 2752 Male
2480 2693 2799 2750 homousion
2840 2692 3001 2765 513
3028 2689 3099 2765 (e)
3150 2675 3532 2749 Samosatenus
3566 2706 3697 2747 con.

2103 2792 2279 2847 fessus
2332 2797 2418 2845 est
2446 2786 2577 2843 :sed
2614 2786 2875 2856 numquid
2925 2784 3119 2840 melius
3165 2784 3278 2839 Arii
3327 2784 3700 2854 negaverunt?

2102 2883 2386 2953 Octoginta
2415 2880 2483 2953 (ι’)
2514 2879 2750 2950 episcopi
2784 2877 2914 2932 olim
2956 2884 3308 2946 reSpucrunt;
3338 2876 3432 2931 sed
3460 2874 3690 2932 trecenti

2101 2984 2156 3033 et
2175 2973 2364 3030 decem
2393 2981 2517 3028 octo
2544 2984 2715 3039 nuper
2741 2976 3084 3039 receperunt.
3116 2967 3193 3042 (g)
3228 2968 3294 3023 Et
3322 2966 3451 3024 mihi
3477 2966 3694 3039 quidem

469 3133 655 3208 (a)ADe
683 3136 839 3192 anuis
864 3135 1173 3208 Mathusalae
1206 3145 1341 3193 teste
1363 3137 1688 3208 AugnStino,
1714 3136 1807 3192 lib.
1825 3154 1896 3208 xv
1926 3136 1994 3193 de
2020 3134 2066 3197 C
2100 3133 2321 3208 stitutus
2341 3132 2429 3197 sit,
2454 3127 2703 3208 quamvis
2729 3125 2940 3184 dandus
2968 3127 3022 3182 in
3052 3128 3267 3182 nomine
3290 3125 3469 3182 Patris
3499 3132 3555 3183 et
3575 3125 3698 3182 Filii

397 3205 512 3261 Civ.
543 3206 634 3261 Dei
666 3223 716 3280 ε.
762 3208 851 3271 15,
881 3209 1009 3262 olim
1043 3207 1139 3280 fttit
1162 3209 1378 3273 qumstio
1404 3205 1771 3280 famosissima,
1820 3207 1888 3264 iis
1915 3217 1993 3264 ta-

396 3294 543 3343 men,
576 3287 633 3331 nt
664 3277 805 3332 idem
836 3283 992 3334 docet
1020 3279 1109 3334 lib.
1146 3295 1185 3334 ιι
1212 3280 1280 3335 de
1311 3277 1463 3349 pecc.
1508 3280 1656 3350 Orig.
1688 3296 1737 3335 c.
1767 3280 1858 3347 23,
1892 3295 1991 3334 an-

394 3351 749 3421 numeranda,
779 3365 898 3420 quae
927 3351 1164 3419 ignorari
1202 3352 1348 3405 salva
1379 3350 1683 3406 Christiana
1729 3351 1833 3407 fide
1861 3365 1990 3421 pos-

395 3429 541 3494 sunt.
570 3419 718 3494 Hanc
739 3419 951 3491 quoque
977 3421 1335 3494 Hieronymus
1362 3426 1412 3476 in
1436 3424 1637 3489 Qumst.
1663 3421 1830 3478 Hebr.
1861 3419 1992 3479 dicit

396 3492 742 3563 disputatione
769 3495 997 3546 omnium
1026 3492 1350 3549 ecclesiarum
1386 3495 1699 3548 uentilatam.
1734 3495 1986 3563 DiSputa-

395 3566 474 3636 tio
511 3562 636 3636 hinc
678 3573 799 3618 nata
827 3574 936 3636 est,
967 3565 1109 3636 quod
1136 3563 1430 3621 secundum
1463 3564 1607 3620 LXX
1633 3562 1989 3636 interpretum

393 3633 686 3689 editionem
716 3633 1010 3690 Mathusala
1044 3634 1112 3690 14
1137 3652 1311 3691 annos
1337 3647 1459 3702 post
1501 3638 1758 3691 diluvium
1781 3633 1991 3692 'vixisse

393 3713 833 3777 comptu-aretur:
866 3718 1031 3777 atque
1081 3707 1216 3762 adeo
1264 3709 1462 3761 animae
1510 3707 1630 3777 plus
1661 3724 1818 3776 quam
1866 3718 1990 3762 octo

393 3775 619 3832 fuissent
653 3789 961 3832 reservatus.
991 3775 1299 3833 Secundum
1347 3775 1628 3832 Hebraea":
1671 3788 1872 3843 tamen,
1903 3779 1989 3833 cui

393 3857 577 3919 nostra
606 3848 831 3919 Vulgata
877 3861 1160 3916 consonat,
1194 3849 1338 3904 nulla
1384 3858 1467 3903 est
1501 3846 1793 3919 difﬁcultas
1825 3867 1837 3901 :
1865 3865 1986 3903 cum

394 3918 514 3987 ipso
555 3918 741 3974 diluvii
791 3936 935 3974 anno
968 3920 1254 3975 defunctus
1302 3921 1625 3988 reperiatur.
1660 3918 1760 3975 Ubi
1805 3929 1987 3974 autem

394 3990 611 4046 codices
639 3992 985 4057 dissentiunt,
1018 3992 1062 4045 ei
1093 3992 1261 4061 potius
1291 3991 1485 4062 lingua:
1528 3991 1786 4058 credatur,
1819 3990 1991 4062 inquit

392 4064 750 4133 Augustinus,
787 4063 906 4118 loco
926 4066 1036 4132 jam
1066 4061 1493 4133 laudatodeCiv.
1528 4063 1643 4127 Dei,
1675 4064 1809 4117 unde
1836 4061 1907 4116 est
1934 4063 1990 4116 in

393 4131 549 4206 aliam
577 4152 670 4206 per
695 4131 995 4203 interpretes
1040 4138 1177 4206 facta
1219 4131 1509 4206 translatio.
1539 4133 1899 4203 Quamquam,
1928 4143 1990 4188 ut

391 4203 534 4277 idem
566 4203 696 4260 ibid.
728 4206 962 4277 subjicit,
990 4206 1044 4258 in
1072 4205 1374 4277 quibusdam
1403 4205 1662 4259 codicibus
1688 4206 1871 4272 gratcis
1893 4206 1985 4258 tri-

392 4275 504 4343 bus,
536 4293 639 4331 uno
664 4275 843 4345 latino,
877 4288 923 4331 et
949 4293 1048 4332 uno
1077 4277 1228 4330 etiam
1254 4275 1392 4346 Syro
1420 4277 1556 4330 inter
1583 4293 1638 4331 se
1665 4278 1985 4331 consentien-

390 4349 525 4402 tibus
555 4358 787 4403 iuventus
817 4358 891 4404 est
930 4346 1280 4404 Mathusalem
1306 4363 1396 4402 sea:
1417 4348 1570 4403 armis
1599 4356 1716 4403 aute
1736 4349 1989 4403 diluvium

392 4419 549 4488 fuisse
569 4420 862 4489 defunctus.
1036 4430 1067 4458 ⁸

461 4508 538 4582 (b)
587 4510 714 4593 Non
746 4519 906 4593 negat
955 4510 1216 4593 Hilarius,
1268 4510 1345 4593 uti
1410 4509 1681 4593 Scultetus
1726 4511 1987 4593 loquitur,
2015 4533 2070 4593 ι)

389 4593 620 4656 mortem
666 4582 834 4656 Moysi
881 4591 1067 4656 contra
1116 4583 1388 4654 ipsissima
1435 4582 1729 4656 Scriptura:
1774 4583 1981 4638 verba:

389 4653 484 4707 sed
525 4667 645 4708 eam
691 4651 768 4707 ita'
810 4655 860 4708 in
903 4654 1072 4709 sacris
1100 4651 1295 4709 liiteris
1341 4651 1654 4722 expressam
1698 4654 1878 4720 docet,
1931 4663 1988 4710 ut

390 4737 656 4778 summam
684 4726 785 4779 sub
811 4741 994 4780 earnm
1025 4726 1201 4781 verbis
1229 4724 1598 4781 difﬁcultatem
1646 4726 1818 4781 latere
1849 4726 1989 4780 indi-

390 4808 497 4850 cet.
522 4794 735 4867 Yidesis
756 4796 899 4867 quod
925 4812 986 4851 ea
1015 4797 1083 4852 de
1105 4811 1163 4852 re
1187 4806 1502 4853 annotatum
1526 4804 1611 4853 est
1627 4797 1693 4852 ad
1716 4813 1865 4853 num.
1895 4798 1982 4866 10,

389 4880 509 4938 cap.
546 4866 615 4922 20
639 4866 838 4923 comm.
873 4869 925 4923 in
956 4867 1142 4923 Matth.

458 4960 529 5035 (c)
561 4961 833 5037 Editi,_ae
874 4970 1089 5037 mortem
1131 4971 1178 5037 et
1206 4962 1454 5037 gladium.
1496 4963 1716 5020 Rectius
1755 4977 1887 5019 mss.
1924 4979 1988 5018 tte

389 5033 603 5089 mortem
629 5034 829 5107 gladio,
856 5034 975 5089 scil.
1007 5033 1201 5089 usuris.

462 5127 542 5200 (ιι)
584 5127 642 5183 ld
672 5136 787 5200 est,
821 5127 1139 5200 baptizasse
1177 5126 1426 5200 leguntur
1457 5127 1510 5183 in
1558 5126 1726 5194 Actis,
1758 5140 1986 5199 quorum

390 5197 619 5270 proinde
668 5199 869 5270 locutio
904 5197 1246 5254 concilianda
1273 5208 1357 5254 est
1398 5213 1519 5253 eum
1563 5197 1831 5270 praecepio
1882 5200 1988 5255 Do—

389 5269 546 5339 mini,
590 5286 699 5342 quo
734 5269 898 5340 jussit
936 5271 1215 5342 baptizare
1246 5270 1313 5342 Δἰιι
1364 5270 1583 5342 nomine
1632 5269 1826 5338 Patris,
1874 5280 1979 5328 etc.

388 5340 646 5415 Agnoscit
676 5342 911 5415 Hilarius
933 5341 1033 5396 hoc
1053 5340 1310 5410 apostolis
1335 5356 1365 5415 a_
1381 5340 1595 5397 Christo
1617 5352 1978 5415 praeceptum:

387 5413 535 5483 atqui
585 5415 771 5484 procul
821 5413 1000 5479 abest,
1051 5422 1106 5466 ut
1158 5413 1435 5482 apostolos
1473 5416 1729 5484 praecepti
1776 5413 1977 5473 Christi

391 5492 819 5554 transgressores
848 5484 1118 5557 existimet
1147 5501 1160 5557 ς
1191 5492 1442 5557 superest
1468 5485 1647 5557 itaque
1676 5494 1733 5541 ut
1768 5487 1982 5544 dubita-

390 5558 526 5630 Vjcrit
548 5553 766 5630 saltem,
793 5570 859 5630 an
879 5553 1114 5630 apostoli
1145 5554 1198 5609 in
1225 5556 1344 5630 solo
1368 5553 1578 5630 Christi
1600 5560 1817 5615 nomine
1848 5559 1979 5630 bap-

302 5658 319 5671 ς
389 5626 693 5692 tizaverint,
737 5625 993 5697 quidquid
1018 5627 1280 5681 adversus
1310 5625 1693 5685 Bcllarminutn
1723 5625 1980 5687 reclamet

390 5697 690 5772 Scultetns.
721 5698 1026 5772 Baptismus
1054 5699 1105 5754 in
1135 5697 1508 5772 nontinejesu
1537 5700 1641 5757 dici
1673 5704 1863 5771 potuit,
1886 5705 1977 5772 qui

393 5716 686 5772 Scultettts.
721 5716 790 5754 na
834 5716 1026 5755 usmus
1054 5716 1105 5754 111
1135 5716 1353 5753 nomine
1376 5716 1508 5753 Jesu
1537 5716 1641 5757 UICI
1673 5716 1863 5771 ροιιιιι,
1886 5718 1977 5772 quI

393 5768 500 5825 non
525 5779 582 5829 ut
609 5768 761 5843 prius
788 5716 1032 5840 yoannis,
1057 5770 1152 5827 sed
1178 5769 1307 5833 'Jcstt
1325 5768 1523 5828 Christi
1552 5774 1866 5834 auctoritate
1895 5773 1977 5831 intl

2098 3216 2154 3262 et
2181 3204 2415 3271 Spiritus
2446 3201 2641 3256 sancti.

2169 3268 2242 3349 (e)
2273 3273 2622 3349 Athanasius,
2653 3271 2745 3349 lib.
2778 3270 2848 3349 de
2880 3268 3109 3342 Synod,
3155 3284 3206 3338 p.
3240 3268 3367 3334 919,
3420 3268 3700 3349 insinuare

2096 3341 2234 3404 velle
2281 3347 2515 3412 videtur,
2547 3342 2771 3398 Paulum
2800 3341 3210 3397 Sam’osatenum
3242 3356 3349 3396 non
3382 3342 3548 3412 verbo
3596 3343 3694 3396 ho-

2092 3419 2331 3475 mousiort
2358 3417 2593 3471 haeresim
2625 3430 2774 3468 suam
2802 3412 3129 3484 expressisse,
3157 3412 3252 3469 sed
3279 3428 3400 3465 cum
3425 3411 3698 3468 declinare

2095 3496 2330 3545 tentaret
2356 3487 2889 3547 condemnationem,
2920 3484 3050 3538 illud
3076 3498 3169 3551 per
3191 3484 3466 3551 sophisma
3492 3488 3571 3540 sic
3591 3484 3690 3540 ob-

2086 3561 2289 3631 iecisse
2318 3580 2332 3616 :
2376 3561 2456 3631 Si
2483 3555 2716 3631 Christus
2742 3572 2846 3610 non
2871 3571 2947 3631 ea:
2986 3554 3190 3631 homine
3232 3553 3369 3608 Deus
3398 3555 3564 3631 [actus
3582 3565 3697 3631 est;

2093 3625 2251 3703 igitur
2278 3629 2730 3703 consubstanﬁtialis
2756 3636 2831 3680 est
2859 3625 3009 3703 Patri
3036 3640 3055 3678 :
3084 3634 3131 3678 et
3160 3625 3445 3703 necessario
3468 3626 3695 3703 sequitur

2093 3696 2195 3759 tres
2220 3720 2327 3758 esse
2340 3702 2674 3763 substantias,
2697 3714 2850 3751 uuam
2864 3697 3067 3766 quidem
3083 3710 3209 3766 qua!)
3221 3696 3365 3766 prior
3391 3696 3535 3766 situt
3556 3696 3699 3765 prin-

2092 3792 2234 3843 ceps,
2263 3772 2488 3841 reliquas
2516 3787 2630 3825 vero
2657 3769 2788 3843 duas
2835 3764 2897 3822 ea:
2925 3784 2985 3843 ea
3027 3765 3292 3843 oriundas.
3322 3764 3579 3835 Adeoque
3606 3766 3697 3820 ille

2092 3836 2442 3900 non'since'ro
2481 3843 2663 3896 animo
2709 3838 3025 3892 homousion
3069 3836 3351 3907 confessus
3369 3845 3471 3903 est,
3505 3851 3696 3907 quam-

2092 3917 2174 3970 vis
2198 3915 2342 3969 aliud
2367 3914 2452 3967 ltic
2474 3919 2685 3967 asserat
2709 3919 2894 3963 noster
2917 3905 3350 3977 llilarius.Cujus
3372 3905 3550 3962 tamen
3570 3921 3695 3962 sen-

2094 3985 2317 4042 tentiam
2357 3983 2641 4039 conﬁrmat
2668 3981 2963 4050 legatorum
3013 3982 3418 4050 Ancyranorum
3469 3978 3693 4050 epistola

2092 4058 2342 4123 superius
2369 4054 2675 4110 summatim
2709 4049 2900 4116 relata,
2931 4066 3032 4123 qua
3079 4049 3265 4105 vocem
3323 4049 3638 4105 ltomousion
3661 4065 3692 4106 a

2093 4120 2343 4195 Panibus
2370 4125 2618 4179 Antioch.
2668 4124 2791 4195 ideo
2851 4120 3178 4191 repudiatam
3216 4136 3338 4177 esse
3388 4129 3691 4195 testantur:

2096 4199 2227 4267 Quia
2241 4192 2575 4255 Sdmosateus
2596 4211 2683 4265 per
2699 4192 2833 4247 hanc
2854 4197 3005 4267 unius
3019 4196 3249 4267 essentia:
3263 4193 3693 4267 nuncupationem

2091 4261 2380 4326 solitarium
2424 4261 2833 4339 atque'unicum
2887 4265 2999 4339 sibi
3033 4282 3141 4320 esse
3171 4263 3380 4339 Patrem
3421 4261 3467 4317 et
3497 4261 3693 4339 Filium

2093 4342 2426 4413 praedicabat.
2455 4335 2522 4394 Et
2565 4353 2696 4394 vero
2746 4336 3069 4413 Athanasius
3113 4337 3469 4413 Antiochense
3497 4335 3689 4413 synodi

2092 4405 2278 4469 contra
2312 4413 2531 4468 Paulum
2556 4418 2895 4480 congregatze
2937 4405 3217 4480 epistolam
3263 4405 3366 4462 sibi
3399 4405 3693 4480 luec'scri-

2093 4485 2243 4540 benti
2271 4483 2505 4539 defuisse
2543 4478 3082 4554 prter—nonenstsatis
3110 4478 3309 4554 indicat
3336 4478 3692 4554 no_n_ert_igen-

2094 4555 2215 4611 datn
2239 4570 2271 4609 a
2294 4571 2353 4611 se
2382 4570 2507 4611 esse
2532 4548 2836 4609 accuratam
2863 4549 2937 4604 rei
2970 4551 3357 4603 narrationem.
3401 4548 3585 4603 Nihilo
3611 4558 3690 4602 ta-

2095 4643 2217 4682 men
2249 4629 2427 4682 minus
2456 4641 2576 4681 cum
2626 4623 2830 4679 Hilario
2848 4620 3087 4676 defendit
3118 4619 3431 4674 vocabulum
3461 4618 3690 4673 homon-

2092 4699 2211 4754 sion
2235 4699 2421 4754 eadem
2440 4697 2546 4753 ﬁde
2570 4705 2624 4753 et
2648 4695 2716 4748 ab
2732 4690 3075 4749 Antiochcno
3099 4690 3327 4748 concilio
3343 4689 3683 4761 repudiatum

2094 4781 2149 4826 et
2174 4785 2205 4824 a
2236 4769 2456 4825 Nicaeae
2488 4778 2789 4837 receptum.

2164 4844 2235 4914 (f)
2265 4832 2632 4914 Septuaginta
2653 4844 2858 4914 tantum
2894 4844 3269 4914 memorantur
3287 4834 3365 4914 ab
3387 4832 3691 4914 Athanasio

2089 4903 2288 4986 libIHde
2315 4903 2623 4986 Synodup.
2654 4909 2760 4986 9_l_8
2788 4917 2845 4986 et
2889 4908 3015 4964 9l9.
3043 4907 3261 4986 Contra
3287 4906 3517 4986 Basilius
3544 4903 3685 4986 diae.

2089 4985 2287 5054 aliique
2316 4976 2652 5041 m'onaclii'in
2682 4982 2861 5054 libello
2886 4995 3044 5049 quem
3072 4981 3126 5035 in
3165 4977 3436 5048 lipltesino
3458 4976 3690 5054 concilio

2088 5047 2656 5121 obtulerunt,centum
2689 5047 2959 5123 octoginta
3001 5047 3284 5106 recensent
3314 5057 3355 5102 t.
3390 5047 3685 5123 utAConcil.

2088 5142 2142 5211 p.
2174 5125 2283 5181 425
2312 5142 2328 5191 ;
2357 5118 2550 5211 scribit.
2582 5142 2711 5182 vero
2759 5118 3048 5211 Eusebius,
3070 5123 3374 5211 limante.
3397 5118 3488 5186 229,
3519 5133 3690 5190 prope

2086 5193 2508 5253 innumerabiles
2538 5197 2591 5252 in
2618 5213 2738 5253 eam
2766 5193 3033 5268 synodum
3057 5197 3398 5251 convenisse.

2160 5272 2328 5348 (g)lta
2357 5272 2628 5348 Liberius,
2658 5267 3150 5348 apud’__Socratem,
3182 5271 3271 5326 lib.
3318 5283 3462 5348 tv,_c.
3494 5269 3583 5348 l2,
3615 5267 3685 5348 ad

2087 5341 2388 5402 Orientales
2415 5341 2720 5402 rescribens
2745 5363 2760 5403 :
2799 5342 2922 5399 Non
2950 5344 3166 5414 fortuito
3195 5358 3342 5414 casu,
3384 5341 3576 5414 inquit,
3595 5341 3685 5396 sed

2085 5420 2258 5473 diuino
2296 5427 2421 5474 nutu
2451 5427 2523 5473 tot
2545 5420 2902 5491 episcoporum
2932 5412 3175 5491 numerus
3197 5412 3438 5467 adversus
3465 5413 3577 5491 Arii
3604 5429 3685 5466 ve-

2083 5492 2283 5571 saniam
2305 5485 2645 5571 congregatus
2671 5485 2747 5545 est
2769 5497 3012 5571 ,‘nquanto
3027 5486 3246 5571 “scilicet
3272 5498 3484 5571 implere
3509 5485 3685 5571 beatus

2082 5562 2342 5615 Abraham
2366 5556 2439 5616 tot
2466 5556 2686 5615 hostium
2709 5556 2875 5615 millia
2895 5575 2986 5630 per
3015 5558 3177 5630 ﬁdem
3200 5556 3682 5630 proﬂigavit._Qui-

2078 5631 2181 5688 bus
2208 5634 2556 5689 consentiunt
2580 5626 3133 5703 prologusAA'mbrosii
3166 5626 3219 5683 in
3249 5626 3393 5684 libft
3427 5630 3493 5703 de
3523 5626 3677 5703 Fide,

2082 5720 2139 5784 tt.
2172 5703 2229 5784 5,
2256 5700 2597 5784 etprtefatio
2624 5700 2889 5784 linit-de.
2916 5701 3122 5784 Spiritu
3166 5710 3376 5784 sancto,
3407 5701 3498 5784 qui
3555 5700 3684 5781 Pas-

2080 5776 2268 5833 cbasio
2291 5770 2522 5833 diacono
2552 5774 2710 5847 vulgo
2731 5770 3008 5845 tribuitur,
3043 5771 3111 5830 de
3131 5788 3241 5845 quo
3269 5770 3314 5830 si
3344 5770 3564 5846 quidem
3593 5770 3679 5828 ins
