4270 6264
564 268 669 323 539

1749 263 1992 323 SANCTI
2025 259 2279 318 HILARII
2320 256 2623 317 EPISCOPI

3751 258 3785 311 5
3800 257 3856 313 i0

561 382 678 452 ipse
722 379 812 436 ille
841 393 1099 436 numerus
1130 379 1216 434 bic
1242 387 1459 433 sanctus
1484 386 1599 440 est,
1652 377 1705 432 in
1748 393 1856 448 quo
1884 377 2155 433 Abraham
2184 377 2235 439 Α
2262 373 2404 430 enim
2435 371 2604 428 videri
2633 378 2810 443 potest
2848 369 3014 442 impie
3038 368 3166 433 dici,
3196 376 3255 425 ut
3282 368 3405 441 quia
3436 376 3687 427 neutrum
3717 372 3854 426 scri-

560 475 735 530 victor
773 489 960 546 regum
1010 472 1293 543 impiorum
1327 470 1482 543 (Gen.
1531 487 1643 538 xtv,
1697 470 1802 545 14),
1855 472 1925 528 ab
1959 486 2025 527 eo
2063 471 2154 542 qui

559 565 746 622 aeterni
787 564 1075 623 sacerdotii
1102 571 1187 619 est
1216 563 1408 629 forma,
1440 562 1799 619 benedicitur.
1849 562 1925 618 Illi
1965 573 2157 619 contra

565 658 882 715 btereticum
926 656 1366 727 improbaverunt
1394 676 1408 711 :
1440 655 1700 728 numquid
1731 664 1787 712 et
1815 656 1901 712 isti
1930 670 2035 712 non
2062 655 2158 712 ad-

561 764 777 806 versum
808 748 1121 804 haereticum
1148 749 1534 818 probaverunt?
1555 750 1745 805 Gravis
1765 750 2056 804 auctoritas
2076 758 2160 805 est

569 852 812 897 veterum
847 859 860 896 :
895 841 1157 911 numquid
1188 849 1243 896 et
1285 842 1475 897 borum
1507 843 1639 898 levis
1669 843 1927 899 sanctitas
1951 842 2069 899 est?
2100 841 2160 899 Si

561 933 832 989 contraria
861 933 1088 989 invicem
1135 944 1441 999 senserunt,
1483 935 1742 991 debemus
1770 936 1922 1005 quasi
1947 935 2159 1005 judices

568 1028 796 1098 probare
819 1027 1041 1083 meliora
1070 1044 1083 1081 :
1115 1027 1159 1082 si
1189 1042 1321 1082 vero
1347 1037 1402 1083 et
1431 1027 1709 1096 probando
1731 1036 1786 1083 et
1806 1027 2160 1097 improbando

560 1135 728 1176 unum
757 1118 834 1190 (α)
868 1131 1155 1190 utrumque
1180 1127 1505 1185 statuerunt,
1538 1119 1666 1190 quid
1704 1120 1839 1176 bene
1866 1121 2161 1178 constituta

562 1212 954 1270 convellimus?

632 1306 722 1362 87.
754 1306 834 1360 Au
872 1306 1011 1376 quod
1051 1305 1321 1361 tacendum
1366 1306 1587 1360 decrevit
1637 1304 1809 1369 Osius,
1837 1307 1926 1376 qui
1973 1305 2165 1361 Nicaea!

560 1395 1006 1467 interfuit.-—Sed
1025 1398 1160 1451 forte
1175 1396 1385 1452 dicetur
1409 1397 1561 1463 mihi,
1582 1396 1759 1466 Aliqui
1783 1396 1942 1451 hodie
1962 1413 2031 1452 ex
2056 1396 2160 1465 his,

563 1493 653 1563 qui
683 1501 793 1545 tum
828 1491 1038 1564 synodo
1087 1491 1444 1548 interfuerunt
1476 1532 1490 1555 ,
1546 1493 1828 1548 tacendum
1862 1491 1938 1565 (ὁ)
1969 1493 2035 1547 de
2068 1494 2164 1548 lto-

564 1584 775 1641 mousio
812 1600 935 1640 esse
983 1583 1361 1639 decreverunt.
1414 1584 1485 1638 Et
1533 1600 1634 1655 ego
1689 1586 1888 1639 invitus
1938 1586 2010 1658 (c)
2041 1586 2167 1642 licet

563 1678 909 1748 respondebo
954 1676 1153 1732 dicenti
1183 1692 1196 1730 :
1228 1676 1495 1747 Numquid
1530 1692 1634 1731 non
1664 1685 1721 1732 et
1750 1677 1849 1747 ipsi
1876 1679 2163 1733 tacendum

2259 476 2410 542 ptum
2464 466 2782 539 reperiatur,
2815 476 2910 525 aut
2954 476 3206 524 neutrum
3245 462 3619 521 conﬁtendum
3648 465 3738 531 sit,
3765 474 3858 521 aut

2260 573 2569 634 utrumque.

2327 656 2419 714 88.
2468 655 2785 712 Homousion
2827 654 2953 726 quid
2997 653 3250 725 intelligat
3293 652 3550 708 Hilarius.
3598 652 3859 709 Adversus

2257 751 2564 807 homousiou
2613 749 2844 817 scrupuli
2890 746 3599 810 levantur.-liomousion,
3630 747 3860 802 sanctis-

2260 845 2383 901 simi
2414 844 2534 907 viri,
2572 843 2817 914 intelligo
2868 858 2934 897 ex
2962 842 3074 897 Deo
3104 840 3291 908 Deum,
3326 857 3432 896 non
3461 839 3741 896 dissimilis
3769 855 3862 896 es-

2260 939 2475 1004 sentim,
2504 952 2609 991 non
2656 936 2912 1001 divisum,
2938 935 3033 990 sed
3066 942 3273 999 natum,
3298 945 3353 989 et
3404 949 3473 990 ex
3524 933 3861 990 innascibilis

2264 1031 2359 1086 Dei
2382 1029 2681 1085 substantia
2714 1026 2793 1101 (d)
2823 1028 3162 1097 cougenitam
3196 1028 3250 1082 in
3280 1025 3439 1093 Filio,
3463 1027 3761 1082 secundum
3785 1026 3860 1081 si-

2264 1122 2650 1189 militudinem,
2683 1121 3015 1192 unigenitam
3052 1120 3410 1176 nativitatem.
3467 1117 3542 1172 ita
3594 1135 3680 1174 me
3708 1128 3863 1174 antea

2264 1216 2685 1286 intelligentem,
2711 1229 2818 1269 non
2844 1212 3193 1269 mediocriter
3221 1211 3288 1266 ad
3322 1211 3372 1267 id
3399 1210 3744 1269 conﬁrmavit
3770 1211 3864 1266 lto-

2266 1306 2537 1363 mouslon.
2583 1305 2722 1375 Quid
2761 1305 2922 1361 ﬁdem
2967 1320 3143 1361 meam
3174 1305 3227 1360 in
3267 1304 3589 1360 homousion
3615 1303 3864 1367 damnas,

2265 1416 2424 1472 quam
2454 1416 2547 1471 per
2563 1399 2635 1474 (e)
2660 1400 2949 1456 hommusii
2981 1398 3371 1468 professionem
3405 1413 3517 1452 non
3551 1406 3706 1466 potes
3757 1413 3864 1453 non

2268 1494 2545 1565 probare?
2598 1494 2831 1548 Damnas
2886 1493 3030 1547 enim
3080 1490 3241 1546 ﬁdem
3298 1506 3498 1556 meam,
3550 1490 3635 1546 vel
3688 1493 3868 1560 potius

2269 1599 2436 1655 tuam,
2460 1602 2581 1643 cum
2634 1587 2860 1642 damnas
2904 1584 3316 1655 intelligentiam
3371 1584 3488 1652 eius
3538 1584 3593 1639 in
3624 1586 3859 1641 nomine-

2270 1680 2375 1739 Sed
2405 1682 2543 1736 male
2567 1679 2705 1736 alius
2731 1678 3014 1748 intelligit?
3047 1679 3374 1734 Damnemus
3401 1678 3453 1732 in
3470 1690 3757 1733 commune
3788 1677 3870 1732 vi-
3950 1667 3971 1687 ⁸

562 1770 632 1829 de
672 1769 976 1826 ltomteusio
1025 1784 1147 1825 esse
1189 1770 1525 1825 constituunt
1554 1770 1577 1822 Υ
1606 1768 1714 1825 Oro
1745 1784 1862 1834 vos,
1918 1786 1986 1825 nc
2014 1772 2159 1839 quis-
2188 1778 2237 1838 Β
2265 1773 3020 1842 tiosamiutelligentiam,non
3038 1770 3345 1826 auferamus
3359 1770 3484 1827 ﬁdei
3501 1769 3869 1826 securitatem.

565 1879 722 1935 quam
748 1864 884 1920 alius
903 1880 972 1919 ex
1000 1862 1083 1919 his
1104 1871 1299 1933 praeter
1315 1876 1500 1918 senem
1527 1862 1733 1927 Osium,
1751 1870 1807 1917 et
1824 1863 1994 1933 ipsum
2011 1863 2159 1919 illum

564 1958 788 2012 nimium
813 1955 1084 2026 sepulchri
1107 1956 1189 2011 sui
1214 1963 1508 2022 amantem,
1542 1955 1863 2023 reperiatur,
1890 1955 2166 2028 11111514

565 2053 851 2109 tacendum
896 2067 1020 2108 esse
1048 2051 1322 2106 existimet
1347 2049 1417 2105 de
1439 2059 1686 2119 utroque.
1722 2049 1788 2104 Et
1812 2064 1920 2120 quo
1944 2050 2161 2107 tandem

566 2146 618 2199 in
647 2147 809 2200 tantis
842 2144 1219 2200 haereticorum
1268 2142 1542 2200 furoribus
1591 2142 1916 2208 recidamus,
1944 2144 1990 2199 si
2031 2142 2161 2200 dum

564 2251 672 2293 non
706 2245 994 2307 utrumque
1047 2235 1360 2306 recipimus,
1392 2245 1645 2291 neutrum
1671 2235 2013 2292 retinemus?
2044 2235 2162 2293 Non

558 2374 687 2430 cidit
716 2389 918 2436 sermo.
975 2388 1079 2427 non
1121 2371 1428 2443 gravabitur
1468 2372 1660 2438 lector,
1694 2373 1736 2426 si
1796 2370 2042 2441 quaedam
2075 2372 2160 2428 hic

562 2455 837 2527 momenta
866 2444 1173 2527 aderamus,
1223 2445 1419 2527 quibus
1464 2445 1603 2499 duos
1653 2443 1820 2527 libros
1849 2444 1916 2498 de
1955 2444 2160 2515 Spiritu

559 2527 748 2585 sancto
787 2517 889 2587 ipsi
922 2517 1056 2571 falso
1085 2516 1385 2586 adscriptas
1409 2530 1529 2571 esse
1549 2516 1953 2587 conﬁrmemus.

630 2586 1002 2644 Observarunt
1023 2588 1132 2656 jam
1165 2586 1435 2653 nonnulli,
1466 2587 1630 2656 libros
1664 2587 1786 2641 illos
1818 2588 1867 2640 in
1896 2586 2158 2641 Vaticano

562 2676 665 2716 ms.
696 2658 894 2713 Fausto
941 2654 1234 2728 Rhegiensi
1281 2658 1520 2716 attribui.
1551 2654 1649 2712 Cui
1681 2658 2017 2728 inscriptioni
2047 2658 2158 2711 sul-

559 2734 794 2801 fragatur
823 2726 1087 2801 Gennadii
1118 2732 1443 2790 auctoritas,
1493 2729 1630 2784 duos
1662 2728 1826 2783 libros
1854 2726 1925 2801 de
1954 2726 2155 2797 Spiritu

559 2799 749 2857 sancto
793 2803 934 2858 inter
981 2800 1165 2856 Fausti
1215 2815 1380 2870 opera
1426 2801 1801 2856 recenseatis:
1849 2799 2006 2870 lavet
2028 2816 2158 2855 vero

561 2874 854 2943 plurimum
884 2874 1017 2928 mira
1049 2869 1263 2927 illorum
1287 2872 1701 2943 librorumcum
1732 2871 1943 2943 caeteris
1973 2869 2156 2943 Fau~ti

560 2941 829 3012 Operibus
848 2946 1155 3013 ccttsensio.
1189 2943 1446 3013 Namque,
1463 2941 1610 2996 verbi
1632 2941 1947 3013 gratia,lib.
1973 2959 2005 3008 1,
2028 2958 2076 2997 c.
2098 2942 2155 3008 5,

560 3016 829 3086 objectum
868 3025 1054 3069 contra
1080 3012 1197 3086 Filii
1221 3012 1575 3086 apteruitatem
1607 3013 1793 3086 eadem
1821 3012 2044 3086 diluitur
2073 3029 2159 3067 ra-

564 3083 731 3152 tione,
759 3102 860 3155 qua
891 3087 942 3139 in
988 3085 1214 3155 epistola
1244 3084 1423 3138 Fausti
1475 3099 1582 3155 xvi.
1634 3083 1765 3138 item
1822 3084 1916 3138 lib.
1942 3098 1999 3146 lt,
2033 3086 2156 3149 c.l,

564 3176 673 3214 non
729 3154 885 3212 secus
937 3171 1000 3211 ac
1050 3158 1102 3209 in
1160 3156 1414 3225 praedicta
1459 3154 1685 3223 epistola
1719 3195 1733 3219 ,
1794 3165 2160 3225 propugnator

569 3232 735 3285 Deum
764 3228 937 3283 solmn
965 3228 1342 3295 incorporeum
1373 3240 1515 3291 esse,
1546 3241 1651 3279 non
1683 3225 1918 3279 animam
1974 3228 2160 3280 Imma-

566 3316 691 3358 nam
722 3310 811 3353 aut
857 3301 1099 3369 angelos.
1154 3298 1311 3352 Plura
1344 3297 1972 3369 suppetunthujusmodi
2003 3312 2162 3368 argu-

566 3382 749 3428 menta
776 3388 790 3433 ;
821 3372 915 3424 sed
934 3366 1052 3424 'res
1081 3383 1186 3423 non
1217 3381 1299 3423 est
1324 3370 1479 3438 hujus
1507 3369 1629 3422 loci.
1656 3366 1821 3423 Nobis
1850 3376 2027 3423 tanien
2062 3366 2161 3424 ite-

569 3458 689 3499 rum
719 3444 960 3513 ignoscat
989 3442 1176 3505 lector,
1207 3442 1249 3513 si
1278 3456 1400 3513 eum
1452 3440 1575 3493 hinc
1609 3440 1896 3513 plurimum
1924 3440 2163 3513 adjuvari

568 3510 1117 3585 posse'moneamus,
1166 3512 1231 3565 ad
1280 3510 2162 3585 plerarumquepseudo-Eusebii

568 3580 831 3643 Gallicani
877 3584 1217 3638 humiliarum
1280 3580 1963 3652 auctorem’indagandum
2002 3593 2165 3652 atque

569 3658 1085 3727 recognoscendum.
1118 3651 1398 3709 Conferat
1420 3654 1563 3708 enim
1599 3651 1855 3727 pri_mtnu_
1883 3653 2165 3727 1111111111ιί-

570 3724 790 3783 brorum
816 3727 1183 3795 prtefatiOuem
1216 3742 1337 3782 cum
1366 3741 1469 3780 una
1524 3725 1765 3795 pra'dicti
1818 3724 2034 3795 Eusebii
2070 3726 2167 3779 ltu-

570 3799 717 3856 milia
753 3800 820 3854 de
844 3798 1134 3871 Sytnbolo,
1167 3808 1277 3871 tum
1303 3801 1440 3871 hanc
1468 3794 1590 3852 cum
1620 3797 1786 3851 altera
1813 3797 1881 3850 de
1908 3794 2166 3871 Symbolo

574 3873 775 3941 pariter
820 3868 1092 3939 inscripta,
1141 3884 1205 3924 ac
1253 3868 1449 3924 deinde
1494 3877 1779 3941 utramque
1808 3883 1929 3922 cum
1961 3868 2165 3921 duabus

574 3940 643 3997 de
668 3942 960 3997 Nativitate
989 3957 1051 3996 ac
1083 3941 1354 4010 pictisque
1385 3942 1453 3995 de
1484 3940 2163 4006 Pascha,deAscensi0uc,

572 4022 677 4068 etc.
710 4031 722 4067 :
759 4021 957 4067 tantam
994 4028 1153 4080 porro
1181 4015 1232 4066 in
1268 4016 1331 4068 iis
1380 4013 1619 4067 inveniet
1645 4012 2084 4076 consensionem,
2111 4021 2169 4065 ut

576 4100 750 4154 neque
782 4084 849 4138 de
883 4097 1104 4153 parente
1147 4085 1378 4154 amplius
1408 4083 1747 4139 dubitaturos
1779 4083 1864 4136 sit.
1901 4082 2166 4136 Prasterea

573 4156 665 4226 qui
697 4155 1051 4210 Eusebianam
1085 4154 1360 4210 homiliam
1392 4157 1444 4210 in
1473 4154 1613 4210 festo
1644 4157 1701 4209 S.
1734 4154 2015 4209 Trinitatis
2045 4169 2166 4208 cum

573 4241 692 4296 cap.
725 4226 760 4283 9
790 4237 840 4283 et
887 4226 954 4282 l2
983 4227 1227 4298 przcdieti
1276 4228 1393 4281 libri
1426 4227 1533 4282 ide
1575 4226 1777 4296 Spiritu
1815 4233 2022 4291 sancto,
2046 4239 2171 4298 nec:

575 4313 680 4354 non
703 4314 827 4353 cum
856 4300 947 4353 lib.
982 4296 1040 4364 it,
1071 4315 1121 4353 e.
1148 4299 1205 4364 4,
1250 4300 1600 4368 compararit,
1625 4309 1911 4368 utrumque
1942 4310 2079 4365 cpus
2099 4296 2166 4353 ad

575 4370 822 4442 eumdem
856 4371 1124 4441 pertinere
1155 4371 1296 4425 facili
1320 4373 1534 4442 negotio
1561 4369 1951 4438 deprehendet.

649 4440 725 4514 (tt)
755 4440 867 4498 Sic
901 4458 1020 4496 cum
1070 4443 1203 4498 Bad.
1238 4459 1367 4499 mss.
1396 4440 1520 4498 'nisi
1580 4443 1723 4513 quod
1769 4442 1822 4496 iu
1873 4440 2083 4514 Remig.
2112 4449 2169 4495 et

574 4511 734 4587 Mich.
769 4524 997 4587 uterque.
1025 4514 1091 4568 At
1117 4514 1235 4583 Er.,
1270 4515 1418 4587 Lips.
1444 4524 1500 4570 et
1525 4511 1644 4569 l’ar.
1676 4514 1898 4585 utrique.
1925 4513 2166 4587 Utraque

2264 1866 2483 1939 Synodo
2542 1866 2611 1939 (f)
2666 1866 3036 1922 Samosatente
3080 1862 3524 1920 subscribendum
3570 1875 3753 1932 putas,
3802 1877 3872 1919 ne

2264 1960 2562 2017 secundum
2618 1959 2962 2016 Samosateni
2991 1959 3400 2029 intelligentiam
3441 1957 3727 2029 quisquam
3757 1958 3859 2013 sibi

2268 2064 2494 2124 usurpet
2538 2053 2906 2109 homousion?
2943 2051 3361 2109 Subscribamns
3389 2057 3447 2107 et
3487 2050 3681 2106 Nicaeae
3707 2049 3869 2123 515

2263 2147 2497 2219 synodo,
2530 2162 2600 2204 ne
2625 2146 2945 2203 homousion
2974 2143 3052 2218 (g)
3084 2145 3391 2215 improbent
3415 2144 3625 2200 Ariani.
3651 2144 3759 2200 Sed
3784 2145 3864 2216 (11)

2265 2240 2564 2296 verendum
2593 2250 2713 2305 est,
2748 2254 2816 2296 ne
2843 2238 3144 2295 secundum
3193 2237 3355 2293 ﬁdem
3387 2253 3494 2293 non
3522 2236 3863 2295 hommusion

2263 2375 2339 2430 sis
2364 2374 2437 2429 ait
2467 2391 2481 2429 :
2513 2373 2636 2429 Non
2674 2374 3033 2447 desiderarunt
3072 2375 3300 2447 patrium
3326 2375 3646 2445 sepulcrum,
3678 2374 3860 2447 quibus

2263 2447 2619 2501 reservabatur
2642 2447 2840 2501 cmleste
2868 2445 3205 2500 domicilium.

2340 2516 2414 2589 (c)
2443 2516 2505 2572 lu
2532 2518 2649 2573 haec
2678 2518 2839 2574 verba
2874 2517 3157 2589 manifeste
3201 2517 3343 2573 cadit
3377 2518 3721 2589 apologetira
3767 2519 3858 2574 illa

2262 2587 2437 2662 nota:
2474 2590 2616 2662 Satis
2646 2589 2899 2662 absolute,
2932 2588 3151 2662 Domine
3179 2594 3339 2662 frater
3364 2587 3599 2662 Lucifer,
3621 2593 3857 2662 cognosci

2259 2658 2447 2732 potuit,
2479 2660 2692 2732 inuitum
2732 2677 2813 2732 me
2855 2650 3124 2732 lt'omwusii
3164 2650 3464 2732 mentionem
3497 2650 3704 2732 'Itabere"
3723 2680 3739 2715 :
3765 2661 3857 2714 sed

2259 2729 2379 2802 quia
2408 2740 2464 2785 tu
2487 2731 2873 2786 similitudinem
2919 2729 3045 2785 Filii
3084 2733 3152 2784 ad
3178 2729 3383 2785 Patrem
3412 2731 3746 2802 prwdicalms,
3763 2733 3854 2788 de-

2263 2800 2566 2877 monstratio
2607 2806 2720 2877 ejus
2741 2820 2772 2857 a
2792 2819 2876 2877 me
2902 2802 2996 2871 fuit
3030 2802 3337 2877 exponenda
3355 2802 3462 2856 sine
3480 2803 3621 2877 vitio.
3655 2800 3712 2857 111
3745 2816 3850 2877 trs.

2262 2882 2443 2929 tamen
2469 2872 2693 2929 Caruut.
2718 2885 2771 2928 ct
2790 2874 2933 2934 aliis,
2967 2888 3030 2928 ex
3061 2872 3253 2942 quibus
3283 2888 3425 2928 nunc
3454 2874 3681 2941 primum
3708 2874 3854 2927 erui-

2264 2954 2370 3007 tur,
2408 2947 2605 2999 inserta
2658 2953 2741 2999 est
2772 2943 3013 3013 proxime
3061 2954 3179 3016 post
3206 2944 3323 3000 hinc
3347 2959 3533 3000 versus
3559 2944 3856 3016 superioris

2262 3016 2422 3070 verba
2449 3034 2461 3069 :
2496 3015 2603 3071 Sed
2620 3017 2753 3086 forte
2776 3017 2971 3070 dicetur
2992 3015 3137 3070 mihi.

2337 3086 2421 3158 (ά)
2453 3087 2571 3141 Par.
2610 3097 2732 3156 post
2754 3087 3014 3212 Lirsium.
3040 3087 3410 3212 coiiigenitam:
3441 3086 3581 3142 male
3598 3097 3651 3140 et
3670 3096 3855 3140 contra

2343 3174 2425 3212 cm
2447 3166 2766 3212 cancrorum
2840 3160 3099 3212 ibrorum.
3183 3162 3418 3212 enuanat
3442 3159 3640 3212 auinne
3681 3167 3738 3212 ut
3760 3173 3855 3212 na-

2267 3156 2425 3212 lidem
2447 3166 2766 3213 cancrorum
2816 3156 3099 3213 librorum.
3136 3156 3418 3228 Renugnat
3442 3159 3640 3228 quippe
3681 3167 3859 3212 1111111-

2265 3230 2448 3285 tivitas
2470 3230 2561 3292 sit,
2581 3238 2637 3284 et
2666 3230 2923 3299 ingenita.
2954 3228 3070 3284 Non
3100 3229 3408 3299 displiceret
3440 3229 3730 3299 congenita.
3757 3229 3858 3283 Na—

2267 3301 2527 3373 tivitatem
2575 3301 2897 3373 congenitum
2942 3299 3071 3356 dicit
3114 3299 3395 3373 Hilarius;
3424 3301 3547 3369 quia
3574 3302 3752 3373 genita
3777 3309 3862 3355 est

2266 3372 2427 3427 simul
2477 3382 2637 3437 atque
2666 3372 2869 3425 exstitit
2922 3372 3251 3426 innascibilis
3302 3372 3557 3427 essentia.
3593 3372 3860 3427 Additu-

2267 3443 2494 3496 cundum
2523 3443 2909 3497 similitudinem
2934 3460 2951 3505 :
2979 3458 3046 3496 tte
3076 3442 3311 3511 degener
3333 3450 3574 3511 putetur.

2344 3514 2417 3585 (θ)
2446 3513 2670 3585 lumss.
2718 3512 3191 3583 homausii:quod
3238 3528 3344 3567 non
3394 3514 3588 3585 placet.
3636 3512 3860 3568 11111111--

2268 3584 2460 3652 gentur
2486 3584 2812 3652 Orientales,
2847 3586 2987 3654 quod
3018 3585 3358 3640 Itommusion
3385 3584 3472 3639 vel
3500 3585 3712 3639 sincere
3738 3600 3860 3655 pro-

2269 3656 2546 3720 ﬁteantur,
2603 3657 2684 3711 vel
2741 3670 2888 3720 non;
2939 3658 2983 3710 si
3026 3658 3259 3721 sincere,
3305 3656 3357 3709 id
3411 3655 3710 3725 intelligant
3742 3654 3862 3711 hoc

2268 3730 2458 3797 verbo,
2488 3727 2630 3796 quod
2662 3727 2895 3782 Hilarius
2936 3743 3067 3783 voce
3118 3726 3476 3792 Itomousion;
3526 3741 3591 3782 ac
3636 3727 3862 3797 proinde

2268 3796 2575 3853 damnando
2623 3813 2686 3853 ac
2740 3798 3127 3867 proscribenda
3169 3800 3513 3863 homousion,
3565 3796 3656 3852 aut
3706 3814 3860 3853 suam

2269 3871 2508 3939 ipsorum
2539 3867 2697 3923 ﬁdem
2739 3870 3019 3933 damnare,
3052 3879 3146 3923 aut
3187 3879 3334 3924 certe
3364 3868 3703 3925 bomteusion
3754 3886 3861 3925 non

2268 3943 2477 3995 sincere
2500 3940 2742 4009 proﬁteri
2767 3941 3178 3997 convincuntur.

2340 4012 2411 4084 (Ῑ)
2438 4011 2822 4084 Veteresulibri
2874 4024 2996 4068 cum
3050 4012 3218 4084 B_ad.,
3253 4011 3610 4084 Samosatam.
3653 4013 3802 4069 Unus
3829 4028 3863 4069 e

2269 4081 2399 4138 mss.
2455 4081 2610 4137 Coll).
2662 4082 3005 4138 Santosatltei.
3065 4082 3424 4148 Tellerianus,
3474 4083 3857 4140 Sumasathenl.

2273 4154 2458 4228 Plures
2502 4153 2760 4228 adversus
2789 4155 3011 4228 Paulum
3041 4165 3252 4228 coactas
3297 4170 3420 4228 esse
3447 4154 3857 4228 synodosintll-

2268 4235 2354 4281 cat
2379 4226 2663 4290 Eusebius,
2694 4226 2787 4280 lib.
2828 4242 2900 4281 vn
2925 4225 3062 4280 Hist.
3087 4240 3136 4281 c.
3177 4227 3273 4289 27,
3298 4226 3373 4282 20
3397 4237 3451 4282 et
3477 4225 3581 4288 '30,
3613 4226 3706 4280 sed
3745 4226 3866 4281 nul—

2270 4297 2372 4351 lius
2422 4296 2789 4352 Samosatenre
2817 4300 3144 4353 mentientem
3176 4299 3318 4353 iacit.
3367 4298 3600 4352 Primam
3631 4313 3864 4367 namque

2268 4378 2323 4440 et
2351 4377 2680 4439 postremam
2723 4382 2910 4439 aperte
2951 4370 3190 4424 declarat
3214 4384 3334 4440 cap.
3365 4368 3436 4423 27
3464 4376 3519 4423 et
3545 4370 3636 4434 ‘29,
3672 4370 3862 4424 Antio-

2268 4439 2404 4495 chia:
2432 4453 2552 4494 esse
2593 4440 2943 4495 celebratam.
2981 4439 3048 4509 Et
3076 4455 3196 4495 cum
3221 4439 3366 4496 dieat
3392 4454 3513 4509 cap.
3542 4440 3634 4507 38,
3664 4439 3865 4495 Firmi-

2272 4511 2472 4566 liauum
2506 4511 2594 4566 uni
2622 4526 2688 4566 ex
2715 4512 2822 4566 illis
2855 4508 3186 4572 interfuisse,
3217 4508 3504 4580 postrema:
3530 4511 3721 4583 synodi
3753 4516 3861 4583 Au-

574 4585 662 4639 illa
694 4600 800 4650 res,
831 4586 949 4641 scil.
1003 4587 1271 4642 homousii
1324 4582 1569 4656 probatio
1597 4595 1651 4641 et
1683 4582 2023 4656 improbatio,
2060 4598 2163 4637 una
2191 4582 2245 4643 D
2273 4583 2536 4656 tiocbente
2562 4583 2786 4656 epistola
2833 4593 3015 4639 narrat
3043 4583 3289 4637 eumdem
3312 4584 3423 4654 iam
3447 4582 3604 4639 antea
3636 4584 3719 4636 bis
3745 4582 3858 4637 An-

574 4666 656 4713 est
684 4656 753 4711 ob
783 4657 1040 4713 unitatem
1095 4659 1238 4723 linis,
1263 4654 1370 4729 quo
1400 4659 1451 4713 in
1497 4673 1657 4712 unam
1688 4654 2162 4712 Filiidlvinitatem

574 4729 1041 4800 aeternitatemque
1070 4729 1490 4785 conﬁrmandam
1513 4729 1911 4800 conspirarunt.

649 4799 723 4873 (bl
750 4799 804 4854 In
829 4798 967 4856 mss.
988 4803 1051 4854 de
1078 4801 1400 4864 homousion,
1426 4817 1491 4857 ac
1518 4808 1710 4873 postea
1738 4799 1800 4873 de
1825 4798 2161 4873 hommttsiqu.

574 4869 758 4926 Facile
802 4873 1029 4941 quisque
1057 4873 1281 4927 advertit
1309 4868 1579 4940 objectu’m
1626 4872 1758 4925 illud
1787 4871 1894 4942 peti
1921 4884 1983 4924 ex
2011 4868 2160 4931 Osio,

574 4943 664 5016 qui
711 4957 853 5016 cum,
888 4943 1119 5016 Nicaeam
1158 4945 1364 5016 synodo
1387 4943 1744 5007 interfuisset,
1783 4943 1855 5016 ii
1888 4952 2166 5016 conventu

574 5013 857 5069 Sirmicnsi
888 5013 1208 5070 homousion
1265 5017 1549 5070 tacendum
1600 5029 1722 5070 esse
1764 5014 2021 5077 decrevit,
2071 5020 2169 5066 aut

575 5096 726 5142 certe
775 5088 1070 5141 consensit.
1115 5087 1269 5156 Quod
1314 5088 1541 5143 subinde
1592 5086 1723 5141 dicit
1763 5083 1996 5140 Hilarius
2042 5098 2165 5156 eum

575 5157 797 5226 sepulcri
849 5160 929 5211 sui
956 5153 1168 5212 nimium
1214 5170 1491 5227 nutantem,
1521 5159 1782 5214 Baronius
1812 5157 1875 5211 ad
1917 5173 2007 5209 an.
2039 5153 2166 5227 $57,

579 5245 634 5282 n.
667 5227 756 5293 16,
788 5231 1170 5300 interpretatur
1191 5234 1421 5293 corporis
1436 5226 1517 5287 sui
1535 5231 1749 5285 nimium
1776 5236 2050 5283 amantem.
2082 5226 2172 5282 Sic

579 5308 760 5373 tamen
813 5304 914 5356 hoc
959 5301 1172 5356 videtur
1201 5302 1377 5372 potius
1427 5301 1855 5373 intelligendum,
1905 5309 1961 5355 ut
2010 5300 2168 5373 morti

581 5372 859 5440 proximus
888 5375 940 5428 in
970 5375 1164 5429 exsilio
1189 5371 1353 5428 vitam
1386 5376 1563 5442 ﬁnire,
1595 5371 1649 5429 et
1680 5373 1934 5428 natalium
1985 5371 2168 5436 sepul-

578 5458 674 5519 cro
729 5460 915 5519 carere
967 5448 1235 5503 metuerit.
1267 5450 1420 5518 Quod
1452 5452 1689 5519 apertius
1739 5444 2171 5519 Marcellinusac

578 5515 870 5571 Faustinus
918 5520 971 5574 in
1016 5521 1200 5575 libello
1240 5513 1568 5591 eloquuntur
1618 5521 1700 5575 his
1757 5520 1937 5573 verbis
1971 5535 1983 5569 :
2015 5513 2172 5569 Osius

580 5597 811 5644 metuens
840 5606 916 5666 ne
946 5608 1101 5647 senem
1136 5601 1185 5647 et
1234 5595 1371 5666 dives
1414 5595 1648 5650 exsilium
1693 5592 2176 5666 proscriptionenwe

581 5669 856 5735 pateretur,
884 5662 972 5717 dat
998 5679 1183 5717 manus
1216 5665 1483 5735 impietali.
1517 5662 1746 5721 Sensum
1772 5674 2013 5718 nostrum
2046 5675 2179 5735 cou-

588 5732 765 5805 ﬁrmat
788 5735 1124 5801 Ambrosius,
1146 5732 1305 5805 epist.
1321 5752 1505 5795 LXXXII
1530 5738 1595 5793 ad
1618 5735 1990 5795 Vercellenses
2012 5748 2066 5789 n.
2082 5732 2172 5797 69,

592 5801 684 5858 ubi
704 5801 998 5875 desanctts
1028 5801 1264 5866 Eusebio
1309 5820 1367 5868 et
1392 5807 1649 5884 Dionysio
1673 5808 1731 5868 in
1774 5806 2021 5867 exsilium
2061 5805 2185 5878 pul-

2277 4652 2527 4709 tiochiam
2558 4653 2899 4709 convenisse.

2349 4724 2424 4800 (g)
2448 4725 2785 4800 Tclleriantts
2814 4725 2985 4782 codex
3003 4766 3018 4790 ,
3047 4724 3690 4800 jmproperent__Ariuni._
3718 4724 3857 4800 Tum

2273 4795 2650 4853 cumduobus
2701 4798 2863 4853 Caro.
2892 4814 2999 4853 uno
3047 4795 3257 4866 Remig.
3292 4808 3347 4853 et
3402 4795 3562 4851 Micb.
3612 4795 3861 4862 subiit-it:

2234 4941 2241 4947 ἱ
2276 4867 2546 4947 Numquid
2587 4879 2637 4925 et
2677 4870 2759 4947 hic
2812 4869 2876 4925 de
2911 4868 3257 4947 hanttzusione
3299 4868 3547 4947 legentem
3582 4866 3865 4947 admonui,

2273 4937 2544 5025 nonaliter
2564 4944 2831 5025 ostendens
2859 4942 3049 5025 suscipi
3090 4948 3326 5025 apart-ere
3350 4937 3363 5000 ζ
3397 4938 3503 5025 nisi
3525 4937 3866 5025 qd'uuitatem

2274 5012 2569 5067 substantia:
2588 5016 2880 5084 referretur.
2906 5009 3112 5079 Quibus
3139 5010 3316 5064 verbis
3336 5012 3510 5084 pergit
3541 5009 3775 5084 Hilarius
3799 5011 3866 5061 ab

2276 5084 2471 5154 iniquis
2516 5099 2575 5139 se
2620 5079 3017 5153 suspicionibus
3074 5079 3815 5154 purgare.Mallemusinitio
3852 5096 3865 5132 :

2279 5151 2619 5237 Numquidet
2650 5151 2733 5209 hic
2755 5151 3090 5237 _hom¢zusion
3128 5154 3434 5237 degentem,
3452 5166 3550 5237 seu
3572 5151 3865 5237 eligentem.

2277 5226 2357 5282 Ex
2409 5228 2571 5281 Mirari
2601 5227 2841 5298 margine
2870 5235 3050 5294 posset
3094 5222 3304 5298 restitui
3336 5239 3351 5277 :
3383 5222 3727 5298 Numquidlet
3765 5222 3869 5298 hic,

2275 5315 2340 5371 ne
2388 5297 2701 5371 homteusiou
2724 5294 3053 5371 negligenter
3080 5297 3412 5371 suscipiatur,
3444 5311 3548 5371 non
3587 5294 3865 5371 admonui.

2277 5369 2394 5424 Non
2420 5369 2523 5424 hoc
2555 5371 2726 5423 solum
2757 5364 2914 5434 libro,
2945 5368 3038 5423 sed
3060 5377 3116 5423 et
3146 5364 3237 5422 lib.
3259 5382 3329 5421 vn
3355 5367 3422 5421 de
3450 5364 3645 5420 Trinit.
3676 5379 3737 5417 ea
3773 5365 3876 5419 uti-

2280 5452 2367 5495 tur
2393 5441 2624 5505 cautela,
2658 5450 2716 5494 ut
2761 5439 3168 5495 similitudinem
3215 5438 3538 5507 prmdicans,
3568 5451 3688 5492 eam
3721 5450 3870 5489 ntttn.

2277 5511 2348 5567 26
2392 5526 2515 5565 cum
2564 5512 2869 5579 aequalitate
2902 5511 3112 5583 jungat,
3164 5521 3220 5566 et
3274 5524 3424 5565 num.
3460 5509 3525 5565 37
3559 5522 3624 5563 ac
3654 5507 3724 5564 59
3746 5521 3871 5563 cum

2282 5586 2504 5641 unitate.

2357 5658 2441 5732 (lii
2471 5655 2624 5710 Hunc
2638 5654 2815 5710 locum
2848 5652 3090 5732 in_editis
3118 5648 3481 5732 diversimode
3517 5648 3791 5732 undamn),
3822 5658 3877 5732 et

2291 5732 2343 5787 in
2363 5719 2575 5799 aliquot
2603 5741 2743 5799 m_ss._
2768 5725 3038 5799 mutilum,
3072 5724 3399 5799 resarcimus
3434 5735 3537 5799 ope
3565 5719 3881 5777 vetustioris

2289 5792 2612 5876 exemplaris
2627 5797 2811 5875 Golb.,
2832 5796 3044 5871 Germ,
3065 5792 3257 5869 Corb.,
3276 5793 3434 5856 unius
3451 5792 3642 5865 Carm,
3661 5800 3768 5859 etc.
