4270 6264
392 319 489 375 5η

1163 315 1367 371 LIBER
1406 314 1496 369 DE
1537 311 2025 379 SYNODIS,'SEU
2067 312 2158 369 DE
2198 312 2355 371 FIDE
2415 313 2910 373 ORIENTALIUM.

3582 316 3689 373 542

391 432 699 504 signiﬁcare
724 431 969 487 videatur
992 428 1351 485 homousion?
1375 429 1708 484 Decernatur
1727 426 1863 483 nihil
1881 426 1985 483 dil-
2012 432 2067 491 Α
2089 428 2360 485 diversum
2392 429 2463 484 sit
2504 429 2558 484 in
2587 443 2800 499 sapore.
2849 427 3039 484 Simile
3080 442 3214 483 auro
3243 428 3533 500 quidquam
3581 446 3691 485 non

390 525 555 591 ferre,
588 523 749 579 unius
802 532 859 578 et
909 523 1101 578 similis
1131 521 1213 594 (α)
1238 535 1363 577 esse
1388 519 1731 576 substantiae.
1762 518 1869 576 Sed
1896 519 1996 576 ho-

391 617 640 676 mousion
671 620 851 687 potest
880 616 1021 671 male
1049 614 1322 685 intelligi?
1348 612 1725 669 Constitnatur
1760 612 1998 683 qualiter

391 713 533 770 bene
556 708 731 781 possit
766 707 1015 779 intelligi.
1052 707 1130 779 (ι)
1158 705 1334 762 Unum
1366 713 1531 775 atque
1562 703 1704 760 idem
1736 704 1827 773 pie
1852 704 1998 773 sapi-

393 816 537 868 mus,
579 814 711 873 rogo
736 809 792 855 ut
822 814 989 855 unum
1022 808 1185 869 atque
1210 797 1354 852 idem
1381 796 1526 868 quod
1554 797 1820 866 sapimus,
1848 795 1994 867 pium

394 900 537 955 inter
566 909 667 951 nos
690 908 816 950 esse
839 892 1093 949 velimus.
1132 891 1269 947 Date
1299 889 1530 957 veniam,
1563 887 1808 956 Fratres,
1832 903 1994 959 quam
2042 940 2047 945 .

393 993 707 1062 frequenter
732 987 955 1059 poposci
983 1003 996 1040 :
1025 985 1213 1041 Ariani
1266 998 1374 1040 non
1404 984 1536 1040 estis
1566 1002 1582 1041 :
1612 998 1708 1040 cur
1750 982 1997 1055 negando

394 1082 719 1141 homousion
742 1078 1039 1136 censemini
1068 1076 1299 1134 Ariani?

410 1208 417 1215 -
466 1174 556 1233 89.
586 1170 925 1228 Homausion
976 1186 1083 1225 non
1136 1177 1277 1223 caret
1328 1166 1660 1236 oﬂ'endiculo.
1695 1167 1997 1223 Similitudo

391 1284 607 1327 ειη-
629 1265 740 1322 Sed
768 1264 906 1320 dicis
934 1279 950 1317 :
978 1263 1155 1318 Movet
1182 1276 1271 1317 me
1297 1276 1422 1316 eum
1449 1261 1709 1317 scandan
1749 1261 1998 1317 hominu-

393 1362 461 1420 sli
485 1358 831 1429 ambiguitas.
880 1355 1077 1412 lterum
1106 1353 1254 1421 audi,
1296 1370 1418 1420 oro,
1450 1354 1568 1409 sine
1614 1354 1908 1409 seandalo:
1940 1362 1997 1410 et

392 1470 483 1511 me
513 1459 696 1507 movet
724 1449 1012 1505 bommusii
1045 1447 1275 1503 nuditas.
1316 1445 1387 1519 (ε)
1412 1446 1574 1501 Multa
1606 1461 1751 1517 saepe
1777 1446 1991 1513 fallunt,

393 1566 513 1622 quae
540 1544 743 1603 similia
795 1550 943 1600 sunt.
970 1542 1161 1599 Timeo
1191 1558 1382 1600 aurum
1435 1545 1688 1608 bracteat,
1737 1542 1861 1613 quia
1904 1557 1994 1599 me

300 1698 317 1711 ,
394 1641 587 1697 fallere
630 1637 802 1708 possit
850 1635 1126 1691 interius:
1179 1641 1238 1690 et
1274 1646 1451 1690 tamen
1501 1650 1636 1689 auro
1690 1634 1869 1689 simile
1909 1642 1997 1689 est

394 1734 540 1807 quod
560 1729 991 1791 videtur.Timeo
1010 1730 1168 1785 lactis
1194 1727 1623 1794 similitudinem,
1653 1744 1722 1784 ne
1750 1728 1991 1784 oblatum

2098 533 2276 594 potest
2296 536 2438 590 esse,
2468 522 2572 577 nisi
2597 536 2788 578 aurum
2823 538 2837 575 :
2867 520 3049 576 simile
3097 520 3245 587 lacti,
3280 522 3383 576 nisi
3414 522 3499 576 sui
3528 534 3692 592 gens.

2097 614 2173 671 ris
2202 616 2293 683 sit,
2319 629 2441 671 esse
2465 630 2571 671 non
2602 614 2821 685 poterit.
2857 612 3071 669 Feiellit
3097 628 3184 668 me
3215 613 3524 685 frequenter
3542 615 3694 671 color

2096 706 2248 763 vini:
2276 716 2332 763 et
2361 717 2543 762 tamen
2586 705 2657 778 (e)
2702 714 2945 777 gustatu,
2997 704 3216 760 alterius
3249 706 3464 775 generis
3521 708 3697 777 liquo-

2095 813 2212 856 rem
2262 800 2572 870 recognovi.
2605 796 2729 852 Vidi
2766 811 2959 853 carnes
3002 796 3259 853 carnibus
3309 798 3517 853 similes
3549 816 3562 851 :
3595 797 3691 853 sed

2097 902 2282 963 postea
2309 892 2438 947 mihi
2467 900 2673 947 naturae
2708 890 2776 964 (Ῑ)
2805 889 3302 946 dissimilitudinem
3356 904 3518 960 sapor
3567 906 3697 962 pro-

2097 986 2253 1041 didit.
2284 986 2390 1041 Has
2444 987 2587 1041 enim
2624 984 3036 1052 similitudines,
3080 999 3204 1055 qua:
3228 996 3341 1039 non
3379 999 3447 1040 ex
3488 984 3695 1040 unitate

2096 1090 2306 1136 natura:
2333 1079 2460 1145 sint,
2495 1079 2572 1152 (g)
2596 1088 2801 1134 metuo.

2170 1175 2262 1231 90.
2290 1175 2510 1246 Ancyra
2533 1174 2661 1243 fides
2690 1170 2997 1243 quibusdam
3031 1169 3201 1223 tacitis
3229 1168 3481 1224 Sirmium
3502 1167 3691 1224 delata.

2098 1266 2379 1323 -—Vereor
2428 1266 2592 1330 enim,
2626 1264 2867 1329 Fratres,
2900 1261 3139 1319 Orientis
3183 1260 3422 1317 haereses
3472 1262 3525 1316 in
3558 1271 3696 1317 tem-

2099 1374 2230 1430 pora
2274 1358 2485 1428 singula
2528 1357 2853 1427 pullulantes
2885 1371 2899 1406 :
2930 1363 2986 1410 et
3014 1355 3091 1429 (It)
3134 1353 3262 1424 quid
3291 1354 3469 1409 vereri
3499 1369 3586 1409 me
3614 1354 3697 1409 di-

2098 1469 2218 1510 cam
2243 1496 2256 1518 ,
2283 1454 2392 1524 jam
2421 1459 2477 1507 et
2521 1451 2645 1522 legi.
2694 1448 2835 1504 Nihil
2865 1446 3080 1520 quidem
3112 1446 3172 1520 (i)
3199 1449 3250 1501 in
3297 1446 3399 1509 his,
3426 1463 3546 1517 qure
3570 1462 3691 1512 vos,

2097 1544 2167 1602 de
2194 1544 2547 1601 Orientalium
2570 1540 2924 1616 quorumdam
2964 1556 3212 1607 assensu,
3235 1549 3501 1610 susceptae
3551 1539 3695 1610 lega-

2097 1638 2262 1693 tionis
2290 1638 2520 1692 ministri
2544 1634 2933 1691 subscribendu
2952 1633 3211 1689 Sirmium
3241 1632 3529 1695 detulistis,
3560 1631 3695 1688 nihil

2098 1730 2700 1801 suspicionis-relictum
2734 1738 2815 1783 est
2850 1745 2865 1782 :
2896 1727 2990 1783 sed
3045 1727 3349 1781 habuerunt
3379 1725 3447 1781 ab
3470 1726 3695 1782 exordio

394 1827 530 1889 mibi
558 1827 661 1891 lac,
692 1839 801 1881 non
843 1825 929 1879 lac
957 1822 1136 1880 ovium
1181 1820 1253 1879 sit
1281 1841 1293 1877 :
1317 1823 1439 1894 quia
1464 1823 1513 1879 ei
1543 1822 1722 1879 simile
1744 1822 1992 1879 videatur
2021 1847 2069 1908 Β
2099 1839 2206 1880 non
2236 1822 2461 1878 nihilum
2493 1816 2829 1886 oﬂ’ensionis,
2858 1836 2980 1892 qua:
3006 1817 3170 1876 credo
3202 1833 3317 1883 vos,
3370 1815 3697 1873 sanctissimi

393 1930 448 1979 et
477 1919 758 1977 bubulum.
789 1917 863 1975 Ut
888 1917 973 1974 lac
992 1918 1174 1974 ovium
1202 1917 1329 1973 laeti
1355 1918 1534 1973 ovium
1564 1916 1741 1973 simile
1762 1920 1853 1984 sit,
1882 1932 1993 1972 non

393 2020 571 2084 potest
592 2010 767 2065 simile
809 2022 952 2077 esse,
1002 2010 1101 2064 nisi
1125 2009 1239 2064 ovis
1293 2010 1383 2065 sit.
1412 2009 1721 2065 Similitudo
1762 2024 1889 2065 vera
1937 2010 1991 2064 in

391 2105 623 2162 veritate
644 2110 847 2159 natura:
864 2113 966 2159 est.
986 2101 1201 2160 Veritas
1226 2114 1404 2158 autem
1457 2104 1509 2156 in
1533 2113 1760 2172 utroque
1786 2113 1990 2158 natura:

396 2200 477 2273 (ά)
503 2214 611 2255 non
638 2206 861 2269 negatur
889 2197 1235 2253 homousion.
1268 2196 1394 2252 Haec
1422 2205 1506 2252 est
1522 2196 1666 2251 enim
1694 2196 1989 2252 secundum

394 2291 686 2349 essentiam
707 2289 1024 2357 similitudo,
1048 2290 1093 2344 si
1125 2302 1299 2345 massa
1324 2302 1517 2344 massa:
1548 2288 1713 2361 516
1736 2289 1991 2343 consimi-

394 2384 462 2440 lis
489 2398 595 2440 non
620 2380 767 2465 fallat
790 2382 843 2437 in
864 2381 1101 2447 hractea,
1126 2381 1171 2436 si
1192 2381 1273 2436 lac
1294 2381 1436 2452 quod
1467 2381 1722 2437 concolor
1749 2390 1852 2449 est,
1884 2397 1989 2437 non

472 2562 551 2637 (α)
576 2560 710 2637 Bad.
742 2560 1067 2637 essentite__et
1102 2560 1440 2637 substantiis.
1459 2559 1689 2637 Quidam
1728 2574 1893 2637 mss.,
1918 2578 1999 2618 es-

395 2628 574 2693 sentia:
591 2633 911 2695 substantia.
925 2632 1041 2698 alii,
1072 2628 1343 2687 essentiam
1358 2628 1673 2699 substantiis,
1691 2633 1801 2696 alii,
1824 2628 1997 2690 ωε...

396 2709 486 2763 tite
498 2706 858 2760 substantiam.
881 2703 1245 2758 Retinendum
1274 2718 1397 2758 eum
1416 2705 1605 2770 Carm,
1635 2718 1743 2759 uno
1761 2703 1919 2762 Colb.
1942 2715 2000 2760 et

397 2778 574 2835 altero
602 2777 866 2839 Sorlmn.,
887 2790 995 2829 esse
1020 2775 1337 2829 substantia.
1494 2788 1495 2791 ‘

474 2849 551 2920 (b)
581 2847 642 2903 In
664 2848 897 2920 vulgatis
917 2888 930 2911 ,
973 2862 1136 2920 unum
1167 2856 1334 2920 atque
1376 2847 1517 2920 idem
1572 2844 1823 2920 sapimus,
1855 2847 2000 2920 pium

397 2916 673 2987 nos,
705 2916 810 2974 etc.
844 2916 1109 2987 Integrior
1127 2919 1239 2971 visa
1265 2926 1352 2973 est
1375 2917 1537 2971 lectio
1559 2917 1763 2986 antiqui
1795 2918 1998 2973 codicis

400 2990 750 3055 Carnnt.,eui
774 2990 953 3043 lavent
977 2999 1032 3042 et
1053 2988 1258 3051 creteri.
1284 2990 1520 3043 maxime
1532 2988 1757 3042 Colb.et
1779 2988 1993 3057 Germ.,

401 3063 456 3119 in
485 3063 682 3133 quibus
705 3071 927 3134 exstat:
958 3059 1131 3115 Unum
1160 3070 1310 3134 atque
1329 3060 1463 3134 idem
1484 3060 1565 3134 pie
1590 3062 1849 3131 sapimus;
1870 3074 1997 3134 rogo

399 3146 457 3191 ut
478 3130 641 3189 unum
684 3142 836 3203 atque
876 3132 1013 3187 idem
1053 3130 1191 3202 quod
1233 3132 1463 3200 sapimus
1488 3131 1619 3186 inter
1647 3130 1745 3185 nos
1770 3147 1879 3187 esse
1911 3130 1994 3186 oe-

402 3209 577 3262 limus.

402 3345 548 3404 Anne
567 3349 831 3417 quisquam
856 3362 937 3398 me
973 3346 1265 3399 existimare
1303 3346 1487 3417 poterit
1528 3345 1841 3400 homwusion
1871 3347 1998 3400 uelle

402 3416 771 3491 suscipere,_'de
792 3433 895 3486 quo
918 3417 1018 3472 ista
1047 3418 1261 3472 tractavi
1282 3417 1307 3471 7
1325 3416 1470 3487 quod
1497 3431 1620 3471 cum
1645 3417 1996 3488 apologeticis

401 3488 816 3549 accensendum.

479 3564 558 3635 (Δ)
589 3562 679 3635 Sic
711 3573 906 3627 magno
936 3573 1207 3615 consensu
1238 3575 1400 3626 mss.,
1428 3559 1615 3635 idest:
1644 3574 1764 3614 eum
1799 3559 1996 3614 veritas

406 3631 610 3690 natura:
634 3634 687 3686 in
726 3640 952 3701 utroque
977 3639 1080 3696 est,
1116 3640 1402 3699 utrumque
1442 3631 1573 3686 illud
1614 3647 1718 3684 non
1770 3638 1999 3701 negatur

404 3705 758 3774 homousion.
796 3701 1044 3774 Atediti,
1086 3718 1187 3757 non
1229 3713 1441 3774 negatur
1468 3702 1793 3774 Itomceusios.
1827 3702 1995 3755 l’orrn

405 3778 458 3832 in
502 3792 592 3842 eo,
622 3772 765 3843 quod
804 3773 1174 3843 subsequitur,
1218 3772 1468 3843 probatio
1498 3772 1725 3826 habetur
1754 3774 1998 3843 superio-

404 3850 479 3904 ris
507 3842 917 3918 propositionis,
963 3842 1265 3900 Similitudo
1298 3860 1453 3911 vera;
1477 3858 1582 3898 non
1612 3844 1867 3912 proxima:
1893 3842 1991 3897 hu-

400 3920 508 3989 jus,
534 3921 714 3973 veritas
733 3924 918 3989 autem.

478 3985 549 4062 (e)
573 3990 719 4062 Lips.
748 3997 804 4062 et
830 3986 980 4056 Par.,
1031 3996 1205 4062 gustu:
1230 3986 1454 4062 Carnut.
1485 3999 1612 4051 ms.,
1639 3985 1996 4062 gustatoalteo

404 4057 510 4135 rius
525 4057 723 4135 generis
739 4058 971 4135 liquore:
985 4058 1143 4112 male.
1160 4057 1293 4113 Nam
1314 4057 1631 4135 hoeipsum,
1647 4058 1789 4126 quod
1811 4057 1993 4135 vinum

405 4128 896 4192 videbatur,vinum
909 4145 1014 4185 non
1027 4143 1148 4185 esse
1160 4140 1373 4200 gustatu
1386 4128 1583 4184 dicitse
1597 4129 1992 4200 recognovisse.

475 4202 545 4276 (Ι)
572 4200 867 4276 Mss._'_l‘ell.
885 4242 902 4267 ,
952 4200 1113 4276 Mich.
1141 4199 1198 4276 et
1225 4203 1386 4276 tiara.
1430 4199 1815 4276 similitudinem
1832 4216 1997 4276 sapor

408 4270 654 4344 prodidit.
699 4273 868 4341 Magis
915 4274 1089 4344 placet
1115 4270 1598 4344 dissimilitudinem.
1648 4270 1786 4327 Tum
1832 4270 1995 4344 iidem

406 4341 539 4402 inss.
567 4361 687 4399 cum
719 4344 888 4397 altero
909 4342 1068 4399 Carn.
1103 4352 1158 4397 et
1186 4341 1396 4414 Remig.
1425 4343 1757 4413 subiungunt
1788 4360 1801 4397 :
1830 4341 1996 4398 Num-

406 4419 530 4543 quid
553 4426 601 4472 et
632 4417 713 4471 hic
735 4415 1088 4499 similitudinis
1128 4414 1388 4497 negligens
1414 4416 1490 4484 fui
1510 4415 1535 4469 .7
1557 4415 1724 4468 verba
1752 4414 1819 4469 ad
1851 4416 1996 4498 A'po-

429 4504 603 4543 omam
656 4492 999 4543 pertinentia.
1028 4502 1147 4543 (tua
1202 4502 1255 4540 ιιι
1302 4493 1619 4543 sequentem
1667 4495 1991 4541 sententiam

429 4491 603 4559 ogiam
656 4486 999 4557 pertinentia,
1028 4502 1147 4558 qua
1202 4489 1255 4540 in
1302 4493 1619 4557 sequentem
1667 4488 1991 4541 sententiam

406 4563 585 4629 aptius
609 4559 827 4613 cadunt.

479 4631 556 4704 (g)
588 4629 819 4704 Lipsius.
855 4643 959 4704 non
1003 4636 1195 4697 metuo,
1224 4628 1487 4704 particula
1524 4634 1753 4704 negante
1795 4627 1997 4704 desuo

408 4698 574 4774 prave
594 4701 794 4759 addita.
830 4701 948 4754 sine
990 4714 1096 4770 qua
1138 4702 1387 4770 superius
1414 4701 1519 4769 iam
1548 4699 1789 4774 legerat:
1822 4698 1995 4774 Timeo

406 4771 591 4829 aurum
640 4774 853 4826 bracteis
879 4787 897 4835 ;
928 4785 1104 4841 neque
1136 4781 1316 4827 tamen
1347 4774 1400 4826 in
1434 4771 1821 4840 posterioribus
1861 4772 1994 4826 edit.

406 4846 699 4914 castigatus
729 4841 846 4896 fuit.

480 4911 568 4986 (Ιιῖ
589 4915 688 4986 δίᾳ
707 4929 837 4986 mss.
865 4912 1005 4986 Editi
1036 4928 1185 4986 vero,
1216 4923 1263 4967 et
1291 4914 1417 4984 quid
1438 4929 1609 4986 verear
1629 4913 1847 4986 edicam.
1874 4911 1997 4986 Jant

409 4996 457 5041 et
484 4984 604 5057 legi.
637 4984 769 5039 Mihi
796 4985 1018 5057 quidem.
1043 4985 1161 5040 Jam
1186 4986 1315 5055 legit
1343 4984 1610 5057 superius.
1637 4985 1778 5057 quod
1812 4985 1898 5057 hic
1918 4985 2000 5039 dio

408 5059 482 5113 cit
503 5054 563 5113 se
592 5056 789 5112 vereri.
824 5054 1001 5110 Timet
1027 5060 1225 5125 quippe
1253 5071 1319 5110 ne
1355 5054 1460 5111 non
1490 5059 1699 5110 sincera
1721 5054 1791 5110 sit
1811 5056 2000 5111 Orien-

408 5129 596 5185 talium
650 5128 821 5193 ﬁdes;
854 5125 977 5198 quia
1006 5126 1235 5198 Ancyrae
1278 5128 1603 5198 damnarunt
1658 5127 1992 5198 homousion.

407 5198 524 5254 Hoc
550 5208 729 5254 autem
763 5199 866 5252 illis
893 5197 1004 5267 jam
1058 5197 1207 5253 num.
1239 5198 1304 5252 81
1348 5197 1700 5266 exprobravit
1747 5199 1803 5252 in
1855 5199 1998 5253 hunc

408 5268 628 5326 modum
682 5288 696 5324 :
745 5267 883 5334 Quid
946 5272 1100 5339 ﬁdem
1155 5285 1317 5325 ineant
1378 5269 1433 5323 in
1489 5268 1791 5323 homousion
1853 5269 1999 5324 dam-

408 5358 522 5407 nas,
547 5350 654 5397 etc.

462 5412 546 5485 '(i)
591 5412 724 5485 Puta
757 5411 809 5466 in
837 5412 1119 5469 duodecim
1163 5410 1566 5485 deﬁnitionibus
1594 5418 1855 5485 tractatus
1887 5410 1999 5485 hu-

404 5483 560 5552 jusce
589 5484 744 5539 initio
772 5484 956 5539 relatis
978 5495 1029 5540 et
1051 5483 1314 5553 expositis
1348 5500 1362 5536 :
1395 5498 1528 5552 quas
1558 5483 1702 5538 solas
1738 5483 1994 5539 Sirmium

409 5554 575 5610 fuisse
604 5554 809 5611 delatas
834 5556 1076 5611 declarat
1122 5553 1417 5610 secundum
1460 5554 1736 5624 Apologiae
1765 5569 1996 5626 respon-

408 5641 550 5693 sum,
576 5626 803 5699 relatuin
834 5642 994 5697 supra
1037 5645 1091 5683 n.
1137 5626 1206 5681 15
1228 5667 1242 5691 ,
1276 5636 1398 5695 post
1420 5631 1646 5695 primam
1693 5626 1999 5699 Ancyranao

2096 1919 2198 1975 viri
2230 1916 2394 1972 Basili
2440 1925 2498 1972 et
2538 1917 2610 1990 (j)
2640 1914 2894 1971 Eustathi
2942 1925 2994 1969 et
3022 1915 3225 1979 Eleusi,
3270 1929 3338 1969 ne
3381 1913 3508 1985 quid
3539 1928 3695 1969 scan-

2093 2010 2201 2066 dali
2236 2006 2311 2081 (It)
2356 2004 2663 2074 aderretnr,
2698 2007 2960 2063 abolenda
3004 2008 3256 2061 tacuisse.
3303 2006 3437 2074 Qum
3466 2005 3514 2059 si
3546 2015 3695 2060 recte

2092 2103 2291 2174 scripta
2320 2114 2467 2170 sunt,
2493 2105 2657 2158 taceri
2682 2117 2788 2157 non
2808 2100 3133 2156 debuerunt.
3157 2098 3212 2155 Si
3234 2106 3411 2154 autem
3434 2100 3556 2169 quia
3585 2112 3692 2153 non

2093 2206 2242 2255 recte
2268 2198 2469 2267 scripta
2491 2207 2614 2252 sunt
2640 2196 2705 2269 (ι)
2730 2210 2874 2251 nunc
2908 2204 3174 2261 tacentur,
3201 2193 3500 2249 cavendum
3521 2203 3694 2248 estne

2091 2290 2383 2362 aliquando
2420 2290 2685 2345 dicantur.
2717 2287 2813 2360 (nt)
2842 2289 3076 2343 Parcens
3112 2286 3255 2340 enim
3293 2283 3470 2339 adhuc
3510 2284 3577 2339 de
3610 2282 3697 2337 llis

2093 2381 2223 2439 nihil
2252 2380 2376 2440 dico
2405 2395 2419 2437 :
2452 2386 2633 2438 tarnen
2664 2392 2877 2437 mecum
2919 2376 3329 2451 recognoscitis,
3357 2373 3518 2449 517
3549 2373 3693 2445 quod

2102 2578 2227 2620 esse
2249 2564 2360 2636 jam
2403 2580 2510 2621 non
2558 2566 2729 2621 semel
2752 2564 3047 2636 enarravit.
3082 2563 3286 2620 Deinde
3316 2562 3460 2633 quod
3495 2561 3692 2636 asserit

2102 2633 2300 2707 laetum
2326 2636 2390 2689 de
2421 2636 2766 2691 Orientalium
2791 2635 3130 2707 quorumdam
3178 2648 3388 2707 assensu
3411 2674 3426 2696 ,
3462 2645 3568 2687 non
3618 2633 3688 2685 ita

2101 2706 2314 2762 videtur
2336 2707 2744 2778 intelligendum
2763 2749 2778 2769 .
2803 2703 2869 2761 ut
2889 2706 3192 2778 Orientales
3215 2703 3432 2775 quidam
3463 2718 3691 2778 censue-

2100 2778 2211 2832 rint
2235 2775 2535 2834 duodecim'
2568 2788 2774 2834 tantum
2820 2779 3011 2849 synodi
3056 2776 3433 2849 deﬁnitiones,
3478 2775 3691 2849 caeteris

2099 2851 2409 2917 suppressis
2434 2890 2450 2916 ,
2505 2850 2760 2905 Sirmium
2805 2843 2927 2905 esse
2965 2848 3327 2911 delerendas;
3377 2846 3514 2900 hanc
3544 2843 3691 2900 enim

2100 2922 2540 2991 suppressionem
2582 2921 2718 2976 solis
2763 2922 2982 2986 Basilio,
3015 2918 3299 2975 Eustatbio
3341 2917 3648 2991 etEleusio
3672 2958 3688 2979 ,

2101 2987 2236 3047 ot'id
2271 2992 2487 3063 quidem
2514 3009 2578 3048 ex
2607 2994 2917 3062 contjecturu
2936 3034 2950 3055 ,
2995 2992 3133 3045 inira
3178 2988 3483 3063 adseribit_:_
3509 2987 3603 3063 sed
3632 2999 3690 3042 ut

2104 3073 2213 3137 tota
2236 3057 2477 3137 sy'nodus
2505 3057 2789 3137 Ancyra'na
2812 3064 3065 3137 statuerit
3093 3061 3286 3131 placita
3312 3075 3409 3137 sua
3431 3057 3689 3137 Sirmium

2104 3130 2420 3202 deferenda,
2450 3147 2504 3191 et
2531 3137 2597 3191 ab
2621 3130 2694 3191 iis
2717 3130 3105 3190 subscribendo
3131 3148 3273 3197 esse,
3302 3133 3390 3202 qui
3421 3130 3690 3185 contraria

725 3198 761 3286 ,⁷
891 3274 904 3286 _
1207 3274 1219 3284 ,
1296 3198 1303 3200 Ἴ
1796 3274 1807 3285 ,
1890 3274 1921 3286 Α,
2023 3198 2069 3260 C
2104 3198 2414 3286 tuebantur.
2441 3208 2569 3262 Ideo
2594 3217 2774 3286 auntem
2819 3208 2933 3286 huic
2974 3204 3212 3276 synodus
3241 3198 3693 3286 quorumdamdi-

477 3280 549 3350 (c)
584 3277 652 3350 Et
687 3274 777 3329 hic
825 3274 1163 3350 subnectitur
1206 3274 1259 3327 in
1310 3288 1466 3350 mss._
1491 3287 1637 3350 saepe
1664 3274 1993 3350 nominatis:
2022 3298 2035 3310 -

2099 3279 2260 3349 citur,
2289 3281 2410 3348 quia
2443 3295 2616 3349 neque
2640 3279 2941 3334 Orientales
2961 3273 3175 3342 omnes,
3202 3273 3377 3346 neque
3400 3273 3691 3331 admodum

2099 3348 2414 3421 frequentes
2442 3351 2494 3404 in
2521 3348 2640 3406 eam
2660 3357 3045 3405 convenerant.

2426 3455 2496 3482 ea.
2554 3441 2687 3482 Cnlh
2736 3450 2784 3482 At
2819 3441 2859 3482 ιζ

2172 3442 2245 3516 (j)
2279 3441 2337 3497 In
2367 3455 2499 3497 mss.
2554 3441 2707 3522 Coll).
2736 3450 2789 3495 et
2819 3441 3004 3496 Germ.
3030 3482 3043 3504 ,
3076 3437 3342 3493 Eustaclii.
3390 3436 3446 3491 In
3487 3436 3648 3491 Carn.
3675 3480 3688 3500 ,

2099 3512 2261 3569 Coro.
2316 3523 2369 3569 et
2418 3514 2541 3568 aliis
2580 3512 2930 3582 quibusdam,
2969 3511 3199 3582 Eustasi.
3236 3509 3474 3582 l’essime
3500 3516 3688 3582 autem

2099 3585 2239 3654 apud
2271 3585 2389 3651 Er.,
2425 3584 2569 3654 Lips.
2600 3578 2657 3639 et
2681 3584 2831 3649 Par.,
2861 3581 3048 3636 Basilii
3077 3591 3126 3635 et
3156 3580 3413 3654 linunt/iii
3427 3589 3474 3633 et
3492 3578 3694 3654 Eleusii

2099 3650 2156 3711 in
2188 3650 2427 3711 secundo
2456 3650 2617 3722 casu,
2654 3662 2775 3709 cum
2821 3657 2995 3709 Oratio
3052 3656 3231 3721 exigat
3273 3652 3543 3722 quintum;
3595 3650 3690 3705 Hic

2098 3729 2297 3798 quippe
2330 3726 2563 3782 Hilarius
2593 3719 2898 3782 Sermoiiem
2924 3724 3081 3798 habet
3197 3722 3486 3798 Basiliam,
3506 3719 3689 3774 Eusta.

2099 3793 2268 3852 thium
2312 3807 2364 3853 et
2398 3799 2702 3865 Eleusium,
2739 3806 2797 3850 ut
2820 3798 2909 3867 qui
2945 3793 3422 3867 interOrientales
3462 3795 3690 3862 Ancyra!

2097 3878 2516 3939 eongregatores
2555 3862 2899 3934 eminebant,
2929 3876 2985 3923 et
3014 3866 3140 3921 inde
3184 3862 3252 3918 ad
3299 3865 3688 3933 Imperatorem

2096 3938 2257 4010 legati
2290 3940 2522 3995 fuerant.

2172 4028 2250 4102 (lt)
2291 4031 2575 4101 Antiquior
2624 4045 2727 4088 ms.
2782 4029 2935 4088 Colb.
2990 4047 3112 4088 cum
3140 4029 3325 4088 Germ.
3379 4028 3685 4088 faventibus

2097 4101 2239 4167 aliis,
2272 4106 2569 4230 ligaretur.

2169 4172 2237 4230 (ll
2322 4173 2456 4230 diti.
2486 4173 2569 4229 adl

2169 4172 2237 4247 (ι)
2278 4172 2456 4242 Editi,
2486 4173 2655 4230 adhuc
2684 4182 2916 4231 tacentur
2952 4191 2971 4230 :
3001 4173 3356 4230 emcndantur
3388 4188 3452 4228 ex
3482 4188 3614 4228 mss.

2169 4270 2266 4343 (ιη)
2316 4268 2551 4343 Verbum
2579 4270 2819 4343 dicantur
2842 4270 2896 4325 in
2942 4283 3043 4343 ms.
3070 4268 3281 4343 Bemig.
3311 4268 3511 4343 excipit
3538 4266 3693 4322 addi-

2099 4340 2417 4406 tamentum,
2449 4340 2590 4410 quod
2617 4343 2669 4394 in
2692 4342 2857 4397 Carn.
2890 4348 2947 4396 et
2972 4340 3132 4396 Mich.
3158 4340 3421 4409 superiori
3455 4348 3683 4394 senten-

2099 4415 2206 4478 tim,
2234 4414 2295 4469 Si
2324 4422 2493 4468 autem
2521 4414 2640 4479 quia
2669 4428 2771 4467 nou
2804 4422 2938 4467 recte
2966 4413 3155 4481 scripta
3183 4421 3337 4477 sunt,
3394 4421 3500 4466 etc.
3525 4454 3540 4476 ,
3590 4412 3691 4463 mi-

2098 4501 2197 4558 nus
2223 4495 2347 4558 apte
2374 4485 2724 4558 praeligitur;
2764 4482 2994 4558 habetur
3026 4482 3245 4558 vero‘ad
3286 4483 3692 4558 oranralterius

2098 4553 2273 4612 CarnC
2296 4568 2351 4613 et
2372 4555 2515 4611 Tell.
2543 4573 2557 4609 :
2585 4555 2719 4611 Ante
2745 4556 3006 4610 existimor
3029 4554 3374 4613 suspicionem
3403 4553 3465 4606 ab
3487 4553 3565 4607 liis
3577 4554 3692 4607 adi-

2100 4645 2255 4697 mere,
2286 4630 2363 4684 vel
2403 4644 2462 4681 ea
2492 4628 2703 4682 laudare
2725 4627 2908 4697 quibus
2936 4624 3136 4695 parco?
3172 4624 3394 4697 Parcere
3424 4624 3561 4678 enim
3584 4633 3689 4697 ._-e_t_

2101 4716 2214 4754 cum
2242 4693 2484 4755 dilatione
2506 4700 2571 4753 ad
2595 4700 2688 4753 hoc
2712 4693 2849 4770 (ius.
2879 4693 3040 4752 Mich.
3065 4699 3128 4752 ab
3148 4695 3277 4767 hoc)
3307 4711 3534 4766 parcere,
3559 4693 3692 4748 nihil

2098 4771 2317 4841 improbi
2341 4781 2416 4826 est
2441 4780 2488 4825 et
2513 4772 2725 4825 remissi.

2172 4836 2252 4895 'An
2293 4844 2371 4897 hic
2411 4843 2630 4896 similent
2675 4840 3012 4896 substantiam
3040 4839 3186 4894 aliud
3234 4839 3400 4909 patior
3448 4853 3555 4893 esse
3592 4836 3693 4890 nisi

2100 4915 2293 4969 unum?
2322 4930 2435 4985 qua!
2454 4916 2499 4969 si
2527 4930 2630 4967 non
2653 4930 2757 4967 una
2777 4914 2841 4967 sit
2873 4912 3353 4985 anteacon/ilenda,
3371 4912 3487 4983 jam
3516 4917 3690 4985 postea

2100 4986 2258 5055 impie
2294 4981 2357 5039 sit
2383 4984 2568 5040 similis
2610 4984 2960 5054 prtedicanda.
3003 4983 3121 5055 Quo
3151 4981 3416 5055 responso
3445 4981 3689 5050 apposite

2106 5054 2345 5111 ostendit
2366 5058 2616 5121 Hilarius,
2645 5071 2704 5109 se
2730 5056 2797 5109 ab
2817 5054 3179 5110 Orientalibus
3201 5054 3688 5123 suspicionetnnou

2107 5128 2367 5182 adnuere.
2404 5126 2538 5182 Nam
2567 5127 2660 5197 qui
2687 5128 2839 5181 timet
2877 5140 2941 5181 ac
2981 5133 3136 5181 cavet
3157 5165 3172 5187 .
3203 5140 3270 5179 ne
3299 5124 3441 5194 quod
3472 5122 3688 5197 tacitum

2107 5208 2221 5264 est,
2265 5198 2557 5267 aliquando
2585 5193 2846 5262 'dieatur,
2908 5213 3015 5252 non
3066 5207 3151 5250 est
3202 5193 3324 5250 sine
3360 5193 3686 5267 suspicione.

2105 5268 2288 5341 Longe
2312 5265 2485 5323 minus
2509 5269 2845 5341 laudat,_qui
2870 5267 3192 5341 parcendum
3219 5275 3387 5335 putat.
3417 5265 3533 5341 _Non
3569 5279 3687 5341 par-

2105 5342 2181 5397 cit
2207 5335 2384 5395 a'utem
2412 5341 2514 5395 nisi
2540 5355 2662 5396 cum
2686 5335 2979 5404 dilatione,
3012 5340 3102 5409 qui
3153 5353 3274 5409 m_ox
3305 5338 3520 5391 tandem
3571 5335 3689 5389 ani-

2106 5428 2252 5467 mum
2275 5427 2429 5467 suum
2451 5411 2624 5483 aperit
2648 5412 2701 5465 in
2722 5410 2867 5467 hunc
2891 5407 3106 5465 modum
3126 5426 3151 5483 _:
3181 5407 3315 5483 Date
3328 5409 3553 5483 Veniam,
3586 5409 3681 5483 [ra

2102 5494 2223 5547 tres,
2248 5483 2416 5539 dolori
2455 5479 2563 5539 nico
2591 5498 2610 5537 :
2632 5484 2843 5553 impium
2881 5490 2955 5535 est
2998 5480 3135 5551 quod
3164 5481 3380 5535 audetis.
3415 5479 3582 5553 Quem
3636 5479 3687 5553 in

2102 5559 2279 5611 locum
2327 5556 2520 5611 melius
2569 5550 2885 5624 rejiceretur
2930 5550 3163 5624 seeunda
3217 5567 3342 5616 pars
3393 5550 3690 5624 superioris

2103 5627 2350 5695 responsi
2377 5668 2392 5691 ,
2423 5627 2491 5681 ab
2535 5621 2762 5681 his'scil.
2802 5623 2981 5679 verbis
3003 5666 3017 5687 ,
3050 5623 3129 5678 An
3171 5624 3254 5677 hic
3294 5621 3513 5695 similem
3536 5660 3551 5687 ,
3577 5631 3684 5675 etc.

415 5698 609 5770 synodi
658 5693 1050 5756 deﬁnitionem.
1085 5693 1300 5755 Delatus
1330 5693 1617 5755 eas—fuisse
1663 5712 1718 5754 ut
1765 5693 2002 5757 stibscri-
2103 5693 2296 5758 Ubi—de
2315 5697 2666 5756 Orientalium
2692 5711 2975 5768 progressu
2998 5711 3103 5770 non
3131 5696 3200 5770 ita
3221 5693 3518 5770 gratulatur
3560 5695 3687 5770 quin

416 5770 697 5842 bereutur,
722 5786 873 5842 nunc
904 5774 1134 5840 primum
1160 5770 1378 5842 disertis
1401 5771 1577 5825 verbis
1606 5772 1871 5842 signiﬁcat
1905 5772 1998 5827 Ilio

2103 5771 2373 5845 quasdam
2412 5773 2469 5845 in
2503 5772 2582 5845 eis
2622 5764 2915 5845 impietatis
2943 5764 3262 5842 quisquilias
3312 5768 3591 5833 advertat.
3621 5764 3691 5828 tlo

428 5836 618 5916 larius,
640 5836 970 5919 sedqaliqu'os
988 5845 1130 5906 otiis
1152 5841 1551 5905 subscriberent
1580 5836 1763 5905 Sirinii
1783 5855 2003 5906 coactos
2097 5836 2297 5920 quibus
2313 5843 2418 5906 sibi
2440 5836 2733 5905 dolendum
2757 5842 2848 5902 sit.
