4270 6264
590 293 697 353 643

1786 288 2037 348 SANCTI
2068 289 2323 349 [IlLAltIl
2359 290 2664 349 EPISCOPI

3774 295 3884 355 54l-

586 427 696 469 non
736 411 807 469 ita
834 412 1012 470 omnis
1033 409 1112 488 (a)
1134 408 1441 481 conscripta
1470 406 1612 480 apud
1641 408 1913 481 Ancyram
1958 407 2092 464 ﬁdes
2118 422 2179 465 se
2205 408 2260 473 Α
2283 409 2373 480 qui
2398 424 2511 466 rem
2537 425 2604 466 eo
2625 409 2969 476 deducimus,
2992 420 3053 466 ut
3078 408 3202 483 quia
3225 406 3463 481 episcopi
3489 422 3598 465 non
3626 408 3882 480 fuerunt,

587 505 842 564 habebat.
885 505 1002 562 Non
1042 503 1199 560 fama:
1239 502 1473 559 fabulam
1518 501 1745 584 loquor:
1773 499 2074 557 litterarum
2124 501 2185 556 ti-

586 600 713 658 dem
753 607 947 666 teneo,
975 612 1081 654 non
1108 594 1315 653 alaicis
1339 603 1633 666 sumptam,
1662 591 1759 650 sed
1800 593 1869 649 ab
1911 593 2183 665 episcOpis

585 694 873 841 daiiili].Ad
896 784 1201 840 homousion
1239 782 1626 857 suscipiendum
1661 780 1974 837 adhortatio.
2007 779 2182 835 Nicas-

581 893 705 932 nam
736 876 891 946 ﬁdem
937 892 1040 931 non
1085 875 1186 931 nisi
1231 876 1531 932 exulaturus
1580 875 1792 931 audivit.
1814 903 1887 915 —-
1912 873 2021 931 Oro
2050 887 2178 942 vos,

580 968 834 1038 Fratres,
885 969 1108 1027 adimite
1160 970 1554 1041 suspicionem,
1606 967 1880 1025 excludite
1931 967 2175 1024 occasio-

581 1077 706 1119 nem
728 1061 827 1134 (b).
862 1060 930 1119 Ut
959 1061 1175 1134 probari
1216 1064 1385 1134 possit
1424 1061 1796 1131 bommusion,
1832 1076 1939 1118 non
1977 1062 2179 1132 impro-

579 1155 771 1212 bemus
798 1155 1141 1212 homousion.
1173 1155 1485 1228 Cogitemus
1516 1164 1594 1212 tot
1622 1154 1930 1212 sacerdotes
1959 1164 2176 1212 sanctos

580 1256 637 1305 et
673 1250 1047 1320 quiescentes:
1081 1248 1210 1321 quid
1239 1248 1307 1304 de
1333 1248 1490 1309 nobis
1520 1248 1778 1304 Dominus
1800 1247 2094 1318 iudicabit,
2128 1246 2177 1303 si

579 1356 725 1399 nunc
752 1343 1276 1399 anathematizantur
1300 1356 1331 1398 a
1370 1342 1561 1398 nobis?
1589 1341 1727 1411 Quid
1752 1341 1822 1396 de
1849 1341 2005 1398 nobis
2031 1341 2173 1411 erit,

656 1481 731 1553 (a)
770 1480 829 1535 ln
860 1480 1120 1552 vulgatis,
1150 1482 1409 1550 scripta...
1440 1498 1493 1537 se
1520 1479 1700 1537 habeat
1730 1497 1749 1536 :
1791 1491 1847 1537 et
1885 1496 2010 1538 mox
2037 1481 2178 1552 apud

583 1552 716 1610 Bad.
742 1559 799 1608 et
847 1554 993 1619 Mir.,
1025 1569 1128 1606 non
1154 1569 1187 1606 a
1214 1553 1487 1608 lectoribus
1534 1563 1791 1623 sumptam
1811 1594 1824 1617 ,
1854 1568 1953 1623 pro
2001 1569 2103 1623 non
2146 1570 2179 1607 a

581 1625 725 1680 laicis
754 1632 1029 1693 sumptam.
1062 1623 1160 1680 Hic
1203 1623 1471 1695 signiﬁcat
1507 1623 1741 1679 Hilarius
1764 1665 1778 1689 ,
1810 1622 1917 1679 nun
1952 1623 2038 1695 ita
2064 1622 2179 1678 An-

583 1711 729 1767 cyrae
773 1697 1138 1766 conscriptam
1171 1694 1293 1751 esse
1345 1694 1539 1762 ﬁdem,
1583 1696 1755 1765 qualis
1803 1694 1986 1751 Sirmii
2022 1695 2175 1767 edita

583 1766 699 1833 eSt;
731 1781 897 1837 seque
945 1767 1049 1823 hoc
1094 1782 1199 1822 non
1246 1782 1463 1822 rumore
1493 1767 1673 1837 vulgi,
1701 1767 1796 1822 sed
1826 1781 1891 1821 ex
1935 1766 2178 1836 ipsismet

579 1840 771 1910 synodi
817 1836 1008 1910 litteris
1048 1836 1335 1904 didicisse;
1368 1852 1568 1910 easque
1600 1836 1814 1910 litteras
1857 1852 1966 1910 non
2010 1838 2177 1893 laico-

578 1907 698 1965 rum
722 1949 741 1978 ,
784 1909 879 1965 sed
906 1909 1279 1978 episcoporum
1313 1907 1531 1963 nomine
1556 1907 1727 1964 editas
1753 1922 1817 1963 ac
1842 1908 2175 1977 subscriptas

580 1995 720 2037 esse.
748 1979 901 2047 Quod
930 1980 1148 2035 videtur
1177 1979 1416 2046 dixisse,
1448 1980 1571 2050 quia
1609 1979 1661 2034 in
1693 1979 1925 2035 concilio
1967 1978 2175 2034 Medio-

578 2051 686 2122 Ian.
734 2066 825 2107 an.
867 2050 1009 2117 555,
1049 2051 1335 2122 quamdam
1387 2051 1509 2106 ﬁdei
1554 2050 1837 2107 formulam
1882 2053 2177 2107 emiserant

578 2121 879 2178 Constantii
911 2124 1129 2177 nomine
1150 2163 1164 2188 ,
1196 2128 1257 2175 ut
1282 2122 1328 2177 si
1354 2136 1473 2177 eam
1501 2123 1858 2178 exborrerent
1883 2122 2171 2187 catholici,

580 2193 846 2250 haberent
873 2192 1016 2250 unde
1059 2208 1119 2250 se
1147 2202 1510 2261 excusarent,
1555 2195 1631 2250 uti
1672 2193 1782 2263 jam
1827 2195 2172 2250 observatum

579 2273 665 2321 est
712 2282 768 2321 ιι.
801 2265 892 2321 78.
922 2265 1049 2321 Illas
1094 2274 1273 2321 autem
1320 2267 1526 2323 litteras
1572 2268 1793 2323 exhibet
1841 2266 2173 2337 Epiphanius

581 2338 695 2411 liter
721 2352 893 2394 Lxxnt
918 2380 932 2400 ,
967 2355 1022 2392 ιι.
1052 2340 1123 2404 2,
1153 2340 1241 2411 qui
1289 2349 1468 2396 tamen
1498 2340 1783 2410 epistolam
1809 2339 1874 2393 de
1917 2337 2172 2393 homousii

578 2417 628 2483 et
649 2409 917 2465 Itommusii
940 2409 1255 2483 expositione
1280 2409 1608 2483 superius’n.
1630 2413 1692 2467 8|
1714 2451 1729 2476 ,
1758 2411 2069 2483 summatim
2094 2425 2173 2466 re—

575 2478 737 2535 latam
768 2496 867 2536 nec
895 2478 1016 2551 ipse
1047 2482 1203 2537 nobis
1233 2478 1531 2538 transmisit
1552 2523 1567 2545 .
1599 2498 1700 2539 nec
1728 2482 1871 2539 ullus
1900 2481 2058 2538 alius.

647 2550 726 2692 fb}
766 2550 970 2623 Supple
988 2595 1001 2614 .
1033 2554 1168 2610 male
1198 2552 1263 2607 de
1284 2553 1424 2607 vobis
1452 2554 1722 2610 sentiendi.

671 2641 699 2676 c
759 2622 876 2678 Μὶν.
898 2662 914 2689 ,
946 2624 1095 2692 Lips.
1126 2633 1181 2680 et
1209 2624 1331 2679 Par.
1355 2665 1371 2691 ,
1402 2642 1493 2680 nec
1531 2628 1722 2692 ceperin

671 2622 720 2698 cf)
759 2622 876 2678 blir.
898 2662 914 2689 ,
946 2624 1095 2698 Lips.
1126 2633 1181 2680 et
1209 2624 1331 2679 Par.
1355 2642 1493 2698 ,_nec
1531 2628 1833 2698 ceperimus.
1863 2625 2050 2681 Melius
2078 2625 2170 2679 alii

576 2693 731 2761 libri,
765 2711 857 2749 nec
884 2693 1180 2767 coeperimus
1196 2737 1211 2762 ,
1240 2695 1431 2766 supple
1454 2693 1802 2753 esseIPostea
1825 2711 2016 2752 omnes
2037 2712 2168 2767 mss.

573 2781 682 2820 uno
710 2766 972 2837 excepto,
1003 2783 1182 2821 sumus
1225 2768 1514 2833 successio,
1547 2784 1655 2824 non
1694 2784 2030 2824 successores.
2064 2766 2168 2823 Ar-

570 2845 825 2909 gumento
868 2838 1059 2909 eodem
1109 2838 1339 2909 Atrianos
1391 2849 1545 2909 urget
1590 2840 1938 2905 Athanasius,
1964 2839 2057 2894 lib.
2103 2840 2170 2894 de

576 2908 781 2979 Synod.
816 2922 935 2977 pag.
966 2908 1241 2980 882.tQuo
1260 2951 1276 2974 ,
1309 2908 1520 2976 inquit,
1539 2912 1661 2980 jure
1690 2912 1788 2980 ipsi
1810 2911 2037 2979 episcopi
2062 2926 2171 2964 esse

575 2987 843 3048 poterunt,
872 2980 916 3033 si
944 2980 1007 3050 ab
1031 2979 1314 3050 episcopis,
1346 2995 1473 3049 quos
1498 2979 1601 3050 ipsi
1637 2983 1976 3035 criminantur
1994 3022 2010 3046 ,
2047 2996 2169 3033 con-

573 3050 738 3103 stituti
764 3058 904 3104 sunt.
930 3048 1244 3119 .Sententiie
1272 3048 1431 3119 hujus
1458 3048 1723 3107 rationem
1752 3053 1830 3106 sic
1858 3052 2037 3106 reddit
2067 3050 2169 3108 So-

573 3130 750 3175 crates
779 3119 874 3195 ιιι).
902 3133 967 3182 ιι,
995 3134 1115 3195 cap.
1144 3118 1254 3195 4οτ
1284 3118 1524 3195 Quonam
1558 3123 1711 3177 modo
1748 3139 1922 3195 eorum
1967 3122 2163 3195 (Nicaeo

575 3206 767 3265 norum
798 3189 1040 3262 Patrum)
1071 3189 1445 3246 ordinationem
1479 3203 1741 3265 tamquam
1776 3189 1990 3265 probam
2010 3211 2071 3247 ac
2095 3194 2165 3248 lc-

572 3262 804 3334 gitimam
844 3270 1203 3334 susceperunt,
1238 3278 1461 3334 quorum
1508 3262 1664 3334 fidem
1700 3262 1835 3319 velut
1876 3263 2065 3334 falsam
2106 3281 2165 3317 nc

570 3331 840 3405 reprobam
868 3331 1194 3403 rejecerunt?
1224 3331 1362 3386 Nam
1390 3334 1435 3405 si
1460 3331 1538 3389 illi
1578 3353 1681 3390 non
1721 3331 2004 3389 habuerunt
2042 3335 2169 3405 Spi-

569 3403 728 3478 ritum
755 3411 1017 3471 sanctum,
1058 3405 1144 3473 qui
1185 3420 1276 3473 per
1314 3403 1687 3478 ordinationem
1726 3407 2048 3478 infunditur,
2076 3403 2165 3461 sa-

570 3475 853 3549 cerdotium
890 3490 995 3549 non
1032 3482 1355 3549 acceperunt.
1388 3474 1656 3541 Quomodo
1692 3474 1826 3533 enim
1850 3486 2169 3549 acceperunt

573 3546 638 3600 ab
677 3548 774 3607 iis.
815 3545 904 3615 qui
947 3561 1051 3600 non
1095 3545 1345 3601 habebant
1389 3549 1527 3617 quod
1575 3549 1795 3604 darent?
1842 3545 1995 3602 Hinc'
2025 3550 2165 3613 apud

573 3617 935 3690 Thedoretum
978 3617 1070 3690 lib.
1130 3633 1182 3690 tv
1220 3617 1345 3690 hist.
1377 3619 1513 3675 eccl.
1541 3635 1592 3676 c.
1633 3621 1706 3676 25
1726 3661 1740 3685 ,
1771 3620 1981 3690 Moyses
2006 3635 2033 3673 a
2061 3619 2168 3675 LII--

571 3691 658 3762 cio
685 3688 886 3762 Arriano
924 3688 1230 3762 patriarcha
1261 3689 1637 3762 Alexandrino
1678 3688 2039 3762 episcopalem
2080 3706 2167 3746 or-

571 3760 903 3815 dinationem
926 3758 1169 3830 recipere
1191 3759 1538 3819 vehementer
1564 3758 1831 3819 recusavit
1854 3758 1937 3817 his
1957 3763 2163 3818 verbis:

571 3832 717 3887 Absit
742 3841 797 3886 ut
824 3847 915 3903 ego
944 3846 1097 3903 manu
1123 3839 1214 3903 tua
1245 3831 1452 3887 ordiner
1474 3851 1494 3888 :
1519 3845 1566 3889 te
1605 3835 1737 3888 cnint
1774 3836 2039 3888 invocante
2064 3850 2167 3889 non

569 3902 863 3975 supervenit
894 3902 1063 3975 gratia
1109 3902 1338 3975 Spiritus
1373 3907 1555 3959 sancti.
1609 3905 1723 3960 Huc
1774 3903 1982 3975 accedit
2024 3905 2166 3975 quod

573 3971 916 4029 Innocentius
962 3971 1003 4038 Ι,
1037 3972 1195 4041 epist.
1225 3973 1292 4027 ad
1343 3974 1662 4032 Macedones
1702 3991 1821 4044 cap.
1856 3976 1922 4040 5,
1958 3971 2163 4031 habet:

572 4045 832 4098 Asseritur
860 4059 973 4097 eum
990 4082 1005 4109 ,
1033 4044 1120 4113 qui
1148 4044 1392 4099 honorem
1417 4049 1615 4113 amisit,
1641 4048 1882 4101 honorem
1910 4046 2034 4100 dare
2064 4064 2166 4102 non

570 4132 749 4186 posse;
774 4131 869 4190 nec
891 4113 1038 4190 illum
1064 4115 1260 4185 aliquid
1302 4120 1589 4190 accepisse,
1625 4119 1745 4190 quia
1769 4117 1902 4172 nihil
1932 4121 1985 4171 in
2014 4118 2168 4172 dante

569 4184 677 4240 erat
695 4184 869 4260 Lquod
893 4184 983 4260 ille
1009 4184 1179 4260 posset
1202 4184 1450 4260 accipere.
1478 4184 1856 4260 Acquiescimus
1876 4230 1891 4255 ,
1920 4197 1965 4243 et
1990 4204 2166 4244 verum

568 4266 677 4332 est.
695 4256 841 4313 Certe
857 4257 976 4332 quia
1000 4256 1138 4325 quod
1165 4272 1267 4310 non
1293 4259 1496 4332 habuit,
1524 4256 1649 4316 dare
1674 4276 1777 4315 non
1794 4259 1994 4332 potuit;
2022 4260 2167 4314 dam-

570 4330 830 4404 nationem
870 4331 1043 4395 utique
1063 4344 1264 4404 ,_quan_t
1302 4328 1510 4397 habuit,
1538 4349 1630 4404 per
1656 4328 1840 4386 manus
1884 4332 2167 4395 impositio-

568 4415 688 4473 nent
713 4400 895 4473 dedit:
923 4398 1093 4473 ettqni
1124 4400 1377 4472 particeps
1402 4398 1570 4473 factus
1609 4413 1684 4458 est
1722 4404 1998 4464 damnato,
2038 4418 2166 4471 quo-

570 4471 722 4542 modo
765 4469 943 4542 debeat
970 4470 1215 4542 honorem
1239 4469 1471 4542 accipere
1489 4517 1504 4541 ,
1533 4474 1759 4530 invenire
1786 4490 1889 4529 non
1931 4469 2159 4540 possunt.

567 4540 650 4637 9b
679 4540 1523 4637 hiccﬂliaqtte:{atrum-verba,
1556 4546 1789 4637 masime
1818 4544 2161 4637 exrtibbonis
2189 4577 2239 4637 Β

569 4612 853 4685 Remensis
882 4613 1200 4685 occasione,
1234 4612 1563 4685 disputatum
1592 4626 1676 4671 est
1704 4632 1772 4671 an
1811 4616 1986 4671 valida
2017 4624 2163 4670 esset

565 4684 803 4756 episcOpi
843 4683 1179 4756 consecratio
1220 4686 1288 4739 ab
1320 4683 1400 4741 iis
1452 4687 1628 4747 facta,
1671 4688 1762 4756 qui
1814 4686 2159 4742 anathemate

566 4754 806 4812 damnati
845 4761 1020 4811 erant.
1058 4754 1248 4809 Verum
1281 4771 1345 4811 ex
1385 4756 1566 4813 verbis
1613 4754 1910 4813 Innocentii
1954 4757 2155 4826 liquet,

567 4843 690 4882 cum
723 4842 828 4898 non
858 4835 962 4881 tam
995 4840 1218 4894 negasse
1244 4828 1495 4898 collatam
1526 4829 1919 4885 ordinationem
1938 4869 1952 4894 ,
1997 4843 2157 4898 quam

565 4899 773 4955 ordinis
815 4897 1105 4960 honorem,
1146 4905 1202 4969 et
1241 4897 1409 4968 ipsius
1450 4900 1741 4956 exercendi
1786 4897 2106 4969 potestatem
2141 4917 2155 4954 :

564 4972 689 5039 quia
705 5012 719 5035 ,
748 4969 950 5040 inquit,
971 4978 1158 5042 nostra:
1176 4967 1348 5023 lexest
1367 4969 1636 5037 Ecclesiae,
1657 4986 1749 5025 nec
1765 4967 1919 5025 elrhis
1939 4971 2158 5042 aliquem

562 5042 618 5096 in
659 5039 927 5113 clericatus
981 5039 1225 5093 honorem
1273 5042 1349 5095 vel
1394 5042 1634 5113 exiguum
1671 5042 1964 5113 subrogare.
2007 5039 2159 5098 Unde

566 5112 709 5183 quod
733 5112 952 5169 Anisius
978 5118 1273 5184 statuerat,
1306 5121 1365 5167 ut
1397 5129 1426 5168 a
1452 5112 1664 5170 Bonoso
1688 5112 1923 5169 ordinati
1955 5114 2160 5184 recipe-

567 5195 784 5249 rentur,
830 5183 1079 5255 quamvis
1120 5189 1310 5255 contra
1354 5184 1638 5255 pristinum
1686 5201 1891 5241 murem
1919 5226 1934 5251 ,
1979 5193 2158 5240 tamen

571 5272 668 5321 pro
698 5252 927 5311 utilitate
959 5252 1213 5324 Ecclesia:
1242 5252 1648 5312 rite'sancitum
1679 5272 1801 5313 esse
1833 5273 1937 5311 non
1977 5266 2157 5324 negat.

570 5327 792 5383 Fatetur
817 5324 983 5399 etiam
999 5365 1016 5391 ,
1047 5323 1357 5399 Novatianis
1378 5343 1405 5381 a
1432 5328 1648 5384 Nictena
1664 5330 1872 5399 synodo
1891 5323 2158 5383 indultum

570 5414 721 5468 esse,
751 5410 809 5453 ut
846 5397 913 5452 ad
946 5395 1241 5471 Ecclesium
1290 5400 1581 5458 redeuntes
1603 5402 1660 5456 in
1688 5395 1844 5457 Clero
1873 5415 2160 5471 permane-

570 5467 736 5530 rent:
768 5472 870 5527 hoc
907 5467 1219 5544 cmteris__ita
1260 5482 1508 5541 negatum
1544 5487 1668 5529 esse
1694 5467 2071 5544 propugnans,
2101 5482 2161 5528 ut

570 5554 625 5602 et
668 5544 904 5617 potuisse
930 5539 1184 5617 concedi,
1215 5550 1269 5595 et
1302 5539 1443 5612 quod
1476 5539 1727 5615 negatum
1756 5539 1946 5617 ftierit,
1979 5559 2055 5617 ex,
2077 5544 2159 5600 di-

569 5610 811 5690 sciplina:
838 5610 1253 5693 consuetudine,
1286 5610 1390 5693 non
1420 5610 1600 5693 autem
1627 5616 1769 5693 quod
1800 5617 1949 5670 irrita
1974 5616 2160 5693 existi—

567 5684 809 5744 ιηέφειιιι·
854 5684 1229 5737 haereticorum
1272 5684 1576 5752 ordinatio,
1626 5686 1827 5743 factum
1858 5701 1979 5742 esse
2026 5687 2159 5746 satis

570 5754 1010 5828 indicettSed‘et
1033 5753 1296 5828 fluuiana:
1324 5756 1578 5828 Ecclesiae
1606 5758 1769 5827 quale
1795 5774 1858 5828 ea
1884 5759 1951 5812 de
1980 5773 2040 5812 re
2069 5761 2159 5828 λιιι

566 5824 767 5883 dictum
797 5821 990 5887 fuerit,
1033 5818 1283 5891 locuples
1328 5820 1477 5881 testis
1510 5834 1593 5882 est
1618 5818 1971 5897 Augustinus.
1995 5818 2150 5895 epist.

2285 515 2386 556 nos
2412 516 2624 574 quoque
2653 500 2725 575 (ε)
2754 517 2851 559 nec
2876 501 3242 573 coeperimus?
3271 499 3515 557 Ordinati
3542 501 3686 556 enim
3708 502 3777 558 ab
3799 503 3887 560 his

2282 608 2502 662 sumus,
2536 605 2592 651 et
2629 609 2816 651 eorum
2859 609 3049 650 sumus
3094 606 3457 649 successores.
3493 592 3886 652 Renuntiemus

2282 689 2646 759 episcopatui,
2690 687 2772 761 (ά)
2818 689 2943 760 quia
2988 685 3223 742 ofﬁcium
3267 686 3386 757 ejus
3427 686 3497 741 ab
3541 685 3885 746 anathemate

2282 781 2694 852 sumpserimus.
2745 781 2877 837 Date
2908 779 3162 848 veniam,
3194 779 3447 845 Fratres,
3494 778 3667 835 dolori
3716 795 3883 837 meo:

2282 874 2506 946 impium
2545 884 2627 930 est
2664 873 2736 945 (ε)
2785 873 2927 946 quod
2971 872 3205 929 audetis.
3241 871 3359 928 Non
3392 871 3567 942 patior
3613 871 3752 929 hanc
3788 889 3887 931 vo-

2282 981 2401 1023 cem
2423 1009 2439 1035 ,
2474 974 2531 1022 ut
2555 967 2608 1023 in
2640 965 2986 1022 anathemate
3015 965 3086 1020 sit
3124 965 3442 1021 homousion
3469 965 3764 1022 secundum
3794 981 3885 1023 re-

2281 1060 2524 1131 ligiosam
2556 1058 2963 1130 intelligentiam
2994 1057 3284 1115 conﬁtens.
3311 1055 3518 1112 Nomen
3551 1056 3686 1112 nihil
3718 1056 3883 1115 habet

2281 1154 2559 1223 criminis,
2613 1153 2758 1225 quod
2813 1168 3031 1209 sensum
3081 1168 3186 1207 non
3250 1151 3528 1221 perturbat
3576 1151 3880 1224 religionis.

2284 1248 2536 1323 5180‘)
2568 1247 2915 1303 llomteusion
2940 1247 3159 1311 nescio,
3194 1260 3292 1302 nec
3315 1245 3589 1315 intelligo,
3623 1245 3728 1301 nisi
3756 1254 3878 1302 tan-

2283 1350 2397 1397 tum
2420 1342 2498 1416 (g)
2519 1342 2587 1398 ab
2613 1340 2805 1397 similis
2824 1340 3075 1396 essentia:
3103 1337 3466 1395 confessione.
3493 1338 3687 1396 Testor
3707 1340 3879 1398 Deum

2283 1480 2417 1536 alias
2448 1498 2479 1535 L
2499 1522 2514 1546 ,
2544 1495 2686 1535 nunc
2712 1494 2956 1541 ccxxxv,
2996 1494 3051 1533 ιι.
3087 1477 3191 1533 47ε
3229 1476 3369 1540 Hoc,
3399 1477 3606 1547 inquit,
3637 1477 3698 1532 ab
3728 1478 3877 1536 initio

2282 1553 2495 1606 servavit
2526 1552 2776 1621 Africana
2798 1550 3099 1621 catholica,
3143 1565 3208 1604 ea:
3234 1550 3600 1621 _episc0porum
3628 1553 3878 1607 sententia

2319 1624 2371 1677 ui
2407 1623 2463 1676 in
2503 1619 2734 1677 Ecclesia
2773 1620 3010 1676 Romana
3046 1623 3179 1675 inter
3218 1619 3547 1674 Cazcilianum
3589 1629 3639 1676 et
3680 1631 3879 1693 partem

2337 1695 2477 1749 onati
2513 1694 2913 1767 judicaverunt,
2962 1693 3303 1767 damnatoque
3348 1707 3452 1746 uno
3476 1693 3725 1767 _quodc_tm
3770 1695 3880 1749 Do-

2285 1776 2473 1820 nato...
2503 1761 2710 1820 crateras
2741 1774 3025 1830 correctos,
3054 1763 3254 1819 etiamsi
3280 1773 3423 1817 extra
3462 1761 3750 1818 Ecclesium
3791 1782 3878 1820 or-

2282 1837 2447 1890 dinati
2477 1846 2639 1890 essent
2659 1877 2675 1902 ,
2704 1837 2757 1889 in
2789 1837 2895 1890 suis
2927 1836 3203 1889 honoribus
3246 1833 3596 1902 suscipiendos
3622 1850 3730 1890 esse
3757 1853 3879 1892 cen—

2277 1919 2508 1963 suerunt.
2541 1906 2617 1961 lta
2645 1908 2806 1963 etiam
2835 1906 3057 1975 intelligi
3089 1918 3263 1973 poteSt
3287 1920 3351 1961 ac
3376 1906 3537 1960 debet
3566 1917 3752 1962 noster
3779 1907 3873 1964 lli-

2277 1979 2478 2044 larins,
2513 1990 2570 2033 ut
2608 1979 2858 2033 nimirum
2889 1978 2981 2048 qui
3009 1978 3350 2048 episcopatus
3371 1976 3609 2032 ofﬁcium
3640 1978 3708 2032 ab
3736 1994 3872 2033 ana-

2280 2054 2515 2107 themate
2536 2050 2891 2120 sumpserint,
2912 2049 3215 2121 disciplinte
3237 2048 3414 2118 rigore
3438 2062 3469 2102 a
3495 2048 3643 2103 nulla
3663 2050 3871 2121 synodo

2276 2127 2356 2177 eis
2395 2122 2669 2187 relaxato,
2699 2120 2934 2191 episcopi
2965 2135 3074 2174 non
3100 2122 3209 2174 sint
3230 2162 3243 2186 ,
3276 2133 3374 2191 seu
3405 2135 3510 2173 non
3540 2130 3870 2178 censeantur

2276 2208 2432 2259 esse;
2465 2208 2527 2248 ea
2556 2190 2810 2247 videliCet
2852 2192 3060 2247 ratione
3080 2233 3094 2258 ,
3138 2206 3240 2262 qua
3271 2190 3588 2262 episcopos,
3625 2194 3870 2262 quamvis

2277 2265 2515 2336 legitime
2535 2265 2842 2328 ordinatos,
2865 2278 2959 2336 eos
2983 2279 3087 2318 non
3112 2260 3233 2318 esse
3252 2260 3521 2336 declarat,
3542 2260 3713 2333 quiin
3736 2279 3868 2321 ana—

2278 2334 2515 2394 themate
2537 2349 2664 2392 sunt
2684 2335 2981 2392 constituti.
3003 2336 3154 2392 Valet
3176 2334 3372 2406 quippe
3395 2336 3679 2406 Augustini
3702 2336 3866 2404 ratio,

2273 2409 2366 2465 lib.
2428 2425 2462 2464 ιι
2498 2419 2689 2465 contra
2736 2409 3018 2479 epistolam
3051 2405 3386 2479 Parmenioni
3414 2421 3462 2461 c.
3498 2406 3566 2462 ‘15
3591 2424 3619 2479 ελ
3642 2405 3710 2479 In
3750 2409 3867 2478 ipsa

2275 2484 2572 2552 praecisione
2591 2477 2802 2550 vitium,
2831 2483 3009 2535 nonin
3033 2478 3403 2552 sacramentis:
3430 2494 3545 2549 qua:
3565 2477 3868 2547 ubicumque

2272 2549 2391 2609 sunt
2437 2555 2553 2624 ipsa
2578 2597 2593 2618 ,
2645 2570 2762 2609 vera
2791 2549 2951 2607 sunt.
2997 2552 3257 2624 Quocirca
3292 2549 3694 2624 ⁸Ηὶιθιᾏπιγιιιιιιι,
3723 2552 3860 2606 Dial.

2272 2620 2854 2704 contra'Lttciferianos
2876 2620 3082 2704 morem
3112 2620 3409 2703 defendens
3430 2620 3867 2704 iicclesi_te,_qute

2273 2698 2341 2753 ab
2368 2698 2580 2753 Arianis
2603 2699 2883 2752 venientes
2911 2696 3197 2766 episcopos
3227 2691 3554 2763 recipiebat,
3583 2691 3653 2747 ad
3681 2691 3867 2766 objec-

2275 2777 2386 2840 tum
2427 2769 2569 2840 quod
2602 2769 2859 2840 Spiritum
2909 2765 3155 2840 sanctum
3181 2772 3453 2840 praestare
3500 2777 3604 2817 non
3649 2765 3868 2840 vaieant

2271 2839 2351 2895 sic
2380 2835 2670 2911 respondet
2694 2857 2708 2891 :
2743 2839 2804 2895 Si
2829 2839 3051 2893 Arianus
3092 2836 3475 2911 Spiritum_no_n
3504 2841 3666 2911 potest
3693 2835 3821 2889 dare
3842 2877 3859 2902 ,

2268 2909 2335 2964 ne
2381 2904 2642 2980 baptizare
2684 2911 2887 2982 quidem
2936 2904 3146 2982 potest:
3165 2909 3292 2982 quia
3326 2904 3573 2960 Ecclesiae
3611 2905 3867 2982 baptisma

2270 2981 2383 3054 sine
2408 2977 2611 3054 Spiritu
2656 2977 2832 3037 sancto
2862 2981 3066 3035 nullum
3104 2989 3198 3034 est.
3230 2977 3385 3054 lituo
3409 2986 3590 3054 tamen
3608 2979 3868 3054 concedit

2268 3048 2623 3124 Augustinus,
2647 3054 2808 3122 epist.
2850 3067 3101 3119 cexxxv,
3145 3066 3202 3106 n.
3243 3048 3346 3111 47.
3391 3048 3521 3175 foris
3564 3049 3628 3103 ab
3674 3050 3868 3105 unitate

2269 3126 2498 3175 corporis
2527 3124 2716 3175 Christi
2745 3123 3002 3175 Spiritum
3033 3129 3277 3175 sanctum
3318 3122 3382 3174 ha
3425 3134 3506 3174 ert
3543 3134 3647 3174 non
3676 3135 3855 3175 posse.

2269 3122 2498 3193 corporis
2527 3124 2716 3181 Christi
2745 3123 3002 3189 Spiritum
3033 3129 3277 3177 sanctum
3318 3122 3506 3193 haberi
3543 3134 3647 3174 non
3676 3135 3855 3190 posse.

2194 3184 2240 3248 C
2270 3184 2453 3266 Neqtte
2480 3197 2565 3251 hic
2606 3184 2962 3265 expendimus
3001 3207 3307 3266 quosensu
3352 3184 3710 3266 Hieronymus
3735 3207 3859 3247 eum

2249 3266 2337 3321 'ab
2365 3262 2564 3322 Ariano
2587 3262 2701 3322 dari
2731 3281 2835 3321 non
2866 3262 3315 3334 posse'inﬁcietur
3341 3280 3354 3316 :
3384 3262 3487 3335 hoc
3513 3262 3657 3317 enim
3680 3272 3862 3335 potest

2270 3338 2431 3392 etiam
2465 3354 2592 3394 vere
2619 3338 2722 3392 dici
2747 3379 2761 3403 ,
2793 3333 2889 3392 sed
2921 3336 3148 3391 alterius
3176 3347 3259 3390 εει
3288 3333 3624 3403 ιιιιωειίοιιίε.

2342 3408 2420 3481 (d)
2463 3409 2595 3476 Quia
2622 3410 2762 3478 scil.,
2798 3416 2856 3481 tit
2895 3408 3132 3481 loquitur
3160 3406 3504 3481 Innocentius
3530 3404 3573 3471 Ι,
3604 3404 3865 3481 epist.__ad

2270 3474 2590 3535 Macedones
2615 3495 2666 3535 c.
2689 3482 2724 3537 5
2747 3474 2763 3547 ,
2798 3474 3054 3534 Romanae
3082 3478 3168 3533 lex
3187 3486 3263 3531 est
3288 3474 3535 3531 Ecclesia:
3555 3477 3866 3533 venientibus

2268 3553 2333 3605 ab
2359 3551 2639 3616 hcereticis,
2669 3568 2762 3622 per
2786 3567 2968 3605 manus
2995 3549 3368 3621 impositioncm
3387 3587 3404 3613 ,
3451 3547 3636 3602 laicam
3666 3556 3865 3605 tantunt

2269 3623 2490 3677 tribuere
2516 3623 2923 3677 communionem
2939 3662 2956 3690 ,
2987 3632 3093 3677 etc.

2344 3693 2414 3766 (ε)
2457 3695 2585 3748 Bad.
2604 3704 2659 3749 et
2682 3694 2773 3766 Er.
2791 3709 2915 3766 cum
2938 3694 3143 3766 aliquot
3160 3691 3553 3766 recentioribus
3575 3705 3705 3766 mss.
3728 3694 3867 3763 quod

2267 3762 2460 3819 auditis
2486 3781 2505 3819 :
2534 3766 2693 3821 male.
2727 3765 2928 3820 Deinde
2952 3762 3053 3820 soli
3080 3764 3234 3829 editi,
3256 3780 3357 3818 non
3385 3765 3573 3832 patiar.
3609 3762 3706 3818 llic
3733 3762 3860 3820 tan-

2269 3836 2391 3890 dem
2418 3836 2657 3891 declarat
2690 3837 2951 3900 Hilarius,
2983 3836 3126 3905 quod
3169 3836 3428 3890 hactenus
3463 3834 3825 3891 dissimulavit
3849 3877 3864 3899 ,

2269 3905 2517 3961 ultimum
2544 3906 2794 3962 vitlelicct
2816 3907 3117 3977 Ancyrante
3147 3907 3335 3977 synodi
3365 3906 3639 3977 decretum
3668 3924 3681 3960 :
3714 3907 3861 3976 quod

2269 3992 2388 4049 cum
2422 3978 2625 4049 reliqua
2661 3979 2884 4049 epistula
2923 3976 3062 4048 apud
3108 3976 3465 4049 Epiphaniam
3513 3976 3645 4049 liter.
3688 3994 3859 4049 Lxxut

2270 4047 2625 4110 habetur.'et
2678 4047 2827 4104 tium.
2885 4047 2987 4114 11⁷,
3041 4047 3271 4104 refertur
3317 4048 3398 4103 bis
3424 4047 3603 4103 verbis
3646 4047 3754 4103 :Ei’
3775 4072 3867 4111 τις

2267 4121 2472 4196 ἐξουσίᾳ
2515 4125 2603 4196 uoti
2627 4123 2776 4196 οὐσίᾳ
2813 4122 2971 4196 λέγων
3012 4122 3112 4196 ron
3133 4122 3333 4196 Πατέρα
3358 4122 3563 4196 πατέρα
3589 4127 3682 4175 τοῦ
3711 4128 3829 4196 Υιοῦ
3847 4163 3863 4186 ,

2267 4191 2536 4264 ὁμοούᾳίιον
2562 4191 2616 4248 δὲ
2631 4192 2673 4264 ii
2697 4191 3036 4264 τάυτολούσιον
3062 4193 3195 4264 λέγοι
3211 4191 3297 4247 ea»
3320 4191 3432 4247 Υιὸν
3456 4191 3529 4263 τῷ
3546 4194 3866 4264 Πατρὶ,ἀνάο

2267 4261 2398 4336 {spat
2424 4262 2579 4320 ἔστω.
2614 4262 2675 4320 Si
2700 4266 2812 4332 quis
2838 4261 3043 4317 Patrem
3070 4261 3316 4336 potestate
3331 4261 3563 4336 simulet
3580 4261 3868 4336 substantia

2266 4330 2396 4389 Filii
2442 4344 2640 4400 patrem
2687 4330 2949 4399 asserens,
2996 4330 3476 4388 consubstantialem
3512 4336 3591 4389 vel
3638 4334 3866 4400 eiusdem

2265 4420 2382 4460 cum
2412 4403 2572 4461 Patre
2597 4406 2893 4461 substantia:
2921 4403 3120 4459 Filium
3140 4422 3247 4460 esse
3273 4405 3438 4473 dicat,
3470 4404 3744 4460 anathema
3771 4406 3863 4462 sit.

2340 4476 2411 4548 (f)
2449 4477 2799 4532 Carnutensis
2844 4476 3052 4541 codex,
3085 4490 3226 4531 unus
3262 4475 3416 4548 Cnlb.
3450 4483 3506 4530 et
3548 4477 3685 4532 alter
3719 4476 3855 4533 Sor-

2264 4545 2429 4613 bon'.,
2459 4548 2765 4602 homousion
2800 4549 3001 4611 nescio,
3033 4560 3138 4602 etc.
3158 4587 3173 4611 ,
3205 4562 3363 4615 quam
3406 4547 3689 4602 lectionem
3719 4548 3864 4602 ultro

2267 4618 2679 4688 praeferremus,
2710 4618 2757 4673 si
2797 4618 3041 4674 sinerent
3088 4620 3261 4688 prima
3297 4618 3680 4690 subsequentis
3721 4627 3865 4675 nota:

2266 4691 2616 4760 apologetica:
2641 4691 2825 4746 verba.

2341 4758 2533 4833 (g)'lta
2563 4776 2685 4833 cum
2723 4762 2893 4816 tribus
2924 4760 3195 4830 praedictis
3224 4775 3358 4816 mss.
3388 4760 3477 4833 alii
3510 4761 3636 4816 duo.
3670 4764 3741 4817 At
3767 4761 3861 4818 Er.

2341 4779 2360 4832 ι
2400 4779 2418 4833 )
2459 4779 2533 4816 tta
2563 4779 2685 4816 cum
2723 4779 2893 4816 trtnus
2924 4779 3195 4830 pratatcus
3224 4779 3358 4816 mss.
3388 4779 3477 4815 aut
3510 4779 3636 4816 uun.
3670 4779 3741 4817 Al
3767 4779 3861 4818 lar.

2267 4841 2323 4887 et
2364 4779 2512 4903 iips.
2541 4840 2597 4888 et
2621 4832 2742 4887 Par.
2763 4873 2777 4898 ,
2816 4833 2998 4887 similis
3028 4833 3257 4887 essentia:
3295 4831 3684 4903 confessionem.
3728 4832 3863 4888 Bad.

2267 4916 2389 4973 cum
2441 4903 2683 4973 pluribus
2711 4917 2870 4969 mss.,
2912 4903 3161 4958 absimilis
3191 4905 3421 4958 essentitz
3471 4904 3863 4973 confessionem.

2262 4972 2408 5030 Loco
2435 4972 2712 5042 absimilis,
2742 4989 2852 5029 non
2880 4974 3190 5044 displiceret
3241 4977 3303 5029 ob
3349 4976 3531 5031 similis
3552 4972 3575 5041 ,
3609 4976 3691 5030 vel
3736 4990 3860 5031 cum

2262 5060 2365 5116 ms.
2400 5044 2655 5102 German.
2690 5046 2758 5100 ab
2785 5046 3005 5116 antiqua
3049 5062 3208 5101 manu
3251 5046 3485 5101 secunda
3510 5089 3526 5114 ,
3556 5048 3623 5101 ad
3660 5046 3864 5102 similis.

2263 5115 2395 5172 Post
2425 5120 2537 5174 haec
2566 5116 2730 5172 verba
2761 5115 3004 5186 sequitur
3030 5118 3082 5172 in
3129 5131 3258 5188 mss.
3293 5131 3437 5187 smpe
3475 5117 3585 5188 jam
3636 5117 3866 5174 laudatis

2264 5198 2536 5257 postrema
2566 5190 2681 5243 batc
2704 5188 2980 5258 Apologia:
3008 5203 3132 5259 pars
3157 5206 3171 5243 :
3203 5187 3470 5259 Numquid
3484 5187 3692 5256 rideor,
3723 5191 3864 5259 quod

2262 5260 2452 5333 nescivi
2473 5300 2486 5323 ,
2514 5260 2732 5333 probare
2769 5260 3032 5333 potuisse?
3057 5258 3181 5314 Non
3210 5264 3405 5327 utique.
3438 5258 3546 5315 Sed
3570 5262 3691 5330 quia
3730 5258 3866 5330 fides

2263 5330 2525 5385 catholica
2555 5348 2657 5385 non
2687 5330 2863 5386 debeat
2907 5332 3008 5386 nisi
3051 5348 3140 5401 per
3184 5335 3427 5386 unitatem
3470 5333 3859 5387 similitudinem

2264 5401 2503 5469 credere;
2530 5413 2583 5456 ut
2606 5402 2992 5458 similitudinem
3012 5412 3210 5457 tantum
3230 5404 3298 5457 nd
3324 5403 3692 5458 excludendum
3714 5403 3867 5457 unio-

2263 5489 2380 5528 nem
2404 5484 2758 5529 commemoret
2778 5518 2791 5539 ,
2839 5491 2941 5528 non
2979 5476 3048 5528 ad
3077 5474 3353 5528 discidium
3389 5476 3600 5528 unitatis
3624 5491 3643 5530 :
3670 5474 3865 5530 idcirco

2266 5561 2346 5599 me
2370 5546 2481 5600 dixi
2501 5587 2515 5610 ,
2544 5562 2662 5615 cum
2686 5548 2894 5601 nomina
2921 5546 3175 5600 homousii
3200 5557 3353 5615 atque
3381 5546 3646 5601 hommusii
3675 5548 3867 5601 nescis-

2266 5632 2370 5671 sem
2412 5617 2432 5687 (
2463 5606 2723 5673 mendose
2766 5621 2821 5673 in
2870 5632 3001 5674 mss.
3057 5633 3167 5672 uno
3208 5606 3510 5673 recentiore
3556 5615 3717 5673 Carn.
3764 5632 3866 5673 ex.

2265 5698 2445 5758 cepto.
2471 5689 2763 5761 nescissent,
2778 5700 2834 5745 et
2855 5704 2980 5743 mox
3003 5688 3358 5761 recepissent),
3381 5697 3549 5742 tamen
3570 5705 3660 5761 per
3690 5691 3865 5743 unita-

2263 5757 2365 5815 tem
2388 5758 2780 5814 similitudinem
2804 5761 3070 5830 recepisse.
3101 5757 3215 5813 Hoc
3244 5757 3416 5830 ipsum
3445 5757 3620 5814 statim
3648 5774 3866 5829 sequens

2262 5831 2508 5886 "utentia
2533 5831 2742 5909 absolvit
2766 5842 2783 5885 .‘
2812 5826 2991 5887 Testor
3025 5828 3188 5886 Deum
3208 5826 3354 5899 will,
3381 5830 3487 5888 elei
