4270 6264
407 379 520 439 545

881 373 1359 434 APOLOGETICA
1397 375 1490 432 AD
1529 371 2133 432 REPREIIENSORES
2163 369 2342 428 LIBRI
2388 371 2478 428 DE
2521 371 2813 432 SYNODIS
2854 371 3242 432 RESPONSA.

3614 371 3723 430 546

412 497 537 552 coeli
577 501 739 564 atque
769 503 956 559 terrm,
987 510 1072 550 me
1097 510 1218 550 cum
1248 502 1498 550 neutrum
1529 493 1799 550 audissem
1825 535 1838 559 ,
1871 508 2013 548 scm-
2039 497 2088 556 Α
2189 488 2280 545 92.
2326 490 2588 560 Egressus
2633 506 2750 546 sum
2772 534 2786 559 ,
2821 492 3037 549 Fratres
3084 487 3385 548 charissimi
3412 530 3428 556 ,
3471 487 3721 547 humanze

412 604 510 658 per
537 598 714 641 tamen
749 593 1035 656 utrumque
1079 587 1350 651 sensisse,
1380 586 1525 657 quod
1559 586 1634 658 (a)
1664 602 1758 657 per
1787 586 2016 641 homon-

410 679 532 733 sion
588 679 927 733 hommusion
980 689 1253 747 Oporteret
1300 678 1524 749 intelligi
1574 678 1675 732 :id
1724 688 1840 744 est,
1887 677 2017 732 nihil

412 768 590 826 simile
620 769 720 824 sibi
749 769 1046 826 secundum
1089 779 1334 824 naturam
1365 786 1488 826 esse
1519 785 1674 840 posse
1698 813 1712 833 ,
1745 771 1848 825 nisi
1875 769 2017 841 quod

422 871 568 918 esset
609 878 673 916 ex
711 862 901 917 eadem
932 871 1144 917 natura.
1172 861 1541 933 Regeneratus
1589 863 1796 933 pridem
1818 905 1834 930 ,
1867 873 1921 918 et
1965 864 2017 918 in

412 956 728 1025 episcopatu
785 956 1176 1026 aliquantisper
1223 970 1486 1022 manens,
1545 955 1704 1011 ﬁdem
1748 956 2016 1012 Nicmnam

417 1063 712 1118 numquam
742 1047 846 1102 nisi
867 1048 1207 1102 exsulaturus
1227 1047 1404 1102 audivi
1432 1065 1444 1101 :
1474 1047 1568 1104 sed
1592 1047 1723 1102 mihi
1751 1048 2018 1104 homousii

415 1149 472 1195 et
503 1140 789 1196 hommusii
818 1139 1229 1212 intelligentiam
1263 1139 1555 1210 Evangelia
1581 1147 1637 1194 et
1663 1139 1906 1210 Apostoli
1939 1139 2020 1194 in-

414 1231 760 1289 timavcrunt.
790 1233 943 1288 Pium
972 1242 1054 1288 est
1093 1233 1239 1303 quod
1267 1234 1537 1288 volumus.
1578 1231 1655 1287 Ne
1698 1231 2018 1289 damnemus

414 1341 630 1401 patres,
683 1347 750 1386 ne
779 1331 1081 1386 animamus
1111 1330 1436 1386 haereticos:
1485 1345 1551 1384 ne
1594 1328 1719 1384 dum
1764 1329 2016 1386 haeresim

414 1422 739 1491 apellimus,
792 1421 1039 1477 haeresim
1083 1422 1405 1476 nutriamus.
1448 1420 1792 1490 lnterpretati
1836 1431 2016 1491 patres

413 1513 587 1569 nostri
616 1523 744 1569 sunt
784 1521 904 1584 post
949 1513 1212 1585 synodum
1260 1514 1532 1569 Nicamam
1578 1512 1847 1569 homousii
1894 1529 2017 1585 pro-

415 1609 700 1678 prietatem
735 1605 807 1679 (b)
841 1609 1127 1678 religiose,
1173 1616 1386 1662 exstant
1434 1607 1590 1674 libri,
1637 1615 1824 1663 manet
1887 1624 2017 1664 con-

418 1698 647 1754 scientia
672 1716 685 1752 :
716 1699 761 1753 si
787 1699 916 1769 quid
947 1699 1011 1754 ad
1039 1700 1537 1769 interpretationem
1566 1698 1870 1754 addendum
1895 1709 1974 1754 est
1995 1739 2010 1765 ,

2121 584 2472 638 conscientiae
2521 584 2779 654 pudorem
2825 603 2837 638 :
2887 595 2942 640 et
2991 583 3308 639 humilitatis
3354 597 3490 637 mea:
3533 581 3725 637 imme-

2121 690 2240 731 mor
2266 717 2280 742 ,
2309 674 2378 732 de
2405 677 2566 731 tantis
2591 692 2655 732 ac
2682 687 2786 731 tam
2821 676 3114 731 reconditis
3138 675 3332 737 rebus,
3356 680 3416 741 et
3445 673 3508 727 ad
3552 687 3722 742 usque

2121 768 2260 824 hanc
2285 779 2498 824 aetatem
2529 778 2772 824 nostram
2802 768 3082 826 intentatis
3109 783 3169 824 ac
3192 766 3371 822 tacitis
3392 779 3576 820 amore
3602 779 3722 820 ves-

2124 861 2191 916 tri
2223 867 2442 916 coaetus
2472 860 2589 916 hate
2628 863 2854 932 scripsi,
2904 869 3104 931 etquze
3154 861 3268 926 ipse
3313 856 3596 914 credebam
3646 857 3724 913 lo-

2121 962 2276 1009 cutus
2305 969 2423 1008 sum
2453 971 2466 1007 :
2501 954 2749 1010 conscius
2779 953 2942 1020 mihi,
2975 955 3077 1008 hoc
3102 968 3190 1008 me
3229 951 3486 1008 Ecclesia:
3517 948 3722 1007 militia:

2120 1062 2254 1103 mere
2314 1048 2640 1118 stipendium
2689 1048 2924 1115 debere,
2978 1048 3049 1120 (c)
3102 1059 3160 1103 ut
3205 1063 3300 1118 per
3343 1045 3441 1102 has
3485 1045 3721 1112 litteras,

2118 1141 2461 1211 episcopatus
2492 1143 2596 1196 mei
2632 1143 2683 1196 in
2731 1142 2950 1199 Christo
2979 1157 3202 1207 vocem,
3249 1139 3543 1196 secundum
3589 1139 3722 1194 doc-

2119 1233 2288 1288 trinas
2316 1233 2690 1304 evangelicas,
2733 1234 3084 1290 destinarem.
3132 1234 3388 1289 Vestrum
3431 1233 3593 1305 520
3639 1241 3723 1288 est

2119 1327 2176 1382 in
2201 1341 2494 1384 commune
2535 1336 2768 1384 tractare
2796 1343 2859 1384 ac
2899 1328 3186 1400 providere
3226 1335 3385 1399 atque
3429 1343 3617 1398 agere,
3667 1334 3726 1381 ut

2118 1420 2261 1492 quod
2291 1437 2462 1493 usque
2502 1438 2642 1479 nunc
2673 1422 2968 1479 inviolabili
3015 1423 3124 1479 ﬁde
3171 1423 3437 1487 manetis,
3471 1422 3721 1493 religiosa

2117 1517 2452 1574 conscientia
2477 1521 2840 1586 eonservetis,
2874 1529 2929 1576 et
2957 1519 3183 1576 teneatis
3209 1519 3352 1590 quod
3383 1518 3594 1574 tenetis.
3616 1516 3727 1572 Mc-

2117 1619 2357 1667 mentotc
2401 1611 2575 1667 exsilii
2620 1611 2726 1668 mei
2770 1613 2822 1667 in
2867 1612 3203 1668 orationibus
3249 1610 3500 1667 sanctis:
3545 1625 3574 1663 a
3615 1623 3723 1680 quo

2118 1719 2203 1759 me
2229 1744 2246 1771 ,
2281 1713 2404 1775 post
2449 1706 2840 1775 expositionem
2873 1705 3032 1777 hujus
3072 1705 3228 1770 ﬁdei,
3277 1705 3460 1762 nescio
3502 1721 3570 1760 an
3610 1711 3718 1760 tam

416 1792 778 1846 communiter
825 1791 1192 1846 consulamus.
1226 1790 1410 1846 Potest
1454 1792 1592 1845 inter
1633 1805 1732 1846 nos
1777 1791 2012 1860 optimus
2109 1795 2406 1865 jucundum
2454 1806 2536 1852 est
2579 1798 2646 1851 ad
2692 1813 2787 1853 vos
2829 1797 2908 1870 (ά)
2959 1799 3009 1852 in
3059 1798 3285 1854 Domino
3321 1797 3449 1854 Jesu
3503 1795 3720 1853 Christo

412 1885 540 1940 ﬁdei
571 1895 743 1940 status
772 1884 934 1941 condi
966 1903 979 1940 :
1015 1894 1072 1940 ut
1099 1900 1198 1940 nec
1237 1900 1298 1939 ea
1323 1900 1442 1954 qua:
1483 1884 1620 1939 bene
1664 1893 1790 1939 sunt
1814 1884 2012 1939 consti-
2045 1890 2092 1950 Β
2118 1891 2351 1958 reverti,
2383 1907 2540 1961 quam
2581 1907 2830 1947 securum
2862 1900 2946 1947 est
2985 1893 3143 1947 mori.
3193 1893 3333 1948 Deus
3362 1901 3417 1948 et
3461 1892 3717 1946 Dominus

414 1986 530 2033 tuta
554 1978 717 2050 519
746 1985 1008 2034 vexentur
1027 2019 1040 2045 ,
1074 1987 1127 2034 et
1153 1993 1273 2048 quae
1304 1977 1445 2032 male
1473 1985 1598 2032 sunt
1624 1975 1895 2033 intellecta
1926 1992 2016 2033 re-

413 2080 668 2128 secentur
679 2110 693 2125 .

490 2205 567 2281 (a)
607 2206 681 2281 In”
707 2206 974 2281 vulgatis,
1026 2223 1115 2281 per
1163 2208 1478 2263 homozusion
1522 2209 1839 2263 lwmonsion.
1875 2209 2009 2265 Cum

412 2279 593 2335 verbis
625 2279 810 2334 Hilarii
841 2279 1000 2334 modo
1039 2280 1217 2333 allatis
1238 2322 1254 2347 ,
1285 2296 1341 2334 se
1370 2297 1460 2351 per
1490 2282 1734 2334 unitatem
1765 2281 2010 2335 similitu-

415 2352 587 2405 dinem
616 2352 891 2420 recepisse,
917 2351 1088 2421 magis
1117 2362 1380 2406 consonat
1407 2351 1566 2406 lectio
1595 2366 1727 2406 mss.

490 2423 564 2493 (b)
605 2421 660 2475 ln
688 2423 920 2485 excusis,
948 2423 1172 2492 religiosi
1195 2432 1366 2477 extant
1397 2422 1535 2476 libri.
1561 2422 1630 2477 At
1653 2422 1705 2476 in
1737 2438 1865 2477 mss.
1885 2464 1898 2487 ,
1930 2440 2010 2477 re—

418 2493 595 2566 ligiose
617 2509 635 2546 :
665 2494 810 2566 quod,
836 2493 1067 2566 refertur
1091 2493 1156 2546 ad
1186 2494 1407 2566 verbum
1436 2495 1753 2565 interpretati
1777 2506 1924 2559 sunt,
1953 2504 2007 2550 et

414 2564 714 2619 illustratur
763 2565 845 2618 his
886 2565 1066 2619 verbis
1110 2581 1162 2617 n.
1192 2565 1260 2618 27
1287 2564 1410 2619 libri
1455 2564 1640 2620 contra
1673 2566 1953 2621 Constant.
1989 2583 2002 2618 :

413 2633 633 2690 Exstant
660 2635 794 2689 enim
824 2634 1030 2700 litteraz,
1065 2636 1248 2705 quibus
1292 2636 1345 2688 id
1366 2677 1378 2694 .
1412 2637 1549 2706 quod
1576 2646 1630 2689 tu
1673 2637 2007 2692 criminosum

417 2717 566 2775 putas
586 2749 600 2773 ,
631 2709 710 2776 pie
739 2716 857 2760 tunc
883 2724 989 2760 esse
1018 2717 1305 2775 susceptum
1337 2707 1568 2760 docetur.
1604 2708 1773 2762 Porro
1816 2709 2008 2763 etiam-

417 2794 543 2831 num
568 2778 706 2848 apud
735 2777 1013 2832 Socratem
1045 2777 1136 2832 lib.
1163 2794 1212 2842 ι,
1242 2778 1342 2832 sub
1365 2779 1522 2832 ﬁnem
1549 2793 1668 2846 cap.
1699 2779 1732 2832 8
1753 2819 1767 2843 ,
1793 2786 2007 2833 exstant

418 2849 635 2904 Eusebii
668 2849 930 2918 Pamphili
959 2849 1170 2914 litterae,
1196 2850 1390 2916 quibus
1417 2849 1555 2904 hanc
1581 2864 1765 2904 vocem
1797 2850 1898 2904 sibi
1924 2851 2010 2919 pie

413 2935 477 2975 ac
508 2921 759 2991 religiose
788 2921 1086 2990 expositam
1113 2935 1172 2975 se
1198 2921 1506 2990 suscepisse
1534 2921 1742 2977 scribit.
1882 2963 1920 2983 -

2126 1993 2313 2037 noster
2342 1984 2791 2040 incontaminatos
2815 1999 2911 2040 vos
2941 1994 2994 2040 et
3030 1985 3229 2040 illaesos
3257 1984 3309 2040 in
3339 1983 3483 2041 diem
3511 1984 3718 2041 revela-

2119 2076 2283 2131 tionis
2310 2085 2551 2132 reservet
2577 2088 2704 2147 opto
2723 2120 2736 2145 ,
2771 2076 2987 2134 Fratres
3017 2076 3343 2134 charissimi.
3372 2077 3448 2150 (ε)

2193 2208 2262 2282 (c)
2301 2210 2443 2266 Editi
2467 2253 2482 2278 ,
2515 2221 2560 2266 et
2608 2227 2704 2282 pro
2738 2222 2830 2277 ut;
2856 2222 2909 2267 et
2948 2227 3103 2279 mox,
3147 2213 3400 2268 destinare
3427 2227 3525 2284 pro
3555 2211 3713 2267 desti-

2117 2298 2333 2336 narem:
2363 2284 2706 2353 corriguntur
2750 2299 2818 2338 ex
2867 2299 2998 2340 mss.
3048 2285 3314 2340 Prmferre
3363 2296 3539 2340 tamen
3585 2285 3716 2340 licet

2117 2368 2238 2407 cum
2283 2353 2438 2410 Colb.
2469 2363 2523 2410 et
2562 2353 2746 2412 Germ.
2778 2355 2956 2411 debere
3004 2373 3094 2426 per
3141 2356 3231 2412 bas
3258 2357 3523 2412 litteras...
3557 2357 3718 2411 desti-

2120 2440 2263 2478 nare.

2187 2495 2269 2565 (ά)
2312 2496 2443 2560 Er.,
2479 2496 2628 2564 Min,
2673 2497 2823 2568 Lips.
2868 2507 2922 2553 et
2966 2498 3124 2561 Par.,
3179 2499 3233 2552 in
3279 2501 3487 2554 domum
3525 2498 3716 2554 Christi

2113 2569 2332 2633 reverti,
2365 2568 2497 2623 Bad.
2530 2581 2584 2624 et
2611 2569 2861 2624 omnibus
2888 2583 3018 2624 mss.
3052 2571 3430 2625 renitentibus.

2189 2637 2261 2708 (ε)
2302 2638 2358 2692 ln
2392 2641 2781 2694 recentioribus
2812 2655 2941 2694 mss.
2973 2641 3051 2694 sic
3079 2642 3376 2695 absolvitur
3415 2641 3501 2695 hic
3530 2642 3666 2696 liber
3698 2657 3712 2694 :

2117 2706 2440 2780 llo'rnousion
2466 2726 2690 2780 grwcum
2713 2724 2805 2764 est.
2829 2709 3191 2778 Interpretatio
3215 2714 3540 2777 homonsion,
3564 2713 3717 2767 unius

2117 2779 2414 2834 substantiis
2437 2779 2531 2835 :iet
2552 2782 2860 2836 homasusion
2888 2783 3253 2851 interpretatur
3275 2783 3456 2837 similis
3480 2785 3716 2838 substan-

2117 2851 2359 2924 tia2;7se_d
2400 2869 2490 2924 per
2527 2853 2832 2907 homousion
2895 2862 3092 2920 oportet
3147 2854 3406 2924 intelligi:
3433 2870 3552 2924 qua:
3598 2865 3716 2910 stu-

2117 2920 2255 2976 diosi
2283 2920 2512 2993 alicujus
2547 2925 2725 2995 p0tius
2753 2934 2878 2979 nota
2907 2925 3147 2990 videtur,
3181 2920 3340 2996 quam
3371 2920 3627 2981 auctoris.

429 3049 3722 3077 W

1489 3162 2016 3312 SANC’

2117 3169 2199 3308 ¹Ι
2295 3167 3074 3313 HILARII

430 3402 1752 3540 APOLOGETICA
1842 3408 2090 3536 AD
2182 3410 3717 3550 REPREHENSORES

1019 3635 1355 3707 LIBRI
1465 3639 1618 3708 DE
1721 3638 2226 3713 stoms
2317 3644 2937 3719 RESPONSA
3003 3629 3114 3723 (ί).

1438 3797 1963 3832 -υ-ὢ

1967 3793 2177 3846 Μ

2181 3803 2747 3838 W—

412 3897 454 3957 Ι.
495 3898 563 3954 1η
604 3899 710 3954 hwc
751 3915 891 3953 num.
922 3897 984 3953 ’ὃς
1024 3897 1090 3954 Et
1137 3898 1263 3953 licet
1301 3911 1408 3950 non
1441 3893 1560 3950 sine
1595 3891 1774 3963 aliquo
1801 3889 2011 3946 aurium
2037 3890 2082 3954 C
2114 3889 2280 3986 l’IAM
2320 3891 2939 3971 INTELLIGENTIAM,
2986 3906 3088 3963 nisi
3131 3908 3253 3980 quia
3284 3910 3638 3986 intelligerem
3662 3929 3719 3977 et

573 3992 923 4049 scandalo....
957 3992 1251 4048 restiterint
1276 3989 1562 4046 Orientales
1589 3986 1866 4042 Anomazis.

487 4105 541 4161 Si
574 4104 863 4176 diligenter
905 4105 1167 4160 sententia
1208 4104 1324 4159 haze
1369 4116 1602 4173 expensa
1653 4109 1832 4164 esset,
1878 4097 2016 4152 forte

414 4198 576 4253 totius
609 4207 868 4252 tractatus
893 4199 994 4251 mei
1025 4197 1161 4252 ratio
1199 4213 1304 4252 non
1337 4195 1524 4251 fuisset
1551 4193 1868 4264 suspiciosa.
1896 4190 2012 4245 Non

413 4289 556 4346 enim
585 4290 664 4362 (g)
698 4289 835 4344 tacui
864 4305 983 4346 esse
1009 4289 1141 4357 illic,
1168 4288 1311 4360 quod
1343 4305 1445 4344 non
1478 4287 1581 4343 nisi
1608 4301 1726 4343 cum
1758 4279 2025 4342 scandan

413 4394 558 4440 esset
583 4384 933 4440 audiendum.

412 4499 472 4556 ll.
517 4500 678 4556 Initio
718 4517 860 4556 num.
909 4501 976 4554 i5
1015 4541 1030 4566 ,
1090 4509 1204 4572 post
1235 4498 1580 4554 recitationem
1633 4496 1785 4569 primi
1828 4494 2015 4551 decreti

947 4593 1235 4666 Ancyram:
1258 4594 1460 4665 synodi.

484 4709 862 4780 Expositiones
904 4723 1096 4764 omnes
1143 4707 1460 4779 (Ancyram:
1496 4706 1721 4778 synodi,
1768 4721 1882 4778 qua:
1921 4705 2014 4759 hoc

417 4803 546 4857 libro
586 4803 992 4873 describuntur),
1035 4801 1084 4856 si
1120 4801 1246 4872 quid
1275 4801 1473 4856 habent
1498 4801 1763 4865 criminis,
1793 4800 1928 4854 intra
1953 4814 2014 4854 se

413 4895 652 4962 habent;
684 4906 940 4952 caeterum
971 4911 1076 4950 non
1117 4894 1318 4950 habere
1346 4893 1398 4948 in
1430 4894 1640 4964 publica
1668 4892 1804 4948 facie
1829 4891 2015 4948 existi-

414 4999 648 5043 mantur.
673 4990 779 5046 Sed
798 4991 917 5061 quia
948 4989 1146 5045 scirem
1177 5004 1238 5044 ea
1269 4989 1383 5044 sola
1415 4987 1671 5045 Sirmium
1693 5002 1815 5044 esse
1838 4986 2013 5042 delata

415 5079 438 5152 (
465 5083 508 5152 f.
533 5097 624 5137 cas
655 5083 798 5138 solas
828 5082 1081 5156 delatas).

408 5196 498 5251 Ill.
527 5199 753 5270 Respicit
778 5200 876 5254 ista
907 5216 1049 5253 num.
1086 5200 1192 5254 77:
1240 5198 1496 5270 Exposita
1535 5197 1727 5253 similis
1763 5197 2016 5253 substan-

2119 3981 2375 4082 impiam:
2414 3997 2469 4042 ct
2515 3989 2716 4048 idcirco
2751 3994 3017 4065 similem,
3055 4017 3160 4058 non
3206 4005 3381 4061 solum
3415 3981 3676 4080 aequalem
3700 4055 3717 4082 ,

2118 4073 2215 4130 sed
2246 4078 2407 4132 etiam
2439 4081 2685 4138 eamdem
2710 4085 2940 4156 dixisse,
2971 4101 3029 4146 ut
3058 4108 3232 4165 neque
3265 4073 3714 4172 similitudinem,

2119 4184 2278 4268 quam
2314 4182 2388 4241 tu,
2425 4173 2592 4231 frater
2630 4176 2869 4248 Lucifer,
2892 4185 3171 4252 praedicari
3194 4191 3468 4262 volueras,
3515 4196 3718 4268 impro-

2117 4263 2302 4322 barem
2329 4284 2342 4333 ;
2375 4278 2430 4325 et
2460 4279 2637 4329 tamen
2683 4275 2854 4332 solam
2896 4281 3037 4350 piam
3083 4298 3203 4341 esse
3229 4263 3608 4349 similitudinis
3630 4294 3717 4349 in-

2119 4361 2470 4512 telligentiam
2515 4367 2889 4442 admonerem,
2934 4391 3055 4446 qua:
3101 4381 3360 4440 unitatem
3401 4385 3716 4446 substantia:

2119 4472 2228 4512 ora:
2270 4469 2458 4512 tcaret.

2118 4469 2458 4528 praedicaret.

2116 4570 2208 4628 IV.
2240 4571 2309 4628 In
2331 4590 2453 4630 mss.
2479 4591 2596 4631 cum
2625 4581 2877 4649 superiori
2897 4599 2998 4639 uno
3025 4595 3201 4644 tenore
3222 4591 3573 4649 continuatum
3596 4604 3714 4668 per-
3731 4643 3746 4656 .

2191 4664 2311 4720 tinet
2331 4667 2400 4721 ad
2419 4667 2515 4723 hoc
2537 4686 2679 4726 num.
2711 4672 2809 4729 78:
2833 4673 2876 4730 Ο
2901 4677 3133 4734 studiosi
3157 4681 3374 4739 tandem
3406 4664 3718 4756 apostolica:

2189 4765 2352 4829 atque
2377 4763 2704 4854 evangeliea:
2731 4765 2990 4825 doctrina:
3026 4772 3221 4828 viri....
3269 4787 3522 4848 quantam
3564 4798 3718 4854 spem

2188 4853 2506 4908 revocandae
2532 4870 2674 4911 vera:
2702 4857 2821 4914 ﬁdei
2846 4862 3147 4921 attulistis?

2189 4941 2246 4996 In
2276 4957 2342 4998 eo
2371 4959 2523 5014 vero,
2553 4948 2695 5017 quod
2722 4950 2947 5008 laudans
2973 4970 3068 5012 eos
3101 4958 3154 5014 in
3189 4961 3443 5020 invidiam
3476 4967 3719 5026 dediteor

2118 5047 2148 5086 a
2179 5035 2535 5103 quibusdam;
2577 5055 2762 5109 parum
2791 5042 3094 5105 intellectus
3120 5067 3262 5108 sum.
3294 5054 3411 5112 Non
3441 5061 3584 5116 enim
3620 5077 3718 5120 eos

2119 5137 2305 5179 veram
2336 5126 2496 5182 ﬁdem
2521 5169 2535 5194 ,
2567 5131 2660 5185 sed
2695 5132 2871 5190 SPEM
2901 5137 3346 5204 REVOCANDIE
3377 5149 3589 5208 VERE
3620 5154 3718 5210 Fl-

2119 5215 2233 5271 DEI
2261 5219 2505 5275 attulisse
2528 5221 2636 5276 dixi
2662 5241 2675 5276 :
2715 5234 2775 5279 ut
2795 5227 2934 5284 sicut
2958 5231 3031 5287 illi
3060 5236 3228 5291 auditi
3251 5250 3398 5308 sunt,
3432 5244 3504 5299 ita
3532 5259 3585 5302 et
3616 5263 3717 5306 nos

486 5291 802 5403 ξῖτλιξζνίιυιιι⁸
839 5292 1176 5348 hommusion
1231 5291 1564 5363 appellatur,
1629 5289 1771 5346 ﬁdeli
1819 5305 1882 5346 ac
1918 5289 2004 5360 pia
2033 5305 2088 5366 D
2114 5323 2184 5364 ex
2216 5309 2320 5366 hoc
2353 5322 2540 5368 contra
2570 5313 2852 5374 Valentem
2893 5332 2949 5378 et
2983 5289 3585 5403 Ursaeium

483 5382 835 5455 intelligentia
847 5425 859 5438 .

483 5494 596 5552 Non
629 5506 757 5567 puto
787 5512 1109 5567 quemquam
1137 5495 1560 5560 admonendum,
1591 5496 1641 5551 in
1673 5496 1774 5551 hoc
1804 5496 1924 5551 loco
1951 5503 2013 5551 ut

409 5591 716 5658 expendat,
767 5605 932 5660 quare
986 5590 1218 5646 dixerim
1274 5588 1519 5644 SIMILIS
1559 5588 2012 5646 SUBSTANTL/E

487 5732 834 5806 ([)ﬂPrimum
870 5732 1008 5806 typis
1041 5731 1288 5788 mandata
1318 5731 1372 5786 in
1402 5729 2004 5802 ed.Veronensi,quam

410 5805 740 5860 recudimus.

483 5874 564 5948 (g)
591 5876 704 5933 Hoc
727 5878 794 5934 ita
826 5877 1104 5936 evidenter
1127 5875 1356 5947 postulat
1387 5890 1598 5943 sensus,
1625 5884 1683 5932 ut
1709 5873 2005 5946 prcheren-

2114 5403 2259 5472 diri,
2321 5414 2377 5460 et
2414 5405 2492 5479 (h)
2537 5411 2868 5480 coaptandus
2911 5417 2978 5472 ad
3018 5433 3112 5475 eos
3157 5422 3499 5486 allocutionis
3535 5446 3719 5492 sermo

2113 5495 2344 5553 blandus
2390 5498 2525 5554 nihil
2548 5501 2734 5570 ;aliud,
2785 5521 2947 5576 quam
2992 5515 3300 5581 procacium
3344 5524 3714 5586 conviciorum

2115 5590 2375 5662 eﬂugeret
2402 5591 2698 5652 fmditatem
2725 5615 2742 5661 ;
2787 5615 2908 5656 cum
2939 5607 3179 5666 amarius
3212 5620 3375 5684 atque
3402 5619 3560 5674 etiam
3589 5635 3718 5691 pro-

2115 5728 2287 5818 dumd
2297 5733 2876 5818 uxerimuquuamvis
2888 5753 3059 5801 exstet
3077 5745 3128 5801 in
3150 5764 3281 5805 mss.
3300 5754 3570 5812 tacuissem
3587 5761 3714 5818 illic.

2302 5802 2709 5898 “ams.
2738 5810 2808 5898 At
2835 5812 2997 5898 Ca‘rn.
3027 5829 3080 5873 et
3110 5802 3257 5898 Tell:
3273 5802 3712 5898 'éidﬁib'ééi'dé'éil

2113 5873 2296 5945 Forte,
2325 5893 2426 5948 quo
2455 5888 2591 5949 apta:
2609 5879 2676 5934 ad
2698 5897 2805 5952 eos,
2836 5886 2922 5943 vel
2943 5873 3141 5962 emptus
3157 5873 3350 5954 idib}.
