4270 6264
586 336 693 415 'er
774 368 791 379 ί

1786 352 2031 413 SANCTI
2067 353 2328 413 IIILARII
2367 353 2679 417 EPISCDPI

3781 362 3897 431 548

579 471 799 529 brosius
843 471 896 527 in
930 468 1385 542 consequentibus
1423 470 1731 543 (prtesertim
1760 485 1904 524 nunt.
1943 467 2059 542 9|),
2088 486 2182 526 oc-
2213 476 2264 538 Α
2289 471 2381 528 IX.
2435 471 2574 529 Huic
2597 474 2766 545 afﬁne,
2795 474 3072 534 adducitur
3107 485 3224 550 post
3262 475 3427 533 allata
3458 478 3690 551 exempla
3714 495 3896 537 eorum

578 564 723 619 culta
772 563 1164 635 expositionum
1194 576 1375 618 essem
1423 561 1675 617 scandala
1702 562 2030 632 proditurus.

585 674 649 731 V.
676 676 898 746 Aptatur
919 675 997 731 his
1017 692 1158 730 num.
1195 675 1294 733 80:
1336 673 1447 731 Oro
1482 683 1660 731 autem
1696 689 1815 741 vos,
1854 674 2178 732 sanctissimi

652 771 787 838 viri,
813 781 868 827 ut
888 786 1009 827 cum
1039 770 1176 827 bona
1208 772 1363 827 venia
1410 770 1809 828 sollicitudines
1854 783 2003 826 meas
2030 770 2176 825 aesti-

651 864 830 919 metis.

650 957 754 1011 Pro
779 956 1061 1028 prudentia
1089 966 1269 1014 vestra
1298 958 1605 1029 expendite,
1638 957 1767 1030 quid
1796 958 1868 1013 sit
1895 974 1922 1013 a
1954 960 2179 1017 sanctis-

575 1050 729 1104 simis
758 1050 889 1105 viris
920 1065 1176 1121 poscere,
1229 1061 1285 1106 ut
1325 1068 1447 1107 cum
1490 1051 1630 1107 bona
1659 1052 1813 1107 venia
1844 1051 2067 1108 audiant
2092 1052 2176 1107 dio

576 1154 821 1210 centem;
866 1154 923 1200 et
967 1159 1033 1199 an
1075 1144 1317 1215 ejusdem
1357 1146 1431 1200 sit
1474 1144 1718 1212 adulari,
1769 1152 1825 1200 et
1867 1145 2175 1217 obiurgare.

577 1237 690 1294 Hoc
718 1238 844 1293 ideo
869 1240 939 1293 ita
969 1238 1170 1294 dictum
1196 1249 1298 1306 est,
1328 1238 1403 1312 (a)
1432 1240 1555 1311 quia
1583 1255 1704 1310 quae
1732 1240 1797 1295 ad
1824 1255 2065 1310 praesens
2094 1248 2177 1295 tas

573 1326 680 1379 cita
722 1324 904 1379 abhis
941 1324 1172 1397 (Legatis
1218 1325 1470 1381 Sirmium
1514 1326 1704 1397 missis)
1736 1324 1982 1393 fuissent,
2028 1339 2176 1381 eram

576 1417 888 1486 proditurus
916 1416 1083 1487 (num.
1112 1417 1183 1472 90
1222 1427 1269 1472 et
1299 1417 1424 1489 9t);
1458 1434 1564 1472 non
1592 1428 1771 1473 tamen
1820 1418 1875 1473 in
1906 1418 1990 1473 bis
2012 1460 2025 1483 ,
2055 1432 2178 1488 qua:

574 1515 795 1576 possent
819 1516 1091 1578 tamquam
1114 1508 1442 1564 excusabilis
1472 1507 1713 1577 defendi,
1740 1508 1953 1564 viderer
1972 1507 2178 1563 calum-

574 1596 734 1653 niari.

576 1707 662 1765 Vl.
712 1710 905 1766 Attinet
942 1711 1011 1766 ad
1047 1712 1157 1768 haec
1200 1728 1341 1767 num.
1390 1713 1497 1770 87:
1532 1712 1595 1768 Et
1637 1726 1741 1785 ego
1778 1712 1983 1768 invitus
2017 1712 2173 1780 licet,

644 1806 1009 1877 respondebo,
1033 1817 1134 1862 etc.

642 1900 783 1956 Satis
811 1903 1058 1958 absolute
1083 1944 1097 1969 ,
1143 1904 1368 1960 Domine
1403 1902 1571 1959 frater
1616 1901 1864 1969 Lucifer,
1914 1898 2171 1973 cognosci

572 1999 761 2063 potuit,
790 1996 1014 2050 invitum
1040 2012 1127 2052 me
1150 1997 1433 2053 lionimusii
1460 1997 1787 2053 mentionem
1814 1996 2035 2052 habere.
2063 1993 2172 2050 Sed

567 2086 686 2154 quia
719 2094 770 2140 tu
800 2088 1214 2145 similitudinem
1269 2089 1390 2145 Filii
1435 2091 1500 2145 ad
1551 2090 1766 2145 Patrem
1799 2088 2129 2159 prazdicabas
2154 2128 2169 2155 ,

569 2176 961 2237 αιτιιωηειηιίο
990 2181 1112 2249 eius
1140 2197 1170 2234 a
1203 2199 1289 2238 me
1312 2182 1415 2237 luit
1449 2182 1771 2253 exponenda
1803 2181 1920 2239 sine
1945 2181 2095 2237 vitio.

463 2285 475 2295 ·
572 2267 681 2321 νη.
719 2268 817 2323 His
846 2270 1160 2326 subnectitur
1189 2291 1331 2327 num.
1364 2272 1476 2329 88:
1523 2273 1602 2345 (b)
1651 2274 1874 2346 Synodo
1916 2273 2174 2328 Samosa-

641 2368 779 2415 tenu:
797 2362 1243 2419 subscribendum
1259 2375 1434 2436 putas.
1447 2406 1459 2418 .
1477 2364 1890 2421 Subscribamus
1909 2375 1956 2420 et
1979 2364 2171 2421 Nicaeae

636 2453 871 2524 synodo.

583 2592 597 2602 .
635 2545 903 2617 Numquid
928 2558 985 2603 et
1012 2550 1104 2606 hic
1126 2550 1204 2624 (ε)
1237 2550 1305 2607 de
1331 2551 1705 2623 hommusjone
1734 2551 2002 2622 legentem
2025 2592 2043 2619 ,
2067 2550 2170 2606 ad-

565 2640 771 2707 m-mui,
799 2658 903 2695 non
932 2642 1091 2698 aliter
1119 2643 1414 2699 ostendens
1445 2644 1643 2717 suscipi
1675 2651 1949 2718 oportere,
1972 2643 2076 2700 nisi
2102 2642 2171 2707 ad

563 2734 825 2790 unitatem
855 2735 1177 2793 substantia:
1196 2738 1493 2795 referretur
1512 2737 1536 2792 i

563 2845 697 2901 VlIl.
736 2846 1181 2918 Reprehensum»:
1208 2850 1372 2904 oculis
1410 2852 1620 2922 exponit
1654 2850 1752 2905 hoc
1776 2866 1919 2905 nunt.
1963 2849 2073 2906 89:
2102 2849 2173 2906 Et

636 2956 721 2995 me
761 2950 944 2998 movet
974 2944 1118 3013 (cum
1150 2944 1429 3016 seandalo)
1463 2944 1749 3002 hommusii
1786 2944 2038 3011 nuditas,
2067 2954 2166 3000 etc.

636 3037 793 3092 Anne
818 3039 1097 3109 quisquam
1140 3055 1226 3095 me
1253 3040 1564 3096 existimare
1602 3040 1797 3110 poterit
1829 3039 2167 3096 hommusion

562 3130 701 3186 velle
721 3132 1021 3203 suscipere,
1046 3134 1112 3190 de
1140 3148 1248 3203 quo
1276 3135 1375 3190 ista
1410 3132 1685 3190 tractavi?

660 3277 712 3333 ai
744 3277 1010 3333 Particulo
1043 3286 1097 3330 ut
1126 3277 1335 3332 videtur
1364 3277 1449 3331 hic
1481 3277 1694 3333 deesse.

660 3296 690 3331 a
744 3277 1010 3333 Particulo
1043 3286 1097 3330 ut
1126 3277 1335 3332 videtur
1364 3277 1449 3331 hic
1481 3277 1694 3333 deesse.

632 3276 783 3422 ibi}
793 3350 935 3419 ptius
968 3350 1385 3422 subjrungeretur
1404 3348 1780 3422 illisejusdem
1802 3347 2015 3422 numeri
2040 3362 2168 3422 ver-

559 3418 663 3486 ω’,
692 3418 1016 3503 Decernatur
1040 3421 1172 3477 nihil
1193 3418 1421 3497 diferre,
1444 3420 1598 3481 unius
1631 3430 1679 3477 α
1697 3420 1881 3481 similis
1908 3436 2018 3483 esse
2042 3420 2169 3477 sub-

560 3503 782 3547 stantia.

2352 582 2469 635 qua'
2493 576 2702 625 externa
2728 568 3065 625 similitudine
3094 571 3306 641 fallunt.

2350 658 2621 731 Numquid
2647 670 2704 719 et
2727 661 2818 718 hie
2840 662 3208 719 similitudinis
3236 663 3513 736 negligens
3535 663 3653 722 fuit

2283 772 2636 849 523-525
2659 775 2727 831 Χ.
2757 775 3004 833 Convenit
3035 777 3114 834 his
3162 795 3304 833 nunt.
3336 778 3411 836 90
3441 797 3453 834 :
3482 779 3722 838 Parcens
3749 783 3894 839 enim

2351 873 2526 930 adhuc
2555 875 2621 931 de
2653 876 2734 933 his
2760 877 2893 933 nihil
2924 878 3068 947 dico,
3109 896 3225 952 qua:
3254 882 3472 953 Ancyra:
3496 901 3614 938 cum
3645 886 3893 942 scandan

2354 966 2558 1022 decreta
2580 979 2720 1024 sunt.

2353 1058 2508 1116 Anne
2537 1062 2815 1116 existimor
2852 1063 3213 1132 suspicionem
3257 1065 3326 1121 ab
3356 1064 3443 1123 his
3482 1067 3729 1127 adimere
3751 1112 3766 1139 ,
3797 1069 3893 1127 vel

2280 1165 2342 1208 ea
2373 1152 2591 1210 laudare
2615 1154 2809 1225 quibus
2838 1156 3039 1227 parco?
3081 1158 3311 1215 Parcere
3337 1161 3484 1217 enim
3506 1204 3520 1231 ,
3553 1171 3609 1219 et
3644 1178 3769 1217 cum
3800 1164 3882 1220 di-

2281 1244 2480 1302 latione
2507 1246 2576 1302 ad
2607 1246 2709 1303 hoc
2737 1263 2978 1319 parcere,
3009 1249 3146 1307 nihil
3174 1251 3403 1323 improbi
3432 1262 3515 1310 est
3541 1262 3597 1311 et
3641 1257 3878 1314 remissi.

2280 1358 2372 1416 XI.
2399 1360 2466 1416 In
2494 1379 2615 1417 mss.
2643 1362 2839 1419 decimo
2858 1366 3213 1421 continuatum
3232 1368 3367 1422 cadit
3393 1369 3445 1423 in
3469 1370 3561 1425 illa
3603 1388 3659 1425 η.
3684 1371 3746 1428 91
3773 1391 3789 1428 :
3818 1372 3888 1429 Ut

2352 1454 2567 1525 probari
2608 1456 2777 1526 possit
2814 1456 3152 1513 hommusion
3176 1500 3192 1527 ,
3232 1475 3338 1514 non
3383 1459 3750 1530 improbemus
3789 1464 3890 1519 ho-

2350 1547 2631 1615 mousion;
2674 1549 2793 1603 item
2821 1566 2868 1605 et
2900 1551 2954 1615 in
2994 1551 3095 1605 ista
3135 1552 3364 1623 ejusdem
3384 1556 3586 1613 numeri
3617 1570 3634 1608 :
3660 1555 3890 1629 Impium

2350 1648 2432 1695 est
2457 1640 2597 1711 quod
2624 1640 2855 1710 audetis,
2884 1653 2979 1697 etc.

2350 1753 2430 1809 An
2464 1750 2550 1807 hic
2581 1752 2817 1809 similem
2858 1753 3213 1811 substantiam
3241 1755 3386 1812 aliud
3428 1757 3606 1829 patior
3631 1772 3755 1817 esse
3786 1758 3892 1817 nisi

2202 1872 2249 1933 Β
2281 1841 2476 1899 unam?
2516 1858 2639 1917 quae
2687 1844 2730 1899 si
2771 1860 2876 1901 non
2925 1861 3026 1905 una
3072 1847 3142 1903 sit
3193 1859 3349 1905 antea
3385 1850 3716 1925 conﬁtenda,
3769 1852 3884 1925 iam

2279 1945 2462 2005 postea
2502 1937 2665 2007 impie
2689 1939 2757 1997 sit
2781 1938 2974 1997 similis
3012 1939 3373 2009 prmdicanda.
3437 2003 3442 2009 ,

2278 2050 2390 2106 ΧΠ.
2416 2048 2705 2120 Subjicitur
2729 2062 2843 2123 post
2871 2054 2980 2108 haec
3000 2071 3145 2110 num.
3177 2056 3237 2113 9|
3271 2075 3284 2110 :
3314 2058 3665 2115 Homteusion
3690 2061 3883 2117 nescio

2348 2158 2450 2199 nec
2486 2144 2746 2217 intelligo,
2781 2146 2885 2202 nisi
2918 2153 3126 2207 tantum
3158 2148 3227 2204 ab
3255 2149 3450 2207 similis
3475 2152 3727 2208 essentia:
3754 2167 3889 2209 con-

2348 2237 2605 2305 fessione,
2631 2248 2728 2295 etc.

2350 2352 2618 2424 Numquid
2667 2353 2856 2411 videor
2903 2354 3050 2428 quod
3106 2358 3307 2414 neselvi
3363 2359 3595 2429 probare
3643 2360 3890 2432 potuisse

2280 2442 2611 2518 (accipiendo
2647 2446 2964 2505 homtzusion
2995 2467 3093 2523 pro
3128 2451 3463 2509 similitudine
3502 2470 3606 2508 non
3643 2457 3887 2511 substan-

2279 2536 2466 2609 tiali)?
2508 2537 2628 2594 Non
2656 2540 2861 2610 utique.
2892 2542 3001 2599 Sed
3027 2544 3149 2612 quia
3176 2543 3314 2601 tides
3340 2544 3616 2601 catholica
3654 2562 3764 2607 non
3791 2546 3888 2602 de-

2262 2630 2403 2707 beat
2440 2633 2542 2688 nisi
2576 2649 2672 2703 per
2701 2635 2963 2690 unitatem
2996 2636 3404 2693 similitudinem
3439 2639 3697 2706 credere;
3730 2648 3785 2695 ut
3810 2640 3889 2696 si-

2280 2723 2636 2782 militudinem
2667 2734 2872 2783 tantum
2904 2728 2969 2785 ad
3002 2729 3393 2799 excludendam
3437 2731 3694 2789 unionem
3733 2747 3886 2788 com-

2276 2821 2583 2883 memoret,
2629 2831 2739 2871 non
2785 2815 2852 2871 ad
2898 2816 3181 2875 discidium
3224 2817 3489 2875 unitatis:
3540 2820 3746 2879 idcirco
3794 2836 3884 2875 me

2274 2905 2391 2960 dixi
2413 2947 2427 2971 ,
2454 2920 2576 2961 cum
2605 2908 2826 2962 nomine
2854 2906 3127 2965 homousii
3155 2920 3321 2981 atque
3352 2911 3642 2966 homoeusii
3671 2912 3882 2973 nescis-

2266 3012 2387 3054 sem
2416 3042 2430 3065 ,
2482 3010 2663 3057 tamen
2712 3017 2807 3071 per
2848 3002 3114 3058 unitatem
3144 3003 3555 3060 similitudinem
3588 3004 3879 3076 recepisse.

2274 3090 2388 3148 lloc
2415 3091 2589 3165 ipsum
2625 3093 2806 3149 statim
2831 3110 3064 3171 sequens
3086 3096 3359 3155 sententia
3389 3096 3643 3153 absolvit.

2194 3278 2240 3345 C
2300 3349 2313 3355 _
2344 3277 2417 3350 (c)
2448 3279 2525 3335 Ex
2555 3280 2765 3355 Επιεωὶ
2798 3280 3037 3355 etMirtei
3067 3282 3338 3354 margine,
3366 3282 3457 3338 ubi
3486 3282 3603 3338 lucc
3631 3282 3885 3355 apologo-

2274 3349 2377 3406 tiea
2401 3359 2527 3429 nota
2549 3351 2712 3429 jacet,
2740 3354 2952 3429 restitui
2982 3349 3264 3429 potestfne
3280 3355 3597 3415 homteusion
3620 3349 3885 3429 negligat-

2272 3431 2352 3485 ter
2376 3424 2707 3496 suscipiatur,
2733 3439 2838 3481 non
2864 3424 3134 3481 admonui.

2959 3596 3839 3623 W

1887 3712 2564 3801 ADMONITIO

1045 3879 1129 3943 IN
1176 3877 1631 3943 EPISTOLAM
1663 3875 2148 3965 SEQUENTEM
2188 3875 2293 3938 ET
2334 3873 2848 3939 SUBJUNCTUM
2889 3874 2973 3937 ΕΙ
3012 3874 3393 3941 HYMNUM.

637 4171 789 4227 Hanc
818 4166 1092 4244 epistolam
1118 4178 1504 4240 nugamentum
1532 4169 1771 4226 hominis
1800 4168 1978 4226 Otiose
2008 4168 2167 4226 indo-

558 4268 629 4323 cti
657 4274 802 4321 uocat
832 4264 1101 4330 Erasmus,
1132 4263 1380 4319 Gillotists
1400 4264 1575 4318 scribit
1595 4281 1629 4318 a
1658 4261 1946 4317 Fortunato
1974 4262 2069 4316 sibi
2091 4263 2167 4316 oi-

558 4359 670 4414 deri
698 4358 967 4425 conﬁctam
987 4373 1006 4421 ;
1029 4356 1183 4425 idque
1212 4373 1332 4411 eum
1360 4356 1642 4411 verissime
1668 4356 1936 4424 scripsisse
1962 4354 2166 4410 Sculte—

559 4463 664 4515 tus,
693 4469 811 4523 pag.
836 4451 963 4517 521,
981 4459 1255 4506 asseverat.
1281 4451 1347 4504 At
1380 4451 1672 4504 Fortunato
1693 4450 1815 4519 ipsi,
1843 4449 1930 4520 qui
1946 4448 2092 4502 illius
2111 4462 2167 4503 se

557 4562 661 4600 non
682 4553 962 4611 auctorem,
991 4543 1081 4603 sed
1108 4554 1286 4601 testem
1315 4544 1461 4615 facit,
1486 4542 1642 4614 ﬁdem
1661 4558 1764 4607 non
1782 4539 2164 4603 detrectandam

555 4640 734 4695 merito
764 4648 969 4694 censent
993 4639 1245 4712 azquiores
1283 4653 1455 4693 rerum
1483 4638 1846 4697 animator“.
1881 4632 2002 4693 Non
2024 4635 2164 4693 estim

553 4732 788 4795 credunt,
812 4739 1048 4789 sanctum
1072 4729 1390 4787 Pictavensis
1408 4727 1637 4785 ecclesia:
1666 4724 1955 4787 Prwsulem
1976 4725 2163 4787 utenti-

2268 4168 2409 4225 datis
2444 4185 2479 4224 a
2508 4168 2655 4227 vanis
2690 4169 2869 4226 seculi
2898 4168 3102 4241 pompis
3124 4184 3187 4223 ac
3211 4167 3415 4223 deliciis
3446 4175 3649 4234 avocat,
3685 4175 3740 4223 ut
3764 4183 3880 4227 eam

2268 4260 2461 4317 cclcsti
2490 4276 2682 4329 sponso
2710 4260 2958 4332 bonisque
2991 4260 3289 4316 melioribus
3318 4268 3597 4333 preparat.
3622 4256 3754 4314 Cum
3782 4276 3880 4314 au-

2271 4366 2371 4410 tem
2399 4358 2649 4411 sermonis
2690 4356 3029 4411 obscuritates
3070 4366 3116 4409 et
3157 4356 3436 4425 (enigmata
3468 4354 3538 4411 ad
3574 4353 3879 4425 excitandas

2267 4450 2463 4522 ingenii
2488 4452 2618 4513 vires
2646 4450 2793 4505 valde
2811 4451 2998 4506 idonea
3019 4450 3120 4505 sint
3141 4466 3159 4503 :
3188 4467 3289 4504 non
3310 4449 3664 4519 imprudenter
3688 4448 3753 4503 iis
3776 4447 3884 4503 uti-

2269 4551 2352 4598 tur
2375 4542 2629 4597 sollicitus
2656 4552 2822 4614 pater,
2842 4543 3022 4599 multis
3039 4543 3153 4610 jam
3183 4542 3333 4595 annis
3355 4558 3384 4592 a
3415 4542 3584 4610 patria
3609 4540 3759 4592 domo
3789 4554 3879 4592 re-

2270 4645 2459 4704 motus,
2490 4645 2549 4691 ut
2571 4653 2636 4692 ex
2658 4637 2917 4709 responsis
2943 4636 3069 4706 ﬁlia:
3099 4634 3363 4705 ingenium
3393 4650 3455 4687 ac
3482 4633 3713 4686 studium
3734 4631 3883 4685 illius

2268 4731 2583 4796 experiatur.
2617 4728 2735 4782 1am
2768 4728 2901 4782 enim
2928 4728 3148 4782 triennio
3176 4729 3357 4782 saltent
3394 4725 3581 4781 Abram
3607 4742 3710 4779 non
3733 4724 3880 4780 tride-

552 4832 682 4884 tum.
717 4839 833 4876 cum
865 4838 976 4876 eam
1016 4821 1231 4891 propria
1273 4819 1466 4877 Hilarii
1503 4835 1660 4883 manu
1698 4816 2046 4888 subscriptam
2070 4833 2166 4883 sua
2192 4887 2226 4892 Α
2269 4832 2373 4889 rat,
2404 4838 2521 4876 cum
2550 4824 2681 4877 hanc
2710 4824 2753 4875 ei
2777 4821 3051 4891 epistolam
3073 4822 3297 4892 scripsit.
3321 4820 3391 4874 In
3411 4837 3471 4875 ea
3497 4821 3746 4891 hymnum
3767 4835 3881 4872 ma-

552 4924 701 4975 tBlate
750 4914 977 4969 Pictavi:
1012 4887 1123 4985 pro,
1145 4929 1359 4969 munere
1398 4921 1750 4981 consertarum
1794 4926 1905 4973 esse
1944 4918 2163 4967 ιωωιαε
2192 4887 2241 4948 D
2271 4887 2493 4968 tutinum
2525 4887 2818 4985 pariterque
2843 4914 3127 4968 serotinum
3156 4887 3260 4985 ipsi
3286 4930 3341 4968 se
3372 4887 3573 4968 mittere
3606 4921 3877 4967 memorat.

550 5020 643 5065 est.
677 5008 854 5080 Longe
880 5008 1049 5065 minus
1073 5007 1278 5063 ueritati
1292 5013 1698 5067 mruentaneum
1723 5011 1821 5069 est,
1846 5013 1903 5063 tu
1931 5017 2051 5059 cum
2070 5017 2163 5073 ge-

2272 5006 2482 5062 Excidit
2506 5008 2758 5062 serotinus
2782 5022 2799 5060 :
2827 5006 2917 5060 sed
2948 5008 3255 5061 matutinum
3280 5022 3382 5060 una
3413 5021 3529 5060 cum
3560 5004 3778 5076 epistola
3811 5001 3883 5058 ad

552 5103 767 5163 Mittam
818 5100 1009 5157 Hilarii
1044 5100 1320 5171 epistolam
1358 5113 1469 5170 prce
1514 5096 1753 5157 manibus
1796 5094 2054 5163 haberet,
2103 5111 2164 5151 ea
2269 5104 2464 5160 calcem
2512 5113 2769 5175 gestorum
2820 5100 3016 5156 Hilarii
3063 5119 3096 5156 a
3132 5099 3424 5156 Fortunato
3467 5100 3779 5172 scriptorum
3824 5096 3883 5150 in

549 5210 822 5267 suppressa
864 5192 1210 5261 adulterinum
1246 5190 1601 5262 sttppmerit.
1640 5188 1703 5247 Si
1740 5186 1867 5259 quid
1903 5194 2074 5251 autem
2106 5185 2164 5245 ει
2269 5213 2425 5268 quam
2454 5197 2697 5269 plurimis
2722 5212 2848 5251 mss.
2889 5196 3117 5267 reperire
3140 5205 3237 5249 est.
3267 5193 3556 5259 Utrmuaue
3580 5192 3719 5248 illud
3746 5205 3880 5261 opus

462 5321 481 5338 .
548 5302 768 5357 summa,
811 5302 968 5354 quam
1008 5302 1072 5345 επ
1119 5302 1182 5353 ια
1225 5284 1489 5358 exaruerit.
1528 5282 1687 5356 Ραίο
1729 5282 1880 5341 αίίιαν
1922 5280 2156 5350 enuntiet

547 5396 701 5455 quam
746 5381 799 5435 in
835 5379 929 5436 illa
956 5380 1275 5455 continetur;
1312 5395 1373 5447 eo
1406 5378 1523 5450 ipso
1759 5377 1909 5447 facit.
1942 5375 2156 5443 illam:

549 5486 603 5527 se
628 5488 803 5525 cusam
829 5487 929 5531 non
957 5473 1141 5544 fuisse.
1169 5470 1331 5531 Nili-il
1346 5486 1508 5543 porro
1526 5470 1582 5531 in
1608 5468 1960 5535 caminum
1979 5468 2068 5540 pio
2092 5484 2159 5533 ac

550 5565 801 5633 prudente
815 5563 1087 5641 indignum
1100 5572 1335 5637 parente,
1361 5563 1449 5633 qui
1467 5562 1794 5637 carissimam
1812 5561 1983 5631 ﬁlium
2000 5559 2162 5627 ϐίαι

548 5663 595 5707 et
611 5654 835 5724 puellam
851 5656 1179 5711 tenerrimam
1198 5656 1359 5711 verbis
1370 5655 1440 5710 ad
1454 5655 1616 5727 ipsius
1632 5662 1845 5726 captum
1865 5669 2155 5710 accommo-

2260 5291 2315 5344 in
2359 5290 2587 5359 antiquis
2626 5286 2824 5343 Hilarii
2872 5287 3197 5343 editionibus
3224 5286 3360 5342 libro
3389 5288 3455 5342 de
3503 5284 3736 5357 Sypodis
3773 5298 3879 5337 non

2260 5382 2397 5436 male
2422 5381 2771 5451 subiungitur.
2805 5378 2946 5433 Nam
2969 5389 3025 5435 ut
3053 5380 3253 5434 litteras
3282 5380 3436 5434 Abm
3456 5395 3575 5433 cum
3594 5375 3879 5435 Gallorum

2260 5474 2445 5533 litteris
2484 5472 2550 5529 ab
2587 5488 2646 5529 eo
2672 5483 2910 5545 acceptas
2946 5473 3129 5544 fxis“,
3178 5472 3254 5527 ita
3290 5481 3341 5529 et
3381 5470 3527 5531 illius
3560 5468 3875 5541 resonime

2260 5582 2377 5629 utut
2404 5564 2534 5627 libro
2562 5567 2628 5627 de
2656 5564 2891 5635 Sunodis
2916 5565 3135 5623 missum
3152 5580 3266 5625 esse
3290 5563 3395 5618 mi
3420 5562 3748 5635 simillimi
3776 5565 3873 5619 est.
