4270 6264
376 346 487 413 3w

1384 346 1721 425 EPISTOLA
1757 368 1852 425 Αυ
1892 366 2125 427 Asnam
2167 368 2402 431 nutu
2437 372 2650 437 SUAM.

3575 389 3682 445 550

384 485 3664 535 MM

990 592 1348 677 “5'5”
1419 578 2173 765 'SANCTI
2273 623 3053 770 HILARII

796 855 1461 947 EPISTOLA
1533 862 1710 947 AD
1776 866 2252 951 ABBAM
2336 867 2801 955 FILIAM
2870 872 3266 958 SUAM.

1585 1023 1763 1092 (αιιιςΑ
1788 1039 1950 1083 risu
1978 1040 2105 1081 sum
2134 1025 2242 1085 558
2270 1024 2470 1098 ursa.)

1536 1157 2538 1185 mm

368 1260 744 1319 Dilectissima:
793 1261 918 1319 ﬁliae
973 1261 1050 1338 (a)
1099 1264 1260 1323 Abrae
1318 1267 1554 1327 Hilarius
1624 1271 1680 1327 in
1733 1267 1964 1325 Domino
1989 1274 2040 1335 Α
2069 1262 2221 1332 vidi,
2252 1264 2384 1330 tilia,
2426 1265 2535 1331 vidi
2594 1268 2738 1338 quod
2794 1269 2975 1341 eloqui
3004 1285 3109 1326 non
3143 1286 3384 1342 possum.
3417 1272 3687 1348 Numquid

1048 1364 1300 1420 salutem.

441 1454 669 1510 [Δίωνα
695 1456 858 1526 patris
906 1455 1186 1511 absentiam
1230 1458 1388 1514 dolet.
1416 1488 1490 1501 -—
1533 1458 1734 1531 Accepi
1772 1460 1975 1518 litteras

371 1558 513 1617 tuas,
545 1550 598 1605 in
627 1549 823 1621 quibus
852 1549 1097 1622 intelligo
1126 1552 1526 1609 desiderantem
1578 1562 1631 1610 te
1668 1555 1774 1610 mei
1800 1569 1922 1611 esse
1957 1570 1971 1607 :

368 1649 425 1696 et
453 1640 843 1714 certumwss.
870 1643 1046 1713 certe)
1074 1642 1148 1697 ita
1178 1643 1368 1700 habeo.
1402 1645 1588 1701 Sentio
1618 1645 1762 1703 enim
1799 1660 1972 1716 quan-

368 1744 480 1789 tum
512 1736 796 1805 praesentia
829 1735 1025 1792 borum
1057 1738 1148 1809 qui
1190 1746 1440 1793 amantur
1466 1736 1721 1809 optabilis
1764 1737 1854 1793 sit.
1906 1738 1976 1792 Et

365 1827 489 1901 quia
510 1842 729 1899 gravem
755 1827 849 1886 tibi
875 1843 997 1886 esse
1023 1829 1324 1886 absentiam
1351 1846 1527 1887 meam
1549 1832 1769 1898 scirem,
1794 1846 1867 1885 ne
1884 1845 1976 1886 me

372 1920 509 1974 forte
539 1921 764 1993 impium
794 1936 918 1981 esse
946 1936 1074 1993 erga
1107 1930 1158 1977 te
1196 1924 1558 1992 existimares,
1607 1924 1696 1995 qui
1747 1934 1851 1978 tam
1883 1922 1974 1977 diu

365 2028 395 2068 a
421 2024 470 2067 te
506 2014 752 2071 abessem
790 2031 803 2069 :
840 2030 1100 2072 excusare
1142 2016 1235 2072 tibi
1275 2026 1329 2073 et
1359 2016 1747 2087 profectionem
1799 2032 1975 2072 meam

371 2114 425 2161 et
474 2121 657 2161 moras
708 2106 874 2175 volui,
907 2117 966 2163 ut
994 2106 1327 2178 intelligeres
1359 2123 1446 2163 me
1476 2124 1583 2163 non
1632 2109 1798 2181 impie
1855 2108 1975 2176 tibi,

366 2196 461 2251 sed
491 2195 705 2252 utiliter
744 2197 958 2255 deesse.
1009 2197 1251 2268 Namque
1296 2213 1417 2253 cum
1464 2207 1541 2259 te.
1585 2198 1716 2263 ﬁlia,
1770 2207 1828 2253 ut
1854 2199 1974 2254 uni-

364 2303 506 2352 eam,
531 2288 624 2357 ita,
653 2297 913 2360 quantum
944 2304 974 2344 a
1005 2304 1093 2345 me
1146 2297 1251 2356 est,
1280 2300 1347 2359 et
1373 2291 1679 2345 unanimem
1714 2289 1973 2358 habeam;

363 2380 556 2435 vellem
612 2389 662 2437 te
724 2380 1143 2452 pulcherrimam
1211 2383 1453 2438 omnium
1519 2392 1574 2438 et
1631 2382 1972 2438 sanissimam

370 2474 577 2527 vivere.

434 2563 489 2616 2.
536 2561 771 2618 Hilarius
798 2563 957 2633 abest,
988 2572 1044 2619 ut
1073 2574 1256 2620 uestem
1274 2575 1321 2621 et
1339 2567 1672 2640 margaritam
1694 2566 1974 2637 pretiosam

2076 1374 2183 1412 non
2216 1358 2451 1414 sericum
2484 1361 2782 1416 secundum
2813 1362 3165 1420 subtilitatem
3199 1365 3316 1434 ejus
3342 1365 3416 1438 (ε)
3439 1378 3682 1437 spartum

2073 1449 2225 1504 erat?
2270 1449 2542 1521 Numquid
2591 1452 2814 1509 candori
2853 1455 2972 1525 ejus
3015 1456 3169 1513 nives
3206 1469 3534 1529 comparatae
3577 1476 3687 1516 non

2075 1542 2493 1613 nigrescebant?
2522 1544 2793 1617 Numquid
2828 1562 3019 1602 aurum
3062 1552 3215 1618 juxta
3266 1548 3537 1621 fulgorem
3561 1552 3680 1622 ejus

2074 1648 2181 1688 non
2216 1633 2510 1690 lividatur?
2541 1636 2659 1707 ipsa
2686 1638 2833 1693 enim
2865 1638 3194 1707 multicolor,
3220 1649 3276 1696 et
3300 1642 3433 1697 nihil
3458 1658 3684 1713 prorsus

2075 1736 2449 1793 comparatum
2470 1726 2520 1782 ei
2553 1738 2767 1799 poterat
2792 1731 3016 1801 aequari.
3050 1731 3184 1787 Post
3213 1749 3372 1804 quam
3405 1734 3511 1790 vidi
3536 1751 3685 1792 mar-

2073 1821 2299 1889 garitam
2329 1840 2342 1876 :
2369 1838 2473 1893 qua
2531 1825 2643 1878 visa
2685 1824 2867 1880 statim
2897 1827 3129 1882 concidi.
3166 1827 3281 1883 Non
3324 1830 3465 1883 enim
3492 1837 3685 1901 potae-

2076 1919 2203 1965 runt
2230 1913 2372 1967 oculi
2405 1913 2511 1969 mei
2564 1915 2834 1971 sustinere
2862 1927 3066 1972 tantum
3097 1917 3214 1989 ejus
3257 1922 3517 1976 colorem.
3548 1921 3683 1978 Nam

2075 2023 2178 2063 nec
2195 2008 2342 2077 εαξη,
2373 2025 2473 2065 nec
2495 2010 2650 2079 lucis,
2684 2026 2784 2067 nec
2809 2013 2995 2082 maris,
3026 2029 3126 2070 nec
3154 2024 3313 2071 terrae
3331 2017 3543 2089 species
3566 2017 3687 2090 pul-

2077 2100 2334 2156 critudini
2362 2103 2483 2173 ejus
2504 2112 2721 2174 poterat
2748 2104 3073 2175 comparari.

2147 2196 2201 2249 4.
2240 2193 2518 2268 Utriusque
2545 2199 2815 2253 commoda
2845 2209 2892 2254 et
2914 2201 3078 2256 dotes.
3105 2230 3175 2243 —-
3205 2203 3275 2257 Et
3304 2218 3426 2259 cum
3451 2216 3689 2275 prOSIra-

2079 2294 2164 2342 tus
2180 2287 2440 2367 jacerem,
2472 2289 2547 2345 ait
2577 2290 2706 2346 mihi
2732 2292 2949 2364 quidam
2980 2295 3050 2350 de
3073 2295 3479 2363 assistentibus,
3515 2296 3686 2354 Video

2080 2388 2131 2434 te
2159 2380 2451 2437 sollicitum
2480 2392 2535 2437 et
2557 2384 2756 2439 bonum
2784 2396 2990 2455 patrem
3021 2400 3166 2452 esse,
3208 2394 3266 2442 et
3304 2388 3447 2442 hanc
3477 2398 3682 2444 vestem

1981 2524 1991 2529 -
2077 2478 2242 2541 atque
2277 2472 2414 2528 hanc
2459 2475 2805 2546 margaritam
2836 2476 2901 2531 ad
2930 2475 3093 2533 tiliam
3136 2487 3283 2533 tuam
3322 2478 3637 2536 desiderare
3668 2496 3685 2537 :

2078 2564 2176 2620 sed
2204 2572 2265 2621 ut
2290 2567 2460 2636 magis
2482 2568 2782 2636 desideres,
2814 2569 3044 2624 ostendo
3076 2570 3174 2625 tibi
3196 2571 3324 2645 quid
3362 2572 3540 2627 adhuc
3564 2572 3684 2628 haec

364 2656 490 2723 filim
529 2657 819 2727 conquirat.
868 2685 940 2696 —
984 2656 1298 2713 Nuntiatum
1344 2673 1475 2731 ergo
1524 2659 1655 2713 mihi
1697 2667 1800 2725 est,
1854 2672 1976 2714 esse
2004 2658 2051 2718 B
2080 2659 2248 2713 vestis
2294 2667 2458 2729 atque
2514 2662 2803 2731 margarita
2855 2662 2979 2717 boni
3036 2661 3251 2717 habeat.
3319 2661 3501 2721 Vestis
3568 2663 3684 2721 haec

363 2749 647 2820 quemdam
672 2749 952 2821 juvenem,
985 2750 1275 2809 habentem
1307 2751 1654 2823 margaritam
1684 2760 1741 2806 et
1764 2761 1970 2807 vestem

367 2843 773 2900 inaestimabilis
801 2844 960 2915 pretii
994 2863 1007 2898 :
1037 2860 1196 2918 quam
1228 2847 1273 2902 si
1306 2846 1426 2918 quis
1453 2844 1521 2901 ab
1548 2859 1615 2899 eo
1648 2855 1831 2915 posset
1856 2860 1973 2900 me-

366 2940 493 3004 reri,
526 2954 693 3009 super
718 2939 982 2995 humanas
1035 2940 1251 2997 divitias
1288 2949 1344 2997 et
1381 2940 1612 2996 salutem
1657 2949 1712 2996 et
1736 2940 1888 2996 dives
1919 2949 1973 2995 et

366 3031 546 3086 salvus
569 3031 746 3087 ﬁeret.
780 3033 860 3088 Ad
887 3034 1033 3089 hunc
1061 3033 1137 3106 (ὁ)
1169 3034 1252 3090 his
1274 3033 1472 3090 auditis
1501 3033 1777 3107 profectus
1807 3049 1923 3090 sum
1956 3052 1969 3087 :

365 3121 429 3175 ml
458 3138 618 3194 quem
647 3138 770 3178 cum
800 3140 895 3195 per
922 3125 1122 3181 multas
1164 3134 1219 3180 et
1261 3127 1450 3197 longas
1495 3135 1549 3181 et
1579 3126 1825 3181 difficiles
1857 3126 1972 3182 vias

365 3215 872 3280 venissem,videns
926 3233 1049 3274 eum
1098 3219 1282 3276 statim
1311 3219 1541 3290 procidi.
1602 3220 1771 3276 Adest
1826 3221 1970 3276 enim

367 3316 474 3361 tun
503 3308 731 3378 pulcher
750 3308 986 3380 juvenis,
1030 3318 1090 3365 ut
1124 3321 1248 3365 ante
1279 3320 1627 3381 conspectum
1661 3313 1779 3382 ejus
1809 3330 1970 3368 nemo

363 3400 561 3456 audeat
592 3402 914 3458 consistere.
945 3403 1047 3471 Qui
1070 3403 1157 3458 ubi
1191 3420 1275 3458 me
1299 3404 1593 3472 procidisse
1622 3404 1778 3474 vidit,
1807 3406 1972 3461 inter-

363 3498 541 3566 rogari
570 3510 657 3552 me
701 3496 869 3566 jussit
913 3496 1039 3568 quid
1069 3497 1283 3565 vellem,
1339 3507 1394 3554 et
1439 3498 1568 3570 quid
1597 3514 1845 3570 rogarem
1880 3511 1973 3557 :et

363 3602 463 3658 ego
498 3586 778 3658 reSpondi,
808 3587 1026 3644 audisse
1048 3605 1135 3644 me
1165 3589 1232 3644 de
1272 3600 1425 3645 veste
1447 3604 1543 3646 sua
1572 3599 1626 3646 et
1656 3590 1966 3662 margarita,

362 3681 503 3738 etab
527 3680 580 3738 id
610 3681 859 3750 venisse;
888 3692 945 3741 et
969 3684 1019 3741 si
1039 3698 1161 3740 eam
1185 3684 1315 3741 mihi
1340 3685 1660 3756 dignaretur
1684 3694 1969 3755 pratstare,

360 3786 485 3827 esse
533 3772 665 3828 mihi
710 3774 880 3830 tiliam
928 3791 1089 3846 quam
1148 3775 1505 3833 vehementer
1545 3776 1849 3847 diligerem,
1880 3776 1968 3835 cui

362 3862 503 3920 hanc
530 3874 734 3920 vestem
766 3877 926 3936 atque
956 3868 1298 3939 margaritam
1327 3883 1647 3941 quaererem.
1682 3867 1750 3923 Et
1779 3867 1853 3940 (ι)
1883 3868 1970 3923 in-

364 3966 445 4010 ter
474 3956 589 4012 haec
620 3966 917 4028 prostratus
964 3959 1019 4015 in
1052 3961 1240 4018 laciem
1280 3963 1383 4017 lleo
1413 3962 1727 4033 piurimum,
1751 3970 1805 4017 et
1836 3975 1969 4017 noc-

2077 2767 2371 2822 numquam
2404 2753 2563 2809 tineis
2588 2754 2910 2822 comeditnr,
2941 2770 3049 2811 non
3097 2771 3197 2810 usu
3249 2757 3521 2825 atteritur,
3569 2774 3679 2815 non

2075 2844 2235 2900 sorde
2259 2844 2520 2913 inlicitur,
2548 2861 2656 2902 non
2688 2846 2741 2903 vi
2779 2847 3060 2914 scinditur,
3098 2864 3205 2903 non
3238 2849 3436 2904 damno
3476 2851 3685 2906 amitti-

2074 2949 2160 2992 tur
2189 2955 2203 2991 :
2234 2937 2329 3005 sed
2357 2953 2571 3008 semper
2593 2938 2715 2994 talis
2739 2938 2914 3010 qualis
2940 2951 3024 2996 est
3046 2950 3349 3012 permanet.
3376 2942 3681 3014 Margaritzu

2072 3046 2203 3088 vero
2226 3032 2348 3088 haec
2392 3034 2564 3088 virtus
2592 3044 2694 3098 est,
2735 3041 2794 3089 ut
2841 3033 2888 3088 si
2916 3034 3036 3104 quis
3084 3050 3202 3090 eam
3250 3035 3513 3103 induerit,
3569 3051 3679 3093 non

2073 3134 2319 3194 aegrotet,
2353 3140 2460 3180 non
2500 3133 2770 3191 senescat,
2801 3140 2909 3181 non
2952 3127 3236 3182 moriatur.
3280 3125 3426 3183 Nihil
3454 3128 3677 3183 omnino

2073 3217 2126 3271 in
2150 3231 2208 3273 se
2239 3215 2422 3283 habet,
2456 3217 2599 3288 quod
2626 3218 2698 3272 sit
2727 3217 2799 3289 (Ῑ)
2825 3218 3047 3273 noxium
3080 3218 3299 3289 corpori
3339 3235 3352 3272 :
3384 3218 3483 3275 sed
3508 3218 3686 3275 utenti

2073 3326 2135 3367 ea
2160 3310 2291 3367 nihil
2315 3310 2531 3382 accidit,
2560 3310 2706 3382 quod
2733 3320 2827 3366 aut
2852 3320 3082 3367 mortem
3110 3311 3321 3379 atterat,
3344 3321 3440 3366 aut
3467 3320 3685 3368 atatem

2073 3403 2339 3469 demutet,
2370 3413 2464 3460 aut
2502 3403 2765 3475 impediat
2811 3406 3120 3459 sanitatem.
3148 3403 3305 3472 Quod
3336 3404 3426 3460 ubi
3474 3404 3677 3472 audivi,

2074 3497 2208 3567 tilia,
2237 3498 2536 3555 exanimari
2577 3499 2747 3569 magis
2774 3496 3047 3554 desiderio
3092 3500 3400 3570 margaritae
3427 3506 3484 3553 et
3509 3498 3680 3554 vestis

2072 3588 2231 3645 istius
2252 3590 2395 3660 coepi
2429 3608 2442 3642 :
2468 3599 2524 3645 et
2554 3589 2700 3645 sicut
2726 3599 3029 3660 prostratus
3045 3589 3317 3658 jacebam,
3348 3588 3688 3645 indeﬁcienti

2072 3677 2201 3735 ﬂetu
2243 3690 2297 3736 et
2339 3681 2544 3735 intenta
2572 3680 2817 3735 oratione
2840 3680 3095 3753 juvenem
3142 3679 3355 3751 precari
3398 3680 3563 3750 ccepi,
3595 3679 3682 3735 di-

2073 3788 2206 3831 cens
2232 3789 2247 3828 :
2275 3764 2502 3829 Domine
2537 3783 2748 3841 sancte,
2782 3772 3042 3839 miserere
3064 3771 3216 3843 preci
3254 3788 3414 3840 nitar,
3438 3779 3498 3833 et
3525 3770 3690 3828 mise-

2072 3880 2197 3920 rere
2224 3863 2573 3919 soltieitudini
2601 3871 2657 3918 et
2675 3864 2802 3919 vitae
2828 3878 2988 3920 mea.
3030 3862 3091 3919 εἰ
3129 3863 3274 3919 enim
3302 3863 3448 3920 hanc
3473 3873 3686 3921 metam

2078 3957 2208 4019 mihi
2259 3965 2315 4011 ct
2363 3957 2709 4029 margaritam
2760 3972 2869 4011 non
2910 3955 3197 4021 concedis,
3253 3956 3422 4011 miser
3471 3954 3686 4013 futurus

362 4048 507 4107 tibus
531 4064 596 4106 ac
620 4050 814 4108 diebus
858 4052 1247 4124 ingemiscens,
1284 4070 1421 4127 rogo
1453 4056 1529 4113 uti
1560 4055 1753 4115 audire
1781 4054 1971 4127 digna-

2073 4064 2216 4115 sum,
2243 4048 2517 4119 ﬁliamque
2544 4063 2723 4105 meam
2752 4049 2830 4123 (ρ)
2869 4048 3141 4111 viventem
3188 4047 3501 4119 perditurus
3535 4065 3549 4101 :
3579 4063 3683 4120 ego

364 4153 517 4198 retur
545 4159 759 4214 precem
786 4161 982 4201 meam.

438 4234 493 4289 '5.
544 4233 708 4291 Vestis
735 4235 844 4292 Itth
870 4246 916 4293 et
944 4239 1225 4311 margarita
1251 4241 1428 4311 quanti
1454 4232 1712 4313 facienda.
1742 4268 1806 4281 α·-
1840 4239 1972 4296 Post

365 4347 508 4404 qua,
554 4332 681 4403 quia
717 4333 1001 4391 bonusiest
1021 4334 1240 4405 juvenis
1283 4342 1339 4391 et
1365 4334 1450 4406 (ά)
1492 4335 1682 4393 melius
1709 4334 1806 4395 illo
1834 4334 1968 4391 nihil

366 4431 477 4489 est,
518 4425 601 4479 ait
632 4426 786 4493 mibi,
815 4426 965 4482 Nosti
996 4426 1136 4483 hanc
1158 4438 1365 4484 vestem
1395 4435 1559 4498 atque
1587 4427 1728 4483 hanc
1752 4442 1970 4499 marga-

364 4518 548 4585 ritam,
577 4534 738 4588 quam
766 4535 797 4574 a
837 4536 923 4577 me
961 4522 1219 4594 lacrymis
1248 4535 1405 4592 rogas
1436 4521 1513 4576 uti
1552 4536 1670 4576 eam
1704 4520 1833 4576 tilia:
1863 4529 1969 4576 tua

360 4608 699 4668 concedam?
756 4615 823 4668 lit
864 4630 964 4686 ego
1007 4615 1265 4687 respondi
1322 4615 1439 4683 illi,
1483 4614 1730 4681 Domine,
1786 4614 1971 4675 auditu

362 4704 592 4775 cognovi
638 4704 706 4769 de
732 4706 884 4777 ipsis.
932 4719 987 4765 et
1030 4708 1137 4765 iidc
1170 4708 1379 4769 credidi
1416 4725 1430 4762 :
1475 4716 1532 4765 et
1568 4709 1684 4765 scio
1728 4707 1851 4780 quia
1874 4722 1974 4778 op-

364 4795 512 4853 timae
540 4806 692 4864 sunt,
725 4807 781 4853 et
808 4801 962 4855 salus
991 4815 1117 4858 vera
1172 4811 1254 4858 est
1300 4801 1401 4858 bac
1447 4809 1598 4859 veste
1632 4801 1734 4868 uti,
1785 4809 1843 4857 et
1875 4802 1974 4859 bac

363 4890 653 4957 margarita
706 4892 909 4947 ornari.
964 4892 1030 4947 Et
1083 4895 1265 4948 statim
1317 4892 1579 4949 ministris
1657 4893 1770 4947 suis
1825 4906 1968 4962 ρω-

361 4981 530 5049 cepit,
554 4991 617 5036 nt
653 4983 787 5038 mihi
818 4994 881 5039 et
908 4996 1115 5041 vestem
1159 4986 1299 5042 hanc
1327 4996 1382 5042 et
1410 4987 1754 5059 margaritam
1787 4997 1969 5041 osten-

362 5073 561 5131 derent
594 5094 608 5131 :
634 5084 690 5147 et
708 5077 995 5134 conl‘cSIim
1026 5080 1098 5134 ita
1137 5080 1218 5135 ﬁt.
1247 5084 1325 5136 Ac
1357 5090 1560 5137 vestem
1600 5082 1778 5152 primo
1808 5078 1916 5135 vidi
1954 5095 1968 5133 :

438 5216 518 5292 (a)
560 5217 618 5292 in
651 5220 1080 5292 plerisqueimss.
1107 5219 1285 5291 Apris.
1548 5253 1555 5259 -

424 5288 751 5372 (ῳειηκυηθ
770 5288 1070 5348 insecta.
1114 5288 1184 5346 ad
1212 5293 1354 5348 hunc
1382 5291 1685 5360 uidendum,
1714 5291 1844 5348 sine
1872 5291 1965 5347 at:

366 5360 645 5555 αυῗέωέὶο
667 5448 798 5488 mss.
834 5436 901 5490 At
929 5433 1081 5505 editi,
1108 5436 1163 5503 in
1184 5444 1381 5505 rerum
1408 5445 1695 5507 pwstrapts
1732 5433 1887 5502 facie.

439 5506 453 5566 (
502 5507 520 5571 )
561 5503 819 5571 Exempla
865 5510 1038 5563 sancti
1090 5506 1237 5564 Betui
1282 5506 1361 5563 de
1390 5505 1623 5563 (litura
1670 5503 1887 5562 Cenomt

561 5503 819 5574 Exempla
865 5510 1038 5563 sancti
1067 5503 1237 5564 Betui
1282 5503 1361 5563 de
1390 5503 1623 5563 (litura
1670 5503 1966 5563 Cenoman.
2062 5542 2069 5547 -

364 5573 677 5661 vitellior'itlo
706 5573 882 5661 attritus
919 5588 1058 5661 est.”

441 5643 511 5717 (ι)
552 5645 710 5729 βθάιο
758 5649 847 5713 Et.
889 5660 949 5717 et
989 5646 1112 5711 uir.
1148 5657 1360 5775 ﬁngent
1386 5643 1652 5732 habuerat.
1686 5646 1851 5720 Lips.
1882 5659 1967 5702 ex

367 5713 579 5771 Erasini
603 5721 865 5794 margine,
883 5737 980 5794 par
1005 5729 1131 5775 erat.
1201 5733 1452 5776 ovrsmma
1474 5720 1640 5777 edttto
1665 5719 1790 5776 Par.
1820 5732 1971 5794 spar-

366 5799 639 5862 ἕ¹¹¹¹³.⁶νατ·
662 5788 953 5857 Βέεοθηέιίε
986 5806 1093 5855 ωδ·
1130 5800 1487 5862 nimim
1502 5799 1768 5850 nouunt.
1812 5788 1968 5844 Otto-

370 5854 582 5930 bonius,
609 5864 827 5943 sparti)»
860 5854 999 5933 erat.
1344 5854 1600 5941 Hilarius,
1657 5867 1974 5923 monstratas

2077 4150 2298 4214 propter
2354 4142 2495 4198 hanc
2550 4150 2758 4199 vestem
2824 4150 2882 4198 et
2933 4144 3287 4212 margaritam
3336 4140 3679 4213 peregrinari

2080 4237 2224 4292 volo.
2261 4234 2402 4303 Scis,
2428 4235 2680 4299 Domine,
2710 4235 2833 4306 quia
2856 4235 2957 4290 tibi
2978 4249 3086 4291 non
3112 4233 3365 4290 mentior.
3610 4242 3619 4249 ‘

2146 4330 2308 4406 527
2347 4330 2401 4387 5-
2444 4328 2641 4385 Ηὶιανὶἱ
2679 4329 2805 4399 ﬁlim
2834 4329 3227 4399 promittuntur,
3260 4328 3413 4393 modo
3441 4343 3574 4385 vana
3598 4345 3687 4385 or-

2076 4435 2317 4479 namenta
2344 4423 2576 4496 abjiciat.
2604 4452 2676 4467 --
2698 4423 2825 4483 Post
2842 4439 3007 4493 quam
3031 4437 3218 4481 vocem
3243 4439 3425 4487 meam
3449 4424 3679 4494 audivit,

2072 4519 2229 4592 jubet
2256 4532 2344 4573 me
2374 4518 2592 4586 levare;
2622 4525 2680 4572 et
2699 4517 2777 4571 ait
2807 4514 2960 4581 mihi,
2995 4524 3282 4571 moverunt
3306 4531 3393 4570 me
3412 4531 3609 4586 preces
3628 4525 3686 4572 et

2080 4611 2334 4685 lacrymm
2355 4620 2479 4683 tuac,
2496 4621 2549 4666 et
2573 4609 2713 4665 bene
2740 4618 2824 4665 est
2853 4608 2996 4681 quod
3014 4606 3117 4664 hoc
3140 4607 3444 4664 credidisti.
3465 4609 3535 4669 Et
3562 4608 3688 4680 quia

2078 4704 2282 4771 dixisti,
2304 4712 2360 4758 te
2381 4717 2478 4774 pro
2507 4702 2608 4758 hac
2633 4703 2919 4773 margarita
2950 4704 3119 4773 ipsam
3149 4699 3314 4773 vitam
3346 4711 3505 4773 tuam
3547 4701 3689 4761 velle

2080 4796 2418 4868 impendere,
2452 4811 2555 4852 non
2588 4810 2808 4866 possum
2834 4810 2953 4851 eam
2991 4796 3084 4850 tibi
3131 4810 3326 4867 negare
3357 4814 3372 4851 :
3402 4797 3506 4853 sed
3545 4797 3688 4865 scire

2081 4888 2251 4947 debes
2281 4892 2615 4965 propositum
2639 4897 2695 4945 et
2721 4889 3051 4945 voluntatem
3074 4904 3275 4945 meam.
3302 4889 3499 4957 Vestis,
3522 4905 3685 4961 quam

2080 4996 2181 5051 ego
2209 4982 2434 5051 dedero,
2471 4982 2590 5038 talis
2630 4989 2735 5049 est,
2788 4993 2851 5039 ut
2900 4983 2980 5056 (Ii)
3010 4982 3057 5043 si
3095 4984 3215 5057 quis
3265 4982 3498 5047 voluerit
3536 4992 3689 5042 veste

2079 5075 2185 5129 siis
2220 5075 2470 5130 colorata
2514 5083 2572 5137 et
2596 5076 2774 5137 serica
2800 5084 2856 5130 et
2878 5082 3070 5133 aurata
3124 5077 3225 5141 uti,
3270 5084 3476 5134 vestem
3501 5092 3685 5134 meam

1997 5217 2375 5282 Dsibisestis
2425 5215 2707 5273 subtilitati
2754 5228 3131 5296 comparatum
3178 5222 3414 5296 sericam
3459 5241 3685 5296 prorsus

2348 5303 2500 5353 esse,
2538 5290 2891 5360 agnoscit.

2075 5362 2215 5431 olim
2232 5359 2450 5431 liebant.

2199 5430 2217 5501 )
2254 5430 2427 5495 Edili,
2457 5430 2732 5493 obnoxium
2758 5447 2778 5487 :
2805 5432 3161 5490 Metitur
3180 5450 3245 5489 ex
3274 5452 3406 5493 mss.

2199 5433 2217 5501 )
2254 5433 2427 5495 Edili,
2457 5433 2732 5493 obnoxium
2758 5447 2778 5487 :
2805 5433 3161 5490 «Metitur
3180 5450 3245 5489 ex
3274 5452 3406 5493 mss.

2142 5433 2226 5573 yg)
2265 5503 2322 5563 In
2350 5518 2456 5563 uno
2476 5518 2583 5569 (us.
2613 5502 2765 5573 Colb.
2774 5505 3036 5573 juvenem,
3070 5521 3176 5559 non
3203 5507 3468 5564 viventem.

2152 5572 2231 5645 (It)
2272 5574 2423 5629 Alter
2452 5590 2482 5628 e
2515 5587 2644 5627 mss.
2678 5572 2833 5646 Colb.
2861 5590 2985 5630 cum
3033 5576 3359 5646 Boheriauo,
3413 5581 3595 5638 Ottob.
3630 5592 3687 5639 et

1231 5657 1360 5727 rtem
1386 5640 1851 5727 habuergt._Lips.
1882 5659 1967 5702 ex
2066 5640 2336 5725 neum,
2357 5645 2403 5711 si
2421 5658 2525 5721 ῃιφ
2561 5645 2739 5727 suetis
2752 5654 2869 5727 iet
2894 5658 3027 5717 non
3052 5647 3206 5727 sque
3226 5640 3420 5727 ριιρι).
3452 5654 3507 5727 in
3551 5663 3685 5727 ueste

2080 5732 2193 5800 mea
2210 5714 2336 5800 ’ἀερὶ
2363 5714 2499 5800 nim;
2517 5714 2698 5800 possit.
2730 5714 2868 5799 ’.Ηαο
2896 5714 3123 5800 "spectat
3150 5714 3278 5775 illud
3325 5720 3580 5794 Cypriani
3599 5725 3678 5800 de

2082 5786 2305 5867 Discin
2315 5796 2387 5867 ρι,
2404 5786 2601 5867 ﬂabit}!
2620 5786 2909 5867 viminalis.
3191 5800 3256 5867 ,ᾳ
3276 5786 3568 5867 minutam
3592 5797 3677 5851 ίη-

2081 5852 2245 5928 dutae,
2264 5852 2526 5934 Christum
2550 5852 2769 5935 induere
2790 5852 3161 5932 attingunt;
3175 5852 3677 5940 .Sic'Hi‘éronymus,
