4270 6264
654 411 756 471 551

1861 403 2107 464 SANCTI
2149 402 2406 462 lllLARll
2447 401 2754 462 EPISCOPI

3853 405 3961 462 55:2

651 543 848 598 capere
878 543 982 584 non
1015 527 1206 597 possit.
1239 523 1344 582 Sed
1377 523 1454 579 illi
1497 522 1638 579 dabo
1664 536 1808 588 eam,
1855 538 1976 593 qua:
2001 530 2252 577 contenta
2280 521 2331 581 Α
2357 516 2498 572 fert:
2523 516 2636 587 Ego
2654 525 2856 572 vestem
2879 516 3404 588 alteramexspecto,
3431 524 3653 588 propter
3672 531 3835 588 quam
3862 532 3960 586 pa-

653 623 745 688 sit,
780 637 884 676 non
914 622 1087 676 serico
1118 619 1324 684 habitu,
1357 616 1452 672 sed
1508 615 1584 689 (a)
1628 616 1822 671 nativis
1870 614 2143 670 coloribus
2195 622 2251 668 et

653 711 1026 781 insumptuoso
1055 717 1204 766 textu
1227 708 1415 769 vestiri
1449 727 1461 762 :
1505 709 1579 763 ita
1621 717 1679 763 ut
1709 715 1932 779 propter
1960 714 2250 761 consuetu-

652 805 856 871 dinem,
902 819 1192 875 purpuram
1237 801 1312 876 (b)
1359 811 1738 876 perangustam
1777 800 1946 858 vestis
1995 800 2190 856 habeat
2231 815 2244 853 :

651 912 761 953 non
787 874 951 953 etiam
1001 874 1505 968 purpuravipsa'(c)
1547 894 1877 951 dill‘undatur
1918 895 1969 949 in
2017 903 2242 948 vestem.

649 989 932 1061 Margarita
958 1006 1106 1055 vero,
1138 1006 1297 1062 quam
1318 1006 1349 1046 a
1380 1006 1465 1046 me
1492 989 1650 1060 petis,
1682 997 1887 1045 natura:
1917 987 2036 1058 ejus
2057 995 2159 1054 est,
2189 995 2248 1041 ut

649 1083 850 1140 habere
887 1099 1007 1139 eam
1043 1099 1203 1140 nemo
1231 1085 1423 1155 possit,
1467 1083 1558 1155 qui
1591 1084 1933 1155 margaritam
1967 1082 2124 1137 aliam
2157 1081 2249 1136 ha-

647 1176 825 1233 buerit
859 1193 873 1231 :
902 1177 1026 1249 quia
1090 1177 1212 1233 alite
1265 1178 1566 1248 margaritae
1617 1184 1709 1231 aut
1758 1176 1826 1232 de
1862 1185 2003 1232 terra
2047 1182 2140 1231 aut
2177 1173 2248 1231 de

646 1269 783 1325 mari
808 1279 966 1336 sunt;
1000 1284 1119 1326 mea
1141 1279 1345 1336 autem,
1377 1279 1436 1324 ut
1477 1269 1594 1340 ipse
1635 1277 1692 1324 tu
1719 1267 1891 1336 vides,
1921 1267 2164 1338 speciosa
2190 1275 2246 1323 et

645 1365 880 1434 pretiosa
908 1374 1012 1429 est,
1044 1361 1485 1434 incomparabilis
1514 1370 1568 1417 et
1605 1361 1843 1418 caelestis
1888 1370 1990 1426 est,
2033 1375 2132 1416 nec
2157 1359 2243 1414 di-

643 1465 837 1528 gnatur
865 1455 936 1511 ibi
962 1471 1084 1512 esse
1111 1455 1203 1511 ubi
1245 1454 1362 1510 alia:
1392 1462 1541 1508 sunt.
1569 1453 1689 1509 Non
1720 1454 1864 1509 enim
1904 1453 2067 1508 rebus
2107 1451 2243 1508 meis

641 1551 893 1607 convenit
918 1566 1040 1606 cum
1066 1551 1231 1607 rebus
1260 1548 1495 1606 hominis
1523 1567 1536 1602 :
1560 1550 1682 1620 quia
1715 1547 1806 1618 qui
1846 1555 1996 1603 veste
2023 1561 2142 1602 mea
2187 1554 2244 1602 et

636 1644 926 1716 margarita
953 1646 1138 1710 utitur,
1173 1644 1227 1697 iu
1275 1651 1536 1698 arternum
1565 1655 1728 1696 sanus
1757 1649 1875 1706 est;
1929 1654 2037 1694 non
2087 1637 2238 1694 febre

638 1737 958 1802 exardescit,
989 1751 1096 1792 non
1131 1735 1341 1791 vulneri
1371 1744 1537 1805 patet,
1572 1749 1680 1788 non
1717 1734 1875 1788 annis
1902 1731 2236 1798 demutatur,

637 1843 744 1884 non
783 1837 958 1884 morte
977 1829 1328 1892 dissolvitur;
1360 1826 1440 1898 (ά)
1495 1826 1720 1897 aequalis
1745 1826 1892 1880 enim
1941 1839 2157 1894 semper
2184 1831 2240 1878 et

2356 620 2439 665 ter
2465 626 2617 666 meus
2657 625 2687 662 a
2735 626 2822 665 me
2869 620 2974 665 tam
3024 609 3113 665 diu
3161 611 3560 681 peregrinatur,
3613 625 3775 681 quam
3825 607 3957 664 mihi

2351 703 2564 773 quaerit,
2598 717 2758 773 quam
2790 717 2895 757 non
2928 718 3146 774 possum
3190 702 3392 761 habere
3435 703 3482 760 si
3529 703 3668 758 hanc
3697 703 3958 760 habuero.

2352 795 2563 851 Sullieit
2591 795 2720 851 mihi
2743 796 2864 851 lana
2885 796 3000 852 ovis
3031 812 3186 864 meae,
3218 797 3417 852 sufficit
3455 797 3586 854 mihi
3609 798 3760 854 color
3791 813 3954 868 quem

2351 901 2540 946 natura
2580 892 2779 958 attulit,
2828 890 3027 946 sufficit
3079 892 3212 947 mihi
3262 901 3439 948 textus
3490 894 3898 962 insumptuosus
3939 909 3954 948 :

2351 992 2607 1040 caeterum
2652 994 2858 1040 vestem
2899 985 3048 1041 illam
3099 985 3380 1053 desidero,
3430 1003 3552 1057 quae
3599 986 3798 1042 dicitur
3846 1002 3955 1043 non

2350 1079 2582 1145 absumi,
2617 1096 2724 1134 non
2759 1081 2915 1136 atteri
2944 1123 2958 1148 ,
3009 1096 3115 1136 non
3144 1081 3339 1136 scindi.
3366 1083 3436 1136 At
3456 1097 3585 1138 vero
3611 1082 3658 1137 si
3689 1081 3784 1138 tibi
3816 1097 3957 1138 mar-

2348 1173 2520 1244 garita
2551 1171 2809 1229 offeratur
2854 1183 2943 1230 aut
2995 1175 3376 1245 suspendenda
3423 1177 3588 1242 collo,
3638 1185 3733 1232 aut
3787 1177 3954 1248 digito

2349 1265 2675 1336 coaptanda,
2706 1266 2854 1322 dices
2883 1265 2978 1335 ita,
3004 1265 3122 1322 Non
3145 1267 3278 1322 mihi
3307 1267 3698 1338 impedimento
3716 1268 3953 1326 sintistae

2348 1359 2568 1415 inutiles
2607 1367 2660 1416 et
2699 1359 2938 1416 sordidae
2979 1361 3284 1432 margaritae
3319 1381 3331 1415 :
3361 1362 3455 1418 sed
3495 1373 3752 1432 exSpecto
3804 1363 3952 1421 illam

2347 1453 2816 1522 pretiosissimam,
2845 1452 3263 1523 pulcherrimam
3302 1463 3357 1510 ct
3382 1454 3742 1510 utilissimam.
3774 1454 3950 1513 Credo

2347 1544 2487 1614 patri
2519 1560 2664 1614 meo,
2694 1547 2816 1618 quia
2836 1555 2890 1601 et
2919 1546 2995 1618 (It)
3023 1547 3112 1602 ille
3138 1548 3212 1615 ei,
3239 1547 3327 1618 qui
3349 1547 3486 1603 hanc
3511 1547 3798 1619 spopondit
3819 1548 3943 1617 sibi,

2343 1635 2595 1702 credidit,
2616 1651 2839 1707 propter
2867 1653 3028 1708 quam
3048 1637 3176 1692 mihi
3200 1639 3523 1709 significavit
3544 1654 3604 1695 se
3628 1639 3786 1695 etiam
3811 1639 3950 1695 mori

2343 1730 2484 1785 velle
2512 1748 2525 1784 :
2557 1730 2696 1787 hanc
2721 1741 3000 1803 exspecto,
3035 1731 3171 1788 hanc
3199 1732 3612 1806 desidero,qu:e
3635 1733 3768 1789 mihi
3814 1751 3949 1805 pran-

2341 1823 2507 1879 stabit
2533 1826 2760 1880 salutem
2792 1837 2846 1882 et
2873 1829 3257 1883 aeternitatem.

633 1933 866 1980 :eternus
896 1931 998 1979 est.
1029 1922 1143 1994 Ego
1174 1930 1352 1976 tamen
1375 1921 1515 1974 hanc
1547 1927 1750 1974 vestem
1769 1926 1828 1973 et
1853 1917 1990 1973 hanc
2017 1931 2235 1986 marga-
2265 1921 2315 1982 B
2414 1917 2463 1972 7.
2508 1916 2662 1972 Filia:
2681 1929 2940 1988 exspectat
2970 1921 3297 1984 rescriptum.
3331 1918 3568 1990 Hymnus
3594 1923 3874 1977 matutinus
3895 1932 3946 1979 et

631 2019 791 2073 ritam
819 2032 991 2073 meam
1017 2016 1219 2087 petenti
1251 2013 1346 2069 tibi
1375 2012 1538 2079 dabo,
1571 2022 1630 2066 ut
1655 2025 1776 2066 eam
1818 2009 1944 2064 filiae
1981 2019 2084 2064 tuae
2115 2023 2235 2078 per-

630 2108 792 2166 feras.
826 2109 935 2167 Sed
967 2110 1115 2180 prius
1141 2107 1281 2163 scire
1311 2105 1477 2162 debes
1506 2104 1634 2175 quid
1681 2103 1812 2159 velit
1855 2102 1967 2157 filia
2013 2111 2123 2157 tua.
2174 2101 2230 2158 Si

625 2217 686 2258 se
713 2201 872 2272 hujus
903 2204 1069 2258 vestis
1096 2209 1151 2256 et
1178 2199 1484 2271 margaritae
1513 2212 1650 2253 mea:
1690 2197 1907 2267 dignam
1955 2195 2137 2260 faciat,
2177 2193 2231 2248 id

627 2302 732 2360 est,
779 2295 824 2350 si
871 2303 1050 2350 vestes
1079 2293 1283 2348 sericas
1327 2301 1382 2347 et
1425 2299 1642 2345 auratas
1673 2297 1729 2344 et
1767 2287 1993 2343 infectas
2029 2287 2230 2343 habere

628 2387 880 2453 noluerit,
913 2389 958 2442 si
984 2400 1201 2442 omnem
1230 2383 1579 2455 margaritam
1607 2383 1829 2437 alteram
1852 2379 2067 2446 oderit;
2101 2388 2230 2434 tunc

624 2479 742 2538 haec
767 2497 886 2552 qua:
919 2496 1006 2537 me
1031 2495 1189 2552 rogas
1217 2479 1313 2534 tibi
1339 2477 1627 2549 praestabo.

698 2575 752 2631 6.
774 2573 968 2631 Filiam
980 2577 1214 2631 hortatur
1228 2583 1281 2628 ut
1301 2573 1540 2629 modestis
1562 2583 1734 2628 utatur
1747 2573 1987 2628 vestibus.
2011 2602 2081 2614 ——
2099 2570 2230 2627 Post

625 2681 786 2737 quam
801 2682 1012 2733 vocem,
1033 2667 1164 2735 filia,
1185 2666 1340 2722 laetus
1365 2681 1617 2738 exsurgo,
1641 2675 1697 2722 et
1715 2675 1984 2722 secretum
2007 2665 2113 2720 hoc
2133 2664 2228 2720 ha-

625 2758 780 2825 bens,
813 2759 954 2816 hanc
979 2760 1046 2816 ad
1070 2769 1122 2816 te
1149 2759 1433 2831 epistolam
1460 2759 1562 2816 feci
1594 2777 1607 2814 :
1636 2776 1836 2832 rogans
1881 2770 1935 2816 te
1964 2775 2061 2832 per
2093 2760 2228 2815 mul-

629 2860 710 2906 tas
745 2850 1013 2923 lacrymas
1055 2868 1225 2918 meas,
1284 2860 1342 2907 ut
1372 2862 1424 2909 te
1470 2852 1596 2908 huic
1642 2854 1777 2908 vesti
1825 2863 1881 2908 et
1925 2853 2228 2922 margaritae

621 2957 897 3011 reserves,
925 2960 1100 3016 neque
1123 2928 1384 3001 miserum
1400 2960 1585 3001 senem
1614 2945 1705 2998 tali
1734 2944 1932 3000 damno
1949 2951 2040 2998 tuo
2057 2942 2129 3015 (ε)
2149 2943 2226 2999 fa-

623 3037 757 3102 cias,
806 3037 853 3092 si
883 3037 1023 3093 hanc
1052 3046 1264 3094 vestem
1291 3049 1346 3092 et
1366 3036 1505 3093 hanc
1544 3037 1891 3108 margaritam
1932 3035 2096 3110 528
2117 3051 2224 3092 non

621 3127 896 3186 habueris.
927 3131 1121 3187 Testor
1147 3130 1216 3204 (Γ)
1244 3140 1424 3188 autem
1453 3131 1583 3196 tibi,
1635 3130 1765 3198 filia,
1807 3132 1979 3188 Deum
2021 3131 2142 3188 εωιί
2169 3141 2224 3187 ει

624 3229 806 3290 terrm,
838 3223 963 3294 quia
988 3223 1124 3279 nihil
1151 3223 1252 3280 hac
1276 3233 1426 3280 veste
1462 3235 1625 3294 atque
1653 3224 1751 3279 hac
1783 3226 2074 3295 margarita
2100 3240 2222 3296 pre-

2334 2012 2608 2066 serotinus.
2637 2013 2787 2066 Abra:
2813 2013 3235 2085 match—Ergo,
3273 2014 3398 2080 lilia,
3431 2014 3656 2070 subveni
3683 2017 3949 2072 sollicitu-

2333 2103 2444 2158 dini
2468 2119 2623 2171 mete,
2654 2115 2708 2160 ct
2729 2105 2868 2160 hanc
2896 2107 3182 2176 epistolam
3225 2121 3400 2161 meam
3453 2121 3671 2177 semper
3718 2109 3856 2179 lege,
3889 2121 3943 2165 et

2333 2197 2459 2255 huic
2482 2199 2615 2255 vesti
2640 2205 2697 2254 et
2724 2198 3029 2270 margaritae
3059 2208 3112 2255 te
3143 2213 3385 2255 reserva.
3433 2200 3504 2255 Et
3547 2201 3662 2270 ipsa
3694 2211 3748 2256 tu
3779 2201 3935 2270 mihi,

2331 2291 2536 2347 nullum
2563 2293 2921 2364 interrogans,
2953 2293 3281 2362 quibuslibet
3323 2302 3474 2362 potes
3523 2293 3718 2350 litteris
3746 2296 3943 2351 rescri-

2331 2383 2419 2450 be,
2450 2395 2631 2438 utrum
2682 2386 2819 2439 vesti
2851 2383 2976 2440 huic
3002 2394 3056 2439 et
3103 2387 3408 2456 margaritae
3465 2394 3516 2441 te
3563 2401 3830 2455 reserves,
3881 2395 3943 2442 nt

2329 2478 2499 2534 sciam
2525 2478 2653 2550 quid
2678 2479 2866 2549 juveni
2896 2477 2974 2532 illi
2999 2478 3354 2548 respondeam
3389 2496 3402 2532 :
3432 2488 3489 2535 et
3516 2490 3572 2534 ut
3599 2481 3642 2534 si
3667 2479 3812 2535 illam
3845 2479 3940 2536 de-

2329 2572 2565 2636 sideras,
2595 2573 2641 2627 si
2672 2580 2979 2642 exspectas,
3038 2571 3194 2626 laetus
3227 2571 3430 2640 possim
3482 2571 3549 2626 ad
3598 2579 3651 2627 te
3703 2572 3938 2628 reditum

2329 2667 2586 2736 cogitare.
2617 2664 2752 2720 Cum
2787 2675 2964 2719 autem
3007 2664 3138 2718 tnihi
3171 2664 3516 2735 rescripseris
3540 2707 3554 2731 ,
3607 2673 3732 2720 tunc
3759 2666 3855 2720 tibi
3883 2676 3938 2721 ct

2329 2774 2429 2831 ego
2459 2759 2581 2830 quis
2609 2759 2671 2812 sit
2709 2757 2794 2813 hic
2819 2757 3056 2827 juvenis,
3083 2763 3138 2811 et
3159 2757 3335 2827 qualis
3356 2757 3446 2822 sit,
3469 2757 3671 2826 etquid
3701 2756 3853 2824 velit,
3882 2765 3940 2812 et

2328 2855 2458 2925 quid
2487 2855 2782 2924 promittat,
2809 2861 2864 2907 et
2891 2851 3018 2922 quid
3043 2851 3234 2922 possit,
3270 2850 3534 2906 indicabo.
3579 2849 3797 2905 Interim
3837 2848 3937 2906 tibi

2330 2947 2586 3019 hymnum
2631 2945 2955 3000 matutinum
2999 2953 3055 2998 et
3081 2944 3379 3000 serotinum
3435 2942 3575 3010 misi,
3631 2951 3691 2998 ut
3727 2959 3939 2999 memor

2328 3041 2430 3095 mei
2462 3054 2678 3108 semper
2705 3038 2799 3092 sis.
2840 3036 2920 3092 Tu
2949 3051 3079 3093 vero
3117 3038 3162 3091 si
3221 3037 3400 3092 minus
3427 3052 3522 3106 per
3545 3045 3756 3092 aetatem
3785 3036 3942 3107 hym-

2329 3149 2455 3189 num
2503 3141 2560 3187 et
2602 3131 2888 3202 epistolam
2941 3131 3279 3187 intellexeris
3310 3173 3324 3196 ,
3380 3132 3650 3201 interroga
3706 3140 3938 3188 matrem

2328 3234 2497 3290 tuam,
2530 3241 2651 3296 qua:
2691 3232 2842 3294 optat
2872 3234 2925 3278 ut
2955 3234 3006 3280 te
3059 3223 3301 3279 moribus
3345 3223 3458 3278 suis
3497 3223 3753 3294 genuerit
3799 3224 3934 3280 Deo.

621 3315 814 3370 tiosius
860 3324 972 3382 est;
1022 3324 1077 3372 et
1127 3316 1203 3371 tui
1247 3316 1387 3387 juris
1414 3325 1518 3384 est,
1564 3323 1625 3371 ut
1677 3317 1815 3372 hanc
1862 3315 2083 3373 habeas.
2136 3316 2216 3372 Tu
2248 3303 2293 3367 C
2325 3318 2469 3374 Deus
2503 3317 2596 3388 qui
2655 3327 2704 3372 te
2746 3315 2955 3387 genuit,
3013 3315 3100 3371 hic
3150 3325 3204 3372 et
3259 3316 3312 3372 in
3357 3327 3623 3372 aeternum
3667 3317 3939 3374 custodiat

620 3405 807 3474 modo,
839 3407 917 3478 (g)
951 3407 995 3464 si
1027 3407 1242 3479 quando
1273 3407 1372 3463 tibi
1396 3408 1559 3464 vestis
1585 3407 1689 3462 alia
1718 3407 1994 3475 aﬂ‘eratur,
2015 3408 2105 3464 vel
2132 3423 2218 3464 se-

619 3498 753 3566 rica,
782 3499 870 3555 vel
895 3499 1112 3568 infecta,
1149 3499 1233 3557 vel
1258 3500 1536 3568 deaurata,
1577 3499 1743 3555 dicito
1793 3501 1842 3556 ei
1878 3501 1966 3571 qui
1995 3501 2110 3571 tibi,
2137 3502 2222 3557 of-

619 3614 781 3686 epist.
813 3629 887 3668 vn
913 3614 980 3670 ad
1007 3613 1232 3678 Laatam,
1257 3614 1347 3670 ubi
1371 3614 1609 3686 narravit
1631 3628 1765 3685 quas
1793 3629 1984 3686 poenas
2006 3614 2216 3671 dederit

620 3685 942 3756 Prtetextata
964 3687 1322 3748 nobilissima,
1367 3685 1510 3756 quod
1542 3687 1659 3740 viro
1693 3685 1945 3756 Hymetio
1989 3687 2218 3756 jubente

625 3755 891 3813 filiasDeo
921 3771 1252 3814 consecrata:
1295 3755 1535 3811 habitum
1580 3755 1893 3827 cultumque
1934 3767 2217 3824 mutasset,

617 3827 890 3900 concludit
924 3849 937 3885 :
969 3828 1061 3886 Sic
1082 3829 1345 3884 ulciscitur
1369 3827 1602 3883 Christus
1627 3828 1898 3884 violatores
1922 3830 2094 3900 templi
2115 3831 2218 3894 sui,

615 3899 690 3954 sic
713 3915 940 3970 gemmas
961 3911 1008 3954 et
1039 3900 1407 3970 pretiosissima
1427 3911 1728 3954 ornamenta
1756 3900 2005 3971 defendit.
2064 3901 2218 3969 Quod

616 3980 811 4042 autem
827 3971 901 4025 ibi
931 3972 998 4027 de
1023 3971 1284 4042 virginum
1329 3971 1472 4026 cultu
1515 3972 1693 4035 habet,
1725 3973 1959 4027 maxime
2003 3988 2133 4027 vero
2161 3974 2224 4026 il-

616 4039 731 4106 lud,
761 4039 960 4096 Habeat
998 4039 1131 4096 alias
1186 4043 1513 4113 margaritas,
1563 4042 1744 4113 quibus
1785 4052 1960 4113 postea
1999 4044 2218 4098 venditis

615 4122 852 4181 entptura
881 4123 954 4184 est
983 4115 1405 4184 pretiosissimum
1432 4114 1795 4184 margaritum,
1846 4114 1984 4169 haud
2016 4114 2220 4171 medio-

617 4184 784 4254 criter
805 4183 1092 4240 conﬁrmat
1117 4185 1256 4240 hanc
1278 4183 1560 4254 epistolam
1592 4185 1781 4239 Hilarii
1814 4193 2028 4242 aetatem
2059 4186 2221 4242 redo-

616 4253 752 4321 lere,
812 4270 989 4327 neque
1043 4255 1214 4326 ipsius
1241 4253 1386 4327 stylo
1431 4271 1555 4313 esse
1598 4257 1892 4327 indignam.
1948 4256 2011 4312 V.
2057 4265 2211 4314 tract.

616 4272 752 4321 tere,
812 4272 989 4338 neque
1043 4272 1214 4326 ipsms
1241 4272 1340 4383 sth

613 4341 696 4396 ps.
727 4341 911 4394 cxvm,
937 4329 1013 4382 lit.
1041 4327 1130 4394 l6,
1157 4345 1211 4382 n.
1251 4329 1278 4382 1
1327 4369 1340 4382 .

684 4397 760 4468 (a)
799 4397 1018 4453 Nativos
1045 4398 1324 4454 habitunm
1348 4399 1560 4455 colores
1587 4398 1988 4466 commendant,
2021 4409 2076 4456 et
2096 4409 2214 4456 arte

613 4469 870 4538 quaesitos
893 4470 1151 4524 damnant
1175 4471 1338 4526 etiam
1366 4471 1456 4525 alii
1478 4469 1686 4526 Patres.
1717 4469 1897 4538 Neque
1928 4471 2086 4536 enim,
2133 4471 2215 4527 in-

614 4541 728 4613 quit
751 4537 1050 4612 Cyprianus
1078 4541 1146 4597 de
1173 4542 1392 4612 Discipl.
1424 4551 1480 4597 et
1516 4542 1713 4597 Habitu
1742 4537 1880 4613 virg.
1923 4541 2062 4596 Deus
2099 4559 2215 4597 coc-

611 4612 781 4666 citteas
811 4622 896 4666 aut
927 4629 1210 4684 purpureas
1235 4630 1349 4668 oves
1375 4613 1519 4684 fecit,
1546 4622 1632 4666 aut
1670 4612 1940 4668 herbarum
1969 4614 2137 4668 succis
2166 4622 2215 4668 et

614 4684 895 4756 conchyliis
923 4683 1118 4756 tingere
1147 4694 1192 4738 et
1211 4686 1451 4756 colorare
1504 4683 1650 4756 lanas
1701 4685 1894 4756 docuit.
1944 4684 2098 4752 Quod
2145 4700 2211 4741 ex

612 4752 972 4821 Tertu'lliano,
1001 4752 1096 4812 lib.
1126 4771 1165 4810 ιι
1189 4755 1259 4810 de
1303 4755 1460 4810 Cultu
1497 4754 1683 4809 fcmin.
1720 4772 1772 4810 η.
1812 4755 1901 4824 10,
1944 4758 2216 4825 expressit

609 4822 932 4879 Cvnrianus.

729 4841 932 4881 nanus.

654 4841 932 4972 γᾶςιόἒὲἓί
953 4915 1236 4971 purpuram
1276 4915 1366 4970 per
1393 4907 1663 4968 augustam
1707 4898 1880 4972 vestis.
1935 4895 2211 4954 Editiones

608 4968 750 5036 aliae,
778 4968 1086 5041 purpuream
1113 4987 1203 5043 per
1224 4968 1465 5043 augustas
1503 4979 1680 5043 vestes.
1707 4969 1823 5023 Duo
1851 4983 1982 5024 mss.
2013 4985 2210 5041 purpu-

609 5057 721 5094 ram
741 5057 832 5110 per
851 5053 1091 5112 angustas
1116 5041 1293 5096 vestes.
1327 5041 1514 5096 Melius
1535 5042 1647 5107 alii,
1697 5053 2062 5110 perangustum
2101 5057 2208 5095 ves-

607 5113 674 5167 tis
697 5127 716 5167 :
743 5112 810 5166 ad
838 5113 1238 5169 distinctionem
1259 5113 1376 5168 scil.
1402 5113 1599 5166 tutioris
1628 5127 1891 5183 purpuras,
1921 5112 2074 5182 cujus
2095 5127 2212 5168 me-

609 5184 766 5238 minit
792 5183 1176 5254 Tertullianus,
1206 5185 1274 5240 de
1303 5184 1472 5240 Pallio
1499 5199 1645 5238 num.
1677 5188 1727 5250 t,
1763 5183 1906 5254 unde
1925 5193 2009 5240 est
2038 5184 2210 5238 clavus

610 5254 745 5309 latus
772 5257 842 5312 ab
871 5257 1062 5313 eodem
1093 5252 1448 5321 memoratus,
1481 5272 1535 5310 n.
1569 5255 1638 5311 15
1657 5255 1726 5312 de
1753 5252 1990 5312 Corona.
2024 5255 2210 5311 lliero-

2323 3425 2472 3486 Opto,
2500 3413 2605 3472 lilia
2633 3411 3114 3468 desideratissima.

2319 3628 2514 3686 nymus
2549 3627 2700 3678 vero,
2731 3611 2892 3686 epist.
2914 3611 3014 3686 22,
3059 3612 3124 3668 ad
3157 3611 3506 3670 Eustochium
3558 3612 3853 3686 depingcus
3881 3607 3938 3672 ει

2321 3684 2554 3756 carpens
2592 3684 2846 3754 quasdam
2874 3684 3134 3756 virgines,
3164 3701 3284 3755 qua:
3305 3687 3354 3738 in
3387 3687 3604 3755 publico
3627 3684 3939 3743 notabiliter

2324 3755 2670 3820 incedebant,
2699 3757 2839 3810 inter
2864 3755 2969 3826 alia
3000 3757 3094 3821 ait,
3122 3772 3353 3826 purpura
3383 3766 3582 3811 tantum
3612 3759 3664 3811 in
3698 3769 3831 3814 veste
3862 3770 3938 3813 te-

2327 3830 2463 3901 nuis.
2494 3825 2997 3901 Nonniliiluconfert
3025 3825 3329 3901 hic'llilarii
3373 3828 3523 3884 locus
3550 3829 3618 3885 ad
3643 3831 3938 3901 exploran-

2325 3900 2448 3954 dam
2471 3899 2684 3970 generis
2722 3897 2872 3953 illitts
2912 3898 3271 3955 nobilitatem.

2403 3969 2681 4042 (c)7Editi,
2735 3969 3052 4040 defuudatur
3108 3970 3162 4024 in
3211 3979 3342 4024 veste

2327 4042 2564 4108 scriptis.
3717 4102 3726 4106 _

2396 4113 2478 4184 (ά)
2520 4113 2596 4186 Ita
2627 4126 2819 4186 omnes
2847 4110 2960 4168 fere
2989 4126 3120 4186 mss.
3149 4113 3293 4169 Editi
3333 4131 3485 4181 vero,
3535 4116 3747 4186 (aqualis
3785 4124 3941 4170 teter-

2321 4183 2418 4238 nis.
2452 4183 2635 4240 Codex
2661 4183 2840 4254 ()ttob.
2881 4185 3097 4254 (aqualis
3125 4187 3261 4239 enim
3286 4197 3366 4241 est
3395 4189 3549 4242 vestis
3574 4183 3686 4241 mea
3713 4197 3758 4240 et
3779 4199 3933 4241 reter-

2320 4271 2388 4308 na
2419 4271 2437 4328 .'
2464 4265 2517 4311 et
2569 4253 2732 4324 paulo
2781 4253 3032 4311 antenon
3071 4256 3283 4312 vulnera
3313 4259 3529 4328 patitur,
3561 4273 3658 4328 pro
3685 4275 3784 4313 non
3810 4259 3932 4313 vul-

2321 4327 2434 4380 neri
2470 4335 2628 4396 patet.

2389 4403 2458 4530 se)
2500 4405 2786 4461 Beccensis
2832 4405 3044 4472 codex,
3106 4407 3324 4479 efﬁcias.
3376 4406 3599 4464 Cenom.
3659 4409 3927 4474 conficias.

2389 4478 2652 4530 iterialtus
2705 4485 2762 4530 et
2806 4478 3012 4530 aliquot
3067 4478 3183 4530 alii.
3236 4495 3399 4530 neque
3447 4481 3632 4530 misero
3677 4481 3787 4530 seni
3827 4481 3927 4530 tale

2317 4475 2652 4533 Bolterianus
2705 4485 2762 4532 et
2806 4478 3012 4547 aliquot
3067 4475 3183 4540 alii.
3236 4495 3399 4548 neque
3447 4481 3632 4534 misero
3677 4481 3787 4533 seni
3827 4481 3933 4535 tale

2317 4548 2727 4621 damnumtuum
2750 4547 2934 4617 facias.
2969 4548 3117 4604 Unus
3154 4547 3322 4621 Colb.
3366 4567 3524 4621 neque
3578 4553 3819 4604 miserum
3849 4567 3934 4605 se-

2317 4635 2431 4674 men
2487 4620 2579 4674 tali
2622 4620 2810 4674 damno
2847 4631 2933 4673 tua
2976 4629 3023 4673 te
3074 4621 3257 4690 facias.
3301 4620 3401 4677 Cui
3443 4620 3930 4681 Consolatithrm.

2318 4691 2419 4745 nisi
2449 4690 2592 4762 quod
2624 4691 2690 4746 ab
2720 4705 2786 4746 eo
2813 4690 2968 4745 abest
2990 4700 3059 4746 te.

3393 3987 3411 4025 :
3456 3971 3815 4029 ernendautur
3865 3989 3936 4030 ex

2387 4782 2472 4858 (f)_
2518 4782 2835 4858 Huiusmodi
2897 4783 3273 4858 obtestationis
3337 4786 3643 4858 exemplum
3697 4785 3929 4858 legimus

2316 4853 2509 4910 lib.de
2550 4855 2800 4926 Synodis,
2835 4870 2983 4908 num.
3022 4856 3113 4922 9t,
3153 4866 3301 4926 puta,
3357 4853 3534 4912 Testor
3587 4853 3774 4912 Deum'
3810 4859 3931 4913 αειὶ

2314 4936 2467 4996 atque
2484 4935 2656 4993 terra',
2685 4942 2763 4980 me
2783 4942 2896 4979 cum
2921 4936 3158 4981 neutrum
3179 4929 3462 4994 audissem,
3491 4938 3596 4984 etc.

2395 5016 2471 5090 (g)
2517 5018 2593 5092 Ita
2624 5033 2726 5092 m_s_.
2764 5017 2947 5072 Ottob.
2985 5022 3053 5073 At
3093 5019 3244 5087 editi,
3277 5030 3331 5074 tu
3377 5022 3528 5076 modo
3575 5023 3782 5092 quando
3835 5021 3931 5077 tibi

2317 5086 2465 5144 vestis
2496 5090 2601 5144 alia
2631 5086 2866 5156 affertur.

2394 5183 2470 5255 (It)
2515 5184 2732 5249 Excusi,
2764 5183 2965 5257 illejqui
2993 5186 3266 5257 spopondit
3296 5187 3341 5241 ei
3367 5202 3421 5242 se
3455 5187 3669 5244 credidit
3711 5204 3727 5242 :
3753 5189 3932 5244 corri-

2319 5254 2519 5326 guntur
2541 5271 2609 5311 ex
2639 5270 2743 5310 ms.
2776 5254 2980 5312 Boher.

607 5369 3907 5397 mm

1707 5462 2224 5613 SANC

2333 5466 2430 5608 Ἰ
2550 5465 3330 5611 HILARII

1019 5686 1591 5772 HYMNUS
1684 5682 2085 5769 FILLE
2166 5683 2450 5767 SU/E
2537 5683 2914 5769 ABR/E
2997 5685 3505 5772 MISSUS.

897 5841 1056 5897 Lucis
1083 5841 1309 5911 largitor
1333 5841 1616 5912 splendide
1641 5841 1735 5913 (at.
1766 5841 2018 5912 optime),

895 5930 1059 6004 Cujus
1089 5946 1282 5988 sereno
1311 5931 1406 6003 (at.
1440 5931 1730 6006 sermonis)
1763 5933 1987 6001 lumine,

2605 5841 2737 5897 Post
2763 5841 2911 5913 lapsa
2934 5844 3111 5900 noctis
3135 5851 3404 5916 tempora,

2601 5935 2726 5991 Dies
2753 5935 2964 5994 refusus
2988 5937 3085 6015 (at.
3121 5937 3376 6012 refulsus)
3410 5940 3681 6012 panditur.
