4270 6264
822 445 901 502 Tu
935 459 1092 500 verus
1123 441 1305 498 mundi
1347 442 1557 510 lucifer,

745 537 861 594 Non
894 536 938 591 is
964 537 1054 608 qui
1084 534 1161 608 (tt)
1200 537 1344 607 parvi
1369 536 1584 601 sideris,

742 630 996 687 Ventura:
1024 629 1160 684 lucis
1190 628 1432 694 nuntius,

746 726 989 797 Angusto
1017 723 1183 795 fulget
1210 722 1409 778 lumine
1442 738 1456 774 :

809 816 917 874 Sed
947 826 1060 871 toto
1088 814 1205 870 sole
1230 814 1455 877 clarior,

734 911 853 967 Lux
879 910 996 981 ipse
1028 916 1172 963 totus
1197 917 1252 963 et
1277 905 1416 970 dies,

750 1003 965 1059 Interua
993 1000 1164 1057 nostri
1197 996 1435 1070 pectoris

735 1093 1051 1152 llluminans
1072 1089 1392 1164 praecordia.

808 1187 1015 1244 Adesto
1042 1201 1225 1243 rerum
1256 1181 1525 1246 conditor,

739 1286 983 1343 Paterna:
1013 1284 1065 1339 lu
1104 1285 1146 1338 is
1176 1282 1375 1352 gloria,
1816 1292 1847 1319 ο

744 1377 910 1449 Cujus
934 1376 1009 1449 (b)
1035 1375 1252 1432 admota
1279 1375 1470 1446 gratia,

737 1468 929 1525 Nostra
957 1476 1241 1541 patescunt
1276 1481 1536 1537 corpora;

811 1563 1036 1634 Tuoque
1064 1562 1220 1634 plena
1246 1561 1435 1632 spiritu
1456 1602 1472 1626 ,

734 1658 928 1714 Secum
961 1656 1128 1711 Deum
1157 1653 1383 1727 (supple,
1411 1652 1561 1726 sunt)
1591 1649 1855 1724 gestantia
1889 1666 1901 1703 :

740 1751 810 1823 (ο)
839 1750 919 1807 Ne
948 1751 1210 1822 rapientis
1232 1748 1423 1820 perfidi

734 1843 873 1900 Diris
901 1851 1177 1916 patescant
1209 1840 1481 1896 fraudibus
1512 1858 1526 1895 :

2015 1826 2062 1887 Β

1410 327 1474 384 IN
1507 325 1921 396 SEQUENTE.“
1958 325 2216 384 LIBRUM
2246 324 2640 382 ADMONITIO.
3576 324 3683 380 [Si

2528 439 2593 497 Ul
2621 441 2759 495 inter
2779 445 2927 493 actus
2956 437 3161 505 Streuli,

2443 533 2579 589 Vitae
2608 549 2743 605 quos
2767 549 2898 588 usus
2923 531 3105 603 exigit,

2440 628 2595 683 Omni
2619 637 2867 681 carentes
2893 624 3140 690 crimine,

2439 718 2566 773 Tuis
2597 717 2675 791 (d)
2706 719 2950 771 vivamus
2987 716 3213 787 legibus.

2512 810 2808 864 Probrosas
2840 807 3035 864 mentis
3056 808 3275 865 castitas

2442 899 2633 955 Carnis
2662 899 2843 957 vincat
2872 898 3144 965 libidines,

2440 993 2806 1063 Sauctumquc
2829 991 2942 1060 puri
2970 991 3217 1062 corporis

2441 1086 2731 1140 Delubrum
2756 1094 2935 1140 servet
2964 1084 3218 1156 Spiritus.

2517 1177 2639 1233 [late
2661 1194 2784 1248 spes
2814 1178 3080 1250 precantis
3102 1180 3315 1249 animus,

2442 1272 2567 1328 Harc
2588 1284 2711 1328 sunt
2739 1273 2916 1329 votiva
2948 1289 3194 1339 munera,

2446 1367 2515 1422 Ut
2541 1367 2801 1422 matutina
2833 1366 2988 1424 nobis
3015 1368 3086 1422 sit

2443 1457 2559 1513 Lux
2590 1458 2641 1513 in
2668 1458 2844 1514 noctis
2871 1459 3193 1515 custodiam.

2510 1550 2688 1606 Gloria
2722 1551 2816 1605 tibi
2846 1551 3069 1608 Domine
3085 1596 3100 1622 ,

2437 1644 2618 1701 Gloria
2647 1644 2957 1716 Unigcnito,

2440 1738 2572 1793 Cum
2602 1737 2803 1809 Spiritu
2838 1738 3121 1809 paraclito,

2444 1832 2597 1888 Nunc
2616 1841 2671 1889 et
2697 1849 2795 1904 per
2821 1850 2982 1889 omne
3006 1835 3286 1891 saxulum.
3314 1839 3504 1895 Amen.

1012 1959 1326 2016 CENSUBA
1369 1954 1714 2013 ALTERIUS
1754 1951 1969 2009 llYSlNl
2010 1948 2293 2007 HILARIO
2330 1948 2705 2005 PERPERAM
2748 1949 3046 2006 TRIBUTI.

448 2056 516 2113 In
544 2072 641 2112 ms.
668 2056 800 2111 alias
819 2052 1034 2109 Cardm.
1065 2052 1265 2118 Sirleti,
1296 2061 1404 2105 tum
1432 2047 1771 2118 Altempensis
1794 2045 1978 2101 biblio-

293 2162 305 2171 ’
380 2152 557 2216 theae,
590 2166 727 2205 nunc
754 2146 1049 2205 Cardiualis
1073 2144 1315 2199 Ottoboui
1339 2184 1356 2210 ,
1378 2144 1513 2197 hunc
1540 2142 1786 2213 hynmum
1813 2138 1981 2210 sequi-

378 2254 463 2300 tur
489 2243 617 2299 alter
638 2242 909 2315 prolixior,
936 2240 1021 2311 qui
1044 2237 1299 2293 serotinus
1318 2234 1600 2289 existimari
1626 2233 1787 2303 possit
1816 2233 1869 2285 in
1886 2248 1977 2286 su-

378 2336 578 2409 periore
606 2333 676 2388 ad
701 2332 889 2388 Abram
917 2329 1135 2402 epistola
1164 2334 1492 2383 memoratus.
1524 2322 1668 2380 Certe
1713 2324 1766 2377 in
1798 2321 1979 2376 seroti-

378 2445 504 2484 num
532 2437 732 2496 tempus
751 2422 983 2495 apprime
1001 2423 1252 2477 convenit.
1283 2418 1360 2473 Ab
1378 2417 1534 2473 astris
1555 2417 1691 2472 enim
1712 2413 1982 2469 exordium

378 2520 540 2587 ducit,
581 2527 754 2588 estque
805 2515 1059 2589 generalis
1106 2511 1341 2584 quadam
1381 2509 1637 2581 confessio
1672 2507 1853 2575 animi,
1890 2506 1980 2575 qui

380 2615 634 2682 lascivire,
667 2611 921 2679 superbia:
942 2652 955 2675 ,
984 2609 1191 2664 invidia:
1210 2650 1224 2672 ,
1257 2605 1549 2670 discordias,
1582 2605 1754 2658 inanis
1775 2602 1979 2675 glorias,

380 2709 518 2782 gula:
529 2724 588 2763 ac
607 2690 865 2781 gestientis
887 2705 1079 2760 lwtitite
1094 2702 1229 2757 vitiis
1248 2718 1302 2757 se
1320 2700 1608 2771 impetitum
1626 2697 1982 2769 ingemiscens,

382 2818 488 2858 una
516 2800 613 2856 Dei
640 2797 995 2854 misericordia
1037 2794 1329 2865 Christique
1361 2792 1552 2847 meritis
1582 2794 1745 2862 fretus
1785 2789 1984 2844 veniam

379 2905 643 2972 precatur.
674 2891 935 2948 Praeterea
962 2889 1174 2946 Ariona:
1201 2886 1409 2943 hiemis
1440 2895 1671 2955 tempora
1699 2883 1753 2937 in
1778 2882 1874 2938 hoc
1902 2900 1988 2938 sa-

1031 3006 1322 3065 INITIUM.

563 3105 645 3163 Ad
670 3104 792 3162 eteli
821 3103 967 3161 clara
1000 3117 1109 3159 non
1138 3115 1256 3157 sum
1281 3099 1474 3171 dignus
1501 3097 1679 3154 sidera

491 3198 698 3256 Levare
728 3212 881 3254 meos
916 3194 1161 3252 infelices
1185 3191 1375 3250 oculos

492 3291 653 3350 Gravi
681 3290 971 3362 depressos
999 3295 1343 3361 peccatorum
1373 3281 1651 3355 pondere:

705 3386 776 3461 (ε)
806 3386 973 3440 Parce
998 3380 1317 3453 redemptis.

568 3479 777 3535 Bonum
805 3477 1018 3549 neglexi
1050 3474 1228 3531 facere
1257 3469 1398 3543 quod
1439 3468 1624 3536 debui,

496 3569 763 3627 Probrosa
794 3569 935 3640 gessi
956 3569 1073 3624 sine
1101 3567 1207 3622 line
1227 3563 1479 3629 crimina,

498 3664 689 3722 Scelus
715 3662 920 3733 patravi
955 3660 1103 3716 nullo
1131 3659 1370 3714 clausum
1400 3653 1633 3711 termino
1660 3672 1674 3708 :

711 3752 968 3819 Subveni,
996 3750 1231 3808 Christe.

464 3890 542 3966 (tt)
570 3892 737 3966 Editi,
769 3907 955 3966 parvus
976 3890 1162 3966 oritur.

463 3950 536 4036 (ὁ)
583 3965 659 4021 lla
691 3950 812 4036 ms.
835 3963 1019 4036 Germ.
1071 3961 1161 4016 ubi
1208 3957 1416 4022 Ottob.,
1445 3954 1549 4036 duo
1578 3952 1732 4036 Colb.
1764 3960 1818 4007 et
1851 3950 1988 4005 alius

390 4027 561 4091 sancti
600 4036 744 4091 Petri
783 4034 851 4090 de
898 4032 1139 4097 Cultura,
1187 4039 1357 4085 amota
1397 4027 1566 4099 gratia
1608 4034 1784 4099 nostra
1809 4039 1987 4095 paves-

390 4116 522 4180 cunt_
568 4123 783 4180 corpora
811 4122 830 4160 :
864 4106 1005 4159 male
1049 4096 1645 4180 luiVtilgatis'atttem,
1688 4096 1988 4180 adntmtum

391 4178 571 4249 gratiis
624 4167 799 4234 nostra
841 4183 1105 4249 putescunt
1150 4167 1386 4245 corpbra.
1431 4169 1567 4226 Tum
1617 4170 1669 4223 in
1714 4167 1822 4222 alio
1878 4179 1978 4219 ms.

391 4248 648 4306 German.
677 4248 957 4319 subjicitur
985 4265 999 4303 :

641 4317 847 4383 Iusque
869 4325 1036 4368 sancta
1056 4317 1267 4383 dextera
1281 4350 1297 4376 ,

640 4379 808 4445 Tuere
822 4393 913 4430 nos
935 4393 1027 4445 per
1044 4379 1238 4445 sarcina.

642 4444 761 4494 Post
783 4445 925 4506 hujus
940 4441 1060 4493 vitae
1085 4441 1371 4506 terminum,

642 4506 802 4557 Vitam
824 4503 1097 4568 perennem
1116 4503 1305 4566 tribue,

2011 3011 2058 3075 C

2023 4472 2074 4534 ι)

2082 2044 2178 2114 pit,
2202 2043 2341 2115 quod
2366 2041 2571 2112 ﬁdelem
2602 2043 2832 2097 animum
2876 2044 3163 2114 professus,
3201 2046 3385 2101 Arium
3411 2067 3473 2103 ac
3503 2048 3689 2105 Sabel-

2081 2137 2208 2192 lium
2234 2137 2536 2192 nominatim
2566 2136 2873 2205 detestatur,
2914 2154 3006 2192 nec
3037 2138 3206 2193 ullum
3249 2141 3330 2196 his
3352 2142 3495 2195 addit
3526 2142 3691 2198 luere-

2081 2231 2258 2299 ticum,
2293 2231 2413 2296 nisi,
2446 2230 2579 2301 forte
2595 2230 2664 2284 ad
2693 2231 3025 2296 complendas
3055 2249 3249 2297 versus,
3283 2233 3552 2290 Simonem
3580 2252 3691 2289 ma-

2084 2339 2227 2395 gum.
2265 2321 2458 2377 Tamen
2495 2322 2654 2377 dictio
2682 2339 2781 2377 uon
2810 2323 3007 2377 videtur
3035 2323 3240 2379 Ililario
3265 2326 3442 2397 digna.
3491 2326 3690 2397 Ubique

2085 2431 2322 2471 versuum
2351 2429 2587 2470 mensura
2616 2413 2937 2486 syllabarum
2967 2417 3138 2485 potius
3177 2434 3334 2486 quum
3375 2421 3561 2485 pedum
3600 2436 3695 2473 nu-

2086 2524 2227 2564 mero
2239 2509 2563 2564 terminatur.
2581 2506 2648 2561 Et
2665 2524 2779 2561 cum
2808 2504 2973 2562 sermo
2994 2509 3193 2565 deberet
3220 2527 3325 2565 esse
3349 2512 3581 2581 ferttinini
3606 2529 3694 2581 ge-

2088 2600 2245 2666 neris,
2276 2601 2322 2653 si
2341 2617 2373 2652 a
2403 2601 2515 2669 ﬁlia
2537 2600 2796 2653 canendus
2837 2610 2966 2653 esset
3008 2598 3092 2652 hic
3132 2600 3375 2669 hymnus,
3408 2601 3592 2669 ubique
3618 2613 3693 2655 est

2089 2692 2383 2747 masculini.
2410 2689 2496 2746 Ea:
2514 2692 2660 2745 initio
2682 2701 2730 2745 et
2753 2693 2854 2759 ﬁne
2865 2691 3066 2761 judicel
3090 2690 3267 2755 lector,
3283 2691 3409 2762 quid
3424 2693 3486 2746 de
3502 2692 3693 2763 hymno

2090 2784 2291 2855 reliquo
2314 2782 2637 2840 sentiendum
2657 2783 2744 2838 sit.

2787 2997 2983 3054 FINIS.

2285 3091 2553 3163 llymnum
2578 3089 2718 3145 ﬁdeli
2747 3087 3076 3144 modulaudo
3101 3097 3340 3160 gutture,

2200 3183 2387 3239 Arium
2411 3197 2630 3252 Sperne,
2661 3180 2947 3235 latrantem
2981 3180 3276 3236 Sabellium
3306 3198 3319 3233 :

2201 3277 2420 3332 Assensi
2451 3289 2741 3345 numquam
2771 3273 3079 3344 gruunicnti
3121 3272 3331 3329 Simoni

2416 3371 2558 3425 Aure
2588 3383 2833 3424 susurra.

2194 3469 2202 3479 '
2272 3461 2509 3532 Zeloque
2533 3459 2732 3517 Christi
2760 3474 2878 3515 sum
2909 3459 3112 3515 zelatus
3139 3459 3358 3517 nomine
3382 3478 3395 3514 :

2204 3559 2400 3613 Sancta
2429 3569 2551 3609 nam
2576 3561 2748 3608 mater
2778 3550 2917 3607 lacte
2946 3566 3031 3606 me
3051 3550 3323 3606 catholico

2204 3649 2439 3720 Tempus
2471 3663 2566 3718 per
2593 3661 2756 3702 omne
2787 3645 3028 3701 Ecclesia
3057 3647 3280 3701 nutrivit

2426 3739 2608 3798 Ubere
2632 3752 2809 3794 sacro.

2091 3894 2155 3935 ac
2183 3876 2378 3933 deinde
2419 3873 2769 3945 subsequitur
2812 3891 2823 3926 :
2875 3871 3097 3945 Tuoque
3134 3872 3302 3945 plena
3336 3873 3544 3945 spiritu,
3603 3890 3700 3945 pro

2090 3950 2289 4021 quibus
2317 3948 2372 4003 in
2400 3945 2634 4017 vulgatis
2664 3962 2677 3998 :
2711 3942 2787 3996 Tu
2816 3942 3015 4015 quoque
3043 3944 3196 4014 pleno
3224 3943 3433 4014 spiritu.

2161 4042 2236 4112 (ε)
2263 4036 2873 4112 Germanensiseodex,
2908 4038 3037 4092 nihil
3063 4042 3358 4110 udrepentis
3389 4041 3575 4112 perﬁdi
3614 4058 3699 4096 oc-

2090 4109 2241 4170 cultis
2273 4122 2443 4187 puteat
2470 4109 2763 4182 fraudibus.

2165 4208 2245 4281 (d)
2279 4206 2495 4271 Excusi,
2528 4206 2757 4257 nitamur
2784 4201 2981 4274 legibus
3010 4219 3028 4256 :
3057 4204 3413 4259 renitentibus
3445 4219 3576 4258 mss.
3658 4236 3667 4237 κ

2161 4310 2232 4383 (e)
2260 4300 2558 4383 ll-lelius'bic
2587 4304 2901 4362 conveniret
2932 4304 3181 4372 Subveni,
3209 4301 3443 4372 Christe;
3466 4315 3517 4361 ct
3551 4316 3692 4376 post,

2090 4380 2259 4440 Parce
2279 4380 2579 4449 redemptis.

398 4600 2909 4647 __________________________________._._

1016 4750 1124 4825 IN
1177 4744 1839 4836 SEQUENTEM
1894 4733 2309 4812 LIBRUM
2364 4722 3013 4803 ADMONITIO.

866 4926 1239 4988 NONNULLA
1305 4927 1390 4982 DE
1453 4923 1677 4981 LIBRIS
1734 4917 1912 4976 ALIlS
1977 4913 2070 4970 AD
2130 4900 2623 4967 CONSTANTlUM
2688 4893 3222 4955 PRJELIBANTUR.

396 4665 744 4741 δεδι-532

1816 5043 2259 5072 ,,,,,....-.-.......

472 5172 512 5228 Ι.
554 5170 933 5226 ιὶὁνοηιηι.αιι
975 5166 1332 5225 Constantium
1370 5164 1518 5221 ordo.
1549 5192 1621 5203 —
1649 5158 1785 5216 Tres
1827 5155 1998 5213 libros

400 5266 821 5336 subsequentes,
878 5278 982 5336 quo
1028 5276 1124 5319 eos
1166 5261 1235 5316 ad
1279 5273 1497 5316 manum
1530 5254 1729 5309 habere
1770 5249 1998 5321 quisque

400 5360 600 5425 valeat,
649 5359 719 5416 ab
766 5359 992 5415 invicem
1038 5371 1146 5412 non
1195 5362 1547 5425 separamus:
1580 5344 1825 5419 quamvis
1862 5337 2000 5395 ordo

403 5462 709 5528 temporum
745 5455 1064 5528 postularet,
1094 5459 1153 5508 ut
1180 5466 1368 5508 eorum
1402 5447 1609 5518 primus
1633 5440 1775 5497 libro
1805 5436 1874 5493 de
1900 5434 2003 5528 Syt-

402 5527 564 5603 nodis
603 5527 1035 5621 praeponeretur.
1096 5546 1154 5601 ln
1202 5542 1310 5600 illis
1344 5552 1523 5597 tamen
1579 5538 1719 5593 inter
1758 5546 1818 5588 se
1856 5527 2005 5585 ordi-

402 5640 596 5697 naudis
622 5641 806 5698 habita
833 5651 918 5698 est
935 5650 1237 5711 temporum
1262 5635 1415 5702 ratio,
1434 5647 1555 5704 quae
1581 5628 1732 5701 prius
1759 5623 2004 5696 neglecta

402 5743 600 5815 guerat.

479 5828 544 5887 ll.
577 5830 658 5885 An
684 5830 844 5903 aliqui
870 5830 987 5887 libri
1019 5829 1087 5883 ad
1107 5824 1465 5885 Constantium
1493 5810 2007 5877 exciderint.—Am-

933 5926 1207 5986 Parnm"
1274 5919 1358 5982 X.

2105 5149 2213 5223 bigi
2242 5147 2435 5221 possit,
2453 5158 2518 5199 an
2539 5143 2919 5214 plures,quam
2943 5138 3031 5207 qui
3056 5152 3199 5192 nunc
3227 5147 3472 5210 exstant,
3490 5144 3590 5199 sub
3613 5142 3707 5200 iis-

2105 5244 2230 5301 dem
2278 5238 2449 5296 titulis
2500 5237 2569 5291 ab
2618 5233 2821 5288 llilario
2870 5230 3060 5299 scripti
3109 5231 3239 5284 sint.
3293 5230 3534 5305 Namque
3587 5247 3709 5309 post

2106 5334 2404 5407 Sulpicium
2431 5329 2695 5386 Severum
2724 5324 3050 5379 Fortunatus
3072 5330 3324 5392 testatur,
3345 5323 3543 5396 ipsum,
3578 5328 3705 5387 dum

2105 5419 2577 5491 Constantinopoli
2609 5416 2956 5488 opperiretur
2977 5413 3118 5484 regis
3145 5414 3502 5486 voluntatem,
3537 5423 3709 5480 tribus

2108 5517 2307 5577 libellis
2346 5513 2491 5585 regis
2520 5508 2850 5566 audientiam
2883 5504 3235 5576 poposcisse:
3263 5524 3365 5564 nec
3401 5509 3511 5581 jam
3551 5516 3710 5572 nobis

2111 5615 2363 5682 superest
2384 5604 2487 5661 nisi
2518 5603 2707 5659 unicus
2736 5597 3206 5667 Constantinopoli
3230 5598 3433 5668 editus,
3455 5618 3563 5673 quo
3609 5620 3707 5661 au-

2115 5705 2318 5763 dientia
2352 5698 2677 5772 postuletur.
2699 5691 2901 5749 Deinde
2932 5692 2985 5746 in
3018 5693 3447 5751 nullolibrorum
3477 5712 3711 5770 sequen-

2120 5803 2249 5857 tium
2271 5792 2516 5867 reperire
2528 5798 2611 5847 est
2634 5786 3016 5859 fragmentum,
3037 5785 3180 5855 quod
3206 5786 3392 5845 llilarii
3412 5792 3629 5850 urmiue
3656 5806 3715 5852 ut

2986 5878 3064 5940 18
