4270 6264
405 305 505 361 561

1258 309 1348 362 AD
1386 308 1876 368 CONSTANTIUM
1917 311 2297 370 AUGUSTUM
2336 312 2541 368 LIBER
2584 313 2860 371 PRIMUS.

3596 319 3704 377 56!

401 421 727 478 sacerdotali
760 423 838 477 vel
864 423 1228 477 ecclesiastica
1253 425 1326 494 (a)
1353 424 1681 480 cousrientia
1709 426 2000 492 contineri,
2032 430 2084 488 Α
2110 427 2452 496 pronuntiari
2503 439 2816 498 posceretur
2863 444 3020 497 reus;
3072 441 3407 502 quaereretur
3448 431 3498 486 in
3547 431 3705 488 tidem

401 516 564 571 scribi
609 516 674 570 ad
729 532 907 585 regem
935 560 950 582 ,
993 516 1424 586 legationemque
1452 516 1646 571 instrui
1677 519 1998 585 oportuerit.

401 608 507 664 Sed
541 607 667 679 quid
701 607 843 661 aliud
887 607 971 663 his
1005 607 1194 662 litteris
1220 651 1233 674 ,
1268 623 1424 678 quam
1457 608 1760 664 libertatem
1803 608 1924 664 ﬁdei
1951 617 2008 664 et

399 704 779 774 contagionem
828 703 1010 756 Ariani
1045 702 1278 756 nominis
1309 703 1699 772 deprecantur,
1739 713 2004 775 orantque

398 796 638 858 vincula,
663 809 934 861 carceres,
959 795 1268 858 tribunalia,
1291 805 1339 850 et
1361 811 1580 850 omnem
1609 797 1758 851 illum
1783 796 2003 852 feralem

399 889 640 944 habitum
675 930 689 950 ,
737 901 904 941 novas
933 889 1094 942 etiam
1125 888 1178 941 in
1211 903 1332 943 reos
1373 889 1700 955 qmestiones
1729 887 2005 945 inhiberi?

399 982 541 1038 Deus
563 980 927 1050 cognitionem
955 980 1036 1033 sui
1064 979 1252 1034 docuit
1281 979 1478 1050 potius,
1509 996 1667 1050 quam
1699 981 1880 1042 exegit
1909 998 1921 1034 :
1951 990 2006 1036 et

400 1073 776 1140 Operationum
819 1071 1122 1128 C(Blestium
1173 1071 1527 1126 admiratione
1575 1073 1856 1140 praeceptis
1892 1073 2005 1127 suis

400 1165 700 1220 concilians
749 1164 1162 1230 auctoritatem,
1210 1175 1451 1218 coactam
1482 1165 1771 1219 conlitemli
1817 1180 1876 1220 se
1905 1164 2002 1219 ad.

399 1267 689 1328 Spernatus
728 1264 813 1310 est
851 1255 1201 1309 voluntatem.
1255 1256 1313 1310 Si
1342 1255 1406 1309 ad
1437 1255 1594 1310 tidem
1640 1272 1818 1310 veram
1853 1257 2004 1314 istius

409 1350 556 1408 modi
589 1348 674 1402 vis
705 1347 1081 1414 adhiberetur;
1115 1347 1436 1418 episcopalis
1460 1348 1624 1422 539
1651 1348 1893 1403 doctrina
1917 1348 2005 1404 ob.

397 1444 538 1498 viam
587 1451 878 1512 pergeret,
912 1441 1228 1510 diceretque
1276 1458 1288 1492 :
1341 1441 1482 1495 Deus
1515 1441 1880 1496 universitatis
1922 1450 2006 1496 est

405 1535 684 1599 Dominus,
723 1533 982 1604 obsequio
1015 1547 1118 1587 non
1149 1541 1269 1603 eget
1300 1531 1643 1597 necessario,
1677 1547 1784 1586 non
1813 1532 1996 1602 requi-

399 1628 471 1684 rit
515 1637 755 1682 coactam
801 1625 1220 1681 confessionem.
1257 1624 1372 1680 Non
1421 1625 1686 1680 fallendus
1732 1635 1855 1692 est,
1902 1624 1997 1680 sed

402 1719 814 1792 promerendus.
840 1717 1032 1774 Nostra
1061 1719 1259 1787 potius,
1294 1733 1400 1772 non
1424 1734 1518 1773 sua
1543 1733 1704 1773 causa
1732 1733 1998 1774 veneran-

2111 518 2437 585 littcrarum,
2463 521 2514 575 in
2541 520 2779 589 judicum
2811 523 2996 589 vitam,
3033 523 3083 577 in
3114 532 3489 578 accusatorum
3521 523 3704 591 ﬁdem,

2109 612 2161 666 in
2196 615 2361 683 ipsius
2393 631 2608 687 quoque
2651 615 2884 672 hominis
2915 633 3092 672 mores
3121 627 3286 689 atque
3317 628 3487 675 actus.
3522 620 3707 675 Move-

2109 712 2194 759 rct
2236 705 2379 760 enim
2412 706 2808 763 abstilutionem
2837 709 2954 779 ejus
2988 711 3309 766 Arianorum
3341 712 3521 782 juncta
3553 711 3706 768 dam-

2111 799 2294 854 natio:
2329 803 2613 872 magnique
2645 805 2869 874 periculi
2895 815 3069 872 esset,
3098 807 3359 876 judicium
3388 808 3549 864 simul
3579 825 3704 865 cum

2111 903 2292 946 reatus
2322 903 2377 949 et
2399 894 2724 950 innocentia:
2755 912 2859 952 non
2890 897 2962 969 (e)
2985 911 3233 970 suscepta
3270 901 3695 972 rursuminqui-

2109 985 2306 1041 sitione
2351 987 2648 1042 dissolvere
2695 1007 2706 1042 :
2758 999 2976 1061 totaque
3013 993 3065 1047 in
3112 995 3466 1062 patrocinium
3513 1010 3702 1064 suum,

2111 1093 2232 1132 cum
2267 1079 2385 1134 lidei
2415 1079 2683 1148 doctrina,
2722 1084 3017 1139 auctoritas
3044 1086 3142 1140 sibi
3176 1087 3510 1156 antiquitatis
3539 1090 3704 1144 assis-

2109 1179 2265 1226 terct.
2297 1174 2365 1228 At
2390 1188 2510 1227 cum
2545 1174 2666 1244 ipsi,
2701 1177 2789 1246 qui
2819 1184 2947 1231 tunc
2977 1178 3160 1232 Ariani
3197 1179 3436 1234 haeretici
3463 1180 3701 1237 damnati

2109 1275 2254 1335 sunt,
2287 1283 2399 1322 rem
2423 1269 2713 1338 exagitent,
2749 1271 2965 1326 turbent
2986 1271 3148 1346 540
3173 1275 3376 1337 omnia,
3407 1290 3704 1346 omneSque

2108 1372 2172 1412 ex
2210 1368 2476 1424 potestate
2503 1370 2556 1414 et
2576 1360 2871 1416 ambitione
2900 1373 3270 1434 corrumpant,
3301 1375 3352 1418 et
3376 1365 3704 1421 Athanasius

2106 1449 2150 1504 si
2185 1448 2304 1516 fuit,
2339 1465 2460 1506 esse
2490 1451 2664 1507 adhuc
2690 1468 2816 1508 rcus
2840 1462 3047 1524 potest:
3083 1464 3248 1511 testes
3281 1457 3592 1527 loquantur,
3627 1459 3708 1513 vi-

2106 1542 2270 1598 deant
2310 1543 2524 1614 judices
2551 1589 2565 1612 ,
2602 1545 2724 1602 ﬁdei
2771 1547 3012 1603 doctrina
3059 1552 3342 1620 praeceptis
3383 1552 3710 1624 evangelicis

2109 1643 2270 1705 atque
2299 1637 2612 1706 apostolicis
2639 1639 2851 1695 eluceat
2885 1659 2896 1694 :
2933 1657 3050 1711 quae
3091 1642 3305 1697 obtusio
3336 1643 3708 1715 intelligentia:

2107 1727 2228 1783 est?
2255 1745 2373 1798 qua:
2401 1730 2581 1784 cordis
2614 1729 2926 1786 hebetudo?
2958 1748 3080 1803 qua:
3107 1734 3306 1788 oblivio
3333 1735 3485 1806 spei?
3515 1733 3586 1806 (f)
3617 1751 3686 1807 qu

401 1814 504 1869 dus
551 1825 653 1870 εει.
687 1813 804 1868 Non
851 1829 1065 1882 possunt
1106 1812 1208 1866 nisi
1251 1813 1519 1866 volentem
1565 1812 1808 1882 recipere
1833 1854 1848 1878 ,
1897 1812 1998 1867 nisi
2030 1821 2078 1882 B
2107 1833 2260 1874 amor
2285 1821 2587 1875 sceletum?
2625 1822 2768 1892 quod
2814 1823 2994 1878 odium
3027 1826 3310 1881 veritatis?
3341 1825 3393 1882 in
3422 1826 3704 1883 damnato-

409 1917 652 1962 orantem
691 1907 872 1961 audire
896 1946 910 1969 ,
957 1905 1056 1959 nisi
1087 1905 1422 1974 proﬁtentem
1457 1905 1688 1974 signare.
1723 1903 1993 1973 Simplici-

405 2007 514 2054 tate
544 1997 867 2068 quaerendus
883 2007 985 2063 cst,
1019 1996 1359 2052 confessione
1381 1996 1666 2052 discendus
1693 2007 1795 2058 est,
1817 1996 1998 2051 chari-

405 2102 514 2148 tate
541 2091 806 2147 amandus
836 2100 938 2156 est,
967 2092 1162 2145 timore
1192 2089 1530 2144 venerandus
1559 2099 1676 2155 εει,
1707 2087 2002 2144 voluntatis

404 2186 666 2258 probitate
694 2183 1008 2240 retinendus
1031 2191 1133 2238 est.
1156 2181 1226 2237 At
1255 2196 1381 2237 vero
1410 2181 1535 2251 quid
1560 2181 1702 2236 istud
1728 2191 1832 2247 est,
1857 2180 2000 2249 quod

406 2277 718 2335 sacerdotes
769 2277 959 2332 timere
994 2277 1158 2330 Deum
1211 2273 1437 2328 vinculis
1478 2284 1776 2344 coguntur,
1828 2273 2003 2343 poenis

404 2375 709 2449 jubcntur?
735 2372 1059 2429 Sacerdotes
1103 2371 1415 2425 carceribus
1449 2370 1816 2435 continentur,
1849 2368 2002 2439 plebs

409 2469 464 2522 in
502 2465 744 2522 custodia
793 2465 1026 2519 catenati
1064 2462 1270 2518 ordinis
1313 2462 1603 2517 constricta
1655 2461 1961 2531 disponitur
1986 2502 2000 2526 ,

404 2557 642 2627 virgines
693 2556 963 2612 nudantur
1008 2554 1074 2609 ad
1109 2569 1322 2626 poenam
1351 2594 1366 2618 ,
1398 2561 1452 2608 et
1483 2565 1690 2608 sacrata
1725 2554 1836 2610 Deo
1877 2569 2002 2609 cor-

405 2667 538 2723 pora
563 2694 577 2716 ,
620 2650 695 2722 (ῡ)
729 2651 942 2718 publico
988 2650 1233 2720 exposita
1275 2650 1586 2718 εοιιενεειιιί
1613 2690 1630 2716 ,
1674 2649 1740 2704 ad
1770 2651 2002 2704 l'ructutn

407 2745 702 2814 spectaculi
730 2752 784 2798 ct
805 2742 1117 2813 qumstionis
1138 2740 1627 2811 aptantur.Cogunt
1655 2756 1868 2811 nempe,
1899 2756 2004 2794 non

407 2847 464 2893 ul.
491 2836 781 2892 Christiani
826 2849 1016 2890 omnes
1062 2833 1169 2890 sint
1190 2875 1204 2898 ,
1236 2833 1330 2888 sed
1364 2843 1418 2887 ut
1447 2832 1630 2888 Ariani
1664 2849 1677 2886 :
1711 2841 1765 2887 et
1795 2832 2006 2888 confes-

408 2945 522 2984 sam
555 2929 608 2984 in
647 2929 756 2983 Deo
787 2928 947 2983 ﬁdem
988 2927 1052 2981 ad
1098 2927 1431 2981 consortium
1471 2926 1661 2995 piaculi
1691 2926 1770 2980 sui
1797 2924 1864 2996 (ε)
1891 2941 2008 2982 sce-

405 3021 521 3078 lere
563 3020 914 3088 compellunt.
958 3019 1294 3074 Auctoritate
1341 3021 1505 3074 etiam
1557 3020 1791 3074 nominis
1832 3022 1912 3076 sui
1953 3022 2005 3074 in

406 3128 652 3170 errorem
704 3113 1090 3184 Imperatorem
1143 3111 1495 3168 transducunt
1544 3131 1558 3169 :
1605 3122 1808 3169 rectum
1859 3116 2004 3170 alﬁr—

2103 1925 2222 1966 rum
2254 1912 2513 1980 favorem,
2549 1913 2640 1967 Dei
2669 1929 2904 1970 amorem
2938 1916 3309 1972 transducunt.

2173 2007 2227 2061 8.
2265 2005 2470 2060 Eusebii
2521 2006 2855 2063 Vcrcellensis
2885 2010 3077 2082 injusta
3119 2012 3403 2067 damnatio.
3433 2043 3502 2053 -
3537 2011 3706 2069 Venio

2102 2113 2246 2152 nunc
2271 2097 2336 2152 ad
2367 2098 2440 2164 id,
2470 2099 2610 2167 quod
2641 2115 2830 2156 recens
2858 2111 3066 2171 gestum
3100 2114 3200 2167 est,
3234 2103 3286 2158 in
3310 2119 3417 2175 quo
3440 2119 3501 2161 se
3531 2107 3696 2161 etiam

2104 2189 2368 2260 professio
2399 2190 2620 2245 sceleris
2655 2191 2727 2262 (g)
2765 2192 2814 2246 in
2849 2203 3060 2249 secreto
3091 2197 3224 2250 artis
3266 2209 3377 2252 sua:
3407 2196 3694 2268 dedignata

2104 2291 2188 2335 est
2229 2281 2528 2336 continere.
2576 2280 2844 2338 Eusebius
2890 2283 3250 2341 Vcrcellcnsis
3295 2287 3586 2358 cpiscopus
3622 2298 3706 2344 est

2104 2377 2186 2431 vir
2226 2379 2371 2432 omni
2407 2377 2514 2431 vita
2554 2376 2663 2432 Deo
2709 2378 2973 2434 serviens.
3021 2380 3116 2435 llic
3161 2391 3281 2448 post
3324 2382 3702 2438 Arelatensem

2103 2470 2412 2542 synodum,
2445 2486 2566 2526 cum
2616 2471 2872 2528 Paulinus
2915 2475 3205 2545 episcopus
3258 2477 3424 2531 tantis
3479 2479 3706 2533 istorum

2104 2565 2398 2620 sceleribus
2425 2568 2751 2621 contraisset
2777 2567 3017 2635 (Arelate
3050 2585 3136 2622 an.
3169 2569 3327 2640 553),
3376 2570 3557 2625 venire
3586 2571 3697 2625 Me-

2107 2657 2383 2713 diolanum
2410 2659 2720 2729 praccipitur
2743 2658 2855 2732 (an.
2884 2661 3031 2732 555).
3051 2661 3290 2716 Collecta
3310 2660 3420 2730 jam
3450 2660 3562 2717 illic
3589 2676 3706 2716 ma-

2109 2748 2430 2820 lignautium
2460 2765 2754 2822 synagoga,
2785 2751 2974 2808 decem
2998 2753 3186 2808 diebus
3209 2753 3275 2807 ad
3303 2752 3596 2808 Ecclesiam
3622 2763 3708 2809 est

2112 2844 2309 2895 vetitus
2335 2840 2632 2908 accedere,
2667 2842 2797 2898 dum
2829 2844 3088 2900 adversus
3120 2854 3226 2899 tam
3256 2843 3510 2899 sanctum
3535 2846 3708 2900 virum

2114 2936 2191 3008 (Ιι)
2225 2937 2429 2991 malitia
2462 2952 2520 2992 se
2553 2953 2806 3007 perversa
2839 2940 3126 2994 consumit.
3165 2940 3485 3009 Suppuratis
3512 2939 3708 2996 deinde

2111 3030 2354 3086 consiliis
2383 3030 2658 3094 omnibus,
2691 3032 2778 3086 ubi
2810 3032 3016 3085 libitum
3054 3039 3160 3097 est,
3186 3032 3504 3087 advocatur.
3541 3030 3711 3087 Adest

2111 3137 2218 3176 una
2244 3137 2365 3178 cum
2396 3123 2654 3178 Romanis
2687 3123 2902 3178 clericis
2933 3123 3164 3196 (Hilario
3203 3125 3344 3179 diac.
3391 3135 3445 3180 et
3472 3123 3711 3180 Pancra-

408 3215 646 3273 mantes,
680 3213 740 3260 ut
775 3205 876 3260 sub
905 3204 1086 3275 specie
1117 3204 1327 3259 timoris
1358 3206 1482 3270 Dei,
1519 3206 1574 3259 in
1609 3207 1706 3261 hac
1735 3208 2000 3276 perversi-
2029 3203 2074 3266 C
2110 3215 2248 3286 tio),
2291 3226 2346 3270 et
2388 3215 2643 3272 Lucifero
2679 3215 2948 3271 Sardinia:
2977 3218 3254 3288 episcopo.
3306 3217 3368 3289 (i)
3399 3215 3712 3273 Conventus

408 3308 516 3355 tate
543 3300 787 3355 subditos
817 3299 917 3354 sibi
953 3298 1184 3354 tradant.
1215 3299 1549 3368 Qua'stioncs
1580 3309 1827 3368 poscunt,
1855 3301 2002 3371 judi-

409 3394 615 3449 ciorum
645 3393 881 3448 subsidia
908 3391 1247 3452 desiderant.
1269 3393 1646 3447 auctoritatem
1679 3394 1887 3464 regiam
1905 3395 2006 3449 im-

410 3489 623 3558 plorant
665 3505 677 3540 :
725 3498 778 3541 et
809 3502 909 3541 nec
945 3486 1024 3540 sic
1056 3486 1466 3556 perversitatem
1508 3487 1728 3542 sceleris
1757 3489 1838 3542 sui
1881 3503 2005 3542 eru-

409 3579 669 3644 bcscuttt,
700 3588 1029 3649 extorquere
1077 3577 1581 3651 (d)conniventiam
1623 3578 1860 3650 plebium
1902 3595 2004 3635 nec

410 3673 635 3743 cogendi
654 3672 774 3742 jure
806 3679 1116 3742 potuerunt.

481 3768 536 3822 7.
574 3765 850 3820 Judicialis
881 3768 1048 3836 forma
1086 3765 1140 3818 in
1167 3781 1320 3818 causa
1349 3763 1624 3819 Athanasii
1658 3779 1758 3818 non
1785 3773 2003 3818 servata.

409 3889 480 3901 —
510 3860 634 3916 Hch
671 3861 720 3916 si
749 3861 813 3915 de
841 3859 1114 3915 veteribus
1149 3859 1409 3912 chartulis
1437 3858 1641 3928 prolata
1674 3859 1848 3914 aetatis
1885 3873 2010 3914 nos-

413 3963 510 4008 tra:
553 3965 764 4024 tempus
810 3954 1176 4017 instruerent;
1225 3951 1602 4022 ambigendum
1632 3993 1646 4018 ,
1680 3962 1735 4005 ut
1776 3953 2006 4021 opinor,

415 4049 582 4104 tantis
625 4048 693 4104 de
733 4049 896 4105 rebus
933 4048 1141 4103 luisset.
1184 4047 1403 4102 Etcum
1435 4048 1500 4100 ab
1543 4047 1666 4101 aliis
1715 4048 2013 4117 quibusque

413 4203 530 4243 rum
560 4187 743 4244 statim
783 4201 882 4252 per
913 4184 1118 4238 litteras
1146 4185 1404 4238 certiores
1441 4183 1682 4236 fecerunt
1716 4182 2004 4252 Imperato-

415 4276 502 4314 res
539 4275 550 4311 :
592 4272 654 4309 ac
681 4251 863 4326 postea
899 4265 1032 4310 teste
1060 4255 1423 4320 'l‘heodoreto,
1455 4255 1547 4308 lib.
1584 4271 1637 4315 ιι,
1681 4271 1731 4310 c.
1767 4251 1828 4320 8’,
1861 4251 2006 4309 Con-

413 4341 564 4384 stans
594 4329 658 4381 ad
703 4329 920 4382 fratrem
953 4326 1326 4382 Constantium
1373 4326 1507 4380 duos
1527 4342 1593 4381 ex
1641 4327 1746 4380 illis
1772 4327 2010 4381 delectos

414 4416 536 4454 cum
568 4399 761 4454 litteris
793 4400 958 4452 misit.
1007 4399 1088 4452 Au
1136 4399 1186 4451 in
1228 4397 1340 4451 ha:c
1377 4408 1522 4466 gesta
1559 4397 1646 4450 hic
1684 4400 2011 4468 respicitur?

417 4472 748 4542 Quamquam
799 4471 960 4542 etiam
1020 4468 1476 4542 nomiullamobis
1521 4469 2006 4542 incitlitsuspicio,

419 4538 533 4597 hace
558 4538 624 4597 de
656 4541 869 4596 Arianis
892 4542 1027 4596 actis
1049 4555 1112 4595 ac
1138 4538 1332 4594 litteris
1350 4539 1417 4594 ab
1438 4539 1801 4594 ecclesiastica
1826 4540 2006 4595 indole

418 4625 472 4670 et
500 4613 790 4684 cpiscOpali
822 4613 1106 4667 clementia
1137 4611 1330 4684 alienis
1359 4611 1560 4664 irouice
1590 4610 1729 4664 dicta
1760 4625 1901 4666 esse.

491 4683 568 4754 (η)
599 4686 754 4750 ΙίιΙιιὶ,
790 4684 1102 4738 continentia
1133 4699 1150 4736 :
1177 4683 1522 4754 eot'rigttntur
1551 4697 1614 4754 es
1650 4696 1778 4736 mss.

491 4751 568 4828 (ὁ)
601 4755 956 4828 Miserandqu
1002 4753 1310 4828 huiusmodi
1335 4751 1709 4828 Vspectaculum
1733 4795 1748 4818 ,
1778 4751 2010 4828 Georgio

422 4829 462 4883 A
475 4823 842 4882 lcxandrinam
860 4827 1041 4881 sedem
1062 4823 1368 4889 invadente,
1386 4824 1734 4880 Sebastianus
1746 4825 2008 4889 exhibuit;

423 4915 543 4954 cum
560 4913 786 4953 accenso
806 4913 956 4968 rogo,
980 4898 1050 4950 uti
1075 4909 1256 4950 narrat
1277 4895 1646 4968 Theodoretus
1661 4894 1754 4950 lib.
1772 4911 1831 4962 ιι,
1850 4910 1902 4968 ε.
1920 4896 2010 4968 μ,

424 4969 657 5040 virgines
702 4969 777 5024 illi
823 4965 1080 5040 admovit,
1113 4983 1176 5020 ac
1218 4967 1446 5040 nudatas
1476 4966 1718 5040 turpiter
1755 4965 2010 5020 concidit.

425 5039 530 5096 Sed
559 5051 717 5095 antea
764 5041 941 5096 simile
987 5039 1243 5110 ﬂagitium
1286 5039 1354 5093 ab
1392 5039 1612 5110 Arionis
1649 5046 2013 5110 perpetratum

425 5129 546 5169 esse
571 5121 719 5166 notat
739 5107 1079 5166 Sardicensis
1093 5110 1281 5182 synodi
1303 5110 1552 5177 epistola,
1573 5107 1787 5179 Fragm.
1804 5124 1862 5176 ll,
1880 5125 1933 5164 ιι.
1957 5109 2008 5164 5.

497 5183 569 5307 (ξ)
601 5183 691 5240 Sic
722 5198 857 5238 mss.
886 5181 1133 5245 Atediti,’
1153 5181 1233 5235 sui
1261 5182 1488 5235 sceleris.

501 5257 516 5307 l
562 5256 579 5307 i
609 5255 664 5307 In
695 5255 895 5307 aliquot
927 5268 1078 5307 mss..
1112 5253 1488 5306 convenientian

501 5251 579 5326 (ά)
609 5255 664 5310 In
695 5255 895 5325 aliquot
927 5268 1078 5326 mss.,
1112 5253 1508 5326 convenientiam
1538 5251 1777 5326 plebium.
1805 5251 1939 5306 Tum
1963 5252 2016 5306 in

429 5323 625 5389 editis,
677 5323 934 5394 uec—rogi
980 5325 1042 5377 de
1078 5327 1202 5395 jure
1247 5341 1260 5375 :
1321 5323 1410 5378 tibi
1466 5323 1516 5376 in
1573 5323 1822 5395 omnibus
1883 5339 2016 5378 mss.

429 5415 522 5454 nec
584 5397 796 5469 cogendi
854 5393 1019 5469 jure_,
1079 5393 1374 5469 praemisso
1444 5393 1706 5469 vocabulo
1762 5395 1927 5469 quod”
1965 5395 2016 5469 in

431 5471 550 5525 Solo
574 5464 914 5524 Cai'nutcusi.
955 5465 1104 5522 Hanc
1133 5464 1452 5521 sententiam
1499 5465 1720 5533 perinde
1761 5465 2018 5535 intelligi-

434 5559 551 5596 mus
573 5583 586 5605 ,
619 5556 681 5594 ac
710 5541 754 5594 si
787 5541 1055 5607 legeretur
1088 5555 1099 5592 :
1127 5555 1218 5591 nec
1238 5537 1380 5592 sic...
1404 5539 1700 5590 erubescunt
1721 5578 1736 5603 ,
1759 5538 1893 5606 quod
1933 5553 2022 5592 ea:-

435 5623 665 5683 torquere
697 5611 1078 5683 conniventiant
1119 5608 1342 5683 pleln'um
1386 5626 1474 5664 nec
1515 5607 1726 5683 cogendi
1765 5611 1888 5682 jure
1915 5625 2022 5683 _po-

434 5679 658 5740 tuerunt.
684 5682 782 5739 Jus
809 5683 1034 5752 cogendi
1068 5679 1164 5752 hic
1182 5679 1262 5734 vis
1291 5681 1436 5734 illata
1473 5679 1778 5752 appellatur
1809 5696 1871 5734 ea
1908 5680 2022 5735 fere

435 5759 647 5813 ratione
675 5799 690 5823 ,
720 5772 824 5827 qua
869 5751 905 5809 li.
941 5771 998 5810 ιιι
1033 5753 1098 5810 de
1126 5751 1279 5808 Trin.
1312 5768 1368 5827 ιι.
1397 5753 1499 5827 58,
1523 5751 1742 5827 dicitur,
1765 5752 1844 5827 Att
1871 5753 2023 5827 hujus

437 5845 529 5883 nos
576 5821 922 5897 itttelliirentite
965 5827 1278 5896 impietatem
1325 5821 1676 5880 lucreticorum
1716 5823 1863 5894 furor
1901 5821 2024 5892 fure

2029 4601 2086 4664 D

2113 3320 2169 3366 ut
2211 3311 2262 3364 in
2293 3309 2650 3365 Athanasium
2684 3310 3089 3378 subscriberet,
3121 3311 3234 3376 ait,
3268 3311 3346 3366 De
3386 3310 3709 3366 sacerdotali

2113 3401 2218 3458 ﬁde
2250 3403 2397 3472 prius
2427 3401 2628 3457 debere
2658 3411 2948 3469 constare;
2973 3413 3283 3472 compertos
3313 3402 3417 3458 sibi
3449 3403 3710 3473 quosdam

2110 3509 2178 3550 ex
2198 3493 2300 3558 his,
2319 3495 2408 3564 qui
2426 3494 2703 3562 adessent,
2724 3494 2978 3550 haeretica
2994 3495 3112 3548 labe
3127 3495 3378 3563 pollutos.
3400 3494 3712 3564 Expositam

2113 3585 2272 3642 ﬁdem
2299 3586 2440 3656 apud
2470 3585 2726 3651 Nicaeam,
2760 3586 2914 3656 cujus
2941 3586 3190 3655 superius
3223 3586 3568 3642 meminimus
3607 3587 3713 3658 (j),

2111 3679 2292 3748 posuit
2341 3678 2394 3732 in
2425 3678 2604 3732 medio
2633 3697 2646 3733 :
2679 3677 2954 3748 spondens
2983 3679 3164 3732 omnia
3195 3692 3254 3731 se
3276 3718 3292 3742 ,
3321 3692 3442 3746 quae
3472 3678 3714 3748 postula-

2109 3779 2231 3824 rent
2271 3783 2392 3823 esse
2431 3767 2696 3823 facturum
2724 3810 2739 3831 ,
2773 3767 2847 3836 (k)
2878 3767 2923 3822 si
2957 3767 3078 3822 ﬁdei
3119 3765 3508 3837 professionem
3538 3766 3715 3836 scrip-

2113 3861 2334 3915 sissent.
2375 3860 2659 3930 Dionysius
2689 3858 3109 3913 Mediolanensis
3141 3858 3440 3927 Episcopus
3467 3856 3712 3912 chartam

2117 3955 2321 4023 primus
2340 3953 2550 4023 accepit
2577 3971 2586 4006 :
2615 3953 2702 4008 ubi
2730 3951 2969 4022 proﬁteri
2997 3950 3283 4007 scribendo
3303 3950 3490 4022 ccepit,
3517 3948 3714 4004 Valens

2115 4047 2383 4101 calamum
2407 4055 2463 4101 et
2487 4045 2732 4100 chartam
2759 4061 2790 4100 e
2817 4044 3068 4100 manibus
3088 4045 3207 4114 ejus
3232 4043 3496 4101 violenter
3523 4051 3713 4099 extor-

2112 4185 2332 4251 quodam
2398 4186 2698 4240 necessaria:
2755 4183 3092 4255 confessionis
3157 4182 3435 4255 compellit.
3506 4183 3716 4239 Laudat

2112 4265 2290 4310 autem
2339 4257 2588 4322 llilarius,
2645 4254 2955 4326 Fragment.
3006 4271 3077 4321 ιι,
3133 4271 3188 4309 η.
3229 4254 3332 4320 24,
3377 4255 3716 4311 Sardicensis

2114 4329 2306 4398 synodi
2345 4338 2496 4398 gesta
2521 4371 2534 4394 ,
2583 4327 2668 4381 ubi
2711 4328 3043 4382 insectatione
3087 4326 3395 4380 Arianorum
3443 4333 3616 4381 omnia
3659 4329 3713 4382 in

2115 4397 2452 4454 Athanasium
2488 4400 2705 4453 crimina
2743 4401 2960 4465 con/icta
3003 4415 3106 4452 esse
3148 4407 3514 4463 monstrantur,
3551 4409 3597 4453 et
3640 4400 3714 4453 vis

2117 4471 2346 4523 adhibita
2385 4469 2518 4536 plebi
2559 4469 2652 4523 Dei
2681 4511 2695 4530 ,
2743 4479 2797 4523 ut
2844 4470 2896 4524 in
2928 4471 3221 4540 pestiferam
3251 4469 3419 4524 letalis
3465 4471 3714 4526 doctrina:

2117 4543 2493 4595 conniventiam
2525 4541 2817 4595 transirent.

2184 4615 2260 4682 (e)
2297 4613 2423 4667 Mss.
2452 4621 2683 4680 excepto
2706 4611 2868 4668 Caro.
2903 4629 3004 4667 non
3031 4622 3287 4682 suspecta.
3319 4613 3577 4668 Proxime
3609 4628 3712 4668 an-

2117 4691 2202 4738 tea
2233 4684 2516 4738 mallemus
2542 4700 2659 4738 cum
2681 4694 2872 4748 reatus,
2897 4696 3003 4738 tum
3026 4684 3348 4739 innocentior.
3385 4683 3716 4740 Athanasius

2116 4766 2242 4810 ante
2279 4756 2562 4810 concilium
2608 4756 2932 4811 Sardicense
2964 4770 3091 4810 reus
3118 4755 3386 4824 judicatus
3407 4796 3422 4821 ,
3457 4755 3510 4810 in
3542 4771 3608 4808 eo
3630 4756 3715 4809 in-

2118 4842 2320 4882 nocens
2339 4827 2646 4882 declaratus
2667 4839 2771 4894 est,
2801 4827 3130 4883 absolutioni
3153 4827 3322 4897 ipsius
3335 4827 3524 4898 juncta
3551 4826 3715 4882 Aria-

2119 4913 2310 4953 norum
2339 4898 2712 4955 damnatione.

2193 4967 2260 5042 (f)
2294 4969 2370 5042 lta
2403 4970 2571 5026 codex
2605 4969 2727 5026 Vat.
2760 4971 2874 5026 bas.
2906 4969 3010 5024 Alii
3043 4985 3171 5026 vero
3195 4985 3354 5042 ,rqute
3389 4986 3526 5025 mors
3560 4969 3717 5026 scele-

2120 5040 2255 5095 rum.
2284 5040 2455 5096 Antea
2485 5042 2536 5095 in
2572 5057 2726 5108 mss.,
2757 5043 3011 5108 obtunsio,
3042 5057 3148 5098 non
3182 5041 3398 5096 obtusio.

2101 5115 2122 5122 ”
2195 5110 2271 5255 ἒς)
2305 5111 2430 5166 Μεε.
2465 5122 2512 5167 et
2536 5123 2749 5168 secreto.

2221 5183 2280 5255 lt)
2310 5182 2370 5237 In
2404 5197 2562 5248 mss.,
2594 5185 2749 5239 maliti

2221 5183 2280 5255 lt)
2310 5182 2370 5237 In
2404 5197 2562 5248 mss.,
2594 5185 2845 5240 malitiose
2870 5199 3106 5255 perversa
3139 5183 3413 5238 consumit.
3442 5182 3579 5239 Tutn
3620 5197 3722 5238 ex-

2125 5253 2271 5314 cuSi,
2303 5255 2556 5324 saporatis
2596 5271 2614 5310 :
2656 5257 2746 5310 ubi
2773 5270 2837 5310 ex
2871 5253 3008 5310 mss.
3058 5255 3175 5310 Vat.
3220 5255 3335 5310 bas.
3385 5255 3722 5310 restituimus

2124 5325 2443 5398 suppuratis.
2474 5325 2563 5380 Sic
2586 5325 2677 5380 lib.
2709 5326 2776 5383 de
2802 5325 3006 5398 Synod.
3040 5343 3093 5381 n.
3122 5327 3214 5393 65,
3242 5327 3328 5380 ubi
3357 5342 3424 5380 ex
3451 5327 3720 5397 antiquio-

2128 5397 2276 5470 ribus
2305 5411 2436 5470 mss.
2461 5397 2947 5470 exstatsuppuratw
2974 5398 3248 5470 impietatis
3275 5399 3532 5466 doctrina,
3559 5400 3609 5453 in
3634 5413 3722 5454 re-

2124 5467 2457 5540 centioribus
2489 5468 2680 5540 legitur
2709 5467 2984 5539 soporatw.

2193 5539 2262 5662 ,ἢ
2290 5536 2470 5594 Codex
2501 5536 2565 5594 Si
2603 5540 2744 5596 Petri
2771 5536 2915 5595 'cum
2947 5539 3068 5597 aliis
3099 5555 3232 5598 mss.
3275 5541 3537 5596 conventis
3567 5551 3621 5594 ut
3664 5541 3720 5595 in

2211 5613 2463 5662 tanasinm
2484 5612 2879 5662 subscriberent.

2125 5610 2463 5664 Athanasium
2484 5612 2879 5668 subscriberent.

2201 5680 2274 5806 (Α)
2317 5681 2666 5738 Desideratur
2704 5699 2826 5752 pars
2855 5697 2915 5738 ea
2936 5724 2950 5748 ,
2986 5685 3038 5738 in
3065 5699 3168 5755 qua
3201 5684 3403 5740 mentio
3432 5683 3548 5738 haec
3577 5694 3716 5740 erat.

2201 5757 2214 5806 l
2260 5759 2272 5806 l
2294 5753 2452 5806 Etliti.
2473 5755 2516 5806 si
2532 5771 2626 5806 nro
2643 5755 2758 5806 fidei
2779 5757 3090 5806 m'ot‘essione
3103 5773 3122 5806 :
3140 5757 3467 5806 castigantur
3484 5769 3547 5806 ex
3561 5771 3716 5806 mss..

2199 5753 2272 5825 (lt)
2294 5753 2452 5826 Editi,
2473 5755 2516 5808 si
2532 5771 2626 5826 pro
2639 5755 2758 5822 fidei
2775 5753 3122 5826 professione:
3140 5757 3472 5826 castigantur
3484 5769 3722 5826 εχιιιεε..

2130 5821 2182 5878 in
2206 5821 2396 5896 quibus
2414 5821 2754 5897 seripsisseitt,
2773 5821 2992 5897 perinde
3007 5836 3089 5885 est
3105 5821 3721 5898 atquesubscripsissent.
