4270 6264
557 241 663 297 565

1763 238 2002 307 SANtLTI
2047 237 2300 301 lllLMlll
2350 234 2651 301 l’iPlSCDPl

3752 231 3863 291 5M

555 357 650 426 sit,
678 356 916 414 clamans
943 371 1048 413 non
1076 371 1233 431 posse
1263 354 1377 410 lleri
1404 396 1417 420 ,
1449 361 1509 407 ut
1539 351 1737 435 aliquid
1780 350 1902 421 inde
1930 364 2147 427 gerere-
2180 388 2227 453 Δ
2258 349 2419 420 igitur
2458 349 2538 403 illi
2568 349 2749 420 populi
2776 348 3030 420 judicium
3060 388 3073 415 ,
3119 363 3150 403 e
3184 347 3465 401 Dominico
3506 345 3573 401 ad
3605 348 3862 417 palatium

563 461 670 506 tur.
720 448 828 507 Res
871 459 995 521 post
1023 449 1314 504 clamorem
1363 445 1589 501 multum
1618 444 1847 509 deducta
1893 434 1947 497 in
1989 457 2155 511 etins-

564 541 819 597 cientiam
879 539 1052 612 plebis
1103 548 1186 595 est
1237 539 1469 613 :gravis
1520 536 1759 597 omnium
1807 534 1965 590 dolor
2006 545 2158 589 ortus

564 640 689 697 est,
744 631 1051 717 impugnata
1080 638 1163 684 est
1209 643 1240 683 a
1278 620 1651 685 Sacerdotibus
1699 626 1850 683 tldes.
1900 625 2159 697 Vercntes

2267 450 2564 496 transeunt.
2598 440 2913 513 Cuiusmodi
2943 440 3267 512 sententiam
3296 439 3348 494 in
3382 438 3673 509 Eusebium
3705 441 3865 510 longe

2264 542 2412 601 ante,
2443 549 2603 607 quam
2642 534 2930 597 ecclesiam
2962 532 3040 607 (a)
3068 532 3468 606 ingrederetur,
3496 532 3815 607 scripserint
3845 551 3861 587 :

2266 625 2337 683 de
2375 642 2433 682 se
2462 624 2700 698 loquitur
2729 627 2842 700 ipsa
2870 626 3160 682 sententia.
3612 612 3615 621 “

629 769 711 842 (a)
738 769 868 828 Iss.
902 784 1115 829 summo
1142 781 1410 825 consensu
1436 808 1452 833 ,
1483 765 1891 839 ingrederentur.
1922 763 2127 821 Deinde
2146 764 2201 820 in
2225 763 2345 820 solo
2370 762 2494 820 Vat.
2538 764 2657 821 bas.
2702 764 2767 819 de
2802 780 2856 820 se
2880 765 3118 834 loquatur
3157 764 3300 836 ipsa,
3343 763 3548 819 omisso
3590 764 3862 818 sententia.

559 885 1000 1009 Ξῐῆῐῖ

1028 1026 1139 1105 ΙΝ
1197 1023 1771 1105 LIBELLUM
1810 1020 2680 1109 SUBSEQUENTEM
2711 1019 3368 1096 ADMONITIO.

634 1267 892 1329 Hilarius,
962 1264 1281 1335 Hieronymo
1321 1270 1469 1326 teste,
1541 1276 1659 1315 cum
1717 1255 2165 1329 Constantinopoli

560 1370 882 1426 versaretur,
950 1358 1178 1413 libellum
1246 1354 1546 1411 Constantio
1594 1354 1704 1425 ipse
1753 1350 1988 1406 tradidit.
2040 1348 2163 1419 Huc

576 1452 711 1507 enim
744 1449 985 1506 Seleucia
1008 1447 1192 1520 synodi
1224 1446 1420 1517 legatos
1444 1453 1669 1512 secutus,
1700 1453 1757 1498 ut
1785 1458 1901 1497 cum
1931 1440 2171 1512 Sulpicio

563 1544 755 1601 Severo
786 1543 1078 1615 loquamur,
1110 1541 1195 1594 ubi
1218 1548 1501 1594 extremum
1530 1535 1653 1607 ﬁdei
1685 1533 1969 1608 periculum
2000 1533 2163 1587 anim-

559 1638 796 1703 advertit,
843 1634 1162 1689 audientiam
1201 1632 1335 1702 regis
1366 1631 1616 1702 poposcit,
1663 1635 1720 1681 ut
1753 1626 1816 1680 de
1860 1624 1965 1693 ﬁde
1991 1638 2167 1678 coram

564 1706 870 1800 disputaret.
901 1725 1052 1793 Quod
1094 1725 1147 1778 in
1198 1725 1337 1777 hunc
1362 1720 1593 1776 libellum
1620 1718 1843 1772 maxime
1873 1716 2162 1783 convenire,

564 1823 646 1878 vel
688 1839 752 1877 ex
796 1812 946 1877 titulo
989 1822 1042 1874 in
1085 1819 1320 1873 omnibus
1358 1831 1484 1869 mss.
1526 1822 1811 1884 pramotato
1844 1811 2169 1881 perspicuum

563 1925 660 1971 est.
717 1914 935 1969 Oblatas
957 1922 1031 1967 est
1058 1920 1231 1965 autent
1256 1908 1358 1965 sub
1384 1908 1481 1963 lite
1504 1907 1726 1981 famosa,
1762 1905 1887 1957 dum
1913 1903 2004 1957 alii
2049 1902 2169 1957 sub-

563 2009 769 2061 stantia:
816 2020 1000 2060 nomen
1026 1999 1370 2065 retinendum,
1404 1998 1497 2052 alii
1533 1996 1872 2068 rejiciendum
1897 2009 2007 2049 esse
2049 2008 2173 2047 con—

571 2100 867 2163 tenderent;
888 2097 989 2152 sub
1016 2088 1231 2167 synodo~
1255 2091 1562 2157 dissidenti,
1596 2088 2171 2162 Constantinopolitano

567 2192 785 2256 scilicet,
838 2204 954 2260 qua:
1001 2203 1103 2241 non
1127 2184 1299 2241 minus
1326 2183 1453 2253 ﬁde,
1499 2197 1654 2253 quam
1701 2180 1915 2251 privatis
1953 2178 2170 2252 jurgiis,

569 2282 740 2335 varias
784 2281 838 2334 in
887 2288 1058 2348 partes
1104 2275 1478 2332 scindebatur:
1519 2271 1831 2345 proindeque
1874 2286 2011 2325 anno
2069 2267 2176 2326 560

569 2376 802 2441 ineunte,
833 2389 934 2443 quo
959 2373 1069 2427 htec
1097 2369 1327 2442 synodus
1366 2368 1616 2423 celebrata
1643 2375 1736 2423 est.
1786 2366 1918 2434 Qua:
1959 2381 2074 2419 cum
2102 2364 2177 2418 ita

570 2466 696 2532 sint,
736 2472 845 2519 tum
889 2482 920 2518 a
969 2462 1243 2518 Ferrando
1280 2461 1498 2515 diacono
1542 2460 1690 2532 epist.
1733 2459 1801 2513 ad
1828 2456 2098 2528 Pelagium
2128 2463 2177 2511 et

575 2559 787 2616 Anatol.
836 2574 981 2613 num.
1013 2558 1070 2623 Ξ,
1103 2565 1208 2610 tum
1238 2557 1291 2609 in
1319 2554 1584 2610 ueterrimo
1625 2551 1865 2608 Basilica:
1912 2550 2180 2607 Vaticanis

572 2650 860 2722 exemplari
879 2634 985 2705 non
1009 2650 1125 2704 ideo
1166 2648 1464 2703 inscribitur
1510 2647 1647 2704 liber
1686 2648 1753 2702 ad
1803 2645 2178 2702 Constantium

571 2744 867 2810 secundus,
918 2743 1061 2813 quod
1110 2757 1227 2796 cum
1271 2741 1535 2811 superiore
1583 2742 1861 2807 coltwreat,
1910 2743 2000 2795 sed
2044 2737 2181 2811 quod

2261 1254 2353 1311 Ita
2397 1256 2550 1311 etiam
2602 1256 2699 1312 hac
2748 1258 2908 1327 animi
2958 1261 3037 1314 sui
3084 1259 3464 1334 signiﬁcatione
3502 1261 3645 1331 apud
3691 1277 3865 1317 omnes

2265 1348 2467 1422 paravit
2510 1347 2606 1404 sibi
2658 1349 2834 1421 ﬁdem,
2887 1359 2942 1404 ut
2989 1366 3107 1405 cum
3156 1350 3314 1427 paulo
3358 1361 3469 1422 post
3516 1353 3781 1422 asperiora
3811 1354 3866 1408 in

2267 1438 2627 1496 Constantium
2674 1444 2978 1513 scripturus,
3030 1443 3177 1498 nulla
3220 1460 3275 1499 se
3320 1444 3665 1512 impatientia,
3712 1446 3871 1513 nullis

2268 1524 2507 1589 humanis
2549 1533 2822 1601 a/fectibus
2868 1537 2937 1589 ad
2984 1537 3039 1591 id
3068 1535 3265 1607 impelli
3291 1536 3503 1603 diceret,
3553 1538 3865 1592 crederetur.

2270 1623 2492 1681 Erasmo
2521 1627 2616 1682 etsi
2646 1628 2870 1682 minutus
2908 1629 3048 1682 visus
3089 1637 3164 1682 est
3194 1628 3274 1682 hic
3312 1629 3439 1689 liber
3481 1645 3500 1683 :
3547 1629 3679 1703 nihil
3722 1630 3776 1684 in
3813 1646 3873 1685 eo

2273 1729 2440 1773 tamen
2470 1734 2683 1791 prorsus
2712 1719 3111 1774 desiderandum
3137 1729 3230 1774 est.
3263 1719 3402 1775 Nam
3429 1736 3699 1793 operosum
3741 1721 3872 1776 illud

2272 1821 2322 1867 et
2366 1822 2624 1877 exactum,
2676 1812 2818 1880 quod
2870 1827 2984 1866 eum
3028 1813 3259 1886 polliceri
3302 1830 3393 1867 nec
3432 1824 3678 1885 prazstare
3706 1824 3873 1881 notat,

2275 1919 2379 1958 non
2432 1904 2501 1956 ad
2541 1904 2675 1957 hunc
2724 1903 2952 1969 libellum
2998 1906 3236 1978 pertinet,
3285 1906 3373 1961 sed
3409 1907 3478 1961 ad
3508 1904 3768 1976 publicam
3813 1906 3878 1961 de

2277 1996 2380 2066 ﬁde
2425 1996 2846 2068 disputationem,
2898 1999 3049 2060 cuius
3098 2006 3322 2069 potestas
3364 1998 3459 2054 hoc
3489 1997 3662 2053 libello
3702 2009 3880 2069 postu-

2277 2088 2436 2157 latur.
3458 2101 3463 2111 '

2346 2181 2627 2256 Synopsis.
2652 2180 2815 2237 —In
2853 2185 2969 2257 ejus
3016 2182 3231 2250 exordio
3271 2181 3509 2251 Hilarius
3552 2199 3607 2239 se
3649 2183 3881 2239 exsulem

2277 2278 2567 2351 confessus,
2616 2277 2740 2347 petit
2789 2285 2846 2329 ut
2888 2274 3232 2331 Saturninum
3278 2286 3576 2347 praesentem
3622 2292 3779 2345 usque
3812 2276 3881 2331 ad

2279 2354 2652 2441 confessionem
2682 2368 2933 2440 falsorum
2957 2383 3071 2440 quce
3099 2369 3155 2422 in
3182 2385 3243 2423 ea
3264 2384 3421 2423 causa
3450 2368 3606 2439 gessit
3631 2367 3878 2423 adducat.

2282 2462 2419 2518 Tum
2469 2478 2585 2536 qua?
2631 2478 2729 2517 sua
2755 2470 2875 2516 sunt
2901 2463 3113 2528 oblitus,
3159 2462 3457 2531 imperatori
3499 2462 3621 2532 ﬁdei
3667 2477 3885 2535 cognos-

2279 2554 2456 2609 cenda:
2482 2554 2674 2625 cupido
2704 2556 2935 2625 exponit,
2966 2555 3056 2625 qui
3102 2571 3166 2610 ex
3192 2556 3446 2626 frequenti
3488 2554 3769 2631 mutatione
3796 2570 3888 2609 ac-

2281 2648 2464 2702 ciderit
2493 2646 2800 2717 evangelica:
2823 2647 2943 2718 ﬁdei
2974 2648 3237 2716 corruptio
3261 2661 3281 2700 :
3304 2645 3539 2717 adeoque
3559 2648 3626 2715 ad
3648 2647 3889 2718 baptismi

2282 2740 2439 2813 ﬁdem
2467 2740 2785 2807 redeundum
2814 2739 3014 2813 suadet.
3046 2738 3381 2812 Imperatoris
3430 2738 3614 2793 deinde
3655 2738 3888 2793 studium

572 2845 801 2907 tempore
831 2836 1088 2904 posterior
1114 2834 1201 2888 sit.
1232 2833 1362 2889 Aliis
1390 2833 1476 2887 hic
1509 2834 1885 2903 suspiciendam
1934 2833 2184 2903 relinqui—
2285 2836 2483 2899 laudat,
2526 2836 2683 2906 ﬁdem
2725 2843 2923 2901 tantum
2954 2832 3235 2888 secundum
3283 2849 3342 2886 ea
3379 2847 3490 2904 quae
3533 2834 3723 2902 scripta
3769 2839 3892 2886 sunt

574 2944 691 2982 mus
754 2927 1108 2981 incredibilem
1165 2927 1478 2981 sanctissimi
1545 2928 1782 2999 praesulis
1839 2927 2179 2998 vigilantiam,

2286 2929 2652 2984 desiderantis.
2700 2927 2995 2983 Commonet
3038 2937 3228 2992 tamen,
3278 2925 3480 3001 nullum
3521 2940 3629 2979 esse
3675 2925 3886 2980 haereti-

573 3018 949 3087 fortitudinem,
997 3018 1325 3086 prudentiam
1354 3033 1415 3071 ac
1443 3017 1620 3087 ﬁdem,
1666 3035 1769 3089 qua
1795 3036 1929 3073 unus
1955 3021 2184 3089 quamvis
2211 3044 2258 3108 ρ
2290 3039 2428 3089 cum,
2460 3024 2545 3093 qui
2578 3033 2866 3078 commenta
2908 3038 2999 3075 sua
3044 3036 3109 3075 ex
3136 3018 3423 3089 Scripturis
3469 3033 3569 3093 non
3599 3018 3886 3087 conﬁrmet.

579 3107 747 3173 exsul,
804 3108 1059 3163 Ita'reticis
1081 3110 1406 3178 imperatoris
1455 3119 1699 3179 potestate
1727 3112 1959 3177 armatis,
1987 3113 2041 3165 in
2071 3112 2184 3181 ipsa
2223 3103 2257 3108 “
2290 3115 2513 3171 [lentum
2536 3114 2800 3188 pollicitus
2827 3113 2958 3168 nihil
2982 3130 3036 3169 se
3063 3128 3164 3167 non
3191 3103 3588 3179 ex‘Scripturis,
3635 3106 3765 3163 nihil
3786 3125 3887 3163 non

574 3202 722 3271 regia
767 3200 969 3255 civitate
994 3217 1105 3256 sese
1149 3219 1252 3257 non
1284 3204 1454 3257 timuit
1506 3220 1778 3275 opponere,
1838 3206 1939 3260 imo
1974 3206 2055 3259 sui
2085 3215 2186 3259 ter-

2288 3211 2357 3266 ad
2391 3209 2618 3266 Orientis
2650 3218 2698 3264 et
2732 3206 3021 3263 Occidentis
3044 3221 3242 3289 pacem,
3275 3203 3406 3258 nihil
3436 3220 3537 3257 non
3561 3219 3674 3256 cum
3701 3202 3893 3255 honore

572 3306 744 3345 rorem
791 3293 1018 3347 incutere
1064 3293 1242 3348 valuit.
1303 3293 1484 3364 Neque
1529 3295 1661 3349 enim
1711 3296 1855 3349 inani
1901 3308 2088 3351 conatu
2133 3312 2185 3350 se
2287 3304 2430 3379 νρθηί
2459 3321 2519 3358 ac
2545 3305 2700 3374 regit,
2721 3304 2844 3383 ﬁde;
2873 3302 3154 3368 dicturum,
3201 3298 3461 3392 quoddam
3504 3296 3754 3351 sermoni,
3803 3300 3889 3367 [ιι-

579 3383 833 3438 haereticis
859 3386 1119 3454 apposuit,
1161 3386 1249 3454 qui
1288 3387 1402 3440 licet
1445 3403 1547 3441 non
1587 3387 1862 3442 obtinuerit
1905 3390 2041 3460 quod
2087 3389 2182 3443 hoc

580 3472 754 3528 libello
800 3476 1060 3544 poscebat.
1110 3493 1197 3531 eos
1246 3486 1380 3531 certe
1428 3479 1743 3548 inﬁrmitatis
1790 3494 1900 3534 sua:
1937 3482 2175 3536 convicit.

576 3604 940 3781 ΞέΞ-ἷιοᾶ

2284 3400 2391 3452 turi
2423 3399 2607 3470 pignus
2633 3396 2915 3467 prtemittit.

1435 3704 2152 3879 SANCTI
2265 3711 3043 3873 HILARII

952 3922 1226 4071 Ἀι)
1355 3962 2466 4073 CONSTANTIUM
2597 3960 3438 4073 AUGUSTUM

1866 4161 2108 4235 LIBER
2173 4162 2608 4241 SECUNDUS;

1535 4299 1682 4350 QUBI
1711 4299 1781 4342 ΕΤ
1816 4300 2309 4347 CONSTLNTINOPOLI
2340 4302 2502 4343 κωκυ
2524 4301 2638 4345 IPSE
2664 4301 2938 4345 TMDIDI‘I‘.

1960 4399 1982 4466 (
2005 4399 2231 4464 Scriptus
2251 4411 2380 4451 anno
2401 4399 2538 4465 360.)

656 4509 711 4564 i.
763 4507 1005 4564 Hilarius
1050 4509 1105 4564 in
1154 4510 1289 4580 regis
1342 4510 1633 4581 praesentia.
1659 4540 1733 4553 —
1768 4509 1884 4566 Non
1935 4524 2054 4566 sum
2103 4513 2275 4581 ne-D
2301 4509 2573 4582 religiosa,
2618 4510 2901 4583 dijudicet.
2950 4511 3019 4569 Et
3063 4514 3187 4584 quia
3213 4514 3345 4570 mihi
3376 4529 3407 4570 a
3449 4515 3562 4571 Deo
3590 4515 3895 4586 praesentiae

579 4600 746 4664 scius,
780 4600 1020 4671 piissime
1048 4601 1364 4672 imperator,
1389 4617 1449 4657 ea
1467 4618 1588 4673 quae
1612 4602 1769 4675 (a)de
1795 4602 2072 4658 nonnullis
2099 4618 2196 4660 ne—
2297 4611 2403 4658 tuze
2443 4602 2817 4673 opportunitas
2846 4604 3083 4675 prmstita
3109 4616 3213 4673 est,
3248 4620 3348 4662 nec
3372 4621 3499 4678 erga
3533 4607 3647 4659 haec
3674 4608 3819 4676 quid:
3841 4621 3894 4663 m

582 4693 744 4766 gotiis
766 4694 830 4749 ad
849 4678 1198 4775 conscientia:
1222 4694 1449 4769 publica:
1475 4694 1801 4755 audientiam
1827 4696 2190 4773 proferantur,

588 4800 687 4855 pro
714 4785 977 4857 dignitate
997 4802 1185 4847 eorum
1206 4786 1295 4855 qui
1315 4786 1662 4857 eloquuntur,
1680 4787 1764 4844 vel
1786 4790 1970 4859 gravia
2010 4789 2195 4845 existi-

2296 4696 2642 4756 Conscicntiae
2667 4712 2803 4755 metu
2832 4702 3066 4755 cessavit
3092 4697 3330 4757 ofﬁcium
3358 4717 3371 4754 :
3404 4711 3456 4755 ut
3482 4701 3536 4756 in
3563 4716 3710 4767 eum,
3735 4717 3896 4771 quem

2296 4789 2439 4859 apud
2490 4800 2540 4845 te
2580 4789 2757 4845 habeo
2802 4790 2871 4845 de
2919 4791 3182 4861 religione
3228 4808 3559 4861 sermonem,
3604 4794 3897 4864 indignitas

585 4877 724 4931 mari
773 4876 983 4943 solere,
1034 4877 1118 4932 vel
1148 4877 1290 4932 levia
1320 4896 1333 4931 :
1368 4877 1442 4951 (ὁ)
1469 4878 1594 4933 dum
1627 4878 1950 4934 distantibus
1978 4880 2195 4951 epinio-
2297 4870 2435 4937 forte
2462 4880 2636 4952 aliqua
2669 4892 2842 4937 tecum
2873 4883 3144 4954 loquentis
3171 4885 3430 4943 otiendat.

588 4965 774 5033 nibus,
800 4967 1106 5038 ambiguam
1129 4968 1452 5024 sententiam
1474 4969 1539 5024 ad
1567 4969 1800 5045 studium
1826 4970 2193 5042 intelligentiae

578 5071 865 5129 promovet
894 5060 1130 5116 hominis
1158 5072 1522 5134 contemptus,
1567 5075 1662 5133 aut
1694 5066 1891 5136 gratia.
1919 5066 2025 5127 Sed
2057 5066 2188 5122 mihi

586 5152 730 5221 apud
779 5160 831 5209 te
876 5152 947 5209 de
993 5153 1177 5211 divina
1225 5170 1284 5211 re
1335 5155 1419 5226 pia
1464 5156 1717 5227 dicturo,
1746 5158 1922 5235 nullos
1950 5158 2188 5230 vulgatae

585 5246 994 5325 consuetudinis
1038 5258 1213 5305 metus
1257 5259 1342 5306 est
1390 5267 1403 5303 :
1451 5249 1596 5322 quia,
1647 5264 1769 5307 cum
1817 5251 1892 5307 sis
1919 5250 2097 5308 bonus
2126 5266 2190 5309 ac

592 5337 909 5413 religiosus,
964 5356 1063 5403 nec
1110 5339 1297 5415 vitium
1337 5340 1522 5417 iudicii
1568 5343 1708 5417 apud
1734 5326 2031 5418 prudentes
2062 5344 2181 5403 reti-

595 5432 840 5521 gionum,
867 5433 995 5505 quid
1022 5449 1054 5489 a
1095 5450 1203 5506 quo
1243 5434 1446 5503 audiat,
1474 5434 1572 5492 sed
1607 5449 1675 5492 an
1705 5451 1824 5508 qua:
1854 5435 2037 5491 audiat
2080 5434 2192 5492 sint

656 5590 735 5665 (a)
763 5590 945 5671 Codex
974 5593 1097 5671 γει.
1128 5595 1383 5671 basilicas,
1409 5596 1477 5671 de
1518 5596 1773 5671 plerisque
1799 5596 1863 5655 de
1889 5596 2177 5655 nonnullis.

590 5659 834 5737 Focilata
858 5666 1111 5737 plerisque
1134 5666 1197 5722 de
1223 5668 1504 5737 nonnullis.

660 5732 736 5803 (lt)
780 5731 1038 5793 ln'mssﬁ
1065 5735 1190 5799 dum
1228 5736 1310 5794 his
1354 5739 1511 5794 tantis
1551 5739 2000 5823 opinionibus:et
2043 5755 2171 5811 mox

2364 4973 2420 5029 2.
2473 4972 2660 5029 Gallia:
2685 4972 2932 5031 Ecclesiis
2980 4980 3343 5035 communicat.
3395 4977 3619 5036 Exsulat
3646 4981 3893 5052 factione.

2292 5063 2373 5120 De
2401 5082 2494 5137 sua
2521 5067 2817 5125 innocentia
2844 5084 3076 5124 securus.
3102 5098 3171 5111 -—
3203 5070 3507 5140 EpiscOpus
3548 5087 3650 5141 ego
3690 5088 3808 5127 sum
3842 5073 3896 5129 in

2292 5159 2531 5214 omnium
2557 5157 2632 5233 (c)
2683 5159 3009 5217 Gallicarum
3055 5163 3410 5219 ecclesiarum
3462 5177 3623 5237 atque
3686 5169 3898 5239 episco-

2299 5264 2489 5322 porum
2517 5253 2922 5319 communione,
2976 5254 3103 5310 licet
3134 5256 3188 5313 in
3219 5257 3437 5326 exsilio,
3466 5272 3813 5329 permanens,
3843 5268 3901 5316 et

2294 5341 2552 5403 Ecclesiae
2574 5344 2749 5401 adhuc
2774 5361 2871 5417 per
2912 5348 3257 5421 presbyteros
3282 5366 3434 5407 meos
3459 5354 3896 5417 communionem

2291 5435 2639 5493 distribuens.
2674 5437 2881 5495 Exsqu
2908 5449 3090 5496 autem
3120 5456 3226 5497 non
3256 5444 3508 5511 crimine,
3559 5445 3658 5501 sed
3704 5444 3899 5500 factio-

2281 5607 2578 5745 ῐξῖἔηὲῗιὲεξᾶ
2600 5614 2708 5655 non
2737 5611 3041 5675 promovet:
3066 5619 3130 5662 ac
3159 5614 3342 5681 postea
3376 5607 3429 5664 in
3454 5607 3665 5673 duobus
3702 5609 3892 5697 gloria,

2345 5740 2429 5823 (cf
2449 5741 2574 5813 Mss.
2605 5740 2914 5813 Galliarum,
