4270 6264
465 213 573 273 565

1421 216 1514 272 AD
1553 215 2034 277 CONS’I'ANTIUM
2073 219 2455 282 AUGUSTUM
2494 224 2702 284 LIBER
2739 226 2802 286 ll.

3666 239 3771 295 566

468 347 568 400 ne;
599 340 653 387 et
681 330 828 388 falsis
859 331 1062 387 nuntiis
1113 331 1303 404 synodi
1325 331 1390 387 ad
1418 338 1470 388 te
1494 333 1873 405 imperatorem
1897 335 2066 409 pium,
2099 341 2150 401 Α
2178 339 2504 411 praedicant;
2537 343 2726 400 orbem
2757 352 3019 403 aeternum
3048 349 3251 406 erroris
3295 357 3349 407 et
3391 352 3671 411 redeuntis
3721 359 3771 412 in

473 442 578 483 non
645 426 979 499 obaliquam
1029 428 1314 483 criminum
1365 443 1614 485 meorum
1661 430 2070 495 conscientiam,

471 535 576 592 per
606 518 801 591 impios
851 519 1098 576 homines
1122 519 1196 592 (a)
1240 519 1476 576 delatus.
1517 520 1627 576 Nec
1674 521 1848 577 levem
1900 521 2073 577 habeo

471 614 706 684 querela:
733 629 866 669 mea:
896 622 1085 670 testem
1116 613 1394 669 dominum
1427 630 1606 669 meum
1637 615 1942 685 religiosum
1958 613 2076 671 Cae-

471 720 648 760 sarem
678 714 828 760 tuum
856 704 1126 759 lulianum
1159 723 1171 758 :
1203 706 1292 776 qui
1326 706 1444 776 plus
1477 707 1526 760 iu
1570 707 1765 761 exsilio
1795 722 1916 761 meo
1942 722 2072 763 con:

473 798 708 852 tuuielia:
763 812 792 850 a
843 797 1018 864 malis,
1071 813 1231 868 quam
1285 813 1386 869 ego
1438 799 1673 869 injuriae,
1725 799 1961 869 pertulit.
2015 800 2071 854 In

471 901 722 962 promptu
749 890 893 943 enim
919 901 1043 943 sunt
1073 889 1288 960 pietatis
1316 901 1510 945 vestrre
1540 891 1733 946 littera:
1763 910 1775 946 :
1806 891 1942 945 falsa
1979 905 2074 946 au-

472 994 582 1040 tem
611 998 796 1038 eorum
832 983 1035 1044 omnia,
1073 981 1145 1055 (b)
1173 997 1293 1051 quae
1325 983 1376 1036 in
1423 983 1674 1037 exsilium
1721 998 1900 1038 meum
1947 999 2074 1054 pro-

472 1085 819 1141 curaverunt,
870 1090 979 1130 non
1025 1075 1079 1129 in
1125 1074 1356 1130 ObaCUl‘O
1385 1087 1530 1130 sunt.
1563 1075 1682 1145 lpse
1704 1091 1917 1147 quoque
1948 1077 2070 1149 (Sa-

471 1170 744 1235 turninus,
777 1167 880 1221 vid.
931 1167 1022 1222 lib.
1055 1167 1119 1220 de
1158 1167 1362 1238 Synod.
1406 1185 1458 1221 n.
1487 1168 1543 1238 2)
1566 1169 1650 1224 vel
1673 1169 1934 1235 minister,
1985 1169 2073 1224 vel

469 1273 658 1318 auctor
704 1271 978 1333 gestorum
1023 1261 1286 1329 omnium,
1347 1263 1486 1316 intra
1544 1262 1682 1316 hanc
1729 1262 1917 1317 urbem
1965 1271 2066 1316 est.

473 1355 916 1410 Circumventum
992 1362 1046 1407 te
1100 1353 1442 1423 Augustum,
1501 1353 1827 1424 illusumque
1894 1356 2072 1409 Caesa-

470 1465 586 1506 rem
637 1457 788 1503 tuum
847 1463 909 1503 ea
967 1447 1246 1502 conlidens
1314 1448 1659 1502 consrientim
1707 1463 1840 1503 mete
1883 1449 2072 1503 condi-

469 1545 614 1597 tione
647 1539 986 1611 patefaciam,
1014 1548 1071 1594 ut
1100 1541 1145 1594 si
1179 1539 1454 1610 indignum
1506 1541 1704 1610 aliquid
1755 1557 1863 1595 non
1909 1541 2071 1596 modo

469 1634 706 1705 episcopi
738 1633 1047 1699 sanctitate,
1091 1633 1187 1687 sed
1228 1635 1390 1688 etiam
1433 1632 1554 1686 laici
1599 1633 1905 1704 integritate
1949 1649 2072 1702 ges-

2179 446 2238 488 se
2290 447 2505 504 semper
2551 436 2864 495 certaminis
2916 441 3382 498 circumtulerunt.
3451 442 3778 516 Oportuerat

2178 524 2345 592 enim,
2385 525 2632 582 human:e
2683 527 3010 587 inﬁrmitatis
3055 533 3340 602 modestia,
3387 550 3550 592 omne
3594 541 3775 611 cogni-

2177 618 2338 674 tionis
2366 619 2563 674 divinae
2585 635 2982 679 sacramentum
3018 625 3123 680 illis
3172 635 3379 682 tantum
3430 631 3776 688 conscientia:

2177 725 2290 766 suae
2339 711 2534 766 finibus
2578 715 2844 770 contineri
2897 717 3093 787 quibus
3142 719 3391 787 credidit,
3441 737 3616 790 neque
3658 735 3776 794 post

2177 805 2481 861 confessam
2507 817 2557 860 et
2583 806 2816 876 juratam
2851 810 2902 863 in
2956 809 3221 880 baptismo
3272 812 3429 866 ﬁdem
3473 815 3529 867 in
3578 818 3780 870 nomine

2179 895 2357 950 Patris
2388 908 2434 950 et
2458 898 2556 966 ﬁlii
2579 909 2626 952 et
2657 898 2885 971 Spiritus
2952 903 3136 968 sancti,
3171 905 3468 975 quidquam
3501 907 3645 962 aliud
3688 911 3773 964 vel

2176 988 2472 1059 ambigere,
2505 990 2588 1044 vel
2619 992 2896 1047 innovare.
2933 991 3038 1047 Sed
3091 995 3447 1063 quorumdam
3496 1007 3588 1051 aut
3633 1015 3774 1068 prro-

2175 1083 2434 1150 sumptio,
2468 1092 2559 1136 aut
2586 1082 2660 1151 (e)
2687 1083 2940 1153 facilitas,
2971 1096 3063 1140 aut
3090 1101 3263 1151 error.
3293 1091 3606 1159 apostolicae
3648 1092 3776 1148 doc-

2179 1173 2331 1228 trina:
2381 1173 2819 1230 indemutabilem
2868 1175 3027 1248 545
3073 1179 3520 1236 constitutionem
3569 1184 3766 1253 partim

2177 1263 2544 1319 fraudulenter
2569 1265 2820 1321 confessa
2849 1279 2954 1336 est,
3003 1270 3196 1338 partim
3227 1271 3485 1327 audacter
3512 1288 3730 1344 egressa
3760 1294 3774 1330 :

2176 1356 2303 1412 dum
2328 1359 2379 1411 in
2409 1357 2754 1416 confessione
2783 1360 2960 1415 Patris
2991 1369 3047 1417 et
3076 1363 3195 1417 Filii
3222 1373 3276 1418 et
3320 1365 3551 1436 Spiritus
3605 1369 3776 1423 sancti

2175 1452 2459 1506 veritatem
2503 1455 2762 1509 naturalis
2806 1454 3212 1524 signiﬁcationis
3256 1457 3441 1523 eludit,
3489 1458 3557 1532 (Γ)
3614 1476 3682 1514 ne
3723 1462 3772 1514 id

2176 1552 2422 1597 maneret
2451 1544 2502 1597 in
2530 1559 2713 1611 sensu,
2744 1545 2884 1615 quod
2911 1545 2962 1599 in
2988 1547 3413 1617 regenerationis
3437 1559 3777 1605 sacramento

2174 1645 2257 1693 est
2303 1637 2692 1692 conﬁtendum.
2745 1638 2826 1693 0b
2869 1637 2972 1693 hoc
3021 1655 3185 1710 penes
3232 1641 3586 1711 quorumdam
3644 1658 3775 1698 cou-

469 1727 606 1786 sisse
633 1727 851 1793 docear,
885 1743 990 1781 non
1017 1725 1131 1797 jam
1163 1725 1528 1782 sacerdotium
1563 1742 1658 1797 per
1707 1728 1920 1782 veniam
1971 1742 2063 1782 ex-
2095 1733 2144 1794 B
2171 1730 2448 1784 scientiam
2503 1746 2603 1785 nec
2648 1730 2809 1785 Pater
2854 1741 3030 1801 pater,
3079 1748 3180 1787 nec
3226 1732 3392 1788 Filius
3437 1733 3600 1803 ﬁlius,
3673 1752 3772 1791 nec

466 1830 754 1891 spectem,
822 1818 916 1876 sed
975 1821 1118 1875 intra
1168 1819 1542 1892 paenitentiam
1600 1821 1718 1875 laici
1775 1809 2067 1878 consenes-

467 1930 610 1971 cam.

537 2007 592 2062 5.
623 2005 809 2060 Audiri
853 2013 1000 2077 rogat
1026 2005 1195 2060 exsilii
1240 2005 1322 2061 sui
1347 2013 1555 2060 auctare
1581 2015 1847 2078 praesente.
1875 2006 2062 2062 Libelli

468 2099 625 2171 hujus
677 2111 864 2150 causa}.
915 2126 985 2136 ——
1029 2095 1156 2151 Haec
1209 2105 1388 2150 autem
1441 2112 1614 2161 nunc,
1661 2096 2070 2167 dignantissime

469 2191 786 2260 imperator,
821 2187 1045 2244 arbitrio
1077 2197 1170 2242 tuo
1199 2187 1543 2258 derelinquo,
1577 2198 1845 2258 quatenus
1867 2199 1921 2244 et
1942 2203 2069 2259 quo-

468 2279 630 2335 modo
659 2295 746 2335 me
771 2279 934 2349 jubes
965 2279 1130 2350 loqui,
1180 2288 1234 2334 et
1261 2293 1325 2334 ea
1365 2293 1485 2348 quae
1522 2279 1755 2335 maxime
1803 2288 1982 2336 tecum
2011 2280 2067 2336 in

471 2371 838 2443 temporehoc
867 2371 1072 2442 agenda
1102 2381 1226 2426 sunt
1273 2385 1589 2442 prosequor.
1644 2369 1806 2426 Dabis
1851 2373 2065 2444 quidem

469 2466 521 2520 id
554 2467 607 2520 in
638 2480 878 2536 praesens
910 2466 1280 2519 instructionis
1306 2464 1369 2518 ad
1394 2479 1637 2532 causam,
1660 2475 1718 2519 ut
1744 2475 2066 2536 prmsentem

469 2573 612 2624 cum,
637 2557 791 2629 cujus
817 2557 1116 2612 ministerio
1145 2558 1351 2625 exsule,
1389 2571 1558 2627 usque
1580 2557 1644 2610 ad
1671 2557 2067 2613 confessionem

471 2649 729 2705 falsorum
761 2667 880 2721 qme
909 2650 1081 2722 gessit
1100 2649 1384 2704 adducam.
1422 2648 1528 2704 Sed
1556 2648 1689 2703 nihil
1715 2649 1782 2704 de
1826 2665 1912 2718 eo,
1963 2649 2066 2704 nisi

470 2756 591 2798 cum
636 2741 887 2811 jusseris,
939 2739 1152 2810 loquar.
1205 2741 1356 2794 Nunc
1402 2748 1582 2794 autem
1617 2738 1715 2811 (c),
1763 2740 1886 2809 quia
1935 2739 2066 2794 mihi

470 2843 751 2890 metusest
779 2835 845 2890 de
873 2835 1054 2888 mundi
1087 2834 1351 2904 periculo,
1380 2833 1449 2889 de
1495 2833 1698 2888 silentii
1744 2835 1848 2888 mei
1891 2844 2065 2903 reatu,

470 2927 764 2996 dejudieio
791 2926 908 2994 Dei,
933 2943 1060 2982 cura
1091 2937 1271 2982 autem
1319 2937 1404 2983 est
1445 2927 1512 2981 de
1554 2942 1672 2996 spe,
1719 2926 1787 2982 de
1825 2927 1954 2993 vita,
1999 2926 2068 2982 de

470 3019 879 3073 immortalitate
909 3036 1015 3073 non
1059 3031 1162 3074 tam
1214 3035 1354 3088 mea,
1407 3036 1565 3090 quam
1617 3029 1729 3086 tua,
1785 3021 2067 3074 universo-

2171 1821 2403 1890 Spiritus
2432 1831 2650 1876 sanctus
2693 1821 2914 1892 spiritus
2964 1833 3183 1878 sanctus
3212 1832 3315 1879 est.
3343 1825 3456 1880 Sub
3482 1825 3638 1896 cujus
3677 1843 3772 1882 ue-

2169 1911 2441 1966 eessitatis
2469 1910 2548 1983 (g)
2595 1923 2865 1983 tamquam
2915 1912 3258 1982 improbabili
3305 1916 3613 1984 occasione,
3641 1918 3776 1971 scri-

2171 2003 2360 2058 bendae
2409 2013 2572 2075 atque
2611 2003 2934 2058 innovanda:
2964 2003 3083 2060 fidei
3109 2005 3304 2060 exinde
3351 2023 3480 2062 usus
3528 2008 3769 2064 inolevit.

2172 2095 2272 2164 Qui
2324 2103 2447 2166 post
2493 2110 2652 2168 quam
2697 2110 2833 2150 nova
2874 2095 3053 2166 potius
3098 2097 3264 2166 coepit
3305 2098 3557 2166 condere,
3610 2115 3769 2168 quam

2172 2198 2392 2259 accepta
2416 2189 2684 2256 retinere;
2714 2203 2814 2243 nec
2839 2196 3080 2244 veterata
3110 2188 3370 2255 defendit,
3391 2204 3492 2245 nec
3513 2191 3766 2246 innovata

2172 2282 2408 2337 ﬁrmavit
2438 2300 2451 2335 :
2483 2291 2538 2336 et
2563 2281 2702 2336 facta
2749 2289 2832 2336 est
2874 2280 3008 2337 ﬁdes
3050 2288 3354 2352 temporum
3399 2285 3579 2353 potius
3608 2300 3768 2355 quam

2177 2375 2616 2446 Evangeliorum,
2646 2375 2771 2430 dum
2802 2383 2859 2430 et
2883 2374 3178 2430 secundum
3209 2390 3381 2432 annos
3420 2375 3768 2443 describitur,

2177 2476 2234 2524 et
2281 2468 2574 2523 secundum
2624 2466 3020 2523 confessionem
3064 2467 3315 2536 baptismi
3375 2482 3480 2522 non
3530 2476 3767 2524 tenetur.

2173 2559 2542 2615 Periculosum
2576 2559 2732 2613 nobis
2758 2558 3046 2612 admodum
3074 2568 3235 2627 atque
3263 2559 3426 2612 etiam
3459 2559 3772 2614 miserabile

2172 2660 2276 2718 est,
2321 2659 2400 2706 tot
2447 2665 2589 2705 nunc
2636 2650 2771 2704 ﬁdes
2815 2649 3097 2715 exsistere,
3152 2657 3286 2720 quot
3328 2649 3664 2715 voluntates;
3716 2661 3772 2706 et

2173 2753 2254 2799 tot
2306 2743 2460 2798 nobis
2505 2742 2781 2798 doctrinas
2811 2756 2956 2808 esse,
2988 2750 3119 2811 quot
3147 2755 3355 2808 mores;
3387 2751 3443 2797 et
3474 2751 3552 2796 tot
3579 2755 3770 2796 causas

2171 2835 2630 2904 blasphemiarum
2660 2834 2944 2904 pullulare,
2973 2842 3103 2903 quot
3131 2834 3255 2887 vitia
3305 2841 3432 2888 sunt
3461 2849 3474 2886 :
3508 2833 3636 2888 dum
3679 2843 3773 2888 aut

2172 2931 2240 2985 ita
2270 2930 2404 2983 ﬁdes
2433 2929 2741 2982 scribuntur
2773 2934 2829 2980 ut
2857 2925 3132 2988 volumus,
3163 2936 3256 2979 aut
3284 2927 3356 2980 ita
3401 2934 3460 2979 ut
3485 2924 3562 2996 (ἡ)
3608 2927 3767 2981 ιιοΙιι-

2172 3036 2292 3077 mus
2323 3019 2714 3089 intelliguntur.
2748 3017 2816 3072 Et
2859 3031 3004 3082 cum,
3052 3016 3348 3071 secundum
3389 3032 3552 3071 unum
3595 3016 3767 3072 Deum

469 3128 714 3182 rumque.
740 3112 868 3179 Qua:
893 3113 1013 3181 quia
1045 3113 1176 3166 mibi
1205 3130 1326 3168 cum
1361 3114 1604 3184 plurimis
1626 3113 1929 3187 communis
1959 3123 2062 3180 est,
2093 3113 2137 3175 C
2174 3124 2226 3170 et
2255 3129 2416 3167 unum
2447 3110 2733 3165 Dominum
2758 3107 2820 3181 (i)
2852 3118 2906 3164 et
2934 3124 3099 3163 unum
3126 3108 3411 3179 baptisma,
3439 3110 3600 3163 etiam
3631 3107 3769 3165 ﬁdes

468 3206 585 3262 lnec
610 3221 637 3259 a
665 3222 750 3260 me
773 3205 1077 3260 communis
1106 3209 1220 3276 spei
1250 3209 1586 3276 eXSpectatio
1612 3220 1714 3262 est.

537 3296 591 3351 4.
623 3283 952 3352 constantius
990 3308 1128 3370 aptat
1179 3299 1335 3368 ﬁdem
1385 3301 1567 3353 atrdire
1610 3299 1673 3353 ab
1719 3301 1970 3371 episcopis
2019 3306 2064 3353 et

467 3407 568 3446 non
600 3391 765 3444 audit.
813 3389 969 3444 Fides
1015 3393 1064 3444 in
1104 3391 1356 3460 baptismo
1393 3395 1595 3464 jurula.
1641 3388 1801 3445 Fides
1851 3391 2066 3446 subinde

466 3500 596 3540 nova
625 3494 674 3538 et
699 3485 816 3537 ideo
846 3484 1087 3539 nulla.—
1109 3483 1457 3554 ReCognosce
1499 3485 1680 3549 ﬁdem,
1715 3499 1874 3554 quam
1907 3483 2059 3548 olim,

467 3583 666 3652 optime
693 3598 756 3637 ac
786 3583 1189 3651 religiosissime
1224 3583 1538 3651 imperator,
1562 3583 1628 3635 ab
1672 3581 1942 3651 episcopis
1967 3594 2064 3649 op-

468 3688 550 3732 tas
597 3677 806 3743 audire,
860 3686 915 3733 et
961 3693 1070 3732 non
1120 3676 1294 3732 audis.
1348 3676 1486 3731 Dum
1516 3678 1660 3732 enim
1689 3691 1721 3729 a
1764 3677 1958 3746 quibus
1998 3690 2060 3729 ea

466 3767 777 3841 requiritur,
825 3784 921 3825 sua
970 3769 1232 3836 scribunt,
1261 3768 1342 3838 (ά)
1391 3779 1580 3823 etnon
1627 3784 1748 3838 qua:
1792 3769 1888 3824 Dei
1935 3776 2062 3824 sunt

541 3953 619 4025 (a)
650 3951 771 4008 Vat.
805 3955 923 4008 bas.
957 3968 1058 4008 ms.
1108 3952 1308 4025 delatis.
1341 3952 1431 4025 Ex
1461 3950 1716 4006 subnexis
1756 3950 2058 4025 conficitur,

465 4022 734 4082 Julianum
765 4034 856 4078 aut
887 4025 1108 4078 Hiterris
1137 4023 1463 4085 interfuisse,
1490 4033 1582 4076 aut
1611 4038 1714 4076 non
1749 4023 1934 4091 procul
1969 4022 2060 4076 ub-

466 4100 654 4162 fuis5e,
704 4113 824 4150 cum
873 4097 1106 4150 Hilarius
1156 4095 1280 4149 inde
1330 4098 1380 4150 in
1429 4095 1675 4148 exsilium
1728 4093 1924 4148 missus
1955 4101 2060 4146 est.

471 4169 663 4231 Porro,
719 4178 775 4221 ut
818 4183 882 4222 ex
924 4165 1234 4230 Ammiano,
1259 4165 1352 4219 lib.
1390 4183 1498 4232 xw,
1529 4175 1760 4223 constat.
1795 4163 2060 4230 Julianus,

469 4255 609 4293 anno
639 4240 744 4294 555
784 4245 1015 4292 exeunte
1051 4236 1234 4292 (Ia-sar
1278 4247 1510 4298 creatus.
1570 4236 1750 4291 statim
1784 4236 1834 4289 in
1864 4234 2064 4292 Gallias

471 4310 730 4365 Viennam
777 4310 1023 4373 secessit,
1072 4309 1252 4376 ibique
1304 4311 1522 4373 mansit,
1568 4308 1741 4362 donec
1791 4307 1912 4359 inde
1963 4305 2061 4359 uti.

466 4391 647 4452 graret
664 4380 1139 4452 Augustodunum,
1170 4395 1274 4452 quo
1302 4379 1443 4433 Junii
1481 4378 1550 4433 ‘2’:
1585 4378 1669 4452 die
1703 4377 1960 4452 pervenit.

532 4452 619 4576 3b)
660 4451 729 4506 Ita
764 4447 873 4506 tres
901 4466 1028 4504 mss.
1078 4447 1199 4505 Alii'
1230 4467 1353 4504 vere
1380 4466 1500 4504 cum
1533 4448 1781 4520 vulgatis,
1821 4449 1929 4517 qui.
1965 4447 2062 4502 Hic

574 4525 676 4576 icat
705 4523 936 4576 Hilarius
963 4538 1044 4576 se.
1076 4523 1321 4576 tritanii-is
1350 4523 1400 4573 in
1439 4521 1619 4574 odium
1655 4520 1798 4576 lidci.
1830 4520 1928 4573 sub
1957 4519 2062 4572 alio

473 4519 676 4578 indicat
705 4523 936 4576 Hilarius
963 4538 1044 4585 Sc,
1076 4523 1321 4588 quamvis
1350 4523 1400 4573 in
1439 4521 1619 4574 odium
1655 4520 1798 4579 lidei,
1830 4520 1928 4573 sub
1957 4519 2064 4572 alio

471 4603 649 4647 tamen
698 4594 920 4646 obtentu
966 4593 1157 4647 exsilio
1199 4607 1319 4646 esse
1350 4593 1669 4645 multatum:
1700 4593 1849 4659 quasi
1899 4591 2061 4643 nimi-

2168 3222 2272 3261 una
2316 3206 2416 3270 sit,
2448 3203 2514 3279 (j)
2563 3201 2875 3258 excedimus
2921 3200 2990 3256 ab
3033 3215 3094 3255 ea
3141 3199 3246 3255 ﬁde
3274 3215 3395 3270 quae
3419 3200 3533 3254 sola
3561 3210 3644 3255 est
3671 3216 3685 3253 :
3715 3207 3770 3255 et

2167 3304 2295 3359 dum
2329 3302 2508 3373 plures
2535 3301 2688 3366 ﬁunt,
2718 3299 2786 3352 ad
2817 3297 2869 3351 id
2895 3303 3178 3365 coeperunt
3204 3310 3348 3360 esse,
3387 3310 3454 3350 ne
3479 3294 3588 3349 ulla
3617 3296 3706 3349 sit.

2238 3395 2293 3450 5.
2339 3393 2487 3449 Unde
2512 3399 2584 3447 tot
2609 3390 2736 3460 ﬁdes
2768 3390 3078 3444 scribantur.
3128 3385 3290 3442 Fides
3317 3396 3494 3458 quater
3537 3393 3755 3442 mutata.

2171 3518 2244 3531 —
2270 3487 2483 3542 Conscii
2515 3486 2660 3541 enim
2692 3482 2848 3540 nobis
2885 3481 3115 3542 invicem
3157 3495 3344 3536 sumus
3364 3521 3380 3549 ,
3411 3488 3534 3550 post
3561 3479 3766 3536 Nicmni

2172 3591 2470 3638 conventus
2495 3578 2796 3650 synodum,
2829 3575 2964 3630 nihil
2995 3573 3142 3629 aliud
3169 3588 3331 3645 quam
3372 3572 3534 3628 ﬁdem
3576 3573 3764 3628 scribi.

2172 3676 2306 3730 Dum
2336 3675 2388 3727 in
2418 3671 2592 3727 verbis
2623 3684 2799 3742 pugna
2831 3679 2914 3724 est
2939 3709 2954 3736 ,
2981 3667 3108 3722 dum
3139 3667 3208 3721 de
3231 3665 3560 3720 novitatibus
3591 3680 3771 3734 quaes-

2169 3769 2244 3822 tio
2273 3775 2376 3832 est,
2403 3765 2533 3820 dum
2564 3761 2915 3833 deambiguis
2941 3759 3156 3816 occasio
3182 3758 3256 3830 (lt)
3293 3763 3396 3822 est,
3428 3754 3557 3811 dum
3604 3755 3669 3828 (ι)
3700 3753 3772 3811 de

2168 3957 2424 4019 tamquam
2454 3964 2557 4001 non
2586 3945 2933 4018 improbabili,
2963 3943 3050 4000 vel
3079 3956 3201 3999 cum
3233 3956 3338 3998 ms.
3367 3941 3604 4014 Remig.,
3631 3952 3766 3996 tam-

2167 4038 2319 4090 quam
2347 4019 2616 4090 probabili.

2239 4093 2318 4163 (Ii)
2347 4084 2433 4147 'Ita
2467 4105 2597 4144 mss.
2641 4089 2719 4163 At
2737 4087 2868 4163 editi
2891 4128 2907 4154 ,
2937 4097 2992 4140 ut
3020 4085 3276 4163 uolumus.
3308 4085 3400 4142 Sic
3436 4084 3768 4157 Hieronymo

2169 4158 2309 4218 teste
2336 4163 2463 4218 dial.
2488 4170 2675 4216 contra
2702 4158 2872 4214 Lucif.
2904 4167 3029 4228 post
3056 4158 3468 4228 Ariminensem
3491 4162 3764 4227 synodum

2167 4235 2413 4305 ingemuit
2445 4244 2579 4287 totus
2605 4231 2780 4295 Orbis,
2812 4239 2860 4283 et
2886 4227 3134 4305 Arianum
3162 4244 3216 4282 se
3248 4243 3358 4282 esse
3380 4227 3618 4305 miratus
3644 4237 3716 4305 est
3745 4243 3764 4281 :

2168 4298 2297 4359 όιῐιιι
2332 4306 2587 4358 nimirum
2613 4310 2765 4357 recte
2791 4303 3054 4367 sentiens,
3083 4315 3149 4355 eo
3169 4313 3276 4368 quo
3303 4298 3476 4354 noluit
3497 4299 3657 4354 modo
3686 4300 3769 4354 in-

2171 4377 2414 4431 tellectus
2443 4386 2546 4428 est.

2243 4446 2306 4520 (i)
2344 4448 2402 4500 ln
2446 4447 2680 4515 quinque
2709 4458 2844 4499 mss.
2879 4442 3248 4520 hie_adjicitur
3283 4447 3518 4520 etunam
3556 4441 3712 4520 ﬁdem
3746 4457 3766 4520 .-

2167 4512 2308 4588 quod
2344 4512 2801 4587 supervacaneum
2833 4523 2935 4588 est.
2973 4515 3084 4567 Hoc
3121 4515 3266 4588 etum
3301 4514 3404 4566 sibi
3433 4513 3548 4588 vul_t
3581 4531 3594 4566 :
3626 4512 3767 4588 sicut

2169 4581 2237 4644 ab
2267 4581 2530 4658 Apostolo
2559 4589 2755 4652 Epltes.
2798 4603 2872 4652 tv,
2896 4587 2950 4650 5,
2976 4600 3114 4638 unus
3144 4583 3310 4658 Deu_s_,
3334 4597 3473 4636 unus
3503 4581 3766 4658 Dominus

469 4681 587 4720 rum
637 4664 871 4721 fecisset.
925 4663 1066 4732 quod
1117 4667 1226 4732 ipse
1260 4661 1454 4716 fatetur
1483 4654 1749 4730 indignum
1781 4677 1880 4713 non
1903 4660 2064 4732 plodo
2090 4674 2144 4732 ι)
2169 4673 2222 4715 et
2249 4654 2410 4715 unum
2457 4661 2761 4732 baptisma,
2792 4659 2860 4732 ita
2891 4661 3048 4732 etiam
3097 4669 3205 4732 una
3234 4654 3367 4732 fides
3419 4654 3762 4732 praedicatur.

470 4736 692 4806 episcopi
719 4731 1009 4800 sanctitate,
1049 4731 1148 4788 sed,
1179 4735 1326 4806 etiam
1358 4733 1478 4786 laici
1528 4734 1834 4806 integritate.
1885 4731 2067 4786 Facile

472 4805 648 4863 autem
681 4809 922 4862 veritatis
953 4807 1182 4860 inimicis
1215 4805 1332 4870 fuit,
1363 4821 1483 4859 eum
1517 4807 1655 4873 apud
1681 4805 2064 4871 imperatorem

472 4879 633 4934 animi
666 4878 886 4948 inquieti
921 4885 975 4931 et
1001 4878 1063 4930 ad
1095 4876 1415 4948 seditionem
1445 4877 1614 4946 parati
1664 4889 1942 4938 accusare,
1972 4890 2067 4928 cu-

466 4948 557 5019 jus
605 4950 679 5003 rei
720 4946 831 5017 j'am
881 4948 946 5002 ab
996 4963 1140 5002 anno
1171 4946 1274 5003 553
1327 4950 1565 5019 suspicio
1596 4948 1789 5018 injecta
1826 4956 1963 5010 erat,
2012 4955 2068 5000 ut

473 5018 704 5076 Vidimus
737 5021 875 5074 libro
899 5019 1203 5088 superiore,
1239 5036 1290 5072 ιι.
1325 5018 1378 5072 5.

545 5092 619 5164 (c)
668 5092 890 5164 Supple,
941 5087 1139 5164 loquor.
1192 5089 1324 5143 Ttun
1373 5091 1424 5144 in
1472 5089 1705 5152 excusis,
1758 5087 1875 5157 quia
1898 5095 2067 5164 _metus

474 5158 568 5226 est,
598 5158 799 5215 omisso
827 5163 953 5215 mihi
983 5158 1083 5216 {et
1115 5177 1258 5226 mox,
1286 5176 1383 5231 pro
1412 5177 1535 5213 cura
1566 5171 1734 5212 autem
1763 5169 1832 5213 est
1875 5158 1936 5211 de
1960 5174 2066 5228 spe,

475 5249 641 5307 prave
674 5233 952 5307 legebatur
979 5251 1068 5288 cur
1100 5245 1269 5286 autem
1298 5241 1367 5285 est
1397 5233 1794 5307 desperandum.

551 5305 629 5374 (di
677 5301 1008 5360 ln'omuibus
1041 5320 1193 5363 mss..
1237 5312 1282 5356 et
1309 5319 1410 5356 non
1433 5301 1533 5356 Dei
1556 5303 1855 5374 praedicant.

547 5372 622 5450 (ε)
653 5378 937 5447 Exemplar
962 5375 1082 5431 Vat.
1133 5376 1273 5443 bas.,
1322 5383 1412 5427 aut
1460 5372 1698 5446 facultas.
1753 5372 1935 5438 Forte,
1987 5379 2076 5425 aut

478 5451 709 5521 fatuilas.
787 5469 799 5478 ·

550 5521 616 5591 (f)
663 5520 780 5573 Vat.
811 5519 928 5573 bas.
961 5532 1062 5571 ms.
1102 5534 1261 5588 neque
1299 5525 1354 5570 ut
1393 5525 1640 5572 maneret.
1674 5515 1816 5582 Alii,
1869 5529 1932 5567 ne
1959 5512 2081 5584 quid

481 5602 720 5646 maneret.

562 5661 640 5734 (ει)
683 5662 894 5734 Voces,
941 5661 1257 5734 necessitatis
1276 5669 1579 5734 tamquam,
1615 5661 1666 5713 in
1699 5674 1789 5713 sex
1822 5671 1961 5734 mss._
1983 5655 2080 5734 de_-

498 5728 827 5796 siderantur.
863 5732 1171 5804 Legendum
1202 5728 1444 5797 videtur,
1475 5733 1566 5788 sub
1591 5736 1740 5806 cujus
1769 5728 2084 5784 necessitatis

2173 4734 2251 4785 Ex
2282 4732 2472 4786 eodem
2507 4723 2754 4800 Apostoli
2798 4729 2918 4783 loco
2951 4725 3187 4800 Hilarius
3239 4724 3393 4778 initio
3434 4724 3565 4800 libri
3598 4724 3660 4800 -ιι
3691 4723 3761 4780 de

2171 4802 2360 4858 Trinit.
2388 4813 2442 4857 et
2472 4803 2522 4856 in
2551 4795 2833 4858 Constant.
2859 4817 2912 4854 ιι.
2937 4799 3041 4866 24,
3077 4799 3275 4863 instat,
3305 4795 3446 4865 apud
3476 4795 3763 4850 haereticos

2176 4875 2329 4930 Iidem
2362 4890 2464 4928 non
2493 4889 2637 4928 esse.

2246 4946 2322 5018 (j)
2361 4945 2507 5014 Lips.
2541 4945 2773 5018 et_Par.,
2805 4943 3111 5018 excidimus.
3140 4937 3468 5018 (ioncinnius
3487 4935 3578 4991 alii
3606 4935 3760 5001 libri,

2172 5013 2485 5082 accedimus,
2521 5016 2638 5070 scil.
2669 5017 2737 5070 ab
2764 5030 2866 5070 una
2898 5014 3002 5068 ﬁde
3029 5013 3098 5067 ad
3129 5013 3332 5080 plures.

2246 5087 2318 5158 (lt)
2360 5079 2594 5157 Supple,
2622 5085 2966 5158 disputandi,
2992 5079 3394 5138 contradicendi
3434 5087 3492 5135 et
3529 5079 3668 5136 male
3695 5079 3764 5136 de

2173 5174 2234 5213 se
2257 5156 2495 5212 invii-eui
2519 5156 2850 5227 suspicandi.

2248 5229 2311 5299 (ί)
2355 5220 2660 5283 Ferraudus
2705 5229 2845 5283 diae.
2893 5224 2977 5280 his
3005 5224 3188 5280 verbis
3228 5227 3473 5299 _in_suam
3500 5223 3568 5278 ad
3607 5220 3764 5299 Pela-

2179 5293 2324 5370 gium
2355 5310 2408 5354 et
2431 5301 2734 5354 Anatolium
2759 5299 3044 5370 epistolam
3078 5295 3352 5370 translatis
3375 5335 3389 5358 ,
3421 5293 3765 5370 postmodum

2183 5363 2366 5426 inonet
2396 5386 2456 5425 ea
2489 5385 2594 5424 non
2621 5386 2716 5424 sua
2747 5363 2868 5423 che
2893 5409 2907 5431 ,
2951 5367 3038 5422 sed
3084 5366 3214 5420 beati
3242 5363 3436 5420 Hilari
3463 5365 3517 5418 in
3547 5363 3770 5419 secundo

2184 5444 2313 5496 libro
2340 5458 2485 5505 quem
2532 5445 2600 5494 ad
2629 5441 2979 5496 Constantium
3024 5438 3219 5491 scribit.
3271 5438 3326 5491 In
3371 5451 3473 5505 qua
3504 5434 3769 5491 Ferraudi

2184 5514 2414 5579 epistula
2440 5513 2630 5568 Petrus
2659 5512 2748 5566 Fr.
2772 5511 3094 5574 Cbitﬁetius,
3131 5523 3228 5578 pro
3247 5508 3370 5562 dum
3392 5508 3456 5561 de
3476 5505 3773 5579 auctoribus

2187 5577 2392 5653 querela
2413 5595 2487 5637 est
2513 5626 2526 5646 ,
2555 5600 2618 5637 ex
2649 5599 2778 5638 mss.
2803 5583 3019 5636 Juronsi
3046 5577 3205 5649 atque
3228 5580 3557 5634 Arvernensi
3580 5577 3770 5642 edidit,

2188 5655 2311 5707 dum
2365 5655 2426 5707 de
2479 5653 2688 5708 auribus
2736 5654 2942 5724 querela
2986 5661 3059 5706 est
3086 5654 3504 5724 :cxistimatque
3531 5657 3774 5724 apertam

2193 5726 2292 5779 hac
2335 5725 2564 5782 lectione
2601 5725 2718 5782 ﬁeri
2749 5717 2935 5780 Hilarii
2975 5733 3245 5790 mentem,
3283 5717 3431 5794 quasi
3451 5717 3622 5784 dicat,
3651 5717 3775 5774 dum
