4270 6264
566 281 672 338 567

1772 275 2017 333 SANCTI
2060 275 2313 331 lllLAltll
2357 276 2658 334 i'll‘lSCOI’l

3766 275 3875 333 £68

566 384 876 455 auctoribus
931 396 1147 468 querela
1184 403 1293 458 est,
1352 393 1482 448 dum
1522 392 1590 448 de
1644 391 1841 447 studiis
1889 400 2161 447 certamen
2194 390 2469 453 AChristi
2523 392 2645 447 ﬁde.
2700 392 3063 448 Emendamus
3094 432 3109 458 ,
3164 391 3315 461 quasi
3367 390 3439 463 (ε)
3505 391 3557 445 in
3612 389 3873 460 Spiritum

567 502 650 547 est
671 534 686 557 ,
717 492 844 547 dum
873 492 949 565 (a)
980 491 1038 546 in
1078 504 1349 544 consensu
1377 485 1667 542 dilﬁcultas
1695 495 1781 541 est
1801 529 1814 552 ,
1862 485 1989 541 dum
2030 485 2167 540 alter

569 587 735 660 556
755 587 908 641 alteri
938 584 1223 639 anathema
1257 598 1377 640 esse
1399 581 1567 651 recpit
1599 598 1612 635 :
1641 595 1809 652 prepe
1847 581 1958 651 jam
2008 595 2166 635 nemo

566 679 764 734 Christi
806 687 907 734 est.
962 678 1171 732 incerto
1212 675 1353 733 enim
1400 674 1768 731 doctrinarum
1815 682 1974 728 vento
2003 688 2166 743 vaga-

574 790 694 827 tnur
724 789 738 827 :
769 780 825 827 et
850 778 943 825 aut
984 771 1110 826 dtttn
1153 770 1443 834 docemus,
1487 768 1892 839 perturbamus;
1921 777 2011 822 aut
2039 767 2166 821 dum

564 865 863 929 docemur,
893 879 1159 919 erramus.
1192 863 1310 928 lam
1356 878 1488 919 vero
1538 861 1771 932 proximi
1815 861 1941 916 anni
1996 859 2165 927 ﬁdes,

562 955 688 1026 quid
707 955 816 1025 jam
848 954 916 1010 de
949 955 1321 1010 immutatione
1344 954 1394 1009 in
1423 969 1484 1009 se
1508 952 1708 1008 habet?
1737 952 2011 1019 Primum,
2045 968 2167 1021 qua:

565 1047 886 1101 ltomousiou
914 1047 1157 1101 decernit
1184 1047 1347 1101 taceri
1375 1063 1388 1099 :
1415 1059 1649 1115 sequens
1681 1058 1918 1107 rursum,
1947 1059 2067 1113 qua:
2091 1041 2168 1116 (ὁ)

577 1138 896 1193 hmnousion
926 1136 1170 1195 decernit
1201 1146 1255 1192 et
1282 1137 1539 1207 prrdicat
1570 1155 1583 1191 :
1619 1138 1835 1189 tertium
1866 1133 2120 1204 deinceps
2147 1176 2164 1200 ,

574 1246 697 1302 quae
726 1230 894 1285 usiam
928 1230 1244 1302 simpliciter
1274 1244 1303 1284 a
1338 1232 1577 1299 patribus
1606 1236 1986 1301 pra-sumptam
2018 1269 2030 1294 ,
2071 1243 2169 1299 per

572 1325 963 1396 indulgentiam
1005 1333 1234 1380 excusat
1276 1342 1289 1377 :
1323 1335 1650 1394 postremum
1700 1332 1996 1392 quartum,
2048 1338 2169 1393 qua:

570 1434 677 1470 non
710 1427 965 1480 excusat,
1000 1417 1098 1473 sed
1126 1418 1473 1472 condemnat.
1518 1415 1587 1469 Et
1629 1430 1735 1485 quo
1792 1413 2002 1469 tandem
2039 1428 2167 1483 pro-

569 1523 782 1564 cessum
837 1509 970 1563 est?
1017 1516 1074 1563 nt
1123 1524 1297 1580 neque
1352 1521 1519 1578 penes
1585 1522 1718 1571 nos,
1775 1521 1948 1576 neque
2005 1520 2168 1575 penes

564 1615 887 1671 quemquam
935 1608 1060 1655 ante
1109 1616 1229 1664 nos,
1273 1608 1516 1655 sanctum
1549 1597 1744 1654 exinde
1774 1598 1974 1669 aliquid
2006 1607 2168 1668 atque

565 1692 876 1751 inviolabile
900 1703 1228 1776 percscveret.
1264 1692 1339 1748 De
1367 1691 1720 1748 similitudine
1749 1700 1925 1746 autem
1953 1690 2042 1745 Dei
2072 1688 2164 1744 ﬁlii

2269 496 2512 541 sanctum
2546 501 2798 556 peccasse
2824 487 2893 541 sit
2914 485 3093 541 venia.
3130 484 3240 541 Sed
3280 483 3568 555 impietatis
3594 482 3756 557 547
3786 485 3868 555 ip-

2268 577 2380 632 sius
2400 578 2523 633 hinc
2549 580 2627 635 vel
2655 579 2925 650 ιιτειιοίριω
2951 592 3112 634 causa
3136 586 3390 648 perpetua
3415 585 3520 642 est,
3548 575 3691 647 quod
3716 576 3785 649 (f)
3809 576 3872 631 ﬁ-

2266 669 2389 724 dem
2435 671 2790 741 apostolicam
2842 670 3091 740 septuplo
3140 669 3507 739 proferentes,
3555 666 3659 737 ipsi
3688 674 3868 725 tamen

2272 763 2427 818 fidem
2476 764 2843 835 evangelicum
2881 763 3131 817 nolmnus
3181 759 3427 816 cnnlitcri
3463 759 3630 817 :dttm
3681 759 3870 829 impie-

2272 862 2410 910 tati:s
2442 864 2653 910 nostras
2686 856 2920 910 nobisin
2957 853 3168 925 pupulis
3219 852 3575 923 multiloquiis
3620 850 3870 908 defendi-

2270 961 2408 1008 mus.
2467 959 2521 1002 ct
2551 946 3028 1018 magniloquentizc
3058 946 3294 1001 vanitate
3347 959 3506 999 aures
3543 946 3868 1016 sitnplicium

2270 1038 2449 1094 verbis
2480 1036 2788 1095 fallentibus
2838 1039 3149 1104 illudimus;
3178 1038 3305 1094 dum
3334 1038 3599 1094 evitamus
3621 1040 3713 1095 'de
3744 1038 3868 1095 ’Βο-

2270 1129 2416 1183 mino
2437 1128 2653 1186 Christo
2681 1145 2742 1185 ea
2765 1124 3008 1198 credere,
3039 1145 3158 1200 quae
3187 1130 3253 1184 de
3274 1144 3334 1184 se
3363 1128 3547 1184 docuit
3570 1127 3868 1197 credenda,

2270 1229 2324 1276 et
2348 1238 2441 1290 per
2463 1223 2764 1292 speciosum
2818 1222 2964 1292 pacis
3007 1236 3203 1276 nomen
3251 1220 3303 1275 in
3336 1220 3595 1277 imitatem
3629 1221 3867 1292 perﬁdia:

2270 1315 2643 1386 snbrepimus,
2696 1325 2750 1370 et
2795 1313 2895 1369 sub
2925 1313 3236 1381 rcjiciendis
3281 1313 3610 1368 novitatibus
3651 1328 3869 1369 rursum

2272 1411 2370 1481 ipsi
2401 1408 2553 1463 novis
2580 1406 2648 1462 ad
2676 1408 2846 1463 Deum
2873 1406 3096 1461 vocibus
3127 1404 3473 1470 rebellamus,
3492 1412 3548 1460 et
3572 1403 3869 1475 subSerip-

2269 1512 2511 1558 turarum
2567 1501 2829 1559 vocabulo
2885 1515 2992 1555 non
3039 1499 3237 1569 scripta
3309 1498 3602 1554 mentimur
3653 1516 3669 1554 :
3721 1497 3863 1570 vagi,

2274 1594 2511 1666 prodigi,
2542 1594 2726 1665 impii,
2759 1594 2884 1649 dum
2916 1603 2968 1648 et
3000 1594 3268 1648 manentia
3301 1592 3664 1659 demutamus,
3701 1600 3754 1648 et
3782 1607 3873 1648 ac-

2270 1698 2424 1757 cepta
2458 1687 2753 1759 perdimus,
2784 1696 2839 1743 et
2861 1687 3163 1759 irreliginsa
3194 1686 3588 1757 praesumimus.

559 1789 628 1843 ad
660 1791 827 1844 Deum
858 1798 1064 1858 patrem
1097 1786 1238 1857 quod
1275 1786 1345 1860 (ς)
1372 1787 1416 1842 si
1453 1785 1778 1843 miserabilis
1821 1784 1992 1840 nostri
2027 1793 2161 1837 tem-
2193 1781 2240 1841 Β
2341 1783 2394 1837 7.
2439 1782 2517 1836 Ad
2554 1782 2708 1852 [idem
2736 1782 2786 1836 in
2818 1781 3068 1852 baptismo
3093 1783 3380 1853 confessum
3417 1780 3756 1835 redeundum.
3797 1808 3872 1822 --

566 1881 713 1950 poris
752 1879 885 1936 lides
930 1890 1044 1944 est,
1098 1896 1165 1935 ne
1197 1895 1303 1934 non
1333 1888 1511 1934 auth
1542 1886 1656 1933 toto
1679 1920 1693 1942 ,
1730 1886 1821 1932 aut
1860 1883 2065 1931 tantum
2096 1889 2165 1931 ex

560 1975 806 2044 portione
837 1975 908 2029 sit
933 1974 1153 2039 similis;
1184 1972 1386 2044 egregii
1416 1971 1621 2028 scilicet
1650 1970 1839 2025 arbitri
1861 1968 2162 2039 cwlestium

565 2078 1069 2135 sacramentorum,
1121 2066 1516 2136 conquisitores
1565 2063 1917 2119 invisibilium
1965 2071 2164 2134 myste-

562 2163 811 2229 riorum,
848 2158 1275 2232 professionibus
1322 2157 1390 2214 de
1445 2156 1548 2213 ﬁde
1602 2156 1696 2213 Dei
1742 2154 2159 2211 calumniamur.

562 2258 786 2309 Annuas
830 2263 993 2321 atque
1032 2262 1337 2309 menstruas
1365 2248 1434 2307 de
1466 2250 1577 2306 Deo
1606 2247 1738 2304 ﬁdes
1774 2247 2118 2304 decernimus
2144 2290 2160 2315 ,

557 2348 795 2404 decretis
820 2347 1145 2419 paenitemus
1165 2388 1180 2413 ,
1212 2346 1541 2416 ptenitentes
1563 2343 1908 2401 defendimus
1932 2385 1946 2410 ,
1972 2342 2160 2398 delen-

560 2457 651 2497 sos
675 2441 1235 2502 anathematizamus;
1272 2448 1363 2494 aut
1390 2438 1444 2493 in
1480 2438 1680 2493 nostris
1723 2437 1895 2492 aliena
1921 2477 1935 2503 ,
1970 2445 2063 2490 ant
2107 2435 2160 2490 in

555 2534 750 2593 alienis
772 2542 956 2589 nostra
986 2532 1339 2600 damnamus;
1374 2540 1428 2587 et
1455 2532 1536 2601 (ά)
1567 2530 1881 2588 mordentes
1906 2531 2156 2599 invicem,

545 2626 658 2699 jam
685 2627 958 2699 absumpti
986 2640 1173 2683 sumus
1202 2628 1270 2683 ab
1300 2627 1527 2683 invicem
1561 2626 1701 2698 (Gal.
1732 2642 1783 2692 ν,
1818 2626 1925 2697 15).

635 2719 689 2773 (i.
735 2717 894 2775 Fides
938 2719 1231 2790 evangelica
1270 2721 1638 2791 corrumpitur.
1668 2748 1738 2759 —~
1764 2718 1926 2775 Fides
1962 2719 2159 2777 deinde

552 2811 816 2879 quatritm'
848 2830 861 2865 :
889 2812 1041 2881 quasi
1073 2810 1211 2867 ﬁdes
1240 2813 1387 2879 nuila
1433 2812 1522 2867 sit.
1574 2805 1734 2869 Fides
1759 2813 2044 2868 scribenda
2076 2823 2159 2869 c..t

548 2903 700 2978 (Viti.
736 2904 774 2958 ι,
799 2904 864 2960 de
895 2904 1029 2976 Syn.
1062 2921 1116 2959 u.
1149 2903 1244 2974 65)
1277 2923 1290 2957 :
1318 2906 1469 2975 quasi
1501 2905 1555 2960 in
1579 2904 1742 2960 corde
1769 2920 1877 2959 non
1907 2905 1995 2961 sit.
2048 2906 2156 2961 ﬁe-

552 2995 799 3068 gcnerati
842 3011 937 3066 per
966 2995 1127 3051 ﬁdem
1154 3037 1170 3062 ,
1210 3011 1353 3051 nunc
1382 2996 1448 3051 ad
1478 2996 1641 3051 ﬁdem
1669 2996 1930 3053 docemur
1953 3039 1968 3064 ,
2002 3000 2155 3070 quasi

557 3088 901 3159 regeneratio
930 3087 1020 3143 illa
1048 3088 1167 3143 sine
1188 3086 1294 3144 ﬁde
1321 3087 1411 3143 sit.
1435 3085 1711 3143 Christum
1736 3097 1857 3159 post
1888 3089 2151 3159 baptisma

2232 1875 2421 1945 ‘Quod
2450 1875 2629 1931 hieme
2670 1874 2879 1930 undoso
2925 1873 3060 1928 mari
3105 1872 3378 1929 observari
3422 1888 3450 1926 a
3482 1870 3870 1943 navigantibus

2270 1968 2500 2023 maxime
2530 1979 2702 2022 tutum
2727 1976 2809 2021 est
2835 2009 2849 2032 ,
2879 1975 2935 2021 ut
2963 1965 3240 2036 naufragio
3270 1966 3620 2032 desseviente,
3652 1966 3704 2019 in
3733 1981 3870 2040 por-

2269 2068 2382 2115 tum
2413 2075 2479 2116 ex
2512 2075 2618 2130 quo
2638 2060 2913 2115 solverant
2942 2069 3321 2126 revertantur;
3351 2060 3438 2114 vel
3470 2059 3701 2115 incautis
3727 2060 3866 2115 ado-

2267 2154 2598 2209 lescentibus
2645 2152 2931 2218 convenit,
2990 2161 3047 2206 ut
3074 2167 3196 2208 cum
3242 2150 3523 2207 intuenda
3575 2151 3651 2225 (g)
3705 2151 3870 2209 domo

2266 2262 2383 2312 sua,
2417 2260 2600 2301 mores
2631 2255 2868 2316 paterna:
2896 2246 3262 2302 observantia:
3290 2246 3617 2316 trangressi,
3647 2246 3864 2316 profusa

2265 2341 2518 2397 libertate
2546 2356 2643 2397 sua
2673 2343 2756 2398 usi
2784 2353 2909 2398 sunt
2930 2385 2944 2407 ,
2965 2343 3076 2413 jam
3106 2343 3206 2398 sub
3232 2343 3348 2414 ipso
3373 2343 3657 2398 amittendi
3696 2342 3864 2414 patri-

2265 2436 2430 2491 monii
2464 2441 2611 2491 metu
2654 2436 2804 2490 solus
2842 2434 2950 2491 illis
2979 2434 3046 2489 ad
3088 2444 3362 2506 paternam
3411 2436 3864 2492 consuetudinem

2263 2530 2603 2586 necessarius
2633 2539 2688 2583 et
2725 2537 2871 2584 tutus
2913 2543 3169 2585 recursus
3199 2529 3262 2583 sit
3291 2547 3304 2584 :
3332 2529 3403 2584 ita
3433 2529 3576 2584 inter
3600 2528 3714 2585 haec
3738 2529 3865 2586 ﬁdei

2266 2625 2573 2697 naufragia,
2622 2622 2862 2680 etelestis
2892 2623 3200 2694 patrimonii
3241 2620 3352 2693 jam
3400 2638 3539 2694 pene
3582 2621 3869 2701 proﬂigata

2264 2717 2609 2782 hmreditztte,
2655 2716 2984 2772 tutissimum
3014 2715 3169 2772 nobis
3198 2724 3312 2782 est,
3348 2715 3576 2787 primum
3603 2727 3659 2771 et
3688 2715 3863 2772 solam

2261 2810 2627 2880 evangelicum
2681 2809 2838 2865 lidem
2867 2808 3171 2864 coitfessam
3222 2807 3275 2862 in
3321 2807 3589 2879 baptismo
3618 2808 3865 2864 intellec-

2264 2913 2480 2974 tamque
2497 2904 2754 2968 retinere,
2785 2916 2882 2958 nec
2912 2901 3195 2956 demutare
3225 2900 3368 2970 quod
3390 2900 3563 2957 solum
3583 2910 3861 2972 acceptum

2259 3007 2422 3069 atque
2446 2996 2687 3052 auditum
2715 2996 2887 3051 habeo
2921 2995 3059 3051 bene
3087 2995 3316 3052 credere
3349 3016 3362 3053 :
3389 3011 3494 3052 non
3528 3006 3583 3053 ut
3619 3012 3714 3066 ea,
3739 3012 3863 3069 quae

2259 3089 2473 3162 synodo
2500 3098 2714 3161 patrum
2749 3099 3057 3145 nostrorum
3073 3080 3453 3156 continentur,
3485 3098 3760 3163 tamquam
3789 3092 3866 3146 ir-

543 3180 842 3246 discimus;
883 3181 1036 3251 quasi
1085 3180 1354 3251 baptisma
1382 3179 1600 3251 aliquod
1653 3194 1777 3236 esse
1809 3181 1980 3252 possit
2030 3183 2149 3238 sine
2176 3171 2222 3237 C
2255 3182 2508 3254 religiose
2553 3190 2606 3237 et
2636 3181 2803 3252 impie
2833 3181 3031 3252 scripta
3082 3180 3386 3238 damnanda
3418 3182 3561 3251 sint,
3608 3183 3704 3240 sed
3733 3182 3860 3255 quia

545 3382 649 3422 non
677 3364 859 3436 desunt
882 3407 899 3432 ,
919 3366 1006 3436 qui
1032 3381 1088 3436 se
1114 3362 1286 3419 surdis
1314 3374 1596 3436 querantur
1623 3365 1888 3436 cecinisse,
1913 3364 2143 3434 adeoque

543 3437 641 3492 sibi
669 3434 821 3489 tribui
848 3434 962 3505 que
990 3435 1053 3490 ab
1094 3435 1199 3490 illis
1228 3451 1290 3489 ne
1318 3446 1450 3489 recte
1475 3435 1657 3489 audita
1685 3435 1924 3504 quidem,
1957 3436 2143 3489 nedum

543 3508 800 3563 intellecta
832 3507 1065 3579 sinlaAt
1089 3521 1210 3560 cum
1242 3505 1574 3579 editionibus
1600 3505 1890 3579 Hilarionis
1914 3521 2146 3579 consen-

547 3578 806 3635 tientibus
826 3578 1079 3632 omnibus
1107 3578 1306 3632 nostris
1338 3590 1471 3630 mss.
1497 3577 1667 3632 tutum
1690 3592 1798 3631 non
1823 3585 1908 3631 est
1932 3577 2002 3632 ab
2027 3578 2145 3646 ipso

546 3650 697 3707 fonte
726 3648 794 3704 ad
818 3649 1050 3705 rivulum
1075 3647 1370 3704 declinare.
1403 3646 1661 3702 Proxime
1686 3657 1809 3702 ante
1831 3663 1989 3717 quam
2029 3648 2146 3703 han:

545 3721 810 3778 scriberet
832 3719 1067 3776 Hilarius
1098 3720 1318 3789 querela
1342 3717 1518 3774 fuerat
1540 3719 1606 3773 de
1636 3728 1857 3773 auctore
1888 3719 2143 3789 blasphe-

548 3793 816 3858 miarum,
868 3807 1003 3861 quas
1052 3789 1417 3847 Seleueiensis
1457 3789 1652 3861 synodi
1701 3790 1866 3858 legati
1901 3790 2149 3846 Eudoxio

550 3863 971 3929 adseribebant,
1008 3861 1282 3917 Eudoxius
1329 3870 1506 3915 autem
1540 3860 1592 3915 in
1625 3860 1840 3917 Aetium
1865 3864 2073 3931 rejccit.

608 3952 701 4028 .(a)
742 3953 898 4028 Apud
954 3952 1290 4009 Ferrandum
1314 3995 1330 4021 ,
1386 3953 1450 4007 de
1493 3968 1763 4009 consensu.
1797 3953 1852 4008 ln
1885 3969 1987 4010 ms.
2022 3954 2145 4013 Vat.

547 4025 693 4089 has.,
726 4025 790 4079 de
809 4041 1070 4080 consessu.

576 4094 595 4137 ἶ
619 4094 889 4171 (b)_Nulla
911 4106 995 4150 est
1036 4094 1365 4171 Arianorum
1390 4092 1820 4171 ﬁdei_confessio
1839 4138 1854 4162 ,
1872 4097 2147 4171 augebo-

546 4165 795 4223 mousion
823 4167 1084 4221 decernat
1117 4180 1180 4221 ac
1202 4165 1492 4235 praedicet;
1523 4165 1626 4221 hoc
1651 4165 1799 4222 enim
1840 4165 1923 4223 ab
1948 4167 2140 4223 Ililarii

545 4253 713 4308 scapo
745 4237 959 4294 videtur
983 4238 1260 4308 alienum,
1291 4246 1350 4291 ut
1375 4238 1694 4308 botnousion
1726 4238 1781 4292 in
1807 4237 2143 4296 Arimittensi

542 4310 777 4366 concilio
821 4310 1055 4378 primum
1098 4308 1170 4364 ab
1206 4307 1272 4362 iis
1297 4308 1387 4377 qui
1414 4323 1535 4363 cum
1561 4307 1788 4364 Valente
1828 4319 1885 4364 et
1914 4309 2141 4366 Ursacio

549 4381 767 4452 stabant
789 4379 1074 4452 reiectum,
1103 4394 1133 4433 a
1162 4378 1448 4452 catholicis
1478 4379 2141 4452 tleind‘eapprobatunret

540 4450 892 4521 praedicatum
930 4449 1099 4504 fuisse
1144 4449 1308 4506 dicat.
1339 4448 1601 4521 Quocirca
1634 4448 1929 4512 hic,'forte
1972 4448 2135 4507 etiam

537 4531 717 4587 antea,
747 4535 844 4586 pro
871 4521 1196 4585 homousion,
1224 4520 1659 4576 substituendum
1676 4521 1888 4576 videtur
1907 4522 2137 4577 Itonueu-

2250 3362 2739 3436 prtedicatio,apud
2760 3361 3046 3436 Albanas,
3073 3362 3140 3418 de
3168 3361 3374 3436 Synod.
3410 3380 3462 3434 p.
3487 3363 3612 3432 875,
3644 3373 3858 3436 postre-

2252 3436 2654 3508 mamdeniqne
2684 3434 3062 3508 Seleucize‘ah
3114 3435 3314 3491 Acacio
3366 3434 3660 3508 vulgatam,
3713 3437 3856 3508 apud

2249 3506 2502 3561 eumdem
2531 3504 2818 3571 Attianos,
2852 3522 2904 3573 p.
2952 3504 3057 3561 904
3083 3548 3097 3568 ,
3127 3521 3251 3575 qua:
3297 3504 3614 3563 substantia:
3657 3504 3858 3565 nomen

2250 3576 2494 3702 30njant
2521 3586 2782 3644 excusat,
2831 3576 2926 3634 sed
2972 3577 3292 3648 simpliciter
3331 3588 3384 3632 et
3430 3576 3674 3635 absolute
3722 3593 3857 3636 con-

2290 3657 2488 3702 emnat.

2290 3657 2488 3702 emnat.

2329 3718 2403 3791 (c)
2446 3717 2715 3773 Particula
2764 3719 2809 3791 si
2854 3734 2922 3773 ex
2951 3718 3139 3791 codice
3164 3719 3440 3775 Vaticana:
3470 3719 3707 3791 basilicae
3747 3720 3855 3779 huc

2256 3789 2563 3860 revocatur,
2596 3805 2699 3860 qua
2730 3790 2961 3846 eflicitur
3002 3789 3089 3844 hic
3130 3806 3322 3846 sensus
3367 3792 3459 3847 :si
3483 3790 3553 3847 de
3591 3792 3852 3849 similitu-

2255 3859 2383 3914 dine
2412 3860 2532 3915 Filii
2553 3859 2626 3916 ad’
2650 3862 2863 3916 Patrem
2894 3862 2945 3916 id
2975 3877 3115 3917 nunc
3135 3863 3432 3918 sentiamus
3455 3877 3520 3918 ac
3541 3863 3847 3929 credamus,

2256 3943 2317 4004 ut
2342 3931 2513 4004 Filius
2540 3947 2645 4004 non
2672 3948 2736 3987 ex
2767 3942 2904 4004 toto.
2937 3948 3034 3987 sex
3061 3949 3126 3988 ex
3148 3933 3399 4004 portione
3427 3934 3499 3988 sit
3526 3935 3720 3990 similis
3750 3934 3854 3991 Pa-

2256 4003 2357 4067 tri;
2393 4001 2819 4078 prol‘essionibns
2851 4003 2918 4058 de
2959 4004 3062 4078 ﬁde
3079 4001 3187 4078 (vel
3211 4005 3278 4059 de
3307 4005 3389 4078 se)
3420 4005 3514 4060 Dei
3544 4004 3846 4063 calumnia-

2254 4088 2419 4145 mur:
2444 4074 2641 4145 egregii
2673 4074 2872 4145 scilicet
2902 4075 3127 4141 arbitri,
3154 4082 3260 4129 etc.

2325 4144 2406 4217 (ιι)
2447 4143 2618 4209 ΒθίΙζ,
2646 4144 2738 4200 Er.
2771 4157 2819 4199 et
2844 4148 2989 4210 Min,
3015 4144 3284 4200 morientes
3305 4162 3504 4201 uterum
3525 4148 3651 4203 vice.
3681 4148 3807 4204 Mss.
3827 4191 3845 4213 ,

2246 4217 2519 4270 morientes
2568 4218 2698 4271 mori
2745 4218 2981 4272 invicem.
3016 4217 3178 4273 Forte
3202 4260 3216 4281 ,
3248 4219 3538 4274 mordentes
3577 4236 3670 4276 nos
3710 4220 3842 4276 inri-

2243 4301 2373 4339 cem.

2315 4358 2383 4427 (e)
2432 4357 2720 4432 Exemplar
2753 4358 2868 4432 Yat.
2925 4360 3040 4415 bas.
3069 4401 3084 4424 ,
3124 4361 3179 4414 in
3225 4357 3426 4432 Spiritu
3469 4370 3646 4417 sancto
3674 4378 3692 4417 :
3721 4361 3839 4419 haec

2242 4442 2462 4501 casuum
2497 4429 2722 4501 mutatio
2750 4430 3002 4501 frequens
3042 4441 3125 4485 est
3168 4432 3221 4486 in
3248 4429 3522 4489 veteribus
3553 4432 3722 4489 libris.
3760 4435 3841 4489 Ad

2242 4499 2651 4568 intelligentiam
2679 4499 2965 4567 hujus'loci
2986 4501 3187 4570 juverit
3231 4517 3295 4558 ex
3318 4517 3436 4571 cap.
3471 4519 3543 4558 ιιι
3570 4504 3623 4559 in
3648 4503 3836 4560 Matth.

536 4571 1658 4665 Mirati-5sui;siccissimis;
1690 4571 1967 4665 ιὶἵοῖἰέὶιὲῐ
1979 4571 2138 4665 iiii;-
2163 4605 2215 4665 D
2244 4571 2532 4665 Palla“:
2542 4573 3837 4665 El‘flffffiia'ﬂI?X?£“'°:}329-'.'“:1{‘2P?°P‘P“"“

538 4665 655 4719 rius
678 4664 799 4719 ﬁdei
827 4663 1219 4718 confessiones.
1248 4662 1386 4733 Sunt
1408 4663 1496 4733 qui
1527 4671 1747 4733 putent,
1777 4664 2007 4732 primum
2037 4664 2132 4720 de-

537 4735 741 4806 signari
771 4734 1123 4806 Sirmiensem
1164 4732 1387 4806 an.§58
1410 4731 1527 4806 ,'_i-l
1579 4731 1684 4806 kal.
1712 4732 1859 4806 Junii
1885 4735 2085 4806 editam
2108 4778 2123 4801 ,

536 4802 650 4861 tuin
702 4804 1094 4877 Antiochenam
1137 4819 1227 4877 an.
1257 4802 1358 4858 541
1387 4842 1402 4865 .
1435 4803 1699 4877 Seleucia:
1725 4805 2083 4877 subscriptam
2109 4850 2122 4872 ,

536 4886 726 4944 postea
739 4875 1164 4938 Ariminensem,
1197 4874 1415 4929 demum
1442 4873 1849 4931 Seleuciensem
1878 4873 1955 4929 ah'
1992 4880 2129 4932 Aca-

534 4947 711 5003 cianis
749 4947 1039 5015 vulgatam.
1078 4944 1184 5001 Sed
1209 4961 1325 4998 non
1357 4944 1461 5001 alia
1496 4944 1704 5001 videtur
1740 4946 1874 5001 ﬁdes
1901 4946 2122 5013 Sirmii,

533 5018 637 5072 alia
662 5017 889 5073 Arimini
919 5015 1086 5071 edita.
1114 5016 1320 5071 Deinde
1343 5016 1428 5071 vix
1455 5015 1678 5071 credere
1700 5027 1816 5083 est,
1845 5018 2126 5073 Enczenio-

533 5103 653 5144 rum
681 5088 842 5144 fidem
870 5087 1051 5143 denuo
1078 5086 1435 5155 subscriptam
1464 5086 1517 5142 in
1545 5102 1696 5142 novae
1735 5088 2120 5145 demutationis

533 5160 841 5231 exemplum
883 5157 1194 5231 abillilario
1231 5157 1399 5214 fuisse
1426 5158 1778 5231 afferendam.
1809 5160 1916 5216 Sed
1947 5177 2120 5231 neque

529 5229 584 5283 in
610 5229 710 5286 hac
736 5230 1052 5285 homousion
1072 5241 1167 5285 aut
1184 5229 1522 5286 homteusion
1546 5229 1885 5298 prmdicatur.
1903 5232 1976 5288 At
1992 5229 2120 5289 vero

530 5300 579 5354 si
609 5315 767 5356 voces
796 5301 1019 5369 proximi
1048 5301 1172 5355 anni
1194 5316 1304 5357 non
1333 5301 1405 5356 ita
1428 5300 1618 5357 stricte
1661 5310 1719 5357 ut
1744 5310 1941 5359 sonant
1959 5344 1975 5367 ,
2021 5306 2118 5359 sed

533 5375 692 5442 paulo
740 5371 899 5427 latins
951 5373 1254 5442 acceperis,
1310 5373 1535 5442 primam
1586 5372 1894 5442 intelligere
1941 5373 2122 5431 licebit

528 5441 883 5515 Sirmiensem
931 5441 1048 5497 Osii
1078 5453 1134 5497 et
1181 5441 1409 5515 Potaniii
1463 5444 1681 5498 nomine
1720 5441 1919 5515 editam
1944 5485 1958 5509 ,
1997 5461 2119 5515 qua:

528 5527 637 5568 non
671 5514 830 5569 modo
858 5513 1176 5568 homousion
1199 5555 1214 5579 ,
1245 5513 1341 5570 sed
1387 5522 1441 5570 et.
1487 5514 1822 5571 bommusion
1874 5513 2119 5572 decernit

524 5585 727 5657 taceri;
754 5584 979 5657 alteram
1006 5587 1340 5657 Ancyranam
1365 5627 1379 5650 ,
1405 5601 1527 5657 quae
1558 5586 1896 5643 ltommusiou
1925 5586 2118 5645 deﬁni-

525 5654 759 5726 tionibus
780 5656 836 5720 5,
862 5653 919 5717 4,
951 5654 1167 5726 ενθιε..
1198 5653 1441 5712 decernit
1479 5666 1535 5712 et
1569 5657 1861 5726 praedicat;
1898 5664 2109 5715 tertiam

525 5724 756 5803 Arimini
786 5725 1071 5803 acde‘ipde
1108 5725 1377 5803 βίβλῳ-πλευ
1404 5724 1633 5803 Thracia
1656 5724 1887 5803 ,lcctant,
1919 5729 1972 5783 in
2003 5746 2108 5798 qua

521 5793 656 5849 usite
713 5809 743 5848 a
789 5792 1037 5851 Patribus
1081 5794 1397 5866 simpliciter
1438 5792 1776 5868 prtesumptae
1823 5792 2110 5858 eicusttittr

2240 4654 2373 4720 esse
2402 4642 2453 4720 Ln
2500 4641 2760 4720 Spiritum
2814 4652 3100 4720 sanctum,
3153 4641 3840 4720 s_cilicet_Chris}o_negare

2233 4711 2373 4787 quod
2401 4711 2540 4787 Deus
2570 4714 2636 4766 sit
2657 4724 2755 4787 ,wct
2784 4715 3144 4787 consistentem
3174 4717 3228 4768 in
3259 4732 3318 4770 eo
3359 4714 3573 4771 Paterni
3605 4711 3837 4787 Spiritus

2234 4783 2571 4858 substantiam
2615 4785 2859 4838 adimere.
2913 4785 3119 4858 Similia
3170 4786 3333 4842 habet
3379 4802 3498 4858 cap.
3533 4804 3607 4854 ν,
3652 4783 3708 4844 it.
3739 4790 3831 4848 15.

2233 4854 2438 4920 Quibus
2488 4866 2852 4927 consentanea
2904 4864 3031 4911 sunt
3089 4856 3205 4912 base
3279 4854 3831 4927 apud'Athanasium

2233 4933 2379 5003 tom._
2401 4941 2418 4979 l
2441 4965 2458 4992 ,
2496 4941 2552 4997 p.
2582 4924 2687 4981 257
2729 4944 2742 4980 :
2778 4927 3029 5003 Deitatent
3055 4944 3175 5000 ergo
3232 4924 3386 5003 Verbi
3439 4930 3551 5003 ipse
3599 4930 3834 5003 Christus

2232 4995 3002 5070 Spiritum'sonctttm_appellat
3025 5017 3044 5054 :
3073 4995 3131 5053 ei
3152 5002 3336 5069 paucis
3362 4995 3685 5070 interiectis;
3707 5001 3831 5059 Sic-

2230 5068 2286 5146 ut
2506 5069 2598 5146 qui
2635 5069 2691 5146 in
2718 5068 3281 5146 _Spiritum_s_nnct_um_
3303 5068 3600 5146 impingunt
3625 5089 3645 5127 :
3674 5086 3826 5146 atque

2224 5138 2298 5192 ita
2325 5141 2380 5192 in
2408 5138 2598 5194 Christi
2625 5140 2965 5207 divinitatem,
2997 5140 3343 5214 blasphemias
3367 5138 3549 5198 dicunt
3569 5186 3585 5212 ,
3619 5153 3727 5202 etc.

2296 5233 2367 5307 (Ι)
2412 5232 2597 5307 Fidem
2624 5235 2962 5307 apostolicam
2996 5242 3163 5307 vocat
3189 5235 3424 5292 Hilarius
3453 5238 3822 5307 apostolorum

2222 5303 2560 5377 Symbolum,
2585 5320 2692 5375 quo
2720 5306 2877 5377 longe
2906 5305 3138 5362 fusiores
3168 5307 3458 5363 ediderunt
3488 5303 3672 5365 Ariani
3702 5311 3824 5368 ﬁdei

2222 5374 2589 5452 confessiones
2604 5374 2955 5452 ;Anec_ta'men
2975 5378 3249 5452 retinuere
3272 5378 3428 5452 [idem
3452 5382 3822 5452 euangelicum,

2224 5446 2275 5500 id
2304 5455 2417 5509 est,
2462 5460 2592 5517 qua:
2632 5449 2879 5516 baptismi
2909 5446 3090 5505 verbis
3138 5446 3469 5506 enuntiatur.
3501 5446 3613 5506 Hoc
3639 5454 3712 5507 ita
3740 5446 3825 5508 in;

2221 5516 2567 5593 telligendum
2595 5532 2718 5575 esse
2739 5519 2910 5592 magis
2929 5520 3097 5591 liquet
3118 5534 3185 5577 ex
3208 5523 3496 5593 postremis
3519 5522 3676 5593 hujus
3698 5524 3821 5580 libri

2218 5588 2419 5644 verbis.

2296 5659 2370 5730 (g)
2408 5658 2648 5733 Quatuor
2674 5676 2805 5717 mss.
2832 5701 2848 5725 ,
2887 5661 3044 5717 humo
3064 5679 3179 5717 sua.
3219 5662 3339 5720 Vat.
3372 5663 3486 5721 bas.
3509 5707 3527 5733 ,
3551 5664 3604 5719 in
3630 5665 3824 5721 tuenda

2213 5732 2394 5810 donius
2418 5732 2616 5810 umoris
2644 5735 2844 5810 paterni
2874 5734 3214 5790 observantia
3235 5732 3643 5810 transgressores
3670 5754 3781 5795 suta
3800 5778 3818 5807 ,

2210 5806 2445 5874 profusa,
2474 5811 2604 5871 etc.;
2638 5800 2917 5861 mendose;
