4270 6264
368 345 474 402 569

1340 343 1429 398 AD
1467 341 1948 400 C(.)NSTANTIUM
1988 342 2362 400 AUGUSTO.“
2400 343 2599 398 LIBER
2636 343 2696 398 ll.

3562 343 3668 400 570

370 482 466 533 per
503 465 862 519 temeritatem
893 464 1181 518 lnunanam
1213 474 1537 534 usnrpantur
1566 464 1632 517 ad
1664 463 1970 519 contradic-
1997 472 2043 530 Α
2075 465 2268 535 quibus
2297 464 2665 534 hlasphemat,
2697 463 3009 519 mentimur.
3043 463 3176 519 Ilinc
3207 465 3352 519 enim
3390 462 3672 520 Marcellus

370 558 569 613 tionem
602 601 616 622 ,
646 557 789 627 quod
839 557 910 610 ob
937 557 1038 611 hoc
1067 556 1166 610 sub
1195 555 1412 611 nomine
1439 555 1693 611 novitatis
1724 555 1968 624 Evange-

369 649 495 705 lium
549 659 865 720 negaretur,
923 646 998 719 (a)
1055 657 1112 702 ut
1161 648 1459 716 periculose
1527 656 1798 718 tamquam
1868 646 1968 700 sub

365 743 746 797 cmemlatione
777 741 1084 795 innovetur.
1120 739 1272 808 Quod
1307 739 1654 794 emendatum
1689 747 1790 803 est,
1817 754 1964 793 sem-

365 850 461 903 per
491 834 735 906 prolicit,
794 843 848 886 ut
905 832 1031 886 dum
1085 834 1262 886 omnis
1314 833 1624 888 emendatio
1679 831 1964 900 displicet,

361 927 799 982 emendationem
823 940 1039 980 omnem
1067 925 1375 980 emendatio
1396 933 1684 980 COIISCCUIJI
1710 923 1966 979 (20"de-

362 1031 456 1076 net
493 1039 504 1074 :
537 1036 599 1076 ac
631 1022 672 1073 si
699 1020 850 1089 jam,
879 1018 1136 1088 quidquid
1170 1019 1298 1072 illtnl
1349 1028 1461 1084 est,
1510 1035 1618 1074 non
1661 1017 1966 1073 emendatio

359 1113 540 1181 aliqua
571 1113 642 1166 sit
666 1109 1084 1175 emendationis,
1124 1110 1218 1164 sed
1240 1112 1471 1180 eruperit
1500 1124 1624 1165 esse
1661 1109 1961 1164 damnatio.

428 1205 481 1260 8.
538 1205 864 1259 Audieutiam
913 1211 1062 1274 rogat
1094 1202 1369 1269 Hilarius,
1401 1202 1556 1272 ﬁdem
1602 1219 1629 1257 e
1675 1202 1962 1270 Scripturis

357 1309 674 1353 ostensurus.
703 1328 773 1337 —
805 1297 857 1352 In
883 1309 1140 1368 quantum
1173 1311 1274 1367 ego
1300 1312 1441 1350 nttne
1466 1296 1636 1350 beata:
1669 1296 1962 1366 religiosiu-

354 1407 460 1461 que
491 1390 784 1444 voluntatis
827 1390 904 1458 (b)
947 1406 1073 1444 vere
1103 1399 1154 1444 te
1177 1431 1190 1454 ,
1229 1389 1449 1444 domine
1480 1388 1761 1444 Constanti
1788 1387 1960 1458 Impe-

357 1494 544 1548 rator,
597 1484 878 1548 admiror,
937 1483 1096 1538 fidem
1144 1494 1347 1538 tantum
1379 1483 1674 1538 secundum
1723 1497 1784 1538 ea
1839 1497 1958 1551 qua:

356 1577 557 1647 seiipta
586 1585 712 1630 sunt
758 1575 1157 1630 desiderantem
1207 1594 1220 1630 :
1251 1585 1306 1631 et
1349 1575 1540 1629 metito
1587 1575 1744 1644 plane
1776 1573 1839 1628 ad
1870 1573 1959 1628 illa

355 1673 472 1743 ipsa
505 1671 762 1742 unigeniti
798 1671 891 1724 Dei
948 1669 1162 1738 eloquia
1194 1668 1357 1742 558
1392 1669 1515 1739 quia
1565 1667 1864 1732 festinans,
1902 1677 1958 1721 ut

353 1766 720 1836 imperatoria:
747 1761 1126 1818 sollicitudinis
1172 1778 1339 1832 capax
1391 1773 1580 1830 pectus
1610 1761 1774 1816 etiam
1815 1760 1953 1815 diri-

2073 557 2310 614 Verbum
2337 559 2432 613 Dei
2461 574 2583 614 cum
2627 559 2758 630 legit
2808 560 3000 615 nescit.
3037 559 3170 614 llinc
3197 558 3460 616 Photinus
3493 558 3669 614 homi-

2074 666 2194 704 nem
2227 651 2411 705 .Iesum
2443 649 2722 706 Christum
2756 667 2878 706 cum
2912 651 3152 722 loquitur
3183 651 3415 722 ignorat.
3444 651 3581 707 Hinc
3611 661 3668 706 et

2071 741 2338 798 Sabellius
2358 785 2370 807 ,
2401 742 2526 797 dum
2554 742 2693 813 quod
2722 759 2811 814 ego
2837 751 2883 796 et
2907 741 3064 796 Pater
3091 759 3246 797 unum
3271 759 3450 797 simius
3483 740 3665 814 (Joan.

2070 849 2125 899 x,
2155 833 2248 905 30)
2281 849 2386 888 non
2416 835 2695 904 intelligit,
2732 835 2850 888 sine
2875 833 2988 888 Deo
3015 841 3165 903 patre
3193 843 3248 888 et
3269 834 3388 889 sine
3419 833 3531 889 Deo
3557 833 3668 889 lilio

2068 935 2170 982 est.
2210 927 2344 982 llinc
2376 936 2430 981 et
2459 926 2742 981 Montanus
2790 941 2886 996 per
2917 925 3134 981 insanas
3169 924 3394 997 feminas
3427 941 3552 981 suas
3586 923 3664 998 (ά)

2069 1019 2400 1090 paracletum
2444 1018 2608 1073 alium
2655 1017 2916 1072 defendit.
2971 1017 3108 1072 Hinc
3159 1027 3214 1072 et
3261 1016 3584 1072 Manicha'us
3611 1028 3668 1074 et

2067 1115 2301 1170 Marcion
2336 1115 2508 1185 legem
2533 1115 2648 1170 odit
2681 1132 2693 1168 :
2722 1114 2841 1182 quia
2867 1113 3044 1168 littera
3079 1111 3276 1166 occidit
3309 1111 3374 1181 (ll
3407 1110 3528 1166 Cor.
3564 1127 3621 1168 ιιι
3645 1153 3661 1180 ,

2065 1207 2144 1280 6),
2168 1218 2222 1262 et
2244 1208 2431 1262 mundi
2458 1207 2706 1278 princeps
2733 1206 2983 1260 diabolus
3004 1212 3108 1260 est.
3131 1204 3335 1260 Omnes
3355 1204 3664 1274 Scripturas

2063 1299 2182 1354 sine
2209 1297 2278 1371 (ιι)
2309 1297 2606 1369 Scripturzc
2627 1312 2790 1353 sensu
2815 1297 3127 1366 loquuntur,
3151 1307 3203 1351 et
3232 1295 3390 1351 ﬁdem
3412 1297 3528 1352 sine
3555 1296 3662 1353 ﬁde

2061 1391 2424 1463 praetendunt.
2460 1391 2758 1459 Scripturze
2806 1389 2948 1444 ettim
2987 1405 3092 1443 non
3132 1389 3185 1442 in
3221 1387 3448 1459 legendo
3493 1398 3658 1456 sunt,

2062 1488 2158 1543 sed
2189 1487 2240 1541 in
2273 1487 2653 1558 intelligendo;
2689 1502 2864 1559 neque
2906 1487 2956 1542 in
3004 1487 3448 1559 przevaricatione
3488 1497 3656 1554 sunt,

2061 1581 2155 1636 scd
2186 1582 2236 1635 in
2269 1581 2553 1639 cbaritate.

2133 1677 2219 1732 10.
2257 1678 2544 1744 Sermonis,
2571 1682 2722 1754 cujus
2749 1678 2898 1748 capia
2928 1689 3156 1750 rogatur,
3191 1677 3654 1746 modus—Audi,

2058 1785 2188 1840 rogo
2209 1812 2224 1836 ,
2251 1786 2311 1826 ea
2344 1788 2463 1842 ane
2494 1771 2559 1826 de
2590 1770 2806 1825 Christo
2835 1781 2959 1825 sunt
2989 1772 3191 1841 scripta
3223 1787 3236 1823 :
3263 1785 3330 1826 ne
3361 1770 3461 1826 sub
3491 1773 3570 1826 eis
3591 1785 3654 1826 ea

351 1871 546 1910 norum
574 1855 846 1911 dictorum
876 1853 1207 1909 conscientia
1235 1853 1453 1924 plenum
1493 1854 1581 1906 sit.
1613 1851 1722 1906 Ilnc
1755 1851 1844 1922 qui
1875 1867 1960 1906 re-
1990 1861 2036 1921 Β

1990 1861 2036 1921 Β
2062 1879 2183 1933 quae
2211 1878 2316 1918 non
2345 1865 2544 1934 scripta
2587 1874 2708 1918 sunt
2741 1863 3122 1934 praedicentur.
3161 1863 3428 1919 Submitte
3453 1863 3518 1919 ad
3548 1879 3609 1919 ea
3635 1903 3651 1931 ,

350 1951 572 2024 pudiat,
605 1949 956 2003 antichristus
986 1956 1067 2002 est
1095 1991 1108 2012 ,
1161 1955 1214 2002 ct
1246 1947 1332 2017 qtti
1383 1946 1596 2001 simulat
1625 1988 1638 2010 ,
1669 1946 1951 1999 anathema

347 2052 454 2098 est.
485 2041 588 2096 Sed
623 2058 785 2094 unum
821 2039 925 2094 hoc
971 2055 1071 2110 ego
1128 2055 1226 2111 per
1279 2039 1413 2094 hanc
1462 2037 1787 2103 dignationis
1843 2046 1949 2090 tua:

349 2136 616 2190 sinceram
647 2135 974 2209 audientiam
1005 2149 1152 2203 rogo,
1178 2145 1233 2188 ut
1264 2142 1530 2203 praesente
1552 2131 1759 2204 synodo
1787 2131 1954 2194 (Con-

349 2227 796 2300 S!antinopolit.),
827 2243 947 2299 qua:
979 2242 1120 2282 nunc
1149 2227 1218 2283 de
1250 2227 1353 2282 lide
1396 2229 1566 2298 litigat
1587 2269 1601 2292 ,
1647 2241 1814 2296 pauca
1865 2241 1952 2281 me

353 2326 419 2380 de
448 2325 744 2394 Scripturis
773 2323 1106 2394 cvangelicis
1138 2323 1379 2393 digneris
1428 2321 1613 2376 audire
1633 2363 1648 2388 ,
1682 2331 1734 2375 et
1762 2319 1952 2391 loquar

349 2428 528 2472 terum
590 2416 768 2472 \erbis
824 2417 1035 2471 Domini
1087 2417 1190 2472 tnci
1234 2416 1361 2472 Jcsu
1395 2415 1631 2479 Christi,
1673 2415 1826 2485 cujus
1867 2414 1948 2469 vel

345 2510 496 2565 essul
547 2524 664 2563 sum
689 2550 705 2573 ,
745 2509 826 2563 vel
862 2508 1138 2564 sacerdos.
1200 2509 1408 2562 Ilabcnt
1449 2509 1593 2563 enim
1617 2523 1742 2562 vasa
1777 2515 1946 2562 testea

349 2618 454 2658 non
479 2601 742 2672 ignobiles
774 2601 1058 2656 thesauros
1085 2619 1095 2654 :
1121 2613 1173 2655 et
1199 2600 1493 2656 infirmiora
1517 2616 1802 2670 corporum
1835 2615 1948 2654 ma«

343 2693 424 2763 gis
451 2693 744 2748 reverenda
775 2701 901 2746 sunt
931 2710 943 2748 :
978 2703 1032 2747 et
1058 2695 1200 2764 ame
1235 2710 1332 2747 nos
1357 2693 1516 2748 modo
1548 2694 1714 2748 Deum
1743 2692 1946 2747 indocti

341 2789 637 2858 piscatores
667 2788 827 2842 locuti
862 2797 1006 2843 sunt.
1042 2788 1218 2858 Super
1249 2788 1505 2843 humilem
1537 2797 1591 2842 et
1622 2797 1944 2842 trementem

340 2883 501 2938 verba
523 2897 642 2940 sua.
661 2881 954 2938 secundum
982 2881 1324 2951 prolihetam,
1353 2883 1494 2935 Deus
1521 2881 1743 2952 respicit
1766 2879 1939 2953 (Esui.

339 2972 600 3044 LX\‘1,3).
637 2973 820 3028 Fidem
853 2973 1146 3044 imperator
1189 2974 1387 3043 qua-ris
1421 2990 1434 3024 :
1467 2973 1588 3027 audi
1636 2988 1753 3027 eam
1779 3014 1793 3038 ,
1836 2989 1940 3027 non

337 3069 404 3124 de
431 3069 584 3124 novis
613 3067 874 3124 chartulis
902 3111 916 3135 ,
947 3067 1044 3123 sed
1075 3067 1145 3123 de
1176 3067 1271 3122 Dei
1311 3067 1486 3122 lihris.
1523 3067 1672 3122 Scito
1701 3076 1755 3124 et
1786 3081 1942 3137 posse

334 3176 453 3216 eam
488 3161 540 3215 in
592 3159 888 3216 Occidente
927 3159 1151 3227 donari,
1184 3158 1324 3214 unde
1373 3159 1651 3214 venientes
1690 3159 1741 3213 in
1773 3174 1939 3230 regno

2057 1970 2177 2025 quae
2203 1958 2269 2008 dc
2299 1955 2450 2010 libris
2473 1956 2748 2012 locuturus
2772 1973 2910 2022 sum,
2937 1972 3096 2011 aures
3130 1966 3245 2011 tuas
3276 1973 3288 2010 :
3321 1957 3482 2012 ﬁdem
3507 1967 3652 2011 tuam

2055 2047 2120 2102 ad
2155 2046 2316 2122 549
2345 2048 2510 2103 Deum
2539 2050 2737 2120 erigas.
2772 2049 2910 2104 Audi
2933 2047 3078 2119 quod
3113 2047 3323 2119 prolicit
3342 2050 3407 2104 ad
3456 2047 3650 2117 ﬁdem,

2056 2140 2124 2194 ad
2160 2143 2443 2208 unitatem,
2486 2139 2552 2196 ad
2586 2141 2967 2197 :ctcrnitatem.
2995 2141 3297 2196 Locuturus
3331 2152 3504 2197 tecum
3532 2157 3651 2196 sum

2053 2249 2174 2287 cum
2205 2233 2408 2288 honore
2433 2235 2582 2302 regni
2614 2243 2669 2289 et
2703 2234 2825 2288 fidei
2859 2243 2996 2301 tuae,
3025 2235 3204 2289 omnia
3234 2234 3301 2289 ad
3333 2233 3571 2290 Orientis
3596 2242 3652 2288 et

2051 2325 2358 2382 Occidentis
2397 2343 2578 2398 pacem
2625 2325 2694 2400 (ι’)
2724 2328 3090 2397 proficientia,
3123 2327 3224 2382 sub
3263 2327 3474 2398 publica
3515 2341 3644 2382 con-

2051 2419 2299 2482 scientia,
2326 2419 2426 2474 sub
2454 2419 2662 2492 synodo
2692 2419 2971 2474 dissidenti
2997 2461 3010 2485 ,
3043 2421 3144 2474 sub
3175 2419 3270 2476 lite
3291 2418 3515 2474 famosa.

2124 2513 2209 2565 11.
2241 2510 2437 2582 Pignus
2460 2513 2620 2583 futuri
2649 2513 2918 2566 sermonis.
2945 2541 3011 2551 --
3029 2511 3398 2583 (g)Pra:mitto
3425 2511 3644 2566 interim

2053 2604 2241 2674 pignus
2270 2604 2434 2658 futuri
2459 2604 2599 2674 apud
2635 2614 2685 2658 te
2729 2605 3000 2658 sermonis
3041 2604 3167 2658 mei.
3205 2603 3322 2658 Non
3352 2603 3528 2674 aliqua
3577 2602 3644 2658 ad

2047 2697 2360 2753 scandalum
2381 2740 2396 2764 ,
2433 2714 2606 2768 neque
2633 2714 2751 2767 qua:
2775 2707 2928 2752 extra
2953 2697 3301 2767 Evangelitnn
3335 2705 3458 2752 sunt
3479 2738 3493 2764 ,
3547 2697 3645 2752 de-

2049 2792 2266 2848 fendam
2306 2792 2442 2847 :sed
2471 2793 2738 2862 intelliges
2789 2807 2930 2846 ante
2978 2791 3028 2846 in
3078 2801 3418 2847 sacramento
3471 2791 3641 2846 solius

2048 2886 2140 2942 Dei
2175 2887 2375 2950 veri,et
2405 2903 2566 2958 quem
2601 2887 2744 2941 misit
2769 2885 2951 2942 Jesum
2987 2886 3260 2942 Christum
3281 2886 3462 2960 (Joan.
3494 2903 3634 2954 xvn,

2045 2981 2122 3049 ὅ),
2156 2981 2438 3054 praedicari
2467 2999 2632 3037 unum
2668 2982 2832 3036 Deum
2861 2993 3068 3052 patrem
3097 2997 3160 3036 ex
3184 2997 3292 3053 quo
3333 2981 3546 3048 omnia,
3585 2989 3640 3036 et

2046 3089 2209 3128 unum
2242 3073 2527 3128 Dominum
2557 3073 2740 3129 Jesum
2769 3070 3042 3128 Christum
3095 3087 3190 3144 per
3245 3088 3404 3143 quem
3458 3071 3637 3128 omnia

2045 3167 2088 3240 (1
2111 3165 2230 3220 Cor.
2261 3183 2386 3231 vni,
2414 3167 2504 3240 6),
2530 3178 2711 3222 natum
2743 3182 2814 3222 ex
2847 3166 2986 3232 Deo,
3014 3168 3100 3237 qui
3129 3175 3212 3221 est
3239 3177 3367 3222 ante
3389 3174 3635 3237 tempora

333 3251 430 3308 Dei
476 3268 598 3307 cum
647 3252 917 3308 Abraham
968 3263 1020 3308 et
1068 3252 1216 3307 Isaac
1264 3263 1318 3306 et
1372 3251 1539 3308 Jacob
1589 3252 1922 3308 recumbunt.
1953 3255 1998 3317 C
2032 3260 2318 3332 ωιετιιιιυι
2351 3259 2483 3313 Tim.
2511 3276 2560 3325 ι,
2597 3260 2676 3332 9),
2708 3268 2763 3316 ct
2790 3270 2906 3315 erat
2935 3260 2988 3314 in
3018 3259 3282 3331 principio
3301 3258 3440 3329 apud
3463 3259 3632 3315 Deutn

334 3343 548 3415 (Matth.
583 3360 695 3409 vm,
727 3346 836 3412 11).
867 3343 1142 3405 Memento
1171 3360 1288 3398 eam
1323 3344 1396 3413 (c)
1443 3360 1548 3400 non
1573 3345 1928 3416 (IlliDSliOIICIII

333 3437 687 3508 philo.~0phi:e
717 3453 863 3503 esse,
891 3439 988 3492 sed
1022 3438 1298 3509 Evangelii
1325 3439 1650 3495 doctrinam.
1681 3438 1794 3494 Non
1821 3449 1927 3494 tam

331 3535 462 3590 mihi
494 3547 674 3597 autem
699 3551 832 3604 rogo
859 3537 1212 3603 audientiam,
1245 3553 1405 3606 quam
1438 3537 1530 3592 tibi
1561 3547 1724 3608 atque
1745 3538 1926 3594 eccle-

325 3631 423 3686 siis
454 3630 571 3686 Dei.
604 3631 719 3701 Ego
740 3631 883 3685 enim
912 3646 1077 3701 penes
1099 3647 1186 3686 me
1216 3630 1388 3687 habeo
1413 3632 1572 3687 tidem
1597 3675 1612 3698 ,
1654 3635 1926 3690 exteriore

325 3740 434 3779 non
468 3741 601 3797 egeo
633 3743 647 3779 :
677 3725 821 3797 quod
846 3727 1031 3796 accepi
1063 3736 1252 3793 teneo,
1287 3741 1388 3781 nec
1409 3726 1629 3782 demuto
1653 3727 1795 3797 quod
1828 3726 1925 3782 Dei

321 3826 428 3873 est.

395 3911 448 3965 9.
493 3910 789 3981 Scripturas
829 3913 1054 3968 lrwretici
1102 3930 1221 3968 suas
1252 3913 1320 3966 ad
1349 3923 1520 3983 partes
1575 3912 1809 3967 trahunt.
1847 3942 1918 3952 —

320 4003 432 4059 Sed
472 4015 746 4060 memento
775 4013 951 4060 tamen
979 4046 993 4069 ,
1039 4005 1310 4060 neminem
1345 4003 1720 4060 lueretieorum
1750 4019 1872 4060 esse
1896 4045 1912 4070 ,

317 4100 410 4169 qui
438 4114 495 4154 sc
527 4113 672 4156 nunc
700 4115 806 4154 non
834 4099 1132 4156 secundum
1161 4099 1473 4169 Scripturas
1499 4097 1796 4168 pra-dicare
1824 4112 1910 4163 ea,

386 4215 463 4287 (a)
507 4215 562 4271 In
591 4217 818 4287 vulgatis
843 4260 856 4282 ,
885 4215 1245 4285 impericulose
1275 4231 1293 4268 :
1318 4215 1490 4270 uhiex
1516 4229 1618 4269 ms.
1649 4213 1762 4268 Vat.
1791 4212 1906 4268 bas.

313 4289 624 4357 reponimus
654 4300 704 4342 ut
731 4287 1036 4357 periculose.

387 4359 464 4429 (b)
509 4357 564 4412 lu
595 4373 750 4425 mss.,
781 4376 955 4414 verum
985 4370 1052 4412 te.

385 4449 459 4521 (c)
500 4451 632 4506 Editi
658 4493 673 4516 ,
703 4467 802 4506 ιιοιι
849 4453 902 4504 in
934 4450 1218 4521 quwstione
1261 4448 1601 4518 pltilosOphite
1633 4465 1748 4521 esse
1771 4491 1786 4517 ,
1816 4449 1908 4504 sed

309 4521 362 4594 in
391 4520 655 4594 Evangelii
694 4520 980 4577 doctrina:
1019 4521 1373 4594 emendantur
1398 4536 1462 4574 ex
1492 4536 1592 4594 ms.
1631 4520 1750 4594 Vat.
1781 4521 1900 4594 has.

314 4591 886 4683 Yﬁr'tiééstlee‘eti‘ee
902 4591 1700 4683 .",‘,’_F'__'.'?_‘.',‘!'§_,9PP‘1'EEHEE‘1'TFE
1725 4591 1898 4683 6992’
1927 4623 1980 4683 ι)

305 4679 467 4732 quam
490 4665 727 4718 charitas
751 4681 764 4716 :
790 4666 1004 4732 qualem
1021 4664 1273 4717 nimirqu
1298 4665 1348 4715 in
1382 4662 1702 4732 Martyrihus
1729 4664 1898 4716 exsti-

307 4734 437 4788 tisse
467 4735 850 4790 animadvertit
892 4735 1220 4804 Augustinus
1247 4733 1300 4787 in
1330 4734 1419 4788 Ps.
1472 4748 1580 4788 va
1609 4773 1622 4792 ,
1671 4749 1724 4786 n.
1780 4733 1847 4784 ‘24
1883 4750 1898 4804 :_

308 4805 410 4871 Qui
431 4806 586 4870 enim,
617 4807 821 4874 inquit,
854 4805 960 4859 tum
979 4801 1242 4858 Christum
1274 4803 1642 4873 praedicabant,
1674 4820 1778 4858 non
1804 4801 1901 4857 sibi

303 4876 490 4946 quibus
529 4885 636 4929 tum
684 4885 795 4930 erat
822 4877 1054 4948 cognitus
1076 4917 1091 4942 ,
1118 4876 1207 4948 sed
1255 4876 1401 4929 nobis
1425 4877 1512 4946 qui
1539 4878 1698 4948 futuri
1730 4876 1902 4948 adhuc

301 4964 506 5001 eramus
530 4989 546 5016 ,
596 4948 675 5002 uel
699 4947 1014 5020 quibus'tum
1033 4958 1142 5003 erat
1164 4947 1452 5020 incognitus
1471 4987 1486 5014 ,
1515 4947 1896 5018 praedicabant,

301 5027 410 5073 etc.

372 5113 454 5183 (ά)
475 5113 713 5169 Priseam
741 5115 858 5169 scil.
884 5123 938 5168 et
961 5113 1332 5179 Maximillam,
1353 5125 1488 5180 quas
1513 5111 1890 5183 Hieronymus,

298 5198 386 5253 ep.
437 5182 549 5249 'uv,
602 5186 668 5240 ad
719 5185 1052 5247 Marcellam,
1087 5185 1153 5238 ad
1181 5183 1540 5238 imitationem
1573 5182 1787 5253 Hilarii,
1815 5183 1897 5236 iu-

298 5252 452 5310 sanas
481 5257 695 5326 feminas
729 5266 902 5312 vocat.
937 5255 1054 5310 Vid.
1081 5254 1398 5310 Tertullian.
1432 5254 1470 5309 Ι.
1496 5253 1563 5309 de
1588 5252 1890 5325 Monogam.

298 5341 352 5380 ιι.
385 5327 440 5393 2,
465 5337 521 5382 et
549 5336 737 5382 contra
765 5328 1024 5383 Praxeam
1058 5345 1110 5382 ιι.
1147 5327 1198 5380 1.
1255 5360 1258 5363 -

369 5418 438 5492 (e)
478 5419 685 5475 Nomen
715 5419 1004 5492 Scriptura:
1047 5419 1100 5473 in
1143 5418 1661 5492 vulgatisomissum
1685 5461 1698 5482 ,
1729 5420 1888 5492 reati-

295 5489 494 5545 tuiinus
524 5506 627 5560 Ope
676 5507 805 5547 mss.
838 5489 1279 5561 'Subsequentem
1338 5489 1517 5544 Hilarii
1563 5490 1884 5546 sententiam

293 5564 536 5616 imitatur
585 5563 922 5633 etillustrat
977 5561 1335 5633 Hieronymus
1379 5561 1444 5615 ad
1498 5561 1701 5617 calcem
1745 5561 1880 5617 Dial.

291 5643 480 5687 contra
513 5632 730 5688 Lucifer
752 5677 766 5698 ,
799 5635 986 5690 dicens
1027 5631 1205 5701 :qnnd
1248 5631 1534 5700 Scriptura:
1563 5650 1663 5686 non
1709 5634 1765 5686 in
1810 5633 1882 5687 le-

291 5704 460 5772 gendo
481 5706 761 5758 consistant
781 5747 797 5770 ,
829 5710 918 5760 sed
948 5706 1000 5757 iu
1035 5704 1366 5776 intelligendo
1407 5720 1424 5757 :
1452 5705 1643 5774 alioqui
1669 5705 1713 5758 si
1740 5705 1876 5776 litte-

291 5792 405 5850 ιςιιιιι
433 5777 695 5847 sequimur
719 5817 733 5842 ,
763 5792 1036 5850 possumus
1076 5785 1125 5829 et
1154 5774 1244 5850 nos
1283 5791 1709 5850 quoquenovum
1735 5774 1877 5829 nobis
1952 5801 1962 5809 -

293 5841 481 5917 dogma
502 5841 841 5919 'coiitpouei‘e.
891 5841 1076 5905 Oritues
1113 5842 1243 5904 enim
1273 5841 1497 5904 litw'etici
1516 5875 1531 5919 ,
1565 5845 1737 5919 inquit
1765 5849 1876 5904 Λιιδ

2036 3353 2176 3408 Deus
2205 3351 2442 3414 Verbum
2476 3351 2655 3426 (Joau.
2687 3368 2731 3417 ι,
2758 3350 2847 3422 1);
2879 3351 2969 3422 qui
3004 3363 3081 3406 (‘Sl
3109 3350 3285 3422 imago
3319 3351 3412 3406 Dei
3443 3349 3632 3405 invisi-

2035 3447 2155 3502 bilis
2181 3445 2402 3518 (Coloss.
2432 3462 2449 3502 ι
2477 3489 2490 3512 ,
2521 3447 2632 3516 15).
2665 3448 2716 3502 in
2748 3462 2855 3517 quo
2882 3445 3086 3500 habitat
3115 3447 3292 3501 onmis
3349 3445 3630 3516 plenitudo

2033 3540 2334 3596 divinitatis
2363 3541 2717 3610 corporaliter
2758 3540 2894 3613 (Col.
2927 3557 2995 3605 ιι,
3021 3540 3077 3611 9)
3108 3540 3198 3609 qui
3230 3556 3350 3595 cum
3385 3540 3547 3615 550
3573 3539 3626 3595 in

2030 3632 2200 3688 forma
2236 3633 2324 3688 Dei
2356 3642 2529 3698 esset,
2564 3632 2857 3686 humilians
2888 3648 2946 3687 se
2977 3632 3170 3687 salutis
3203 3643 3403 3686 nostra:
3426 3647 3622 3698 causa,

2033 3723 2258 3779 formam
2286 3725 2426 3779 scrri
2450 3741 2514 3780 ex
2543 3733 2807 3794 conceptu
2837 3725 3068 3794 Spiritus
3119 3723 3292 3778 sancti
3320 3723 3387 3778 de
3415 3723 3623 3791 virgine

2030 3817 2270 3887 accepit,
2302 3815 2472 3871 factus
2501 3816 2761 3871 ohediens
2781 3832 2949 3885 usque
2974 3817 3040 3872 ad
3069 3825 3298 3871 mortem
3319 3857 3334 3882 ,
3383 3825 3616 3871 mortem

2027 3919 2206 3963 autem
2238 3909 2414 3963 crucis
2442 3907 2664 3978 (Philip.
2693 3923 2763 3973 ιι,
2795 3907 2850 3978 6)
2885 3925 2898 3959 :
2929 3916 2984 3961 et
3012 3916 3134 3978 post
3161 3907 3616 3963 resurrectionem

2027 4003 2217 4057 mortis
2245 4001 2441 4057 deinde
2479 4003 2530 4055 in
2564 4001 2881 4057 emlestibus
2919 4001 3115 4056 sedens
3151 3997 3371 4074 (Ephes.
3413 4015 3466 4068 ι,
3493 4000 3613 4074 20),

2023 4094 2198 4149 aderit
2220 4093 2383 4166 judcx
2409 4095 2649 4149 vivormn
2679 4104 2732 4149 et
2757 4103 3092 4150 mortuorum
3123 4093 3261 4166 (Act.
3310 4109 3370 4160 χ,
3397 4092 3494 4166 42)
3514 4136 3530 4163 ,
3560 4103 3616 4150 et

2015 4210 2284 4282 gustinus,
2319 4226 2405 4282 cp.
2455 4224 2574 4282 cxx,
2615 4208 2680 4264 ad
2702 4208 2960 4282 Consent.
2996 4227 3048 4264 n.
3078 4211 3162 4274 15,
3193 4211 3280 4281 qui
3305 4227 3390 4264 eas
3410 4211 3611 4264 inuuca

2015 4281 2218 4335 toritnte
2247 4281 2532 4348 recipiunt,
2560 4281 2698 4352 ipsus
2727 4281 2824 4335 sibi
2847 4283 3077 4336 videntur
3109 4282 3321 4345 sectari,
3345 4297 3461 4334 cum
3490 4297 3608 4336 suos

2013 4353 2184 4422 potius
2208 4359 2464 4404 sectentur
2495 4368 2728 4416 errores;
2756 4369 2815 4404 ac
2846 4368 2936 4421 per
2962 4355 3057 4407 hoc
3081 4369 3182 4405 non
3211 4353 3345 4419 quod
3366 4369 3453 4406 eas
3487 4368 3610 4406 cou-

2012 4433 2272 4496 temnuut,
2302 4423 2390 4475 sed
2433 4423 2568 4496 quod
2609 4439 2693 4475 eas
2733 4439 2834 4496 non
2860 4424 3179 4496 intelligant,
3211 4425 3435 4479 ltwretici
3463 4434 3602 4478 sunt.

2011 4495 2078 4550 Et
2103 4495 2436 4568 ut_ohscrvat
2465 4493 2752 4568 Athanas_.,
2781 4495 2872 4548 Or.
2901 4510 2937 4548 ιι
2961 4493 3103 4568 coiit.
3139 4496 3366 4568 Arianos
3392 4511 3447 4568 p.
3472 4496 3600 4563 515,

2008 4565 2324 4634 exeogitutor
2347 4567 2671 4635 inventorque
2698 4565 2954 4619 Iucreseou
2983 4565 3217 4620 diabolus
3244 4607 3257 4629 ,
3309 4565 3444 4620 metu
3496 4583 3605 4620 sua:

2006 4636 2385 4704 graveolentiw,
2419 4635 2803 4701 Scripturarum
2832 4652 2974 4691 voces
3003 4646 3221 4706 usurpat
3245 4654 3262 4701 ;
3293 4646 3345 4689 ut
3373 4637 3478 4690 illis
3500 4636 3598 4691 ob-

2006 4717 2204 4780 tectusL
2221 4706 2467 4780 adsperso
2491 4722 2683 4780 geneno
2714 4723 2828 4771 suo,
2861 4708 3120 4779 simplices
3142 4707 3382 4780 decipiat.

2079 4778 2146 4851 (ι’)
2174 4777 2264 4832 Sic
2301 4793 2432 4851 mss.
2489 4779 2627 4851 Editi
2660 4793 2788 4834 vero
2811 4777 3098 4850 profutura.
3157 4777 3357 4835 Deinde
3378 4777 3471 4833 sub
3497 4795 3595 4846 pu-

2003 4848 2135 4904 blica
2157 4848 2484 4913 conscientia,
2510 4848 2560 4903 id
2576 4858 2678 4921 est,
2697 4863 2877 4921 coram
2901 4848 2954 4906 et
2985 4851 3213 4921 publice.
3245 4851 3353 4906 lloc
3376 4851 3597 4904 Ambro-

2003 4922 2118 4992 sius
2163 4921 2213 4973 in
2244 4934 2394 4974 more
2427 4919 2682 4976 Ecclesia:
2723 4918 2892 4976 fuisse
2939 4918 3148 4989 innuit,
3203 4932 3260 4976 ut
3307 4921 3594 4992 episeoptts

2002 4990 2056 5046 in
2102 4992 2329 5062 ecclesia
2381 4999 2437 5046 et
2499 5006 2680 5046 coram
2733 4993 2930 5062 populo
2992 4995 3060 5048 de
3109 4994 3212 5048 lide
3264 4990 3586 5056 disputaret.

2002 5063 2212 5132 Quippe
2224 5061 2406 5131 jussus
2425 5073 2482 5116 ut
2502 5062 2567 5118 ad
2585 5063 2925 5130 imperatoris
2953 5065 3332 5120 consistorium
3359 5065 3588 5129 veniret,

2001 5134 2312 5205 scribit,e_p.
2340 5148 2452 5196 XXI,
2487 5149 2538 5186 n.
2564 5135 2663 5188 i7:
2694 5132 2972 5205 Venissent,
2996 5136 3306 5205 Imperator,
3324 5136 3390 5188 ad
3407 5136 3591 5189 consis-

2001 5203 2492 5277 toriumrclementice
2513 5213 2631 5270 tute,
2656 5215 2708 5277 ut
2739 5204 2843 5259 luet
2865 5223 3036 5259 eorum
3064 5203 3405 5277 suggererem,
3436 5207 3480 5259 si
3508 5221 3590 5259 me

2002 5276 2081 5330 vel
2127 5274 2479 5346 episcopirvel
2533 5275 2752 5346 populus
2797 5274 3176 5345 permisissent,
3252 5279 3474 5330 dicentes
3525 5277 3590 5331 de

2003 5346 2107 5418 ﬁde
2127 5347 2180 5400 in
2198 5345 2413 5418 ecclesia
2438 5360 2607 5418 eorum
2637 5348 2826 5418 populo
2855 5348 3032 5402 debere
3054 5350 3307 5418 tractari:
3323 5356 3380 5402 et
3404 5349 3583 5404 Serm.

1996 5417 2064 5472 de
2094 5416 2335 5472 basilicis
2358 5416 2712 5470 tradendisn.
2745 5420 2810 5482 5,
2846 5427 2976 5470 tom.
3011 5437 3068 5485 ιι,
3107 5439 3158 5487 p.
3187 5417 3294 5474 861
3341 5436 3355 5474 :
3385 5419 3464 5472 Ad
3492 5437 3585 5488 pa-

1995 5489 2178 5542 latium
2199 5489 2521 5560 imperatoris
2543 5489 2668 5560 irem
2700 5487 2934 5560 libenter,
2964 5493 3005 5543 si
3035 5493 3128 5545 hoc
3177 5500 3479 5560 congrueret
3499 5507 3580 5544 sa-

1992 5560 2212 5614 cerdotis
2240 5558 2432 5630 ofﬁcio,
2458 5566 2515 5612 ut
2536 5559 2586 5624 in
2617 5559 2808 5626 palatio
2840 5562 3003 5630 magis
3031 5558 3312 5629 certarent,
3351 5578 3504 5630 quam
3528 5563 3580 5614 iu

1988 5632 2296 5735 eqclesiag...
2345 5627 2564 5684 Causam
2631 5631 2758 5700 ﬁdei
2805 5631 2858 5684 iu
2904 5627 3116 5690 ecclesia
3167 5627 3420 5706 agendam
3465 5634 3580 5703 quis

1988 5711 2176 5735 nnnonnl

1986 5705 2176 5757 abnuat
2192 5705 2205 5754 Ξ

2057 5771 2134 5854 (g)
2168 5771 2414 5855 Antiqua:
2436 5771 2700 5855 editiones
2729 5789 2850 5829 cum
2880 5791 3009 5834 mss.
3037 5781 3372 5852 praetermitto
3393 5797 3412 5837 :
3432 5777 3575 5852 quod

1982 5856 2013 5902 tt
2037 5843 2221 5918 Lipsio
2246 5859 2354 5902 non
2383 5844 2525 5903 male
2554 5855 2858 5906 correctum
2895 5858 2996 5907 est;
