4270 6264
678 298 778 359 [τί

1910 298 2191 356 PBEVIA
2235 300 2265 359 Ι]

2365 296 2687 357 ΞΕΒΤΑΤΙΟ
2906 352 2915 361 κ
3881 296 3982 351 ὕτὲ

676 429 773 469 rex
799 412 1041 479 omnium
1071 421 1398 475 aeternorum
1419 409 1767 481 saeculorum.
1800 412 1896 469 Est
1917 411 2059 469 enim
2082 414 2267 487 unigc-
2296 415 2343 493 Α
2373 420 2564 466 sancto
2614 413 2682 465 ita
2710 408 2949 476 credidi,
2981 418 3040 465 ut
3073 407 3210 465 ultra
3260 407 3401 465 lianc
3447 407 3515 464 de
3562 407 3792 464 Domino
3840 408 3966 464 vau

675 507 825 571 nitus
852 506 993 579 Deus
1022 504 1201 577 (locu.
1258 519 1308 572 t,
1343 502 1468 577 18),
1499 513 1556 560 et
1584 506 1725 561 Deus
1778 520 1937 560 verus
1959 546 1977 570 ,
2032 513 2089 561 et
2127 505 2269 563 Deus

676 614 924 677 magnus,
940 606 994 654 et
1014 612 1180 669 super
1200 598 1381 671 omnia
1405 599 1545 663 Deus
1565 596 1740 671 (Rom.
1770 614 1821 659 ix
1838 638 1856 663 ,
1880 596 1938 671 5)
1966 615 1979 653 :
2011 607 2065 657 et
2094 598 2273 654 omnis

676 690 868 761 lingua
894 689 1261 759 conﬁtebitur,
1291 691 1417 761 quia
1452 691 1710 749 Dominus
1733 690 1890 753 Jesus
1920 691 2166 747 Christus
2218 693 2270 749 in

672 782 843 854 gloria
876 781 973 843 Dei
1002 781 1304 852 patrisesl(
1316 781 1455 837 Phil.
1481 798 1541 853 tt,
1569 781 1680 851 ll).
1714 782 1841 847 Haec
1866 797 1966 857 ego
1989 780 2041 837 in
2066 782 2272 852 Spiritu

2374 502 2587 560 Christo
2616 504 2774 559 tidem
2804 518 2912 559 non
2944 504 3146 574 possim
3176 501 3361 559 doceri
3393 518 3408 556 :
3441 518 3550 558 non
3582 517 3679 573 per
3706 502 3824 558 base
3853 505 3967 557 adi-

2379 611 2533 659 mens
2561 606 2772 670 patrum
2794 596 2920 653 fidei
2951 596 3264 667 religionem
3289 639 3305 665 ,
3333 597 3428 653 sed
3458 597 3757 653 secundum
3815 612 3971 670 rege-

2381 689 2678 746 nerationis
2704 704 2840 744 mete
2863 687 3168 759 symbolum
3186 686 3211 759 ,
3240 698 3296 744 et
3343 688 3607 744 doctrinm
3648 690 3976 761 evangelica:

2380 781 2666 838 scientiam
2686 824 2702 850 ,
2726 781 2796 837 ab
2817 796 2882 837 ea
2905 779 3059 852 juxta
3084 781 3183 838 ista
3212 796 3318 837 non
3349 781 3655 838 dissonans.

673 918 3943 960 mw

1309 954 2062 1166 PRXEVIAv
2119 1031 3341 1175 DISSERTATIO

1043 1256 1184 1341 IN
1284 1255 1823 1341 LIBRUM
1917 1255 2470 1346 CONTRA
2568 1256 3611 1351 CONSTANTIUM.

743 1536 786 1591 Ι.
830 1534 930 1591 llic
956 1534 1083 1590 liber
1108 1551 1223 1589 cum
1251 1532 1370 1589 aliis
1389 1533 1591 1589 videtur
1621 1549 1955 1607 pugnare.—-—
1974 1529 2144 1602 Quam
2168 1529 2272 1585 sibi

573 1668 576 1671 η
670 1629 1046 1703 sanctissimus
1099 1626 1305 1706 Christi
1354 1625 1636 1685 confessor
1685 1614 2001 1687 constantis
2042 1638 2106 1678 ac
2152 1636 2270 1687 ino-

674 1720 851 1789 derati
871 1720 1037 1783 animi
1068 1720 1300 1795 gloriam
1342 1719 1680 1790 comparavit
1729 1716 1848 1773 aliis
1902 1717 2093 1781 libris,
2149 1730 2267 1771 eam

670 1816 776 1882 hoc
800 1830 906 1871 uno
936 1814 1079 1886 apud
1108 1814 1396 1893 plerosque
1433 1828 1574 1886 pene
1621 1819 1789 1867 totam
1842 1810 2043 1877 amisit.
2095 1807 2267 1865 Tanta

667 1908 811 1975 enim
835 1907 888 1973 iu
914 1907 1153 1983 omnium
1185 1906 1380 1969 animis
1425 1920 1611 1981 regum
1632 1906 1932 1962 reverentia
1974 1903 2132 1961 insita
2161 1911 2265 1971 est,

668 2008 728 2061 ut
753 1999 957 2065 nullam
1007 1998 1105 2070 ipsi
1148 1997 1524 2055 rationabilem
1554 2012 1771 2063 causam
1822 1996 1987 2051 fuisse
2043 2003 2262 2069 putent,

667 2107 768 2151 cur
794 2092 844 2161 in
877 2088 1253 2155 Constantium
1305 2090 1658 2155 vehementer
1715 2089 1852 2163 adeo
1899 2086 2263 2143 inveberetur.

670 2183 749 2253 Eo
777 2182 928 2251 illum
957 2181 1250 2239 adductum
1282 2181 1420 2243 dixit
1451 2198 1557 2245 non
1581 2196 1741 2257 nemo
1760 2179 2069 2252 prolixioris
2091 2179 2267 2235 exsilii

666 2276 1041 2349 impatientia,
1074 2276 1289 2355 plurimi
1342 2275 1431 2337 alii
1480 2275 1660 2335 innata
1711 2274 2057 2332 ferventioris
2102 2285 2267 2345 atque

667 2367 989 2431 austerioris
1010 2369 1175 2439 animi
1204 2367 1410 2445 indole.
1434 2367 1569 2437 Aliis
1593 2367 1757 2425 etiam
1792 2367 1938 2423 risus
1969 2377 2052 2421 est
2080 2365 2132 2420 in
2164 2365 2266 2422 hoc

664 2464 929 2538 opusculo
958 2463 1060 2521 sibi
1091 2479 1197 2537 non
1224 2474 1507 2531 constare,
1567 2477 1631 2525 ac
1676 2462 1744 2525 de
1782 2460 2151 2533 Orientalibus
2172 2476 2269 2516 eo-

663 2571 896 2629 rumque
925 2556 1049 2617 ildei
1092 2554 1526 2627 confessionibus
1588 2569 1688 2612 nec
1722 2571 1829 2612 non
1882 2555 1951 2610 de
1998 2554 2266 2617 vocabulo

664 2651 1006 2719 liommusiou
1028 2650 1173 2725 loqui
1193 2647 1350 2709 aliter
1369 2664 1528 2721 quam
1554 2648 1691 2705 libro
1712 2648 1781 2704 de
1802 2647 2266 2720 synodisscripse-

662 2755 746 2800 rat
778 2761 791 2799 :
820 2744 972 2813 quasi
1006 2743 1059 2803 in
1092 2742 1195 2799 hoc
1226 2750 1413 2815 aperte
1430 2751 1650 2812 respuat
1673 2755 1739 2799 ac
1760 2741 2012 2811 damnet,
2043 2738 2184 2813 quod
2213 2740 2263 2795 in

663 2837 838 2893 altero
868 2848 961 2909 aut
982 2836 1258 2901 laudavit,
1290 2844 1384 2891 aut
1436 2836 1733 2890 excusavit.
1796 2833 1913 2889 Erit
1969 2833 2108 2889 forte
2161 2833 2263 2913 ali-

663 2931 883 3004 quando
905 2973 921 2998 ,
941 2932 1031 3003 qui
1063 2946 1186 2989 cum
1216 2940 1503 2998 utrumque
1533 2928 1667 3003 illud
1718 2943 1854 3001 opus
1883 2943 1989 2984 non
2021 2927 2264 3007 moribus

663 3025 838 3081 solum
874 3025 1019 3098 (quia
1068 3024 1190 3085 libri
1216 3024 1283 3080 de
1309 3023 1530 3096 synodis
1553 3023 1719 3091 verba
1766 3022 1945 3078 omnia
1993 3036 2261 3087 summam

665 3115 1052 3185 humanitatem
1073 3114 1342 3185 spirant),
1411 3113 1507 3177 sed
1557 3123 1613 3170 et
1656 3113 1943 3189 seu-tentiis
1997 3111 2264 3171 dissidere

663 3209 935 3282 posuerit,
964 3208 1128 3283 alium
1156 3209 1222 3265 ab
1253 3208 1459 3265 llilario
1487 3208 1645 3281 lugjus
1664 3217 1945 3283 auctorem
1976 3206 2258 3285 quaeritet:

666 3311 922 3374 putetque
950 3302 1087 3359 hanc
1112 3301 1422 3377 opinionem
1452 3316 1604 3367 suam
1626 3315 1691 3357 eo
1739 3315 1800 3367 se
1857 3314 2016 3387 posse
2055 3298 2258 3375 contir-

666 3395 1018 3467 mare,quod
1046 3394 1099 3451 in
1122 3395 1497 3464 superioribus
1548 3394 1613 3453 ad
1666 3392 2260 3471 Consmmiumlibellis

666 3490 826 3569 longe
854 3489 1012 3551 aliter
1041 3504 1165 3561 erga
1194 3488 1446 3551 eumdem
1476 3487 1862 3560 Imperatorem
1893 3501 1952 3542 se
1980 3492 2152 3558 gerat.
2205 3486 2258 3565 in

667 3582 733 3639 iis
754 3596 948 3653 nempe
976 3596 1179 3645 morem
1205 3581 1342 3654 gerit
1388 3581 1488 3651 pia:
1541 3579 1959 3651 consuetudini,
2010 3594 2157 3669 qua,
2205 3589 2262 3642 ut

664 3672 781 3745 ipse
809 3673 972 3739 tradit
994 3673 1046 3728 in
1072 3671 1213 3741 Psal.
1248 3688 1376 3738 xm,
1403 3687 1593 3737 num.t
1628 3672 1777 3743 :quis
1820 3670 1968 3741 verba
2002 3673 2138 3744 regis
2181 3672 2263 3733 iu-

664 3775 976 3839 terpretans,
1003 3774 1050 3819 et
1082 3775 1337 3841 prtecopta
1366 3767 1480 3839 ejus
1503 3766 1556 3819 in
1588 3780 1764 3819 aurem
1795 3765 1976 3839 populi
2006 3763 2263 3845 deducens

664 3869 809 3925 curat
835 3858 1106 3929 diligenter
1126 3868 1171 3913 et
1194 3869 1344 3931 caute
1397 3874 1488 3927 per
1544 3856 1692 3929 qﬁicii
1745 3859 2077 3921 reverentiam
2126 3860 2261 3930 regis

664 3952 960 4020 satisfacere
979 3949 1253 4029 dignitati,
1281 3960 1336 4003 ut
1358 3966 1473 4011 cum
1500 3949 1694 4023 honore
1716 3966 1776 4003 ac
1801 3949 2049 4027 religione
2088 3951 2263 4004 omnia

663 4050 710 4105 et
763 4040 1055 4117 relegantur
1125 4049 1173 4111 et
1195 4040 1499 4096 audiantur.
1551 4040 1686 4095 Cum
1744 4050 1922 4095 autem
1977 4056 2082 4099 non
2133 4057 2267 4097 con-

664 4132 956 4196 suetudine
1008 4134 1224 4201 sulum,
1280 4133 1376 4189 sed
1420 4142 1475 4189 et
1522 4149 1584 4189 ea
1612 4134 1775 4189 etiam
1833 4135 2078 4197 ratione,
2122 4135 2265 4206 quod

663 4243 813 4289 omne
868 4242 1083 4299 regnum
1131 4243 1163 4281 a
1216 4222 1328 4282 Deo
1353 4226 1454 4297 sit,
1488 4225 1824 4300 potissimam
1855 4226 1967 4303 regi
2006 4242 2264 4283 reveren—

663 4320 792 4376 tiam
837 4317 1023 4375 deberi
1078 4319 1402 4390 Fragtnento
1446 4306 1467 4376 ἰ
1513 4362 1528 4387 ,
1556 4336 1706 4385 num.
1739 4321 1802 4387 5,
1855 4321 2159 4397 approbet.
2199 4334 2263 4387 ac

661 4425 842 4477 sermo
905 4412 1074 4480 ipsius
1126 4412 1389 4469 doctrinm
1439 4411 1563 4468 huic
1598 4414 1796 4501 ubique
1822 4413 2107 4480 concinet;
2136 4428 2262 4474 eum

662 4511 777 4565 tum
835 4503 1016 4569 subito
1089 4515 1351 4564 mutatum
1406 4521 1530 4571 esse
1595 4521 1740 4591 σιεγε
1793 4507 1897 4564 sibi
1967 4505 2264 4580 persuade-

660 4598 763 4656 bit.

660 4800 751 4840 mo
778 4785 1048 4841 obtinebit
1079 4802 1365 4858 umquam,
1399 4795 1459 4841 ut
1487 4785 1709 4842 libellus
1758 4785 1807 4841 is
1836 4784 2045 4843 Hilario
2063 4784 2265 4855 eripia-

662 4884 770 4944 tur,
804 4893 965 4948 quem
997 4877 1140 4935 inter
1173 4893 1338 4951 opera
1373 4878 1520 4937 illius
1570 4887 1820 4941 recenset
1862 4876 2258 4959 Hieronymus,

660 4982 934 5039 quemque
989 4969 1089 5040 ipsi
1130 4969 1416 5025 Facundos
1482 4969 1886 5025 Hermianensis
1925 4968 2018 5027 lib.
2071 4976 2258 5037 contra

658 5060 962 5118 Mocianum
983 5105 996 5127 ,
1023 5076 1125 5118 nec
1155 5077 1262 5131 non
1290 5061 1564 5123 Vaticana:
1586 5060 1822 5118 basilica:
1843 5061 2015 5116 codex
2070 5076 2098 5114 a
2122 5060 2260 5121 duo-

658 5151 830 5211 decim
856 5170 993 5228 pene
1037 5155 1250 5213 steculis
1275 5164 1529 5215 exaratus
1555 5199 1571 5225 ,
1597 5166 1650 5217 et
1678 5172 1865 5225 omnes
1898 5171 2030 5227 mss.
2058 5170 2255 5227 magno

658 5262 928 5304 consensu
954 5248 1290 5305 adscribunt.
1320 5248 1507 5321 Neque
1560 5265 1692 5314 vero
1716 5249 1827 5309 ulla
1852 5249 2103 5328 estillins
2129 5263 2252 5305 cum

658 5338 798 5395 libro
822 5340 889 5396 de
911 5341 1133 5412 synodis
1160 5355 1370 5412 pugna;
1401 5342 1495 5398 sed
1520 5343 1662 5412 quod
1691 5343 1744 5398 in
1795 5358 1905 5399 uno
1969 5344 2145 5397 minus
2171 5341 2253 5411 di-

659 5441 804 5489 serte
829 5448 893 5491 ac
915 5433 1259 5506 paucioribus
1283 5435 1464 5493 verbis
1480 5475 1497 5503 ,
1524 5436 1576 5495 in
1599 5418 1972 5501 aitet-olusius
2018 5443 2071 5489 et
2094 5448 2254 5502 aper-

658 5524 766 5581 tius
790 5524 1117 5583 declaratur.
1139 5526 1300 5584 Certe
1348 5528 1399 5587 iu
1431 5540 1659 5600 utroque
1691 5528 1957 5596 llilarius,
1986 5526 2169 5589 animo
2191 5539 2255 5585 ac

660 5621 927 5675 sententia
958 5634 1064 5677 non
1093 5632 1330 5679 mutatus
1352 5665 1368 5689 ,
1393 5632 1597 5680 mutata
1626 5639 1806 5679 rerum
1828 5625 1964 5679 faeie
1986 5621 2255 5679 diversam

662 5713 762 5783 init
779 5714 1086 5793 disserendi
1115 5718 1401 5774 rationem.
1428 5718 1532 5778 Ubi
1557 5719 1700 5774 enim
1729 5717 1965 5791 speravit
2009 5716 2260 5771 Orientan

663 5804 744 5862 les
769 5807 837 5862 ad
863 5823 1048 5865 veram
1078 5810 1241 5870 fidem
1266 5820 1325 5881 et
1345 5812 1625 5883 catholica}
1647 5809 1904 5887 Εεβιέξίω
1948 5809 2127 5899 Sim"?

2297 1858 2347 1919 B

2377 1545 2604 1597 vocare,
2637 1547 2855 1591 errores
2875 1532 3149 1604 ipsorum,
3182 1543 3441 1607 quantum
3484 1536 3636 1593 licuit
3679 1537 3846 1594 illaesa
3892 1557 3981 1596 ve-

2378 1625 2568 1691 ritate,
2622 1633 2679 1682 et
2721 1626 3084 1685 dissimulavit
3107 1637 3163 1684 et
3202 1631 3502 1686 excusavit.
3558 1630 3654 1687 Ubi
3705 1647 3836 1689 vero
3882 1649 3978 1703 Spe

2370 1714 2482 1786 jam
2514 1715 2836 1787 frustratus,
2869 1718 3046 1772 timuit
3091 1734 3159 1773 ne
3208 1719 3529 1776 dissimulati
3579 1723 3632 1776 in
3680 1725 3975 1792 perniciem

2378 1808 2503 1877 fidei
2527 1819 2838 1866 crescerent
2864 1853 2878 1879 ,
2903 1811 3125 1866 eosdem
3148 1821 3203 1867 et
3228 1813 3521 1882 publicavit
3544 1814 3720 1884 palam
3769 1827 3824 1870 et
3876 1817 3978 1871 im-

2372 1901 2639 1972 probavit.
2671 1903 3006 1973 Quamquam
3032 1908 3164 1959 utin
3197 1904 3336 1961 libro
3359 1904 3428 1961 de
3453 1905 3689 1979 Synodis
3724 1908 3978 1965 Orienta-

2371 1995 2450 2053 les
2478 1997 2734 2053 Ecclesiaa
2761 1997 3080 2053 conciliandi
3104 1999 3284 2054 studio
3308 2015 3412 2055 non
3439 2002 3509 2055 ita
3537 2000 3794 2070 abreptus
3839 2016 3919 2058 e-t
3939 2045 3956 2071 ,

2370 2097 2428 2147 ut
2450 2090 2592 2162 quod
2626 2090 2676 2144 in
2705 2091 2782 2146 eis
2812 2097 2958 2145 esset
2982 2092 3489 2161 reprehendendum
3537 2103 3742 2150 taceret
3777 2114 3788 2149 :
3818 2098 3897 2152 sic
3919 2106 3977 2153 et

2371 2181 2423 2236 in
2450 2180 2554 2237 hoc
2576 2181 2761 2237 libello
2784 2182 2853 2236 ita
2882 2197 2942 2238 se
2970 2191 3264 2253 temperat,
3291 2194 3352 2239 ut
3377 2200 3498 2241 cum
3547 2201 3739 2243 omnes
3783 2203 3972 2243 eorum

2369 2272 2496 2328 fidei
2523 2272 2889 2347 professiones
2904 2275 3194 2347 improbet,
3213 2262 3304 2332 eas
3320 2286 3502 2333 tamen
3517 2294 3623 2334 non
3642 2292 3800 2353 neget
3830 2284 3975 2338 vitiis

2367 2380 2554 2423 carere
2568 2366 2830 2437 potuisse.
2852 2365 3209 2424 Luculentum
3222 2380 3304 2425 est
3319 2368 3450 2426 illud
3468 2386 3614 2427 num.
3634 2372 3705 2428 24
3722 2394 3734 2427 :
3753 2374 3977 2431 Etiamsi

2366 2457 2422 2511 in
2442 2458 2522 2512 Itis
2551 2457 2789 2513 omnibus
2828 2457 3311 2534 (confessionibus)
3353 2463 3484 2517 nihil
3515 2464 3753 2519 vitiorum
3798 2469 3976 2531 subia-

2368 2566 2483 2604 cere
2511 2550 2828 2622 aﬂ'irmetur;
2873 2568 2973 2606 non
3005 2562 3175 2607 tamen
3200 2571 3356 2610 causa
3404 2556 3661 2631 religiosa:
3697 2562 3974 2616 uoluntatis

2367 2643 2551 2703 inesset
2567 2646 2716 2715 :quia
2744 2643 2867 2700 mali
2879 2646 3141 2702 meditatio
3158 2659 3231 2703 est
3245 2651 3493 2704 bonorum
3511 2651 3811 2708 demutatio.
3833 2654 3973 2727 Rur-

2366 2754 2487 2794 sum
2512 2754 2634 2794 cum
2661 2756 2808 2795 num.
2849 2740 2951 2807 23,
2981 2739 3246 2811 affirmet,
3281 2743 3496 2799 Nicaena
3545 2745 3649 2800 fide
3678 2748 3933 2805 ftmdatos
3952 2791 3968 2815 ,

2367 2828 2703 2888 Antiocltcna
2733 2841 2824 2886 aut
2850 2831 3158 2889 Sardicensi
3206 2846 3297 2891 aut
3341 2835 3744 2895 Sirmiensinon
3764 2857 3964 2912 cgere;

2369 2924 2513 2979 ultro
2562 2932 2739 2980 tamen
2785 2925 3075 2992 concedit,
3116 2926 3362 2999 qumdam
3412 2930 3467 2984 in
3523 2930 3606 2986 his
3635 2947 3758 3005 esse
3801 2935 3969 2989 verba

2368 3016 2585 3072 Arionis
2609 3017 2994 3083 inimicissima,
3026 3033 3255 3089 quorum
3320 3023 3657 3092 professione
3699 3026 3973 3081 Constan-

2367 3108 2474 3163 tius
2498 3122 2621 3163 sese
2651 3109 2795 3179 pium
2817 3112 2958 3179 apud
3002 3108 3382 3169 Occidentales
3432 3114 3810 3172 mentiebatur.
3863 3118 3972 3173 Nc-

2366 3218 2471 3279 que
2508 3202 2671 3257 etiam
2700 3201 3066 3273 hommusion,
3095 3207 3360 3275 quamvis,
3386 3224 3536 3263 num.
3565 3209 3654 3276 25,
3685 3211 3787 3266 sibi
3811 3213 3882 3265 ad
3907 3215 3972 3278 ﬁ-

2367 3294 2482 3348 dem
2506 3294 2727 3373 otiosum
2755 3306 2963 3351 asserat
2987 3339 3000 3361 ,
3028 3312 3251 3368 prorsus
3272 3300 3516 3377 respuit;
3576 3302 3669 3356 sed
3695 3318 3754 3357 ea
3784 3306 3969 3358 omni-

2365 3401 2435 3439 no
2483 3387 2725 3452 ratione,
2768 3402 2873 3457 qua
2906 3387 3042 3442 libro
3089 3387 3156 3443 de
3196 3388 3461 3462 Synodis,
3518 3391 3645 3446 illud
3693 3395 3962 3462 approbat.

2367 3493 2513 3531 num.
2541 3476 2638 3540 22,
2674 3476 2761 3532 ubi
2792 3480 2866 3534 ait
2901 3500 2914 3534 :
2946 3478 3079 3534 Mihi
3108 3483 3313 3551 quidem
3335 3483 3652 3551 similitudo,
3689 3502 3752 3540 ne
3781 3489 3965 3542 unioni

2364 3568 2514 3623 detur
2533 3569 2770 3635 occasio,
2824 3582 3002 3627 sancta
3055 3583 3149 3628 est.
3194 3574 3328 3641 Quis
3381 3574 3616 3646 denique
3663 3594 3784 3631 eum
3835 3594 3963 3649 erga

2364 3659 2697 3733 Orientales,
2728 3663 2817 3732 qui
2848 3662 3186 3719 bomteusion
3210 3669 3650 3737 propugnabant,
3678 3672 3838 3726 aliter
3884 3671 3961 3726 af‘

2364 3755 2563 3811 fectum
2591 3757 2892 3825 existimet;
2920 3775 3078 3830 quem
3108 3776 3214 3817 non
3243 3764 3411 3819 semel
3455 3764 3603 3821 audit
3649 3768 3967 3824 Constantio

2364 3849 2781 3918 exprobrantem
2806 3852 2947 3921 quod
2960 3853 3065 3906 vim
3082 3852 3162 3908 eis
3187 3853 3367 3910 fecerit
3385 3897 3401 3924 ,
3426 3866 3484 3911 ut
3499 3858 3775 3928 pristinam
3803 3860 3965 3916 fidem

2366 3943 2719 4000 desererent?
2747 3943 2867 4001 Non
2891 3946 3125 4003 obscure
3151 3949 3366 4018 quidem
3392 3953 3655 4019 signiﬁcat
3690 3971 3836 4009 num.
3874 3955 3966 4016 li,

2366 4034 2467 4091 sibi
2495 4052 2599 4093 non
2620 4038 2752 4093 satis
2778 4039 3055 4108 probatam
3087 4055 3273 4096 eorum
3303 4042 3463 4100 fidem
3492 4063 3507 4110 ;
3536 4046 3608 4101 ibi
3654 4054 3832 4102 tamen
3881 4062 3968 4102 eo-

2367 4145 2486 4185 rum
2537 4132 2750 4201 aliquos
2779 4131 3038 4187 nonnulla
3075 4135 3161 4204 pie
3191 4136 3371 4191 verbis
3423 4139 3679 4207 praeferre
3721 4140 3971 4194 testiﬁca-

2368 4229 2454 4276 tur
2484 4239 2497 4275 :
2524 4222 2576 4277 in
2602 4222 2965 4294 vituperando
2989 4240 3096 4282 non
3124 4228 3338 4295 minus,
3371 4244 3534 4298 quam
3585 4231 3637 4286 in
3692 4231 3967 4289 laudando

2366 4313 2699 4370 moderatus.

2438 4405 2527 4462 Ill.
2553 4405 2746 4483 Innata
2768 4408 2965 4467 Hilarii
2999 4411 3186 4469 lenitas
3232 4413 3521 4468 vindicatur
3566 4430 3630 4469 ea:
3672 4418 3967 4479 testimonio

2364 4510 2609 4557 ueterum.
2636 4531 2706 4542 —
2744 4500 2996 4567 Pluribus
3020 4488 3156 4575 opus
3185 4520 3307 4564 esse
3358 4523 3463 4567 nou
3508 4508 3859 4577 arbitramur,
3909 4522 3969 4566 ut

2368 4592 2602 4661 vulgaris
2626 4601 2749 4649 ruat
2771 4593 2956 4663 Opinio
2973 4635 2989 4659 ,
3025 4609 3127 4663 una
3174 4595 3432 4653 Hilarium
3458 4597 3561 4657 hoc
3601 4599 3741 4653 libro
3757 4610 3967 4657 retrac-

732 4642 797 4747 ll.
832 4690 960 4746 Cum
988 4693 1119 4749 libro
1144 4694 1210 4750 de
1238 4694 1469 4766 Synodis
1487 4694 1817 4749 conciliatur.
1834 4723 1909 4737 -—
1937 4693 2138 4751 Verum
2165 4706 2260 4751 ne-

2406 4642 2599 4661 ησ-,η
2627 4642 2749 4649 -___
2774 4642 2951 4663 -r-----
2973 4642 2989 4659 ,
3459 4642 3561 4657 η..-
3601 4642 3738 4653 ην...
3757 4642 3936 4657 ων...

2369 4692 2511 4738 tasse
2556 4697 2620 4738 ac
2660 4699 2945 4740 revocasse
2975 4695 3198 4756 putant,
3220 4686 3365 4757 quod
3391 4688 3528 4745 libro
3556 4688 3625 4744 de
3652 4690 3890 4763 Synodis
3912 4693 3965 4746 in

2363 4776 2592 4847 gratiam
2613 4774 2964 4835 Orientalium
2995 4777 3347 4844 disseruerat.
3384 4779 3669 4837 Difﬁcilius
3698 4783 3835 4838 forte
3859 4788 3967 4840 erit

2363 4869 2582 4926 satisiis
2611 4869 2813 4938 facere,
2842 4872 2934 4942 qui
2965 4870 3157 4931 immiti
3181 4887 3305 4933 eum
3336 4873 3519 4945 animo
3544 4873 3713 4932 fuisse
3759 4892 3828 4932 ex
3862 4877 3967 4934 an

2364 4964 2505 5019 libro
2526 4974 2790 5035 arguunt,
2831 4973 2925 5020 aut
2944 4965 3138 5021 saltem
3186 4965 3241 5022 in
3289 4981 3357 5023 eo
3396 4968 3652 5039 ingeniun
3703 4970 3968 5025 bonitatis

2363 5067 2527 5129 atque
2553 5056 2790 5113 lenitatis
2811 5072 2935 5113 esse
2959 5058 3209 5114 oblitum.
3244 5059 3357 5115 Illis
3384 5070 3561 5116 tamen
3588 5059 3764 5130 primo
3792 5078 3970 5134 oppo—

2360 5152 2537 5221 nimus
2552 5151 2804 5209 Ruﬁnum
2844 5151 2956 5224 (lib.
2984 5168 3003 5208 ι
3034 5150 3170 5210 Hist.
3195 5154 3347 5220 eccl.,
3388 5171 3504 5229 cap.
3531 5153 3655 5233 5i),
3708 5170 3817 5211 non
3867 5173 3967 5213 so-

2359 5243 2468 5305 lum
2526 5246 2805 5316 conceptis
2849 5246 3028 5303 verbis
3077 5255 3362 5313 testantem
3410 5248 3552 5318 quod
3598 5258 3785 5313 natura
3835 5249 3969 5305 lenis

2357 5350 2466 5395 erat
2496 5350 2543 5394 et
2566 5341 2837 5411 placidus,
2899 5339 2994 5396 sed
3038 5348 3092 5397 et
3117 5340 3277 5397 verba
3321 5356 3417 5396 sua
3465 5357 3532 5397 ex
3576 5343 3745 5413 gestis
3794 5345 3967 5413 ipsius

2357 5435 2994 5507 conﬁrmantemRarus
3039 5446 3190 5492 certe
3245 5437 3383 5505 erit,
3445 5437 3589 5509 apud
3638 5452 3800 5510 quem
3852 5455 3964 5495 non

2360 5528 2586 5595 multum
2634 5530 2811 5593 valeat
2858 5531 3230 5588 testimonium
3280 5542 3386 5587 tam
3442 5533 3702 5603 insigne:
3744 5541 3802 5588 at
3843 5535 3967 5589 nni-

2356 5619 2441 5679 lus
2482 5604 2605 5679 esse
2654 5621 2838 5691 debet,
2870 5638 3030 5693 quem
3077 5638 3185 5678 non
3231 5632 3445 5679 moveat
3507 5623 3726 5695 antiqua
3774 5622 3968 5682 Eccle-

2359 5718 2455 5772 siae
2523 5718 2894 5785 consuetudo,
2947 5734 3054 5790 qua
3117 5719 3244 5774 olim
3321 5719 3376 5774 in
3447 5720 3565 5791 ipso
3627 5721 3969 5778 sacrosancti

2365 5808 2616 5885 sacrificii
2681 5808 2767 5875 sui
2834 5808 3138 5874 meditullio
3172 5851 3188 5882 ,
3248 5811 3302 5876 in
3366 5809 3693 5876 Praebttione
3753 5812 3971 5877 scilicet
