4270 6264
368 311 469 330 ν--

366 331 471 365 0ιο

1448 307 1513 364 IN
1552 307 1809 366 LIBRUM
1839 308 2117 367 CONTRA
2157 309 2658 372 αοΝδΤιΝτιυιι.
3556 321 3660 375 574

363 438 489 482 ante
543 424 822 482 Canouem
848 466 864 493 ,
914 422 1172 482 Hilarium
1225 440 1425 480 morum
1480 427 1691 481 lenitate
1757 428 1960 499 pollen-
1987 428 2043 505 Α
2067 441 2196 503 γεω
2217 468 2231 493 ,
2262 426 2365 485 hoc
2391 437 2510 495 est,
2539 443 2667 491 nam
2697 430 2903 501 pastori
2933 431 3151 491 licuerit
3192 433 3376 509 lupum
3404 433 3659 507 Iatputettt

363 530 460 577 tem
488 519 833 576 decantabat.

438 611 525 669 IV.
560 609 850 666 Constantii
879 608 1094 680 palliata
1141 609 1376 681 impietas
1425 626 1486 666 ac
1533 612 1734 686 nefaria
1785 629 1960 686 perse-

361 704 522 759 cutio.
542 733 614 744 —
637 701 843 772 Quibus
868 715 1001 755 vero
1030 699 1097 756 de
1130 702 1249 772 ipso
1282 699 1522 757 hicliber
1551 703 1711 759 aliam
1742 712 1965 761 senten-

364 798 491 852 tiam
526 793 744 863 injecit,
777 793 1190 867 expendeudum
1222 802 1303 848 est
1336 794 1510 865 primo
1538 793 1755 866 quando
1790 796 1964 867 scrip-

364 897 450 944 tus
479 888 570 943 sit.
602 886 875 958 Scriptum
930 901 1090 956 porro
1124 885 1400 940 invenient
1452 893 1577 957 post
1615 885 1964 944 Seleueiense

361 979 689 1045 Concilium,
717 991 784 1033 eo
811 979 927 1047 ipso
955 985 1203 1047 tempore
1232 992 1340 1051 quo
1359 1020 1375 1046 ,
1400 976 1706 1035 Sozomeno
1737 988 1896 1046 teste,
1920 981 1959 1036 ι.

362 1088 438 1139 tv,
462 1088 581 1143 cap.
611 1068 704 1143 25,
755 1087 929 1125 omnes
979 1070 1165 1143 ubique
1221 1071 1478 1127 Ecclesias
1527 1074 1761 1144 quwdam
1816 1076 1964 1144 quasi

360 1163 646 1235 persecutio
674 1163 972 1236 occupavit,
1001 1163 1299 1236 eujusmodi
1319 1164 1444 1218 olim
1476 1164 1569 1219 sub
1594 1164 1816 1221 ethnicis
1864 1167 1964 1222 im-

363 1256 688 1331 peratoribus
720 1265 955 1329 grassata
983 1259 1174 1327 fuerat.
1227 1257 1361 1311 Tum
1403 1256 1491 1313 ubi
1541 1259 1959 1331 perspexerint,

362 1352 694 1423 prmcipuum
737 1350 1129 1422 persecutionis
1204 1349 1369 1422 hujus
1450 1364 1726 1413 auctorem
1796 1353 1964 1411 fuisse

365 1444 779 1510 Constantium,
826 1444 1219 1515 persecutionis
1241 1461 1411 1517 genus
1451 1447 1749 1503 attendant.
1801 1446 1962 1505 Certe

338 1538 457 1594 'ille
477 1539 621 1594 dolis
645 1539 815 1609 magis
837 1554 995 1609 quam
1030 1551 1216 1610 aperta
1248 1540 1297 1594 vi
1328 1547 1543 1601 tentans
1570 1541 1728 1613 ﬁdem
1761 1544 1965 1601 exstin-

364 1646 562 1703 guere,
595 1631 804 1685 animas
828 1637 979 1701 tanto
1002 1630 1185 1700 plures
1216 1631 1531 1701 occidebat,
1565 1642 1767 1702 quanto
1794 1633 1964 1709 magis

364 1725 620 1795 parcebat
645 1723 987 1792 corporibus.
1022 1724 1280 1791 Quamvis
1305 1727 1449 1785 enim
1475 1726 1650 1796 lupus,
1706 1725 1824 1780 ovis
1883 1734 1964 1781 ta-

2064 519 2347 592 detegere.
2402 537 2531 585 nutu
2586 522 2810 587 Prmsuli
2858 523 3069 585 hostem
3145 525 3269 605 ﬁdei
3319 526 3659 599 insidiantem

2063 611 2383 669 Christianis
2407 615 2751 683 manifestum
2774 617 2974 675 facere.
3013 617 3175 679 Certe
3221 633 3343 693 cum
3393 619 3662 689 Constat).-

2064 707 2206 775 tius,
2240 707 2315 762 uti
2346 717 2703 769 monstratum
2759 718 2873 777 est,
2935 710 3129 785 pellem
3185 710 3395 771 ovinattt
3444 727 3554 779 pra:
3602 725 3662 766 sc

2064 799 2267 865 ferret,
2301 809 2356 857 et
2402 803 2641 883 animum
2673 800 2955 873 lupinum;
3005 803 3323 879 alterutrum
3381 803 3664 863 videbatur

2064 896 2266 951 amanti
2316 893 2577 949 Ecclesia:
2616 894 2833 966 praesuli
2888 897 3196 961 necessario
3252 896 3661 969 praestandum,

2065 996 2158 1043 aut
2187 986 2304 1056 ipse
2336 985 2593 1041 nimirum
2628 986 3040 1057 persuadendus
3068 997 3125 1044 ut
3154 987 3394 1063 lupinum
3422 989 3662 1061 animum

2064 1077 2486 1151 deponeret,aut
2513 1066 2839 1145 admonendi
2867 1081 3046 1155 populi
3067 1096 3135 1135 ne
3166 1081 3315 1153 ipsos
3341 1081 3481 1151 pelle
3506 1082 3665 1138 ovina

2065 1170 2362 1245 deciperet.
2390 1170 2630 1233 Primum
2658 1170 2824 1245 illud,
2855 1171 3002 1242 quod
3026 1170 3308 1227 moderato
3340 1172 3459 1228 viro
3490 1174 3661 1245 magis

2065 1276 2519 1332 consentaneum,
2555 1264 2730 1336 primo
2757 1264 2921 1321 etiam
2955 1265 3181 1327 tentavit
3212 1265 3449 1327 Hilarius
3471 1308 3485 1333 ,
3542 1282 3664 1327 cum

2068 1358 2248 1415 libello
2271 1358 2399 1413 dato
2446 1357 2874 1421 audientiam,ab
2906 1358 3235 1430 imperatore
3283 1359 3667 1417 reverentissi—

2066 1466 2152 1511 me
2182 1435 2462 1527 poposcit,
2489 1451 2888 1523 Spoponditque
2918 1466 3008 1518 se,
3038 1452 3084 1508 si
3109 1451 3266 1522 copia
3324 1452 3392 1509 de
3442 1452 3548 1509 lide
3573 1467 3668 1526 co-

2065 1561 2181 1605 ram
2211 1546 2329 1617 ipso
2357 1546 2672 1625 disputandi
2702 1546 2805 1605 sibi
2836 1545 3022 1615 ﬁeret,
3078 1548 3195 1621 pari
3248 1547 3555 1605 reverentia
3590 1548 3667 1602 lo-

2066 1648 2336 1707 cuturum.
2369 1638 2439 1694 At
2460 1655 2566 1695 non
2596 1639 2823 1713 obtinuit
2841 1638 2994 1709 illud,
3016 1653 3124 1709 quo
3145 1640 3354 1715 nutanti
3377 1640 3659 1717 Ecclesim,

2069 1730 2237 1789 illmso
2297 1731 2521 1801 Augusti
2595 1732 2842 1796 nomine,
2909 1731 3218 1801 consultum
3303 1740 3662 1809 peroptasset.

364 1834 489 1874 meo
515 1819 708 1874 audire
733 1832 797 1872 ac
819 1818 989 1879 videri
1009 1818 1315 1895 appetebat.
1346 1818 1458 1874 Nec
1484 1819 1671 1875 deerat
1700 1819 1843 1877 unde
1869 1819 1964 1875 dc-
1996 1823 2041 1884 Β
2072 1821 2329 1879 Restabat
2352 1823 2513 1905 igitur
2541 1821 2804 1889 alterum,
2839 1832 2895 1877 ut
2924 1838 3045 1895 cum
3102 1823 3285 1901 lupum
3340 1840 3533 1881 arcere
3571 1833 3666 1885 aut

334 1912 337 1913 ⁷
363 1912 602 1983 ciperet,
627 1910 720 1983 qui
739 1911 920 1967 verbis
945 1911 1213 1979 utebatur,
1241 1913 1486 1968 veritatis
1524 1914 1762 1984 Speciem
1812 1930 1965 1971 meu-

367 2004 656 2083 tieutihus,
690 2019 876 2075 pacem
909 2012 966 2061 et
990 2006 1250 2077 unitatem
1306 2004 1669 2073 obtendebat,
1712 2014 1767 2063 et
1822 2004 1965 2061 inter

366 2096 539 2151 minas
559 2110 623 2150 ac
643 2095 903 2166 supplicia
920 2095 1202 2165 jaetitabat
1234 2112 1355 2152 sese
1383 2096 1739 2152 conciliorum
1764 2096 1963 2169 placita

362 2186 663 2242 vindicare.
692 2186 770 2241 Eo
789 2194 968 2241 autem
988 2186 1344 2257 periculosior
1361 2196 1480 2242 erat
1501 2188 1591 2243 illa
1632 2187 1959 2263 persecutio,

363 2277 503 2350 quod
534 2277 810 2351 episcopis
840 2278 972 2349 ipsis
1003 2278 1256 2334 utebatur
1300 2278 1653 2335 Constantius
1680 2280 1827 2334 velut
1854 2281 1958 2334 mi-

365 2373 549 2429 nistris
570 2414 584 2439 ,
617 2388 724 2443 quo
754 2387 947 2429 omnes
963 2371 1032 2428 ad
1065 2372 1315 2442 haeresim
1364 2388 1524 2445 quam
1554 2372 1962 2445 amplexabatnr

365 2472 663 2527 attraheret
691 2489 705 2543 ς
738 2479 795 2527 ut
823 2486 946 2527 vere
976 2469 1047 2525 de
1091 2468 1280 2526 eadem
1330 2472 1705 2540 persecutione
1742 2470 1960 2525 institu-

370 2575 480 2620 tum
505 2578 814 2637 sermonem
844 2576 1178 2635 prosequens
1201 2561 1536 2619 Sozomenus
1586 2561 1783 2618 dixerit
1834 2579 1848 2614 :
1898 2559 1960 2625 lit

363 2659 410 2713 si
443 2659 580 2737 hac,
604 2658 741 2730 quod
757 2657 962 2731 quidem
984 2650 1052 2709 ad
1073 2656 1332 2709 cruciatus
1354 2655 1566 2722 attinet,
1599 2653 1860 2708 remissior
1891 2653 1964 2706 vi-

368 2749 601 2816 debatur,
632 2749 970 2823 prudentibus
999 2758 1167 2811 tamen
1190 2747 1312 2803 viris
1340 2755 1548 2820 propter
1572 2746 1849 2819 infamiam
1882 2745 1963 2799 ri-

365 2859 425 2897 sa
449 2851 519 2899 est
547 2841 794 2896 acerbior.
834 2840 1047 2917 Utrique
1100 2839 1271 2917 enim,
1324 2850 1369 2893 et
1412 2828 1456 2892 is
1501 2837 1589 2909 qui
1634 2837 1969 2909 persequeba-

366 2943 467 2998 tur,
493 2943 539 2988 et
585 2933 675 2988 ille
699 2932 785 3007 qui
815 2933 1219 3005 persecutionem
1258 2929 1572 2997 sustinebat,
1620 2946 1683 2985 ex
1735 2927 1969 2987 Ecclesia

368 3035 533 3082 erant.

435 3119 502 3179 ν.
580 3118 1157 3193 Pseudoepiswporum
1238 3119 1537 3177 adulatione
1606 3118 1838 3174 laudata.
1893 3146 1968 3158 —-

2072 1923 2280 1985 mutare
2310 1928 2414 1979 non
2442 1914 2681 1979 valeret,
2716 1929 2846 1977 oves
2866 1914 3295 1987 adversusillius
3322 1915 3543 1981 insidias
3558 1916 3666 1996 sal-

2070 2013 2176 2059 tem
2202 2005 2733 2083 miinireconaretur.
2766 2005 2813 2067 ls
2835 2014 2921 2075 est
2947 2016 3091 2071 totus
3120 2009 3279 2078 hujus
3305 2008 3424 2069 libri
3449 2024 3663 2087 scapus;

2068 2102 2218 2177 illum
2242 2103 2421 2173 enim,
2456 2119 2562 2181 non
2588 2104 2656 2161 ad
2686 2102 3064 2167 Constantium
3087 2104 3383 2175 insultandi
3433 2106 3484 2163 ei
3538 2120 3668 2179 cap-

2068 2210 2127 2261 sa
2150 2237 2167 2263 ,
2189 2197 2283 2255 sed
2310 2196 2375 2273 ad
2407 2196 2712 2264 catholicos
2728 2197 3030 2269 instruendi
3061 2206 3117 2254 et
3144 2196 3468 2271 exhortandi
3494 2206 3666 2270 gratia

2069 2289 2335 2369 directum
2360 2305 2480 2351 cSSe
2505 2291 2639 2365 inira
2666 2290 3181 2367 demonstrabimus.

2144 2381 2254 2457 γυ.
2290 2382 2555 2453 Sermonis
2582 2382 2885 2457 vehementis
2909 2383 3062 2457 ratio.
3086 2409 3158 2450 -τ
3184 2382 3255 2455 At
3282 2395 3466 2455 sermo
3494 2381 3660 2438 vehe-

2067 2474 2339 2545 mentior?
2368 2473 2617 2551 Frigidus
2650 2473 2788 2533 forte
2814 2473 2948 2549 nihil
2993 2472 3351 2549 profecisset,
3404 2471 3495 2528 ubi
3545 2486 3661 2545 per-

2068 2567 2277 2623 secutio
2305 2564 2673 2643 incalescebat
2704 2584 2716 2619 :
2747 2580 2849 2635 nec
2878 2565 2996 2623 sine
3021 2564 3260 2633 clamore
3287 2564 3504 2625 auditus
3533 2563 3669 2637 fuis-

2068 2658 2364 2737 setabiis,
2422 2675 2649 2729 quorum
2709 2659 2920 2737 aliimos
2966 2658 3422 2733 jampertubamt
3474 2657 3666 2731 ingens

2068 2734 2369 2813 edictorum
2396 2750 2694 2821 Constantii
2717 2734 2996 2829 strepitus.
3422 2824 3429 2825 ί

2140 2843 2279 2907 Vill.
2313 2844 2414 2911 Qui
2441 2843 2795 2901 Constantium
2815 2842 3172 2913 antichristum
3220 2851 3361 2903 vacet
3400 2840 3658 2915 Hilarius.

2067 2965 2139 2977 —
2169 2935 2223 2992 Si
2246 2947 2428 2999 autem
2452 2935 2776 3005 vehemens,
2803 2951 2908 2999 non
2935 2934 3123 2991 debuit
3142 2941 3291 2992 certe
3321 2948 3444 2993 esse
3473 2943 3667 3011 contu-

2070 3029 2373 3091 meliosus:
2408 3044 2507 3086 nec
2535 3028 2798 3105 moderati
2850 3028 3016 3091 animi
3070 3042 3195 3105 esse
3246 3036 3468 3107 putant,
3521 3027 3665 3101 quod

2070 3119 2445 3189 Constantium
2477 3122 2531 3183 in
2573 3136 2640 3195 eo
2668 3138 2773 3203 ηομ
2823 3121 2993 3191 semel
3048 3120 3231 3203 legant
3281 3121 3664 3199 antichristum

334 3208 822 3283 ’Pseudoepiscopi
852 3214 949 3280 illi,
984 3222 1041 3267 ut
1070 3213 1236 3267 moris
1263 3223 1343 3268 est
1367 3212 1430 3266 iis
1456 3213 1739 3283 quicausa:
1768 3210 1965 3287 iniqutc
1994 3210 2039 3275 C
2070 3215 2422 3295 appellajum,
2458 3216 2569 3287 "uc
2593 3216 2845 3291 nimirum
2877 3230 3074 3273 nomen
3104 3217 3329 3293 horrent
3352 3216 3452 3286 pia:
3481 3229 3665 3285 aures,

365 3306 738 3373 assensionem
788 3305 988 3379 elicere
1042 3311 1286 3373 tentant,
1342 3303 1647 3365 Constantii
1703 3303 1957 3379 nomine,

364 3400 723 3467 auctoritate,
755 3399 1042 3473 virtutibus
1073 3401 1187 3454 sive
1230 3398 1375 3456 veris
1429 3399 1543 3455 sive
1590 3400 1760 3466 lictis,
1813 3399 1961 3475 omni

364 3490 600 3563 denique
631 3492 843 3547 ratione
871 3506 975 3564 qua
1003 3500 1283 3569 poterant,
1318 3490 1499 3551 {incum
1557 3492 1737 3548 facere
1791 3508 1960 3549 cona-

363 3582 577 3639 bantur.
606 3583 759 3639 Alius
791 3584 1001 3655 itaque,
1028 3595 1288 3655 quantum
1317 3599 1384 3641 ex
1411 3584 1514 3639 hoc
1556 3583 1694 3640 libro
1725 3584 1962 3653 subodo-

337 3673 474 3728 'rari
502 3681 617 3740 est,
647 3673 940 3728 extollebat
964 3670 1265 3731 Constantii
1288 3674 1340 3728 in
1365 3674 1613 3729 ecclesiis
1642 3686 1963 3730 construen-

364 3763 450 3819 dis
479 3774 533 3819 et
555 3765 883 3820 adornandis
912 3764 1370 3837 magniﬁcentiam
1396 3808 1410 3830 ,
1435 3765 1573 3821 alius
1602 3746 1961 3837 reverentiam

364 3874 490 3931 erga
518 3861 805 3931 episcopos
834 3859 1106 3916 laudabat.
1139 3859 1234 3916 Ille
1260 3859 1314 3915 in
1343 3857 1767 3928 comprimendis
1798 3859 1964 3916 luere-

365 3952 522 4008 sihus
548 3995 563 4017 ,
596 3952 688 4008 hic
716 3953 769 4008 in
797 3952 1052 4025 cogendis
1080 3951 1304 4024 synodis
1334 3952 1572 4011 studium
1603 3966 1666 4007 ac
1700 3951 1965 4007 sedulita-

365 4052 475 4100 tem
508 4045 561 4100 in
591 4044 770 4102 medio
799 4046 1050 4115 ponebat.
1083 4043 1204 4116 Ipse
1230 4044 1391 4101 etiam
1413 4044 1765 4100 Constantius
1792 4044 1963 4121 (quod

365 4135 586 4193 Lucifer
612 4137 782 4193 iusius
805 4136 1173 4209 prosequitur)
1205 4152 1315 4205 non
1353 4136 1518 4192 modo
1562 4137 1814 4210 pietatis,
1865 4136 1962 4192 sed

362 4237 423 4286 et
458 4228 721 4285 doctrina:
750 4230 978 4300 gloriam
1001 4228 1102 4295 sibi
1131 4229 1439 4298 armgabat.
1462 4227 1746 4285 Condebat
1766 4226 1924 4283 tidem
1944 4266 1965 4297 ,

364 4322 451 4378 cui
481 4323 550 4378 ab
577 4323 845 4393 episcopis
886 4321 1350 4389 subscriberetur,
1411 4321 1535 4377 illos
1587 4320 1967 4378 lubentissime

363 4415 679 4472 auscultans
709 4416 1113 4482 assentatores,
1143 4416 1231 4486 qui
1276 4429 1401 4470 cum
1432 4414 1703 4485 episcopis
1735 4414 1966 4470 Arimini

364 4513 531 4582 lapsis
556 4513 657 4584 ipsi
682 4513 1079 4579 rescriberent,
1109 4510 1385 4566 Inlustrati
1417 4511 1619 4583 pietatis
1648 4519 1749 4569 tuae
1794 4511 1963 4582 scrip-

2067 3322 2176 3377 quo
2205 3306 2463 3384 quidquid
2494 3305 2882 3361 exsecrandum
2914 3305 3021 3375 dici
3053 3314 3144 3360 aut
3170 3304 3352 3381 animo
3396 3304 3520 3377 tingi
3566 3320 3664 3376 po-

2068 3402 2497 3477 test,cOgiIant.
2530 3398 2992 3455 AtCoustantium
3046 3400 3253 3475 vulgari
3303 3400 3391 3455 illa
3444 3401 3667 3459 notione

2067 3507 2167 3547 nec
2194 3491 2446 3565 dixituec
2467 3493 2638 3563 sensit
2689 3490 2923 3569 Ililarins
2975 3490 3350 3567 antichristum
3406 3510 3419 3549 :
3467 3491 3561 3555 sed
3603 3507 3669 3547 ea

2069 3594 2273 3641 tantum
2299 3588 2543 3657 ratione,
2574 3602 2678 3657 qua
2732 3586 2970 3655 Joannes
3015 3585 3278 3667 scripsit,
3322 3583 3668 3659 Antichristus

2056 3679 2173 3748 jam
2202 3680 2356 3743 venit,
2378 3688 2423 3733 et
2449 3694 2583 3732 nunc
2603 3678 2890 3731 antichristi
2904 3677 3052 3730 mulli
3081 3676 3208 3745 facti
3228 3676 3328 3729 sint
3350 3673 3396 3744 (I
3418 3674 3576 3729 Joan.
3606 3690 3664 3741 tt,

2068 3767 2182 3840 i8).
2206 3767 2358 3837 Quod
2380 3767 2609 3827 subinde
2631 3767 2912 3837 explicans
2934 3808 2948 3831 ,
2986 3765 3083 3820 Hic
3126 3774 3229 3834 est,
3292 3766 3466 3843 inquit
3485 3806 3500 3831 ,
3533 3766 3669 3818 anti-

2064 3857 2313 3921 christus,
2337 3858 2426 3926 qui
2456 3867 2602 3927 negat
2631 3855 2846 3931 Patrem
2867 3866 2912 3911 et
2961 3852 3160 3915 Filium
3205 3854 3370 3929 (Ibid.
3397 3876 3411 3922 θ
3453 3854 3572 3927 22).
3603 3854 3667 3927 Ut

2067 3952 2211 4007 enim
2238 3961 2456 4025 notatur
2476 3959 2666 4005 contra
2697 3951 2937 4007 Auxent.
2974 3967 3121 4004 num.
3154 3950 3218 4016 2,
3253 3950 3475 4004 nominis
3528 3950 3661 4003 unti.

2068 4043 2245 4099 cliristi
2270 4043 2555 4116 proprietas
2584 4053 2658 4098 est
2679 4087 2692 4107 ,
2720 4042 2923 4103 Christo
2952 4061 3059 4100 esse
3086 4045 3420 4119 contrarium.
3473 4046 3543 4098 At
3572 4058 3666 4101 ve-

2068 4150 2131 4192 ro
2158 4133 2535 4191 Constantium
2565 4135 2782 4207 Christo
2809 4138 3140 4207 contrarium
3182 4122 3310 4223 quis
3337 4137 3529 4229 neget?
3564 4136 3667 4191 Nc-

2067 4244 2172 4302 que
2197 4227 2358 4285 aliter
2387 4243 2511 4311 eum
2543 4244 2571 4289 a
2602 4242 2663 4283 se
2685 4227 3062 4293 autiehristum
3093 4229 3273 4299 vocari
3302 4244 3408 4283 non
3429 4227 3667 4301 obscure

2068 4319 2336 4401 sigpilicat
2388 4319 2629 4399 Ililarius
2659 4321 2744 4376 his
2774 4337 2928 4391 num.
2960 4322 2989 4376 7
3023 4320 3200 4379 verbis
3250 4338 3264 4393 ξ
3316 4317 3667 4393 Christianum

2067 4406 2125 4467 te'
2162 4412 2389 4467 mentiris
2447 4427 2467 4466 :
2516 4409 2707 4466 Christi
2760 4430 2917 4487 nouus
2971 4412 3132 4468 hostis
3178 4428 3262 4489 es,
3313 4411 3667 4487 auticltristum

2069 4507 2322 4577 praevenis
2342 4547 2356 4573 ,
2385 4514 2429 4560 et
2459 4521 2769 4586 arcanorum
2797 4511 2907 4582 ejus
2929 4506 3173 4580 mysteria
3217 4507 3472 4579 operai-is.
3524 4506 3667 4563 Sane

367 4612 432 4666 tis
458 4611 709 4685 maximas
738 4608 846 4664 Deo
875 4609 1146 4678 retulimus
1172 4618 1217 4663 et
1244 4608 1517 4680 referimus
1569 4608 1795 4679 gratias,
1825 4606 1964 4675 quod
1990 4601 2046 4663 D
2072 4600 2160 4669 qui
2191 4598 2570 4655 antichristum
2603 4602 2895 4693 praevenit,
2924 4600 3063 4656 alius
3104 4599 3172 4655 ab
3218 4613 3284 4654 eo
3332 4600 3402 4654 sit
3444 4612 3667 4655 necesse

324 4700 333 4709 “
364 4719 459 4757 nos
478 4703 729 4767 beaueris,
762 4702 1003 4756 intimans
1030 4702 1174 4756 nobis
1197 4701 1320 4768 illa,
1356 4715 1472 4772 qua:
1496 4716 1613 4754 cum
1643 4700 1966 4754 discursione

364 4795 569 4867 pietatis
591 4804 691 4849 tute
719 4798 889 4866 facere
916 4794 1214 4850 deberemus
1234 4792 1477 4871 (Fragor.
1505 4808 1580 4858 Ix,
1608 4810 1662 4847 η.
1693 4792 1766 4863 1).
1788 4792 1965 4849 Pluri-

366 4888 438 4942 mi
471 4887 705 4958 denique
728 4887 815 4943 ubi
839 4886 1143 4942 Constantii
1176 4885 1588 4957 benignitatem,
1621 4883 1961 4956 religionem,

365 4980 629 5049 pietatem
674 4978 1155 5043 commendaram,
1204 4977 1490 5034 sumebant
1536 4992 1641 5031 non
1680 4990 1963 5045 passurum

363 5070 534 5126 fuisse
566 5071 766 5135 Deum,
792 5080 847 5125 ut
871 5087 962 5125 rex
1000 5081 1105 5124 tam
1135 5070 1256 5139 pius
1306 5078 1519 5139 tamque
1565 5068 1851 5139 religiosus
1908 5068 1970 5123 li-

363 5160 488 5217 dem
525 5171 765 5217 tueretur
792 5178 896 5217 non
931 5171 1166 5227 rectam;
1201 5176 1298 5216 nec
1326 5160 1498 5215 levem
1531 5159 1721 5228 reipsa
1746 5158 1965 5229 optimae

363 5253 512 5310 illius
531 5238 654 5311 ﬁdei
683 5271 805 5312 esse
835 5265 1017 5311 notam
1062 5266 1225 5327 atque
1271 5259 1534 5318 fructum,
1593 5252 1961 5309 incredibilem

365 5346 537 5425 ipsius
565 5347 719 5417 regni
745 5348 1181 5418 prosperitatem.
1228 5347 1389 5401 Multa
1442 5345 1545 5400 alia
1585 5346 1957 5415 praeterimus,

365 5454 485 5507 qua:
505 5440 731 5510 papulos
754 5439 948 5494 edictis
970 5481 984 5503 ,
1017 5440 1178 5494 minis
1201 5481 1215 5503 ,
1244 5438 1521 5510 suppliciis
1557 5439 1777 5493 territos
1799 5481 1812 5504 ,
1845 5438 1964 5508 pal-

362 5528 547 5585 Iiatam
577 5529 875 5586 Constantii
909 5531 1193 5601 perﬁdiam
1238 5540 1350 5585 tum
1405 5530 1817 5613 deprehendere
1844 5546 1956 5589 non

366 5622 773 5692 permittebant.
1290 5612 1295 5617 ’

442 5714 532 5771 VI.
555 5716 634 5770 An
660 5731 778 5771 vero
805 5714 1012 5772 Pastori
1055 5716 1434 5772 dissimulanda
1480 5719 1655 5789 fuerit.
1705 5748 1779 5761 —
1809 5717 1970 5787 Qum-

365 5808 598 5874 rendum
634 5808 720 5874 hic
748 5810 926 5881 venit,
956 5826 1083 5875 num
1115 5810 1321 5875 Hilario
1345 5802 1559 5868 licuerit
1580 5812 1799 5884 pallium
1815 5828 1967 5877 amo-

2072 4702 2175 4749 est.

2142 4783 2234 4841 IX.
2268 4784 2511 4843 Nontam
2540 4786 2688 4845 illum
2733 4803 2978 4858 carpere,
3022 4803 3177 4854 quam
3207 4783 3488 4840 Ecclesium
3536 4784 3668 4838 tueri

2072 4877 2634 4961 vulL—Illumigitur
2662 4889 2718 4935 ut
2770 4878 3017 4945 hostem,
3066 4894 3125 4935 se
3166 4894 3297 4934 vero
3337 4888 3395 4933 ut
3442 4876 3666 4933 militem

2071 4966 2272 5026 Christi
2297 4973 2592 5042 ιεδρίςὶθιιε
2611 5014 2624 5037 ,
2650 4972 2929 5045 indignum
2956 4972 3163 5045 putavit
3185 4982 3243 5026 ut
3283 4969 3669 5026 commilitoni-

2074 5063 2173 5117 bus
2196 5079 2301 5118 non
2359 5066 2650 5135 proderet,
2694 5081 2854 5135 quem
2900 5065 3120 5120 latendo
3172 5064 3416 5135 pluribus
3465 5075 3663 5118 nocere

2070 5168 2228 5227 posse
2284 5157 2634 5226 praevidebat.
2686 5156 2841 5225 Quod
2896 5157 2967 5210 ita
3033 5155 3239 5220 efﬁcit,
3271 5166 3327 5209 ut
3374 5169 3403 5208 a
3452 5153 3666 5209 caeteris

2067 5249 2365 5305 Constantii
2398 5252 2540 5306 vitiis
2562 5252 2848 5322 carpendis
2879 5266 3000 5307 sese
3027 5250 3364 5327 temperarit.
3403 5247 3668 5311 Caesarea:

2069 5343 2214 5399 enim
2250 5344 2513 5415 majestati
2536 5386 2551 5411 ,
2581 5354 2842 5415 quantum
2865 5344 2917 5400 in
2945 5359 3007 5398 se
3035 5352 3184 5408 erat,
3229 5342 3359 5396 nihil
3415 5348 3664 5413 ereptum

2072 5435 2292 5502 volens,
2323 5436 2449 5491 dum
2484 5435 2750 5491 divinitati
2774 5435 3152 5491 Christisuum
3178 5434 3268 5506 jus
3312 5442 3367 5490 et
3399 5433 3663 5490 honorem

2074 5528 2339 5600 integrum
2363 5536 2419 5584 et
2446 5528 2674 5583 illmsum
2695 5543 2915 5584 servare
2941 5510 3101 5582 unice
3129 5521 3486 5593 contendebat
3510 5543 3524 5593 ;
3566 5525 3668 5580 hoc

2076 5632 2289 5679 tantum
2312 5624 2530 5695 indigne
2562 5623 2716 5683 tulit.
2740 5622 2882 5693 quod
2912 5624 2980 5677 de
3004 5621 3128 5692 jure
3171 5619 3374 5676 Christi
3401 5620 3669 5675 sublatum

2080 5716 2320 5772 videbat.
2345 5716 2585 5788 Denique
2616 5731 2738 5771 eum
2768 5714 3148 5771 Constantium
3182 5713 3438 5769 Ecclesia:
3466 5711 3671 5768 Christi

2062 5828 2183 5881 ,non
2214 5814 2391 5874 minus
2417 5810 2669 5871 infesmm
2702 5810 3037 5875 existimaret
3057 5854 3072 5879 ,
3099 5825 3260 5884 quam
3287 5810 3412 5883 olim
3462 5807 3673 5871 fuerant
