4270 6264
343 314 453 372 577

891 314 952 373 S.
993 311 1246 372 lllLARll
1287 311 1500 371 EPlSC.
1544 310 1746 369 LIBER
1784 310 2061 371 CONTRA
2098 310 2583 372 CONSTANTIUM
2623 299 3143 373 IMPERATOREM.

3550 314 3659 373 578

347 429 400 484 in
432 426 782 485 Occidentem
828 429 1091 486 redeundi
1126 431 1267 487 facta
1306 438 1601 501 potestate,
1636 432 1860 487 facultas
1890 434 1939 488 ei
1969 439 2024 496 Α
2049 440 2160 488 tum
2183 430 2305 502 quia
2338 438 2449 486 tota
2474 431 2625 488 abest
2647 447 2677 487 a
2702 430 2919 488 laudato
2939 431 2995 488 S.
3023 430 3168 488 Petri
3195 428 3381 489 codice
3407 431 3650 488 omnium

349 520 470 576 data
499 522 572 577 sit
611 522 712 578 hoc
757 523 897 595 apud
925 539 1055 580 suos
1090 526 1249 596 longe
1288 524 1497 580 facilius
1526 536 1689 595 atque
1729 526 1949 581 liberius

348 631 447 688 per
475 632 537 673 se
567 618 875 688 praestaudi,
907 620 1047 688 quod
1074 634 1168 689 per
1196 618 1336 675 hunc
1377 621 1571 677 librum
1604 620 1778 677 facere
1815 636 1944 692 pro-

350 721 629 781 posuerat.

423 886 542 944 XV.
584 886 707 943 Non
752 897 829 944 est
878 887 1231 962 imperfectus,
1274 890 1364 946 sed
1403 909 1436 946 a
1470 908 1630 947 manu
1683 893 1956 966 peregrina

354 991 553 1037 auctus.
579 1012 650 1021 —
676 982 909 1037 Rursum
942 983 1147 1039 Erasmi
1173 984 1436 1054 opinioni,
1461 1002 1566 1057 qua
1596 985 1737 1041 hunc
1758 986 1953 1042 librum

353 1072 727 1144 imperfectum
758 1074 1109 1143 existimavit,
1136 1076 1511 1147 subscripsere
1540 1088 1804 1149 quotquot
1833 1088 1954 1151 post

354 1182 481 1224 eum
516 1165 699 1223 Hilarii
724 1167 898 1237 Opera
924 1167 1230 1223 ediderunt.
1256 1166 1422 1225 Nobis
1444 1179 1629 1226 contra
1660 1186 1765 1226 non
1796 1171 1956 1227 modo

355 1259 563 1331 integer
588 1267 644 1316 et
663 1258 973 1327 absolutus,
1003 1260 1097 1316 sed
1121 1271 1174 1317 et
1203 1261 1270 1316 ab
1299 1261 1475 1318 aliena
1504 1278 1671 1319 manu
1699 1279 1768 1319 ex
1805 1263 1955 1321 libris

356 1354 425 1412 de
454 1353 716 1410 Trinitate
747 1370 853 1409 non
880 1353 1229 1410 mediocriter
1263 1363 1453 1411 auctus
1481 1366 1742 1426 apparet;
1767 1372 1955 1413 eorum

356 1447 580 1503 forsitan
628 1461 815 1517 opera,
857 1447 948 1518 qui
1004 1461 1070 1503 ex
1124 1447 1289 1502 variis
1329 1449 1647 1505 earumdem
1688 1450 1957 1506 librorum

356 1540 677 1599 centonibus
694 1540 876 1612 libros
905 1538 974 1595 de
1003 1538 1180 1595 Patris
1208 1550 1263 1595 et
1292 1540 1414 1595 Filii
1460 1542 1699 1608 unitate,
1747 1556 1958 1598 necnon

356 1633 427 1691 de
453 1633 685 1690 essentia
705 1631 879 1687 Patris
900 1640 953 1686 et
973 1631 1091 1686 Filii
1122 1642 1537 1688 eontexuerunt.
1568 1633 1696 1690 Ilaec
1716 1634 1959 1690 accessio

355 1729 575 1798 antiqua
602 1724 820 1797 quidem
853 1732 960 1793 est,
988 1741 1110 1780 cum
1137 1726 1299 1780 etiam
1333 1725 1386 1781 in
1416 1743 1516 1782 ms.
1548 1727 1858 1783 Colbertino
1887 1728 1956 1784 ah

2054 524 2213 595 longe
2242 522 2556 580 veterrimo.

2124 616 2265 674 XVI.
2299 617 2579 689 Synopsis.
2612 648 2684 658 —
2713 617 2909 674 Totum
2944 617 3047 674 hoc
3077 633 3214 688 opus
3245 617 3300 673 in
3328 633 3424 675 sex
3468 627 3654 689 partes

2054 711 2299 767 distribui
2320 712 2604 769 commode
2630 721 2826 783 potest.
2858 713 3035 769 Prima
3068 711 3329 770 orationis
3350 722 3462 769 tam
3490 713 3654 770 vehe-

2054 807 2253 863 mentis
2282 807 2521 863 rationes
2556 808 2856 879 prtemittit.
2888 808 3213 881 Perstringit
3249 808 3485 866 secunda
3529 826 3655 881 per-

2055 898 2388 956 secutionem
2413 940 2430 966 ,
2457 914 2619 971 qnam
2650 900 2998 957 Constantius
3024 915 3055 956 a
3082 901 3318 958 concilio
3348 901 3656 959 Arelatensi

2056 1005 2227 1062 usque
2254 991 2320 1046 ad
2357 992 2724 1060 Ariminense,
2753 993 2869 1050 sive
2910 992 3190 1050 blanditiis
3215 1009 3280 1051 ac
3317 994 3661 1054 simulatione

2056 1099 2211 1141 ovem
2242 1099 2301 1140 se
2342 1085 2631 1154 mentiens,
2677 1085 2799 1141 sive
2847 1086 3012 1141 minis
3051 1101 3116 1143 ac
3149 1087 3434 1158 suppliciis
3472 1088 3655 1159 lupum

2055 1189 2224 1247 agens
2252 1176 2526 1233 excitavit.
2558 1176 2722 1233 Gesta
2753 1176 3122 1234 Seleuciensis
3169 1179 3365 1251 synodi
3397 1179 3548 1235 tertia
3575 1188 3660 1238 at-

2059 1269 2234 1341 tingit.
2252 1268 2482 1326 Concilii
2514 1269 2757 1341 ejusdem
2789 1270 2986 1338 ﬁdem,
3014 1286 3120 1342 qua
3156 1270 3207 1324 F
3210 1272 3362 1327 ilium
3397 1272 3547 1328 Patri
3574 1291 3660 1329 se-

2057 1366 2284 1420 cundum
2339 1364 2641 1436 Scripturas
2690 1366 2914 1421 similem
2969 1365 3294 1432 definierat,
3347 1366 3661 1439 dictumque

2057 1457 2378 1525 Constantii,
2418 1458 2559 1514 Nolo
2586 1475 2701 1528 qua:
2728 1475 2833 1515 non
2859 1459 3056 1529 scripta
3093 1468 3210 1515 sunt
3257 1460 3363 1515 dici
3400 1475 3420 1515 :
3451 1460 3660 1532 Sigillat

2056 1559 2250 1622 quarta
2279 1560 2441 1621 atque
2484 1550 2753 1620 confutat,
2799 1550 2923 1608 Filii
2964 1560 3019 1608 et
3059 1552 3235 1608 Patris
3278 1552 3659 1609 demonstrans

2058 1645 2443 1716 :equalitatem.
2473 1646 2669 1715 Quinta
2696 1647 3022 1704 Arianorum
3050 1647 3326 1719 ipsiusque
3354 1646 3658 1704 Constantii

2059 1738 2113 1791 in
2136 1736 2240 1793 (ide
2267 1738 2680 1794 inconstantiam
2708 1747 3080 1809 reprmsentat.
3100 1738 3378 1795 Postrema
3401 1737 3656 1810 denique,

355 1820 513 1878 annis
548 1819 765 1877 circiter
792 1819 900 1876 600
944 1831 1197 1888 exarato,
1229 1832 1284 1878 et
1323 1822 1643 1878 Martiniano
1682 1824 1774 1896 qui
1809 1823 1955 1880 hunc
1983 1820 2031 1881 Β
2059 1830 2105 1886 si
2133 1840 2312 1886 tamen
2348 1831 2469 1886 libri
2497 1831 2656 1902 hujus
2682 1846 2810 1903 pars
2839 1831 2943 1887 dici
2977 1841 3178 1903 potest.
3206 1847 3327 1903 qua:
3358 1832 3485 1889 licet
3513 1832 3661 1889 llila-

357 1915 673 1987 antiquitate
693 1924 934 1986 superat,
962 1928 1171 1970 necnon
1204 1914 1256 1970 in
1279 1915 1402 1971 aliis
1425 1925 1632 1986 septem
1654 1927 1863 1984 exstet;
1883 1918 1952 1973 ab

353 2020 574 2067 auctore
603 2019 781 2064 tamen
805 2008 1025 2065 minime
1050 2009 1318 2079 prodiissc
1347 2009 1505 2065 facile
1525 2010 1818 2081 judicatur,
1842 2021 1953 2067 tum

353 2104 477 2175 quia
520 2101 839 2174 fragmentis
866 2109 1082 2157 constat
1116 2100 1256 2158 inter
1281 2117 1341 2159 se
1385 2100 1610 2158 omnino
1650 2103 1953 2169 dissolutis,

2060 1924 2123 1979 rii
2154 1923 2336 1979 verbis
2364 1931 2597 1988 constet,
2628 1939 2657 1977 a
2695 1924 2978 1995 peregrina
3018 1934 3198 1981 tamen
3231 1941 3395 1981 manu
3438 1925 3658 1982 adtexta

2059 2024 2164 2082 est,
2194 2014 2369 2069 Patris
2394 2024 2642 2071 naturam
2670 2024 2727 2070 et
2752 2023 3010 2073 aeternam
3045 2015 3164 2071 Filii
3195 2017 3529 2074 nativitatem
3559 2017 3658 2074 litt-

2059 2105 2206 2161 mani
2235 2106 2433 2177 ingenii
2460 2106 2604 2162 vires
2641 2121 2902 2178 superare
2921 2107 3181 2163 declarat.

355 2218 3628 2252 Μ

354 2301 704 2377 561-562

1209 2315 1931 2465 SANCTI
2024 2296 2817 2464 HILARII

666 2553 1179 2744 CONTRA
1296 2552 2236 2712 GllNS'l‘AN’l‘IUM
2371 2556 3339 2716 IMPERATllBEM

1550 2796 1954 2881 LIBER

2075 2797 2441 2876 UNUS.

1648 2933 1657 2999 ξ
1700 2931 1974 3002 (εοιιιρτυε
1997 2945 2138 2987 ANNO
2162 2930 2323 3003 560.)

430 3132 481 3188 1.
537 3126 928 3186 Exhortatioad
967 3125 1264 3182 certandum
1309 3141 1404 3199 pro
1446 3125 1567 3197 ﬁde.
1619 3156 1690 3166 -—
1719 3104 1956 3198 Tempus

356 3232 441 3282 est
478 3222 767 3296 loquendi:
811 3218 938 3292 quia
973 3220 1088 3291 jam
1135 3220 1395 3291 praeteriit
1448 3229 1662 3289 tempus
1721 3219 1951 3276 tacendi.

360 3316 607 3374 Christus
633 3321 1006 3383 esSpectelur:
1040 3311 1162 3382 quia
1200 3309 1276 3384 (a)
1304 3309 1536 3365 obtinuit
1581 3310 1953 3369 antichristus.

2266 3058 2546 3074 -ψ

2059 3138 2182 3195 tate,
2213 3129 2455 3201 quoniam
2510 3145 2699 3186 merces
2726 3139 2891 3186 vestra
2933 3130 3144 3204 capiosa
3178 3141 3254 3189 est
3281 3133 3336 3188 in
3391 3134 3536 3191 caelo.
3570 3134 3663 3194 Sic

2059 3223 2195 3276 enim
2240 3224 2493 3292 persecuti
2531 3234 2651 3278 sunt
2673 3234 2718 3279 et
2768 3225 3045 3294 prapltetas
3086 3226 3175 3295 qui
3222 3236 3370 3281 erant
3422 3237 3542 3282 ante
3576 3244 3664 3283 ros

2060 3312 2279 3385 (Matth.
2307 3330 2361 3384 v,
2390 3317 2447 3371 ll
2481 3358 2497 3383 ,
2553 3315 2665 3389 12).
2711 3317 2928 3373 Stemus
2955 3327 3081 3374 ante
3111 3317 3322 3389 iudices
3350 3329 3403 3377 et
3426 3328 3665 3393 potesta-

358 3407 604 3465 Clament
638 3416 917 3479 pastores:
950 3406 1071 3476 quia
1115 3404 1432 3460 mercenarii
1466 3404 1734 3476 fugerunt.
1780 3406 1952 3462 Pona-
1983 3444 2030 3508 Ο
2059 3415 2143 3464 tes
2186 3423 2285 3479 pro
2315 3407 2514 3465 Christi
2544 3407 2947 3481 nominezquia
3002 3410 3193 3467 beatus
3240 3420 3324 3466 est
3366 3412 3456 3484 qui
3494 3427 3665 3483 usque

361 3519 484 3560 mus
509 3503 718 3558 animas
748 3516 844 3572 pro
867 3500 1059 3554 ovibus
1098 3516 1110 3553 :
1144 3499 1265 3569 quia
1298 3497 1445 3553 fures
1497 3499 1858 3566 introierunt,
1906 3509 1961 3555 et

358 3598 448 3654 leo
474 3598 706 3654 serviens
753 3593 967 3649 circuit.
1022 3591 1100 3647 Ad
1146 3592 1463 3663 martyrium
1514 3606 1609 3660 per
1660 3591 1757 3646 has
1799 3606 1961 3647 voces

359 3704 642 3754 exeamus,
670 3687 791 3759 quia
816 3686 1037 3757 angelus
1058 3693 1258 3739 satante
1278 3681 1672 3752 translignravit
1696 3698 1755 3739 se
1780 3684 1830 3737 in
1852 3684 1963 3737 An-

359 3783 541 3856 gelum
569 3781 725 3837 lueis.
769 3780 1037 3835 lntremus
1070 3793 1164 3847 per
1198 3777 1417 3847 januam
1441 3793 1454 3830 :
1480 3775 1601 3846 quia
1639 3789 1797 3831 nemo
1816 3773 1965 3829 vadit

361 3874 431 3929 ad
457 3874 670 3929 Patrem
705 3870 810 3926 nisi
860 3885 955 3941 per
983 3867 1179 3924 Filium
1211 3865 1392 3940 (Joan.
1450 3881 1570 3932 xw,
1597 3863 1676 3938 6).
1712 3863 1965 3921 Manifes-

361 3977 542 4023 tentur
569 3966 623 4020 in
654 3979 783 4036 pace
808 3980 901 4019 sua
940 3961 1456 4035 pseudoproplietm:
1490 3961 1616 4031 quia
1663 3960 1717 4014 in
1766 3958 1960 4014 haeresi

362 4070 417 4117 et
442 4059 736 4116 schismate
783 4054 1275 4111 manifestabuntur
1332 4052 1564 4123 probati.
1626 4051 1965 4108 Snstineatur

362 4152 677 4218 tribulatio,
709 4150 883 4222 qualis
925 4165 1031 4204 non
1072 4147 1174 4204 fuit
1220 4164 1251 4203 a
1305 4148 1692 4204 constitutione
1745 4146 1961 4202 mundi:

364 4247 459 4305 sed
494 4245 862 4317 intelligantur
893 4241 1169 4298 breviandi
1211 4240 1328 4297 dies
1372 4251 1597 4312 propter
1638 4242 1843 4296 electos
1874 4241 1966 4296 Dei

366 4338 581 4413 (Matth.
614 4353 740 4393 xxxv
764 4378 780 4405 ,
810 4335 926 4407 ΕΞ).
972 4334 1193 4406 lmpleta
1244 4343 1328 4391 est
1377 4334 1654 4406 prophetia
1685 4376 1702 4404 ,
1747 4333 1963 4390 dicens:

365 4429 483 4484 Erit
516 4440 752 4502 tempus,
783 4427 992 4497 quando
1053 4442 1237 4481 sanam
1275 4425 1560 4479 doctrinam
1603 4442 1706 4481 non
1749 4425 1969 4481 sustine-

364 4522 511 4589 bunt,
548 4523 638 4577 sed
661 4523 730 4576 ad
757 4537 850 4576 sua
879 4519 1138 4575 desideria
1180 4519 1545 4575 coarervabunt
1566 4519 1662 4575 sibi
1697 4520 1970 4591 magistros

365 4617 649 4684 sculpentes
670 4631 851 4670 aures:
880 4624 925 4669 et
950 4631 982 4668 a
1004 4613 1212 4669 veritate
1225 4614 1428 4684 quidem
1453 4612 1689 4667 auditum
1717 4621 1967 4681 auerterit,

367 4707 438 4763 ad
458 4708 663 4781 fabulas
710 4717 879 4762 autem
906 4714 1265 4761 convertentur
1309 4704 1378 4779 (ll
1412 4704 1545 4759 Tim.
1576 4721 1628 4760 tv
1660 4747 1675 4771 ,
1727 4704 1819 4775 5);
1872 4703 1969 4760 sed

367 4810 713 4874 exspectetur
741 4799 1028 4871 promissio
1068 4799 1420 4869 protestantis
1444 4839 1460 4863 ,
1508 4797 1656 4853 Beati
1681 4798 1819 4861 estis,
1854 4813 1970 4851 cum

368 4915 457 4954 vos
499 4896 842 4963 maledicent,
871 4903 919 4949 et
946 4899 1310 4967 persequentur
1333 4933 1348 4957 ,
1387 4899 1437 4945 et
1478 4890 1647 4946 dicent
1675 4906 1825 4945 omne
1865 4906 1975 4943 ma-

369 4989 476 5045 lunt
497 4991 767 5044 adversum
811 5002 900 5042 vos
931 4992 1142 5056 propter
1159 4983 1439 5055 justitiam.
1473 4981 1701 5039 Gaudete
1728 4992 1778 5039 et
1804 4982 1976 5039 exsul-

443 5130 522 5202 (a)
548 5128 608 5185 In
623 5128 808 5202 tribus
826 5138 956 5181 mss.
987 5121 1213 5202 obticuit:
1229 5118 1451 5202 Rectius
1558 5119 1961 5202 aliis,_obtinnit,

370 5191 901 5274 supp'leJmperium
921 5237 936 5260 ,
969 5205 1060 5249 aut
1088 5192 1216 5264 quid
1245 5193 1439 5248 simile.
1465 5191 1838 5274 Constantium
1867 5207 1966 5274 an:

373 5262 601 5329 tie'ti'risti
643 5262 1033 5342 prieenr‘sorem
1064 5262 1246 5342 coram
1290 5278 1482 5318 vocare
1503 5262 1972 5342 uentrepidarunt

373 5332 922 5399 Romana-Ecdesia}
945 5335 1127 5401 legati.
1176 5333 1375 5389 Canite
1404 5374 1418 5398 ,
1468 5334 1546 5389 ait
1572 5332 1639 5389 ad
1680 5333 1973 5401 ipsummet

374 5415 589 5471 Lucifer
614 5414 754 5469 lib.:
799 5426 897 5482 pro
937 5403 1235 5482 Athanasio
1270 5446 1285 5471 ,
1331 5420 1653 5482 urgerent_us__
1678 5420 1770 5458 nos
1818 5403 1972 5482 legati

375 5487 535 5542 beatte
575 5474 852 5546 Ecclesia},
903 5489 1090 5534 sectam
1142 5474 1487 5529 damnandam
1538 5475 1689 5538 Arii,
1726 5484 1773 5528 et
1824 5474 1972 5529 illaut

374 5558 553 5613 dixiin
583 5557 747 5629 magis
775 5545 884 5608 esse
908 5550 1246 5614 catholicam;
1280 5547 1732 5618 praznuntiavimus
1761 5556 1809 5600 te
1835 5545 1974 5600 anti-

375 5629 550 5685 christi
578 5630 736 5699 fuisse
753 5637 1138 5700 prtecursoreut.
1281 5688 1292 5700 ι

450 5702 525 5776 (b)
554 5686 837 5756 Paulinum
860 5694 939 5776 _ab
995 5688 1294 5776 arelatensi
1327 5689 1720 5776 Asynod‘o‘anuo
1879 5686 1974 5776 die:

373 5758 585 5829 sin‘enta
610 5788 641 5826 c
662 5785 760 5826 sua
781 5765 910 5824 sede
933 5764 1142 5835 pulsum
1171 5774 1290 5816 esse
1315 5758 1528 5835 constat
1559 5771 1669 5835 tum
1692 5776 1759 5817 ex
1790 5758 1974 5815 libello

378 5860 398 5907 ι
418 5844 485 5901 ad
509 5840 909 5908 Constantium,
933 5830 995 5891 ii.
1017 5839 1071 5905 8,
1090 5845 1200 5891 tum
1229 5830 1462 5891 maxime
1490 5849 1556 5891 ex
1578 5831 1904 5904 Fragmenta
1932 5845 1967 5898 ι,

2063 3498 2117 3555 in
2168 3499 2327 3557 linem
2381 3504 2811 3572 perseveraverit
2863 3501 3081 3572 (illattlt.
3131 3520 3205 3571 χ,
3257 3503 3374 3577 εἰ).
3438 3504 3552 3561 Non
3598 3507 3668 3561 ti-

2062 3604 2309 3647 meamus
2332 3607 2453 3648 cum
2480 3593 2569 3665 qui
2593 3603 2767 3663 potest
2794 3608 2992 3664 corpus
3011 3594 3282 3663 occidere,
3308 3595 3544 3652 animam
3570 3612 3667 3652 att-

2064 3691 2171 3738 tem
2204 3699 2311 3739 non
2341 3695 2513 3756 potest
2539 3703 2551 3739 :
2582 3685 2675 3741 sed
2704 3686 2992 3743 timeamus
3032 3704 3155 3743 cum
3180 3730 3196 3755 ,
3226 3689 3314 3758 qui
3344 3698 3518 3760 potest
3545 3704 3666 3746 cor-

2066 3792 2168 3848 pus
2191 3788 2244 3832 et
2260 3778 2494 3834 animam
2521 3779 2769 3837 occidere
2791 3780 2843 3834 in
2865 3779 3166 3851 gehennam
3194 3779 3382 3853 (Ibid.,
3412 3780 3528 3855 28).
3551 3782 3663 3840 Nec

2065 3867 2284 3923 solliciti
2316 3868 2385 3924 de
2434 3869 2589 3924 nobis
2633 3870 2834 3925 simus:
2863 3873 2986 3942 quia
3033 3870 3211 3941 capilli
3255 3873 3446 3943 capitis
3491 3873 3665 3931 nostri

2066 3959 2329 4015 numerati
2359 3968 2485 4015 sunt
2514 3959 2704 4034 (Ibid,
2733 3960 2850 4031 50).
2884 3963 2949 4019 Et
2981 3979 3077 4034 per
3110 3963 3367 4035 Spiritum
3416 3974 3665 4024 sanctum

2066 4065 2356 4122 sequamur
2378 4052 2691 4108 veritatem:
2722 4068 2790 4110 ne
2832 4071 2927 4124 per
2966 4055 3214 4125 spiritum
3244 4058 3447 4114 erroris
3471 4058 3665 4115 creda-

2069 4160 2188 4200 mus
2218 4144 2522 4203 mendacio.
2555 4146 2621 4201 Et
2647 4149 3071 4204 eommoriamur
3089 4150 3308 4206 Christo
3331 4192 3345 4216 ,
3377 4162 3437 4207 ut
3453 4151 3668 4210 Christo

2067 4251 2481 4309 conregnemus.
2516 4237 2753 4295 Ulterius
2778 4241 2922 4296 enim
2956 4251 3134 4298 tacere
3167 4284 3180 4310 ,
3231 4242 3546 4299 difﬁdentia:
3597 4244 3672 4300 si-

2078 4346 2242 4403 gnum
2270 4340 2372 4397 est,
2405 4346 2513 4387 non
2544 4333 2824 4388 modestiae
2858 4333 3031 4402 ratio,
3076 4335 3198 4405 quia
3226 4350 3330 4392 non
3378 4336 3557 4394 minus
3579 4353 3673 4410 pe-

2068 4419 2239 4476 rieuli'
2254 4430 2338 4476 est
2379 4437 2597 4493 semper
2624 4422 2878 4491 tacuisse,
2901 4439 3060 4495 quam
3083 4440 3397 4499 numquam.

2138 4513 2194 4568 2.
2226 4513 2293 4570 Ut
2328 4512 2563 4569 Hilarius
2586 4514 2640 4569 in
2673 4516 2862 4570 tuenda
2890 4516 2993 4587 ﬁde
3019 4534 3218 4591 semper
3247 4521 3363 4589 paci
3389 4521 3668 4578 studuerit.

2076 4606 2144 4664 Ut
2164 4607 2461 4663 modestiam
2481 4624 2597 4663 cum
2636 4607 2948 4663 adversariis
2986 4614 3225 4666 servarit.
3256 4641 3329 4654 —-
3356 4611 3472 4684 Ego
3495 4654 3510 4679 ,
3542 4613 3675 4670 Fra-

2074 4710 2221 4769 tres,
2250 4710 2311 4758 ut
2334 4700 2465 4757 mihi
2503 4716 2715 4767 omnes,
2741 4702 2831 4773 qui
2861 4718 2950 4759 me
2972 4704 3057 4760 vel
3077 4704 3299 4761 audiunt
3330 4706 3416 4762 vel
3446 4707 3676 4764 familia-

2076 4796 2236 4852 ritate
2254 4797 2530 4867 cognitum
2555 4795 2775 4861 habent,
2810 4804 2979 4853 testes
3006 4807 3160 4867 sunt,
3202 4800 3579 4870 gravissimum
3608 4800 3675 4856 ll-

1999 4846 2051 4907 Β
2078 4887 2165 4946 dei
2193 4846 2492 4961 pericaulum
2515 4890 2673 4961 longe
2700 4898 2859 4947 antea
2879 4846 3233 4963 praevidens:
3229 4903 3351 4966 post
3368 4904 3677 4954 sanctorum

2078 4983 2319 5039 virorum
2345 4981 2537 5040 exsilia
2566 4983 2643 5055 (b)
2673 4982 2881 5039 Paulini
2914 5024 2931 5053 ,
2975 4984 3231 5054 Eusebii,
3264 4986 3519 5056 Luciferi,
3555 4989 3682 5046 Dio-

2068 5134 2123 5173 n.
2156 5117 2212 5181 6;
2248 5116 2556 5174 Luciferum
2609 5125 2791 5172 autem
2815 5157 2832 5183 ,
2879 5116 3166 5175 Eusebium
3195 5136 3260 5178 ac
3290 5121 3603 5186 Dionvsium
3645 5144 3677 5186 a

2066 5187 2586 5262 Mediolanensi‘an.
2638 5186 2776 5262 355.
2816 5186 3002 5259 Neque
3046 5191 3310 5262 ignoravit
3349 5186 3679 5256 Athanasius

2066 5259 2194 5341 quid
2220 5271 2445 5341 utraque
2474 5257 2566 5341 illa
2606 5257 3196 5341 synodlo‘gestum'sit,
3220 5265 3288 5321 de
3319 5268 3514 5341 quibus
3542 5271 3682 5328 scri-

2069 5328 2147 5413 bit
2169 5328 2578 5413 ad‘Solitarios:
2599 5328 2725 5413 pag:
2754 5328 2865 5412 829
2879 5348 2892 5384 :
2913 5331 3044 5413 Cum
3065 5328 3233 5413 autem
3259 5328 3387 5413 esset
3416 5338 3681 5413 (Impera-

2081 5401 2188 5474 tor)
2214 5401 2422 5456 Arelate
2449 5410 2497 5455 et
2522 5399 2828 5474 Mediolani,
2857 5403 3029 5474 omnia
3074 5422 3169 5474 pro
3198 5399 3550 5466 Ιιιενειίεὸηηὶι
3579 5414 3680 5468 ad-
3736 5435 3754 5447 ο
3782 5416 3785 5419 ’

2083 5473 2291 5556 {munia
2320 5472 2744 5556 suggestioneque
2769 5472 3031 5556 faciebat;
3049 5472 3129 5529 uel
3150 5480 3320 5556 potius
3342 5482 3420 5536 illi
3438 5482 3548 5551 ipsi
3558 5501 3682 5556 age-

2082 5543 2202 5598 bant
2231 5542 2647 5613 insultabantque
2674 5543 2726 5613 in
2767 5558 2941 5613 omnes
2989 5542 3211 5601 (ἕαταιίὶς
3262 5542 3513 5613 potestate
3560 5542 3680 5610 εὗσ-

2083 5615 2255 5694 cincti:
2275 5614 2411 5694 _Quia
2447 5611 3015 5694 tame_ri_i|le,Apolog_.-
3032 5630 3151 5694 pag.
3174 5611 3302 5694 692,
3328 5626 3680 5694 quemadmo.

2081 5684 2210 5741 dum
2235 5685 2323 5741 hic
2349 5693 2537 5741 noster
2563 5683 2796 5755 Hilarius
2814 5683 2840 5751 ,’
2863 5683 3076 5741 Paulini
3105 5683 3376 5749 'exsilinm
3422 5711 3525 5751 una
3554 5712 3678 5755 eum

2082 5757 2290 5813 exsiliis
2321 5756 2571 5833 Eusebii,
2603 5754 2835 5833 Luciferi
2868 5772 2933 5813 ac
2973 5757 3211 5833 Diopysii
3239 5776 3531 5833 memorat;
3571 5754 3681 5825 fac;

2085 5838 2196 5885 tum
2230 5838 2312 5887 est
2337 5835 2397 5885 ut
2422 5828 2697 5897 Socrates,
2714 5825 2806 5882 lib.
2841 5843 2901 5895 ιι,
2923 5844 3043 5904 cap.
3065 5825 3157 5902 56,
3180 5843 3236 5892 et
3264 5825 3628 5910 nuunus,'nn.
3659 5855 3678 5909 ι
