4270 6264
610 322 719 388 379

1792 323 2037 386 SANCTI
2079 316 2336 387 lilLMlll
2373 309 2684 387 EPISCOPI

3805 314 3914 382 580

611 443 769 517 ttysii,
801 442 990 515 quinto
1010 441 1205 499 abhinc
1231 455 1373 497 anno
1405 482 1419 508 ,
1446 453 1473 495 a
1515 441 1789 498 Saturnini
1818 448 1872 497 et
1902 441 2109 498 Ursaeii
2151 450 2203 497 et
2232 457 2287 519 Α
2310 444 2579 518 colloqui,
2606 454 2698 501 aut
2726 457 2987 515 suspensa
3035 443 3161 500 licet
3182 438 3579 499 communionis
3605 441 3865 498 satietate
3888 485 3904 508 ,

613 534 850 591 Valentis
896 535 1278 591 communione
1327 550 1412 590 me
1441 549 1563 588 cum
1612 533 1905 589 Gallicanis
1942 533 2210 605 episcopis

610 627 879 698 separavi,
909 626 1113 681 indulta
1144 625 1358 681 (ra-teris
1399 626 1742 682 consortibus
1770 640 1958 682 eorum
1989 627 2209 697 resipis-

611 721 766 776 ccndi
807 721 1093 775 facultate:
1146 728 1204 774 ut
1232 734 1332 776 nec
1382 724 1528 791 pacis
1586 718 1805 775 abesset
1829 722 2075 775 voluntas
2107 762 2121 788 ,
2155 726 2213 775 et

612 812 986 882 principalium
1017 810 1329 867 morborum
1370 810 1588 878 fmtitla,
1637 811 1774 867 etin
1805 811 2207 883 corruptionem

610 906 774 960 totius
794 905 1039 974 corporis
1063 905 1301 961 membra
1334 904 1409 979 (rt)
1439 905 1770 975 proficientia
1801 907 2206 970 desecarentnr;

609 997 655 1051 si
687 1008 867 1052 tamen
891 996 994 1052 hoc
1017 996 1192 1069 ipsum
1222 997 1548 1053 beatissimis
1578 994 1982 1054 confessoribus
2010 994 2209 1053 Christi

608 1087 814 1143 editum
845 1088 1124 1145 decretum
1169 1089 1243 1161 (b)
1270 1096 1382 1144 tum
1416 1105 1443 1143 a
1475 1090 1630 1146 nobis
1652 1104 1871 1145 manere
1891 1089 2205 1161 placuisset.

609 1180 770 1255 563
802 1183 875 1255 (ε)
907 1184 1005 1250 Qui
1034 1193 1223 1253 postea
1255 1198 1349 1252 per
1384 1182 1674 1239 factionem
1719 1198 1905 1238 eorum
1944 1180 2210 1253 pseudou-

613 1276 944 1343 postolorum
969 1275 1037 1330 ad
1068 1274 1433 1332 Biterrensetn
1455 1275 1721 1348 synodum
1747 1276 2059 1346 compulsus
2076 1321 2089 1344 ,
2117 1290 2210 1332 co-

608 1370 907 1438 gnitionem
935 1368 1017 1438 (ά)
1039 1368 1475 1424 demonstrandae
1506 1368 1663 1439 hujus
1695 1369 1966 1425 luereseos
2002 1367 2076 1441 (c)
2107 1369 2208 1424 ob-

612 1460 729 1515 tuli.
757 1461 863 1516 Sed
889 1460 942 1514 hi
968 1461 1219 1515 timentes
1246 1460 1474 1529 publica:
1504 1461 1852 1516 conscientiae
1870 1501 1885 1524 ,
1911 1458 2101 1516 audire
2128 1461 2211 1515 in-

609 1561 758 1623 gesta
811 1568 840 1607 a
879 1567 967 1607 me
1022 1552 1343 1608 uoluetunt:
1391 1558 1643 1623 putantes
1711 1564 1774 1608 sc
1843 1552 2208 1608 innocentiam

609 1661 763 1703 suam
788 1647 1005 1702 Christo
1055 1661 1219 1717 posse
1263 1648 1500 1712 mentiri,
1532 1647 1578 1701 si
1628 1646 1871 1702 volentes
1902 1646 2206 1713 nescirent,

609 1741 751 1811 quod
810 1742 1014 1812 gesturi
1071 1740 1415 1811 postmodum
1466 1746 1653 1796 essent
1714 1741 1970 1796 scientes.
2031 1743 2208 1810 Atque

2313 539 2570 595 orationis
2596 539 2815 595 domum
2866 530 3015 593 adire
3040 580 3054 603 ,
3101 542 3195 591 aut
3233 535 3350 607 paci
3380 534 3616 604 optanda
3647 549 3909 606 sperae;

2311 631 2438 686 dum
2468 633 2669 688 erroris
2700 631 3088 704 indulgentiam
3112 673 3126 696 ,
3161 630 3228 686 ab
3257 627 3579 684 antichristo
3621 627 3688 684 ad
3730 627 3917 684 Chris—

2312 732 2425 779 tum
2473 723 2550 797 (g)
2597 739 2899 790 recursum,
2951 739 3049 796 per
3074 721 3446 793 pamitentiam
3478 728 3915 790 pratpararemus

2311 815 2460 888 (Vid.
2494 817 2532 871 l.
2565 817 2628 869 de
2657 817 2858 888 Synod.
2890 833 2943 871 η.
2972 814 3006 868 4
3030 825 3080 870 et
3102 813 3178 887 8).

2382 911 2436 965 ὅ,
2468 911 2617 979 Quod
2629 912 2747 984 jam
2791 910 3023 964 dicturus
3054 914 3125 964 est
3145 951 3159 974 ,
3204 925 3306 963 non
3333 917 3410 963 est
3438 905 3791 978 impatientia.
3821 906 3913 964 sed

2313 1000 2563 1056 libertatis
2590 1002 2901 1057 cltristiamr.
2945 1031 3016 1042 —
3047 1000 3104 1058 Si
3143 1001 3265 1071 quis
3295 1000 3456 1070 igitur
3476 996 3719 1070 prudens
3749 997 3916 1053 ratio-

2312 1107 2436 1148 nem
2468 1091 2667 1148 silentii
2702 1095 2806 1149 mei
2844 1093 3106 1163 percipit,
3155 1090 3398 1162 profecto
3427 1104 3513 1145 me
3552 1104 3726 1160 usque
3771 1104 3916 1145 nunc

2310 1185 2544 1240 recentis
2571 1184 2782 1255 injuriae
2829 1182 3179 1240 acerbitatem
3232 1181 3605 1248 moderatum,
3643 1195 3787 1235 nunc
3816 1178 3915 1236 de-

2311 1290 2458 1331 mum
2484 1274 2628 1331 fideli
2658 1277 2710 1331 in
2736 1274 2951 1332 Christo
2984 1273 3230 1330 libertate
3255 1270 3338 1345 (ft)
3382 1277 3638 1336 testante,
3675 1276 3783 1325 non
3815 1268 3917 1325 ali-

2311 1384 2416 1440 quo
2439 1370 2570 1424 vitio
2600 1368 2850 1423 humana:
2871 1364 3294 1438 perturbationis
3319 1405 3334 1431 ,
3363 1364 3430 1419 ad
3462 1362 3580 1419 haec
3622 1361 3913 1418 scribenda

2311 1472 2500 1532 arguet
2526 1461 2825 1516 incitatum.
2860 1459 3041 1530 Neque
3067 1459 3211 1514 enim
3259 1455 3546 1511 immature
3577 1453 3788 1524 loquar,
3819 1451 3915 1523 qui

2310 1553 2403 1607 diu
2430 1553 2602 1617 tacui,
2657 1567 2755 1609 nec
2798 1552 2919 1607 sine
2964 1549 3230 1606 modestia
3292 1547 3468 1611 tacui,
3503 1548 3590 1617 qui
3623 1544 3915 1616 aliqoando

2307 1645 2415 1716 jam
2446 1644 2663 1716 loquor:
2696 1656 2870 1715 neque
2899 1643 3146 1714 injuriam
3191 1655 3412 1712 queror,
3446 1641 3537 1710 qui
3568 1636 3914 1693 dissimulavi

2311 1748 2617 1806 recentem,
2645 1744 2701 1793 et
2719 1737 2831 1809 qui,
2867 1752 2937 1793 ne
2982 1735 3109 1807 quid
3151 1749 3215 1789 ex
3243 1748 3404 1789 causa
3437 1747 3558 1788 mea
3604 1731 3750 1803 loqui
3771 1729 3918 1786 exis-

607 1835 803 1890 eximie
833 1842 946 1889 toto
979 1834 1079 1889 hoc
1113 1846 1356 1905 tempore
1399 1835 1451 1889 in
1483 1834 1676 1889 exsilio
1716 1834 2004 1898 detentus,
2030 1847 2206 1903 neque
2236 1841 2285 1906 Β
2315 1832 2569 1897 timarer,
2600 1830 2663 1903 (i)
2696 1840 2902 1885 tantum
2948 1828 3171 1884 adhibui
3210 1827 3277 1883 ad
3305 1822 3579 1882 silentium
3628 1824 3911 1894 temporis.

608 1925 980 1981 decedendum
1038 1927 1168 1982 mihi
1218 1941 1338 1981 esse
1366 1926 1436 1981 de
1484 1925 1685 1980 Christi
1741 1926 2081 1981 confessione
2106 1925 2206 1981 de-

606 2023 771 2084 crevt,
799 2030 975 2089 neque
996 2016 1274 2072 honestam
1304 2016 1535 2086 aliquam
1568 2028 1631 2070 ac
1657 2015 1989 2086 probabilem
2020 2017 2206 2071 ineun-

606 2108 687 2162 da:
732 2109 950 2164 unitatis
992 2110 1257 2164 ratiottem
1308 2108 1469 2162 Statui
1521 2107 1900 2178 respuendam.
1959 2106 2204 2179 Denique

605 2201 801 2256 exinde
843 2200 979 2255 nihil
1023 2200 1093 2272 (Ῑ)
1125 2201 1177 2254 ln
1233 2209 1477 2269 tempora
1520 2200 1863 2255 maledicmm
1898 2244 1912 2268 ,
1958 2200 2094 2256 nihil
2148 2199 2202 2254 iu

604 2311 746 2361 eam,
770 2311 890 2366 qua:
908 2307 1020 2350 tum
1043 2311 1103 2350 se
1122 2295 1325 2350 Christi
1349 2294 1633 2351 ecclesiam
1656 2295 2035 2361 tttcntiebatur,
2059 2304 2205 2349 nunc

603 2400 781 2444 autem
809 2389 1113 2445 antichristi
1144 2396 1228 2444 est
1248 2396 1520 2459 synagoga
1544 2429 1560 2453 ,
1596 2391 1856 2441 famosum
1889 2400 1953 2443 ac
1981 2388 2204 2457 dignum

604 2481 842 2550 ipsorum
876 2483 1150 2552 impietate
1178 2480 1368 2550 scripsi
1400 2521 1415 2546 ,
1458 2491 1552 2534 aut
1584 2479 1792 2548 locutus
1833 2493 1950 2533 sum
1978 2496 1991 2531 :
2027 2494 2203 2550 neque

602 2574 817 2630 interim
843 2573 1089 2630 criminis
1108 2574 1230 2629 loco
1271 2572 1439 2639 duxi,
1467 2580 1796 2644 quemquam
1846 2582 1939 2628 aut
1966 2582 2091 2628 eum
2117 2571 2204 2629 his

604 2713 739 2768 llist.
772 2712 919 2768 Eccl.
950 2729 997 2768 c.
1025 2712 1113 2776 l9,
1148 2712 1426 2766 Paulinum
1458 2727 1580 2765 eum
1611 2711 1823 2765 caeteris
1857 2709 1926 2766 ab
1966 2726 2066 2764 una
2103 2727 2197 2783 sy-

603 2785 744 2838 nodo
772 2784 1055 2840 Mediolan.
1085 2785 1137 2836 in
1162 2783 1407 2837 exsilium
1442 2793 1647 2836 trusum
1670 2796 1791 2836 esse
1813 2783 2194 2838 existimarint.

603 2855 716 2910 luto
762 2854 844 2907 his
891 2856 1036 2910 addit
1078 2853 1306 2908 Rufinus
1337 2853 1598 2907 Hilarium
1644 2862 1807 2921 atque
1854 2853 2194 2908 Rodanium:

601 2928 691 2993 qui
718 2941 745 2978 a
771 2925 1011 2994 Sulpicio
1041 2925 1245 2979 Severo
1266 2926 1468 2993 pariter
1494 2922 1866 2994 superioribus
1893 2924 2198 2993 adjungun-

604 2991 708 3050 tur.
742 2991 895 3051 Unde
922 2995 1232 3050 Blondellus
1267 2991 1537 3048 Hilarium
1566 2991 1736 3047 ’anno
1765 2991 1872 3048 554
1900 2991 2193 3063 relegatum

601 3066 807 3121 scribit.
842 3066 1029 3120 Athos
1062 3079 1251 3119 omnes
1276 3065 1466 3119 exsilio
1492 3063 1791 3134 conjunxit,
1820 3080 1926 3134 non
1956 3075 2190 3134 tempus,

602 3136 697 3225 sed
726 3148 886 3220 causa
909 3152 1012 3191 tina
1040 3176 1054 3201 ,
1080 3134 1359 3191 Athanasii
1402 3135 1519 3189 scil.
1575 3148 1638 3189 ac
1669 3133 1792 3187 fidei
1822 3132 2195 3192 Nicaeum-der
2221 3160 2266 3225 ρ

603 3208 797 3262 ἕιξιιείσ.
1434 3236 1439 3243 τ

662 3276 751 3352 ,(a)
778 3277 955 3352 Apud.
983 3278 1105 3352 Par.
1125 3317 1156 3352 Α
1193 3276 1615 3352 proﬁcietida._ln
1654 3275 1844 3352 codice
1880 3275 2005 3352 vat.
2028 3277 2154 3352 bas.
2177 3319 2193 3345 ,

605 3347 999 3417 proﬁciscentia.
1035 3347 1091 3404 In
1118 3347 1272 3402 Co’lb.
1306 3356 1359 3401 et
1390 3347 1603 3401 Martiu.
1629 3387 1644 3415 ,
1684 3348 2001 3417 proﬁtentia.
2028 3348 2198 3404 Malu-

603 3437 723 3476 mus
745 3434 865 3476 cum
898 3420 1037 3481 aliis,
1073 3419 1412 3488 proﬁcientia.
1445 3419 1683 3488 Namque
1709 3421 1843 3472 utin
1875 3420 2096 3486 bonam,
2124 3422 2194 3475 ita

601 3499 658 3546 ct
688 3494 738 3544 in
769 3492 965 3546 malam
999 3500 1207 3560 partem
1261 3489 1466 3543 Hilario
1521 3489 1788 3544 familiare
1837 3502 1919 3543 est
1968 3490 2191 3546 verbum

603 3563 872 3634 proﬁcere.
900 3561 1071 3634 Quam
1095 3560 1278 3615 scierit
1306 3562 1449 3634 inter
1476 3560 1683 3634 lepratn
1714 3567 1770 3634 et
1800 3561 2027 3630 lepratn,
2053 3561 2196 3634 inter

601 3630 850 3688 Seductus
880 3648 941 3687 ac
968 3632 1280 3687 seductures
1322 3631 1552 3687 Arianos
1595 3630 1909 3701 dijudicat'e,
1944 3633 2046 3687 hoc
2075 3633 2197 3688 loco

602 3707 822 3776 probat;
852 3704 1096 3771 quamvis
1127 3705 1349 3776 Erasini)
1391 3702 1548 3776 aliter
1575 3704 1821 3776 scribere
1842 3703 2120 3776 placuerit.
2142 3774 2167 3776 AA
2194 3704 2197 3707 ’

672 3774 746 3849 (b)
775 3777 995 3844 Septem
1031 3788 1163 3849 mss.
1194 3773 1335 3849 edita
1386 3773 1591 3849 decreta
1620 3783 1746 3849 tum.
1797 3775 1901 3849 Alii
1949 3774 2054 3849 duo
2085 3774 2196 3828 edi-

600 3843 708 3902 tum
729 3843 1010 3912 decretum,
1040 3845 1159 3899 sine
1182 3846 1439 3911 particula
1470 3855 1594 3898 tum.
1631 3843 1842 3899 Deereti
1876 3846 2034 3914 hujus
2063 3860 2194 3900 con-

599 3919 758 3973 dendi
790 3918 1048 3972 Ililarium
1078 3925 1352 3970 auctorem
1383 3921 1713 3986 prrecipuum
1741 3917 2012 3971 exstitisse
2040 3917 2196 3973 valde

602 3989 879 4057 probabile
905 3995 1009 4040 est.
1041 3988 1096 4041 ln
1127 3987 1266 4040 hunc
1296 3987 1468 4041 locum
1497 3985 1636 4041 haud
1666 3985 1826 4042 dubie
1855 3989 2071 4057 respicit
2096 3987 2196 4042 Fa-

599 4056 807 4114 cnndus
836 4058 1111 4113 Hermian.
1144 4059 1298 4126 epist.
1346 4057 1411 4111 ad
1446 4056 1744 4112 Mucianum
1778 4100 1791 4120 ,
1825 4059 1912 4111 ubi
1941 4056 2061 4113 cum
2087 4060 2150 4114 iis
2173 4102 2188 4125 ,

599 4134 689 4200 qui
720 4129 1160 4186 Calchedunense
1182 4129 1475 4183 concilium
1507 4130 1909 4199 impugnabant,
1944 4145 2191 4185 commu-

599 4203 812 4257 nionem
861 4217 967 4255 nott
1023 4200 1309 4254 ineundum
1340 4215 1461 4255 esse
1517 4201 1887 4261 contendens.
1917 4203 2026 4254 ait:
2078 4201 2193 4257 Hoc

596 4290 712 4355 cunt
731 4274 835 4355 suis
852 4271 1060 4355 collegis
1091 4270 1485 4355 .Hilariuﬂ'ecit,
1521 4271 1611 4355 qui
1631 4272 1772 4324 nullo
1789 4272 1957 4355 (μυίης
1981 4276 2032 4325 in
2062 4290 2195 4339 pm?-

589 4346 847 4413 judicium
898 4338 1102 4396 Nicteni
1149 4338 1357 4396 concilii
1424 4345 1725 4412 procedente
1777 4338 2013 4409 decreto,
2064 4338 2193 4398 cum

598 4416 765 4485 prium
788 4415 1162 4467 contrariorum
1182 4413 1449 4467 molimina
1465 4416 1924 4481 prwsnmpsissem,
1942 4428 2034 4483 pro
2041 4430 2190 4481 pera-

597 4497 772 4540 treruut
803 4485 873 4537 ab.
891 4501 1063 4539 eorum
1088 4501 1142 4540 se
1184 4485 1540 4539 communione
1589 4485 1827 4539 dividere.
1878 4487 2181 4541 Plusculum

2309 1924 2462 1979 Nunc
2486 1924 2615 1979 mihi
2649 1940 2753 1979 non
2778 1924 2883 1978 alia
2905 1924 2970 1977 ad
2998 1918 3287 1978 dicendum
3313 1934 3499 1987 causa,
3524 1934 3685 1989 quam
3709 1917 3914 1973 Citriin

2308 2027 2387 2074 est
2411 2036 2425 2070 :
2454 2018 2540 2073 cui
2574 2013 2739 2090 564
2764 2025 2818 2072 et
2848 2016 2949 2071 hoc
2975 2014 3163 2077 debui,
3196 2011 3339 2084 quod
3369 2026 3541 2082 usque
3565 2026 3707 2065 nunc
3735 2011 3910 2076 tacui;

2308 2117 2365 2165 et
2394 2104 2625 2182 (supple,
2656 2108 2764 2181 cui)
2811 2122 2881 2165 ex
2911 2109 3120 2179 reliquo
3167 2121 3254 2163 me
3293 2102 3539 2176 intelligo
3566 2101 3765 2159 debere
3790 2141 3806 2168 ,
3842 2116 3913 2157 ne

2312 2206 2541 2258 taceam.
2654 2196 2661 2203 ”

2379 2297 2433 2351 4.
2467 2294 2862 2350 Persecutorum
2903 2302 3049 2366 aptat
3094 2304 3344 2366 tempora.
3372 2322 3444 2333 —
3481 2291 3659 2362 Atque
3702 2291 3926 2345 atillam.

2307 2386 2436 2441 illud
2468 2388 2665 2458 potius,
2700 2386 3049 2456 omnipotens
3080 2387 3220 2441 Deus
3248 2394 3304 2441 et
3333 2384 3712 2439 universorum
3752 2397 3907 2437 crea-

2309 2491 2413 2548 tor,
2445 2482 2540 2538 sed
2568 2491 2624 2538 et
2668 2484 2825 2537 unius
2854 2482 3069 2537 Domini
3102 2482 3274 2537 nostri
3321 2481 3450 2537 Jesu
3479 2481 3680 2537 Christi
3707 2488 3861 2551 pater
3887 2520 3904 2545 ,

2305 2575 2450 2631 artati
2479 2591 2615 2631 mea:
2644 2589 2701 2632 et
2731 2577 2967 2649 tempori
2992 2575 3360 2647 prtestitisses,
3388 2587 3445 2632 ut
3472 2572 3575 2633 hoc
3605 2573 3907 2631 confessio-

2303 2730 2448 2772 nunc
2476 2734 2613 2773 cxxv
2642 2718 2709 2773 ad
2743 2718 2977 2773 Leonem
3005 2732 3055 2773 c.
3082 2732 3134 2782 t,
3174 2717 3225 2771 in
3264 2714 3696 2771 Calchedouensi
3722 2716 3908 2771 conci-

2302 2786 2375 2839 lio
2401 2798 2611 2844 servata
2644 2798 2727 2845 est
2754 2789 3073 2853 moderatio,
3104 2797 3155 2840 ut
3184 2788 3452 2843 rebellibus
3483 2798 3681 2840 tantum
3699 2804 3759 2841 ac
3785 2805 3903 2858 pcr—

2303 2858 2557 2915 tinacibus
2578 2861 2641 2913 ab
2688 2861 2935 2914 Ecclesia
2968 2861 3165 2914 unitate
3189 2859 3391 2928 rejectis
3422 2902 3436 2924 ,
3494 2858 3628 2912 nulli
3673 2870 3905 2913 correcta

2299 2931 2446 2982 uenia
2475 2943 2760 3001 negaretur.
2793 2930 2947 2999 Quod
2971 2930 3079 2985 Leo
3110 2931 3225 2999 ipse
3256 2930 3539 3000 approbat,
3578 2929 3736 2998 epist.
3766 2930 3905 2985 alias

2298 3014 2482 3073 suis,
2514 3018 2657 3057 nunc
2688 3018 2809 3057 th:
2836 3007 2957 3073 quia
2996 3003 3276 3055 devotionis
3305 3012 3574 3071 utrumque
3606 3014 3680 3054 est
3729 3002 3901 3055 cltris-

2297 3070 2469 3137 tianaz,
2503 3082 2554 3126 ut
2584 3083 2629 3127 et
2658 3070 2942 3142 pertinaces
2988 3073 3173 3126 veritas
3193 3072 3344 3142 justa
3384 3070 3652 3139 coerceat,
3702 3080 3750 3126 et
3777 3088 3905 3127 con-

2299 3154 2472 3213 versos
2502 3144 2727 3199 charitas
2750 3162 2852 3199 non
2879 3142 3117 3213 repellat.

2373 3210 2445 3285 (c)
2474 3214 2638 3279 Editi,
2664 3215 2845 3283 quibus
2880 3210 3056 3285 postea
3083 3226 3255 3271 {mox
3293 3213 3425 3269 ΒΜ.
3454 3255 3469 3281 ,
3502 3215 3617 3279 ΕΓ..
3667 3213 3786 3269 Mir.
3847 3223 3905 3270 et

2298 3281 2445 3357 Lips.
2475 3324 2489 3348 ,
2518 3287 2587 3339 ad
2627 3281 2948 3342 Bitur'ensem
2982 3288 3235 3357 synodum
3273 3286 3584 3356 compulsis;
3640 3285 3763 3342 Par.
3790 3322 3807 3353 ,
3830 3286 3902 3340 ad

2295 3351 2651 3430 Bel/terensent
2667 3365 2926 3430 synodum
2951 3351 3227 3430 coittpAulsis
3244 3351 3732 3430 :‘etttendanturﬁx
3759 3351 3893 3411 mss.

2298 3440 2329 3479 e
2355 3426 2549 3499 quibus
2574 3428 2671 3483 soli
2696 3425 2938 3483 'Martin.
2971 3438 3026 3482 et
3073 3425 3227 3483 Culb.
3262 3426 3460 3499 habent
3488 3471 3502 3493 ,
3547 3445 3580 3481 α
3632 3426 3903 3499 Byterensi

2296 3498 2494 3565 synodo
2524 3500 2860 3568 compulsus:
2898 3500 3077 3553 minus
3115 3513 3261 3554 vere.
3318 3498 3550 3554 Hilarius
3600 3498 3691 3552 hic
3713 3502 3897 3567 paucis

2297 3570 2608 3641 perstringit
2636 3571 2724 3640 qui
2752 3570 2818 3625 ad
2850 3570 3211 3625 Biterrensetu
3238 3570 3505 3641 synodum
3529 3587 3619 3625 an.
3653 3570 3762 3625 556
3807 3587 3901 3625 ve-

2298 3639 2461 3712 nerit,
2492 3639 2603 3696 tum
2635 3639 2761 3712 Quid
2789 3642 2845 3697 iit
2867 3656 2929 3696 ea
2960 3643 3211 3712 gesserit,
3238 3639 3305 3696 ac
3324 3644 3538 3697 tandem
3582 3642 3654 3696 ob
3679 3640 3809 3712 quid
3828 3656 3897 3698 ex

2295 3723 2359 3762 ea
2384 3710 2441 3783 in
2468 3710 2716 3767 exsilium
2749 3713 2932 3783 pulsus
2956 3710 3045 3766 sit.

2372 3779 2451 3852 (d)
2484 3783 2717 3838 Verbum
2752 3779 3187 3837 ’demonstrandre
3219 3823 3234 3848 ,
3275 3783 3345 3839 ab
3384 3780 3615 3838 Erasmo
3662 3784 3896 3853 primum

2296 3863 2621 3921 expunctum
2647 3895 2662 3920 ,
2690 3855 3023 3910 reStituimus
3048 3869 3115 3909 ex
3146 3854 3275 3909 Bad.
3307 3865 3361 3911 et
3412 3870 3546 3909 mss.

2368 3923 2442 3995 (ε)
2474 3925 2850 3980 Martinianum
2887 3925 3166 3996 exemplar
3188 3940 3309 3980 cum
3337 3926 3493 3981 Culb.
3520 3967 3537 3991 ,
3570 3926 3895 3983 audientibus

2296 3995 2476 4069 obtuli.
2509 3996 2689 4069 Sedilti
2719 3999 2948 4052 timentes
2968 3995 3191 4069 propria:
3207 3998 3529 4069 conscientia:
3550 3999 3771 4066 pondus,
3799 4016 3899 4052 au-

2296 4067 2427 4131 dire,
2460 4073 2563 4121 etc.
2612 4068 2778 4137 Magis
2830 4067 3151 4136 placetcum
3194 4068 3314 4122 aliis
3343 4110 3359 4131 ,
3398 4070 3631 4123 timentes
3672 4068 3896 4139 publica:

2295 4139 2617 4193 conscientia!
2642 4181 2656 4205 ,
2686 4140 2875 4209 supple
2902 4183 2916 4207 ,
2947 4138 3207 4209 manifesti
3246 4141 3379 4207 fieri.
3423 4140 3578 4195 Hunc
3617 4138 3771 4195 suum
3826 4140 3896 4195 tia

2297 4224 2506 4264 morem
2532 4210 2643 4278 jam
2673 4211 2742 4265 ab
2772 4226 2914 4265 anno
2942 4213 3222 4279 superiore
3253 4211 3633 4278 prodiderant;
3665 4223 3894 4268 serentes

2295 4282 2426 4334 enim
2448 4281 2627 4354 populi
2639 4281 2905 4354 judicium
2924 4297 2951 4334 e
2980 4280 3249 4354 Ποπιρίιῄσο
3279 4281 3345 4335 ad
3389 4283 3883 4354 palatiumtransie-

2294 4348 2535 4415 t'ttttlpull
2580 4348 2806 4422 legimus
2854 4351 2945 4407 lib.
2981 4366 2998 4407 ι
3040 4351 3105 4406 ad
3148 4348 3520 4407 Consutntittut
3556 4369 3610 4407 η.
3638 4353 3671 4408 8
3701 4396 3715 4419 ,
3764 4369 3890 4409 cum

2294 4430 2481 4477 contra
2515 4422 2746 4478 Hilarius
2776 4423 2909 4478 nihil
2938 4424 3105 4493 magis
3142 4425 3197 4476 in
3214 4425 3349 4476 νοιίς
3383 4425 3624 4479 haberet.
3657 4425 3768 4479 Hoc
3802 4425 3889 4478 Bi-

2296 4495 2457 4549 terris
2482 4494 2718 4549 nondum
2741 4497 2915 4559 exsul,
2937 4497 3038 4549 hoc
3060 4496 3215 4547 exsul
3233 4496 3700 4564 Coitstaotmopolt
3731 4498 3891 4551 enixe

600 4564 774 4637 tamen
808 4559 856 4612 ei
883 4568 931 4637 at
943 4556 1149 4637 tribuit;
1179 4555 1295 4610 Non
1337 4557 1478 4637 enim
1516 4558 1713 4637 omnia.
1744 4557 1982 4611 morbida
2001 4573 2186 4637 _tnetn-
2211 4544 2263 4604 Ῐ)

599 4624 690 4682 lira
720 4630 974 4692 descent,
1007 4628 1100 4682 scd
1131 4626 1182 4679 in
1215 4627 1591 4695 corruptionem
1622 4627 1777 4679 totius
1806 4629 2035 4696 corporis
2061 4644 2183 4698 pro-

595 4702 817 4768 ﬁcientia
848 4740 861 4763 ,
897 4710 1007 4753 tres
1047 4697 1165 4753 scil.
1209 4699 1492 4768 episcopos
1526 4698 1833 4751 dumtaxat:
1865 4708 2039 4767 neque
2062 4697 2183 4754 hoc

595 4776 775 4827 statim
808 4781 928 4840 post
972 4770 1136 4839 prittta
1168 4784 1357 4824 eorum
1411 4768 1719 4833 molimina;
1758 4768 1857 4823 sed
1904 4779 2183 4840 postquam

597 4841 980 4897 Mediolanensi
1012 4841 1241 4912 synodo_
1240 4840 1509 4912 prosecuti
1531 4848 1678 4912 sunt,
1705 4840 1848 4909 quod
1880 4842 2181 4897 Arelatensi

596 4913 827 4983 primum
873 4908 1161 4966 tentarent.
1187 4908 1319 4983 ⁸Ειδὶ
1353 4911 1481 4964 latet
1509 4927 1575 4964 an
1619 4908 2025 4965 hnc’decrelutn
2054 4926 2184 4983 cott-

596 4980 858 5038 flrnmrittt
878 4983 1048 5038 sancti
1073 4980 1435 5042 confessores,
1458 4992 1603 5036 certe
1627 4995 1733 5034 non
1756 4983 1914 5035 aliam
1941 4982 2181 5052 regulam

594 5058 762 5110 secuti
792 5065 937 5125 sunt,
970 5054 1060 5124 qui
1091 5068 1178 5125 an.
1211 5051 1318 5109 562
1353 5052 1691 5125 Alexandria:
1743 5051 2072 5125 eongregati,
2103 5057 2180 5111 uti

596 5130 776 5181 narrat
805 5124 1048 5189 Rufinus,
1086 5124 1174 5179 lib.
1206 5139 1244 5188 ι,
1274 5138 1391 5193 cap.
1419 5124 1509 5192 ’28,
1536 5135 1866 5189 sanxerunt,
1893 5124 2181 5181 ut’tantttm

593 5199 826 5269 perﬁdia:
849 5196 1141 5252 auctoribus
1161 5198 1459 5269 amputatis,
1486 5197 1691 5268 reliquis
1716 5195 2062 5269 sacerdotibus
2086 5198 2182 5252 da-

593 5267 732 5323 retur
759 5272 918 5340 Optio,
949 5271 992 5323 si
1024 5271 1154 5341 forte
1168 5268 1348 5334 uelint,
1367 5267 1802 5341 abjuraterrrore
1824 5268 2075 5341 per/idiota.
2106 5269 2177 5323 ad

591 5342 749 5413 ﬁdem
785 5338 988 5413 patrum
1015 5338 1303 5413 statutaque
1329 5338 1577 5413 conuerti;
1604 5338 1856 5413 Deinde,
1892 5338 1965 5394 uti
1997 5340 2174 5411 loqui-

594 5408 678 5466 tur
695 5408 1068 5477 Hieronymus,
1099 5408 1237 5465 Dial.
1264 5408 1461 5465 Contra
1486 5408 1682 5473 Lurii‘.,
1708 5427 1943 5466 assensus
1966 5421 2040 5466 est
2059 5408 2180 5466 huic

590 5485 849 5538 sententia:
883 5482 1160 5551 Occidens,
1203 5493 1248 5555 et
1277 5498 1366 5555 per
1404 5492 1507 5537 tam
1537 5484 1875 5555 necessarium
1912 5482 2183 5538 consilium

590 5566 788 5607 satana:
810 5554 1044 5623 faucibus
1077 5553 1295 5625 mundus
1339 5564 1541 5625 ereptus
1584 5564 1678 5609 est.
1730 5553 1804 5608 Ita
1836 5555 2181 5610 Innocentius

593 5639 727 5695 papa
751 5631 931 5696 patres
950 5624 1165 5680 concilii
1211 5623 1736 5696 Milevitaniregulze
1779 5627 1953 5681 eidem
1997 5625 2183 5680 a‘dhte-

592 5693 771 5751 rcutes
797 5695 1084 5751 confirmat
1127 5696 1210 5749 his
1239 5695 1448 5750 verbis:
1487 5693 1554 5751 Ut
1584 5693 1772 5750 durum
1798 5699 2021 5751 arbitror
2059 5698 2183 5751 con-

592 5767 864 5819 nirentiam
881 5774 1125 5836 prostare
1143 5766 1496 5841 peccantibus:
1525 5772 1597 5823 tta
1607 5768 1838 5841 Jimpium
1852 5767 2038 5841 judico
2073 5780 2184 5823 ma-

594 5846 719 5886 num
743 5828 929 5905 negare
947 5828 1220 5890 conversis.
1254 5835 1327 5890 Ea
1351 5846 1567 5907 quoque
1605 5828 1788 5895 Leone
1825 5828 1986 5904 teste,
2020 5840 2180 5908 epist.

2290 4636 2513 4691 facultas
2539 4636 2639 4692 sibi
2670 4636 2907 4691 daretur.
2940 4636 3090 4704 Quod
3142 4636 3329 4690 Ariani
3371 4644 3684 4692 constanter
3716 4638 3888 4693 refor-

2290 4706 2572 4772 ntidamcs,
2607 4722 2730 4762 cum
2765 4718 2885 4777 post
2912 4712 3138 4777 primam
3165 4710 3479 4776 petitionem
3509 4711 3565 4764 in
3589 4708 3883 4774 exsilium,

2290 4789 2410 4849 post
2431 4780 2657 4834 alteram
2689 4782 2741 4832 in
2771 4780 2997 4848 patriam
3025 4779 3309 4834 miserunt.

2360 4871 2429 4943 (Ῑ)
2460 4871 2616 4943 Had,
2651 4871 2745 4926 Er.
2766 4881 2821 4926 et
2852 4872 2969 4925 Mir.
3010 4886 3134 4927 cum
3182 4886 3312 4928 mss.
3347 4916 3360 4939 ,
3388 4874 3444 4927 in
3472 4884 3720 4943 tempore.
3746 4872 3889 4930 Tum

2286 4942 2467 5014 exiliis
2488 4942 2595 4996 duo
2619 4983 2635 5008 ,
2666 4943 2990 5014 maledicum.
3021 4943 3117 5014 His
3148 4944 3331 5014 verbis
3362 4962 3422 4999 se
3473 4942 3789 5014 prtestitisse
3810 4946 3882 5000 si-

2283 5013 2521 5084 gnificat,
2552 5011 2696 5086 quod
2739 5014 2836 5067 lilt.
2869 5030 2897 5067 x
2941 5014 3009 5068 de
3038 5008 3232 5068 Trinit.
3296 5033 3352 5069 ιι.
3406 5015 3439 5069 4
3474 5008 3831 5086 proposmarat
3866 5058 3882 5086 ,

2287 5083 2375 5141 ubi
2402 5087 2507 5140 ait:
2540 5083 2618 5138 De
2637 5086 2944 5157 teniporibus
2974 5099 3077 5140 mm
3105 5100 3399 5157 querentur,
3430 5083 3539 5144 etc.

2357 5178 2434 5253 (g)
2468 5181 2633 5247 Editi,
2656 5181 3063 5253 recurrentium:
3089 5182 3456 5237 abnuentibus
3475 5183 3726 5237 omnibus
3749 5188 3882 5237 inss.

2282 5252 2476 5321 quibus
2505 5253 2650 5306 favet
2670 5252 2807 5324 illud
2832 5266 2951 5319 cap.
2982 5255 3019 5306 2
3047 5252 3102 5305 itt
3133 5253 3344 5321 Matth,
3375 5270 3428 5307 η.
3451 5254 3507 5322 2,
3540 5254 3629 5308 ubi
3651 5270 3746 5324 per
3768 5268 3888 5323 pm-

2281 5323 2557 5377 nitentiam
2584 5323 2778 5379 reditus
2796 5325 2858 5378 ab
2881 5339 3048 5378 errore
3065 5333 3109 5377 et
3131 5338 3367 5378 recursus
3384 5341 3417 5378 α
3436 5323 3788 5379 crimineesse
3801 5325 3887 5379 di-

2284 5406 2442 5448 eitur.
2468 5394 2601 5448 Tum
2641 5404 2870 5466 quatuor
2901 5410 3031 5450 mss.
3067 5409 3444 5467 prwpurentus:
3468 5397 3557 5451 alii
3585 5394 3717 5462 duo,
3744 5410 3881 5465 pra:-

2287 5481 2549 5534 paramus.

2362 5536 2518 5609 (hilo
2543 5550 2670 5591 mss.
2685 5535 2850 5609 _Cellt.
2874 5547 2929 5593 et
2953 5537 3030 5595 Ma
3041 5537 3188 5603 rtin.,
3208 5539 3438 5593 libertate
3455 5547 3668 5592 stantem
3693 5553 3712 5592 :
3736 5535 3885 5609 quod

2286 5606 2559 5662 Bandinus
2588 5623 2653 5663 ac
2683 5607 2930 5665 Latinius
2958 5611 3239 5681 legendum
3261 5622 3384 5665 esse
3408 5606 3809 5680 conjectaruu't.

2355 5696 2418 5772 (ἱ)
2450 5697 2603 5772 Apud
2625 5697 2773 5769 Lips.
2805 5706 2861 5757 et
2887 5698 3011 5755 Par.
3041 5741 3056 5767 ,
3086 5710 3266 5772 tamen
3288 5699 3501 5755 adhibui
3529 5699 3598 5755 ad
3622 5699 3884 5772 silentium

2287 5766 2511 5840 tempus.
2546 5766 2763 5842 Rectius
2789 5773 2909 5827 aliis
2938 5773 2991 5827 in
3038 5766 3218 5834 libris.
3270 5778 3559 5827 tantum...
3593 5771 3837 5842 temporis
3865 5809 3884 5840 ,

2285 5842 2403 5898 scil.
2428 5841 2863 5914 quadriennium,
2887 5842 3030 5913 quod
3053 5845 3162 5916 jam
3195 5844 3247 5900 in
3269 5843 3466 5901 exsilio
3486 5841 3762 5915 exegerat.
