4270 6264
404 230 513 286 585

1251 230 1457 288 LIBER
1503 232 1775 290 CONTRA
1817 232 2305 294 CONSTANTIUM
2346 236 2863 314 IMPERATOREM.

3600 253 3707 312 586

403 345 605 402 elevari
636 344 756 400 sine
785 343 992 415 laqueis
1020 357 1270 415 corpora,
1302 355 1357 401 et.
1380 349 1660 415 suspensis
1690 348 1826 420 pede
1857 350 2003 405 femi-
2030 351 2080 409 A
2111 350 2178 405 tis
2206 351 2547 409 admittitur?
2575 357 2639 411 At
2671 356 2795 413 vide
2826 355 2963 422 tu,si
2994 356 3287 426 prmfercns
3312 372 3509 424 nomen
3526 363 3707 420 Domi-

405 438 487 492 nis
517 446 695 492 vestes
721 451 827 491 non
859 435 1095 492 deﬂuere
1127 436 1177 490 in
1220 438 1449 506 faciem,
1497 441 1580 494 uri
1629 440 1748 496 sine
1794 440 2009 511 ignibus

405 529 668 602 spiritus,
714 528 960 585 conﬁteri
1015 527 1091 603 (a)
1123 530 1240 586 sine
1283 530 1707 602 interrogatione
1747 540 2007 600 vexatos,

404 638 566 695 agere
592 621 775 679 omnia
804 637 911 678 non
942 621 1121 679 minus
1151 638 1275 680 cum
1308 624 1557 696 profectu
1605 625 1969 682 examinamis
1992 666 2007 693 ,

406 730 569 787 quam
618 715 956 771 incremento
1004 714 1153 771 ﬁdei.
1185 713 1257 770 At
1297 726 1375 783 tu,
1426 717 1665 772 omnium
1710 717 2009 773 crudelium

408 805 782 863 crudelissime
809 849 823 873 ,
854 805 1055 862 damno
1082 807 1288 876 majore
1310 807 1364 863 in
1392 823 1511 876 nos,
1542 818 1597 866 et
1618 810 1772 865 venia
1802 809 2013 866 minore

408 899 659 956 deszevis.
706 898 968 970 Subrepis
996 899 1076 972 (b)
1105 900 1342 968 nomine,
1367 900 1739 958 blandimento
1766 902 1967 958 occidis
1993 941 2008 967 ,

409 994 592 1065 specie
621 993 901 1066 religionis
932 994 1268 1065 impietatem
1311 996 1559 1068 peragis,
1603 996 1805 1053 Chrisri
1854 996 2013 1053 fidem

410 1085 610 1142 Christi
643 1087 875 1144 mendax
905 1088 1230 1158 praedicator
1259 1089 1583 1160 exstinguis.
1610 1088 1726 1145 Non
1753 1091 2014 1163 relinquis

2114 445 2165 498 ni
2195 446 2245 499 in
2280 447 2456 502 verbis
2483 489 2497 511 ,
2528 448 2859 504 voluntatem
2888 451 3090 505 efficias
3123 451 3215 505 Dei
3248 453 3413 521 patris
3439 454 3491 510 in
3524 458 3706 512 rebus.

2112 536 2319 593 Clamat
2338 540 2425 595 ille
2443 557 2455 594 :
2485 540 2587 595 llic
2597 552 2672 597 est
2689 544 2828 613 ﬁlius
2845 561 2987 599 meus
3000 542 3237 612 dilectus,
3260 548 3311 600 in
3333 564 3431 615 quo
3448 550 3575 603 milii
3588 552 3712 606 bene

2113 631 2403 700 complacui
2446 632 2676 704 (Matth.
2711 652 2787 703 ιιι,
2823 636 2954 707 17):
3000 646 3055 692 et
3094 647 3148 692 tu
3175 637 3425 694 decernis
3454 656 3560 697 non
3586 658 3710 701 esse

2115 721 2281 776 ﬁlimn
2303 764 2318 789 ,
2351 738 2525 795 neque
2550 740 2671 781 esse
2699 734 2938 796 patrem;
2988 726 3082 783 sed
3113 726 3422 799 adoptionis
3451 733 3670 789 nomina
3693 777 3709 801 ,

2114 822 2369 872 externas
2396 818 2822 889 nuncupationes
2850 861 2865 887 ,
2896 827 2953 875 et
2976 819 3320 878 simulantem
3344 821 3412 879 de
3441 838 3503 880 se
3529 826 3710 882 omnia

2119 906 2285 962 Deum
2313 923 2484 964 novus
2515 908 2675 965 hodie
2704 910 2983 981 religionis
3022 911 3218 967 divinae
3266 904 3583 984 persecutor
3633 917 3715 972 in-

2116 997 2289 1054 ducis.
2321 988 2566 1057 Antehac
2597 1010 2777 1072 patres
2808 1003 2883 1057 tui
2916 1002 3083 1075 (Nero
3106 1045 3120 1069 ,
3149 1005 3365 1072 Decius,
3396 1004 3527 1078 etc.)
3550 1007 3601 1061 in
3628 1023 3719 1063 so-

2119 1090 2225 1146 lum
2257 1091 2529 1147 Christum
2562 1092 2746 1148 hostes
2778 1094 2993 1149 fuerunt
3032 1112 3045 1148 :
3100 1104 3156 1150 tu
3183 1105 3362 1152 autem
3395 1096 3460 1152 ad
3492 1097 3712 1155 Patrem

412 1181 603 1238 saltem
649 1181 867 1238 miseris
916 1183 1291 1239 excusationes
1316 1225 1332 1248 ,
1386 1191 1444 1239 ut
1472 1193 1679 1240 aeterno
1717 1185 1884 1255 jndici
1915 1201 2013 1240 suo
2048 1192 2091 1236 ο
2118 1183 2288 1241 Deum
2317 1193 2521 1252 certas,
2553 1195 2606 1240 ut
2632 1185 2865 1242 mendax
2892 1186 2983 1251 sit,
3014 1195 3072 1241 ut
3103 1186 3388 1248 fefellerit.
3436 1199 3490 1243 ut
3521 1189 3623 1244 hoc
3646 1190 3717 1246 de

412 1287 600 1344 pcenas
628 1283 683 1329 et
712 1273 919 1345 aliquas
950 1275 1269 1330 laniatornm
1300 1290 1589 1346 corporum
1628 1275 1701 1348 (ε)
1743 1277 2019 1347 perferant

412 1365 692 1422 cicatrices
716 1408 730 1433 ,
765 1374 823 1422 nt
850 1366 1134 1423 inﬁrmitas
1161 1367 1416 1425 defendat
1445 1372 1842 1426 necessitatem.
1882 1371 2014 1428 See.

411 1456 701 1513 lestissime
726 1460 1071 1525 mortalium,
1113 1461 1294 1515 omnia
1327 1462 1723 1532 persecutionis
1762 1463 1903 1518 mala
1947 1464 2017 1520 ita

414 1559 702 1622 temperas,
756 1559 815 1607 ut
860 1552 1124 1609 excludas
1149 1562 1204 1608 et
1233 1554 1285 1609 in
1332 1563 1553 1625 peccato
1581 1555 1796 1612 veniam
1823 1598 1837 1623 ,
1882 1565 1937 1612 et
1964 1558 2019 1612 in

415 1642 755 1700 confessione
783 1646 1122 1717 martyrium.
1173 1646 1280 1703 Sed
1331 1646 1449 1703 h:ec
1478 1648 1571 1704 ille
1605 1648 1683 1720 (ά)
1714 1660 1865 1716 pater
1895 1658 2019 1705 tuus

2119 1292 2179 1332 se
2210 1278 2484 1348 professus
2509 1280 2578 1334 sit
2607 1278 2750 1350 quod
2796 1295 2901 1334 non
2930 1288 3077 1335 esset
3106 1321 3120 1343 ,
3174 1281 3329 1350 quasi
3377 1297 3550 1350 neque
3597 1298 3722 1339 esse

2121 1371 2327 1442 possit,
2369 1368 2579 1425 Clamat
2616 1370 2827 1426 Filius:
2879 1370 2993 1442 Ego
3033 1381 3079 1425 et
3129 1370 3286 1425 Pater
3336 1389 3496 1426 unum
3542 1391 3718 1430 smnus

2125 1462 2302 1533 (Joan.
2335 1479 2393 1528 x,
2424 1460 2556 1535 50);
2595 1473 2667 1530 et,
2702 1460 2954 1535 Operibus
2981 1463 3106 1517 meis
3134 1463 3325 1518 credite
3346 1503 3362 1530 ,
3401 1465 3525 1535 quia
3560 1464 3719 1521 Pater

2121 1557 2296 1621 inme,
2328 1566 2378 1613 et
2402 1573 2493 1629 ego
2512 1557 2567 1610 in
2599 1555 2758 1611 Patre
2778 1554 2829 1627 (1
2837 1555 2969 1621 bid.,
2997 1553 3211 1626 58):et,
3238 1554 3447 1621 Omnia,
3476 1573 3590 1625 qua:
3618 1556 3724 1611 Pe-

2125 1649 2216 1703 tris
2240 1647 2403 1720 569
2424 1656 2564 1713 sunt,
2590 1664 2700 1701 mea
2716 1657 2833 1701 sunt
2860 1644 3041 1718 (Joan.
3067 1662 3178 1713 xvi,
3213 1645 3337 1719 15):
3368 1656 3421 1703 tu
3445 1648 3724 1706 Christum

417 1735 610 1792 artifex
638 1734 991 1792 humanarum
1024 1736 1275 1793 mortium
1316 1737 1541 1803 docuit,
1593 1739 1758 1813 568
1802 1740 2018 1799 vincere
2046 1740 2095 1801 B
2121 1740 2373 1810 obiurgas
2419 1740 2480 1812 (ἱ)
2526 1739 2804 1804 veritatis,
2854 1748 2910 1793 tu
2940 1739 3173 1793 Patrem,
3201 1741 3383 1811 arguis
3428 1741 3723 1811 professio-

417 1828 534 1884 sine
558 1829 895 1884 contumacia
923 1869 937 1895 ,
961 1828 1210 1900 jugulare
1239 1830 1356 1886 sine
1386 1830 1593 1901 gladio,
1624 1834 1872 1903 persequi
1901 1834 2021 1890 sine

418 1921 665 1985 infamia,
695 1921 769 1992 (ε)
799 1921 983 1978 ordire
1014 1921 1130 1978 sine
1160 1923 1467 1994 su5picione
1490 1966 1506 1991 ,
1549 1925 1764 1981 mentiri
1793 1926 1910 1982 sine
1941 1927 2023 1983 in-

424 2012 740 2084 telligentia,
770 2013 1009 2083 proﬁteri
1039 2014 1157 2070 sine
1181 2014 1287 2070 ﬁde
1315 2057 1329 2081 ,
1359 2012 1591 2071 blandiri
1616 2018 1732 2074 sine
1757 2018 2021 2086 bonitate,

420 2119 582 2177 agere
606 2105 678 2179 (Ῑ)
708 2104 851 2176 quod
880 2106 1035 2172 velis,
1063 2122 1164 2162 nec
1192 2107 1540 2164 manifestare
1566 2125 1685 2180 qum
1715 2110 1871 2165 velis.

493 2198 548 2254 9.
582 2196 799 2253 Domini
829 2213 1012 2253 nomen
1038 2199 1092 2253 in
1113 2198 1275 2254 verbis
1302 2197 1609 2269 Constantii,
1642 2202 1817 2257 nonin
1845 2204 2020 2274 gestis.

422 2291 591 2348 Deum
635 2292 835 2347 inducit
889 2293 1150 2364 fallacem.
1180 2322 1252 2333 -—
1280 2292 1387 2351 Sed
1437 2308 1524 2351 me
1566 2294 1682 2365 ipse
1724 2295 2026 2368 unigenitus

423 2386 604 2452 Deus,
657 2399 818 2456 quem
864 2384 918 2440 in
962 2399 1049 2441 me
1090 2384 1471 2456 persequeris,
1522 2384 1803 2443 admonuit
1829 2403 1899 2444 ne
1928 2388 2024 2443 tibi

422 2481 744 2549 crederem,
788 2494 963 2552 neque
991 2495 1079 2535 me
1118 2480 1220 2535 hoc
1248 2478 1406 2534 fallax
1434 2480 1487 2534 in
1515 2487 1570 2536 te
1600 2481 2027 2552 ementitumque

424 2590 622 2631 nomen
651 2573 903 2631 illuderet
931 2615 946 2641 ,
978 2574 1166 2631 dicens
1201 2590 1216 2629 :
1267 2572 1393 2629 Non
1421 2575 1587 2630 omnis
1610 2576 1700 2647 qui
1730 2576 1853 2631 dicit
1875 2577 2024 2644 mihi,

424 2668 664 2736 Domine,
693 2667 935 2736 Domine,
965 2667 1172 2723 intrabit
1192 2668 1246 2722 in
1274 2684 1489 2740 regnum
1510 2669 1759 2725 caelorum
1785 2687 1804 2725 :
1825 2671 1917 2726 sed
1941 2673 2028 2742 qui

426 2763 549 2834 facit
568 2763 879 2817 uoluntatem
908 2760 1083 2815 Patris
1105 2761 1222 2830 mei,
1252 2758 1328 2833 (g)
1358 2762 1447 2831 qui
1468 2761 1521 2815 in
1540 2762 1681 2816 cretis
1713 2771 1807 2830 est,
1836 2762 1920 2816 hic
1946 2763 2030 2818 in-

426 2854 576 2909 trabit
596 2855 650 2908 in
673 2868 889 2926 regnum
919 2852 1161 2908 calorum
1188 2850 1419 2924 (Matth.
1464 2867 1559 2920 vn,
1586 2851 1713 2923 21).
1763 2854 2030 2924 Agnoscis

429 2961 499 3003 ne
532 2959 675 3001 nunc
702 2945 899 3001 divina:
940 2944 995 3000 in
1027 2953 1080 3000 te
1106 2943 1405 3015 prophetia:
1430 2944 1714 3000 veritatem
1758 2954 1814 3002 et
1851 2946 2029 3003 domi~

428 3037 562 3093 nica:
590 3038 874 3094 sententiae
891 3034 1083 3103 ﬁdem,
1117 3034 1201 3109 (It)
1230 3051 1334 3107 qua
1365 3050 1470 3092 non
1503 3037 1769 3108 professio
1798 3039 2031 3099 nominis

2126 1834 2228 1888 nis.
2262 1831 2536 1888 Emendas
2567 1831 2735 1886 Deum
2765 1830 2947 1897 homo,
2984 1830 3148 1884 vitam
3176 1830 3475 1887 moderaris
3502 1848 3727 1905 corrup—

2129 1927 2224 1993 tio,
2256 1934 2311 1981 et
2339 1940 2442 1981 nox
2471 1924 2644 1980 lucem
2677 1922 2950 1978 illuminas
2976 1962 2992 1989 ,
3021 1931 3076 1978 et
3115 1924 3423 1995 promulgas
3454 1925 3614 1982 fidem
3643 1927 3727 1983 in-

2126 2014 2303 2072 fidelis
2328 2054 2341 2079 .
2389 2024 2445 2071 et
2477 2015 2555 2088 (j)
2583 2014 2834 2086 pietatem
2883 2012 3080 2083 impius
3109 2014 3353 2070 mentiris
3377 2055 3394 2083 ,
3440 2024 3497 2071 et
3538 2018 3726 2076 orbem

2128 2119 2290 2167 terra:
2334 2106 2558 2179 profana
2609 2107 2884 2163 simultate
2917 2106 3247 2163 committis:
3303 2122 3504 2180 negans
3528 2109 3634 2167 hoc
3657 2111 3730 2168 de

2128 2205 2261 2273 Deo,
2296 2202 2438 2275 quod
2469 2203 2587 2273 ipse
2616 2199 2683 2257 de
2712 2215 2772 2257 se
2793 2200 3066 2272 professus
3087 2210 3191 2255 est.

2200 2297 2291 2354 10.
2332 2295 2632 2351 Constantio
2658 2294 2807 2349 vestis
2830 2293 3001 2348 ovina.
3024 2323 3097 2333 ——
3123 2292 3228 2350 Sed
3264 2294 3339 2367 (IS)
3369 2305 3562 2365 prmter
3593 2298 3733 2356 hanc

2128 2386 2564 2448 emendationem
2595 2384 2879 2453 falsitatis,
2912 2385 3053 2440 aliud
3099 2401 3187 2441 me
3220 2386 3515 2453 Dominus,
3549 2390 3616 2445 ad
3645 2393 3732 2446 in-

2131 2479 2481 2553 telligendum
2530 2488 2619 2545 te,
2658 2476 2863 2533 dictum
2895 2476 3111 2542 docuit,
3143 2476 3332 2534 dicens
3361 2496 3375 2534 :
3406 2480 3664 2537 Attendite
3700 2501 3735 2537 a

2129 2573 2621 2650 pseudOpropItetis,
2677 2571 2764 2641 qui
2808 2571 3011 2624 veniunt
3075 2570 3145 2623 ad
3190 2587 3276 2625 vos
3320 2572 3378 2625 in
3426 2575 3734 2632 vestimentis

2133 2667 2302 2722 ovium
2325 2705 2341 2732 ,
2369 2664 2433 2736 (l)
2461 2665 2524 2716 ab
2550 2662 2690 2716 intus
2718 2671 2889 2716 autem
2913 2668 3030 2715 sunt
3059 2661 3168 2733 lupi
3192 2677 3405 2729 rapaces
3435 2679 3453 2716 :
3484 2680 3516 2718 a
3546 2667 3732 2736 frugi-

2132 2758 2225 2816 bus
2262 2772 2443 2812 eorum
2471 2754 2785 2827 cognoscetis
2826 2768 2910 2807 eos
2938 2750 3157 2824 (Matth.
3185 2769 3290 2819 vn,
3329 2752 3397 2808 15
3425 2797 3440 2822 ,
3498 2754 3608 2828 16).
3641 2758 3739 2814 Est

2132 2853 2279 2909 enim
2306 2846 2510 2919 aliquid
2537 2849 2589 2901 in
2615 2844 2804 2910 corde,
2838 2843 2983 2915 quod
3010 2844 3383 2900 dissimulatur
3405 2846 3458 2901 in
3487 2847 3660 2915 vultu,
3684 2858 3743 2906 et

2131 2944 2371 3000 velatum
2400 2947 2486 2996 est
2522 2946 2747 2993 mente:
2776 2946 2832 2991 et
2870 2951 3027 2990 ovem
3060 2945 3346 3005 putantes,
3382 2938 3566 3008 lupum
3609 2956 3739 2996 sen-

2134 3043 2343 3096 serunt.
2375 3032 2431 3090 Si
2454 3047 2572 3103 quae
2609 3029 2791 3084 ovium
2822 3035 2947 3083 sunt
2975 3038 3171 3099 agunt,
3204 3028 3497 3087 credantur
3528 3043 3583 3088 et
3608 3050 3739 3094 oves

429 3132 483 3188 in
512 3129 734 3188 caeleste
762 3144 985 3201 regnum
1010 3170 1026 3197 ,
1052 3126 1149 3186 sed
1178 3127 1485 3185 obedientia
1509 3137 1747 3199 paternae
1776 3132 2020 3190 volunta-
2047 3129 2095 3195 C
2125 3146 2245 3190 esse
2270 3149 2283 3183 :
2316 3127 2364 3183 si
2388 3133 2568 3182 autem
2600 3121 2695 3194 (m)
2716 3120 2990 3191 rapacium
3014 3120 3266 3190 luporum
3292 3137 3429 3194 opus
3454 3136 3739 3199 peragunt,

521 3266 748 3340 got-poris
769 3277 916 3340 omne
938 3277 1129 3340 sacrum
1142 3271 1278 3316 casto
1295 3263 1690 3340 velat-ur‘Operto
1711 3279 1725 3317 :

521 3327 726 3391 Scilicet
740 3336 798 3379 ut
816 3328 968 3377 divini
992 3329 1158 3391 Operis
1181 3330 1467 3391 reverentia
1491 3327 1637 3378 tectis

522 3389 817 3454 Corporibus
838 3389 1055 3453 maneat,
1082 3402 1179 3454 nec
1201 3390 1553 3454 pinnadaemon
1579 3393 1628 3454 in
1654 3391 1759 3454 ipsa

524 3450 633 3516 Qua
648 3454 900 3516 cruciatur
922 3450 1057 3510 ovet,
1081 3450 1224 3516 nudis
1239 3450 1491 3516 prodendo
1514 3450 1750 3515 pudorem

524 3514 760 3579 Artubus,
780 3513 935 3564 illaso
957 3514 1159 3575 gravius
1184 3513 1441 3577 torquetur
1466 3513 1691 3566 honesto.

502 3597 821 3669 llujusmodi
875 3605 1179 3669 portentum
1223 3608 1403 3654 nostra
1442 3598 1786 3669 actatevidit
1830 3599 2029 3657 Letha-

434 3666 622 3739 ringia,
648 3670 726 3724 uti
755 3666 914 3724 ﬁdem
942 3666 1147 3724 faciunt
1171 3669 1569 3725 Commentaria
1605 3668 1933 3729 Marchionis
1963 3674 2028 3727 de

430 3739 672 3795 Beaucau
699 3739 1131 3810 galliceScripta,
1161 3754 1215 3810 p.
1245 3740 1301 3797 6.

507 3810 584 3885 (η)
631 3810 703 3885 Et
730 3813 872 3885 hunc
909 3811 1084 3867 locum
1113 3820 1479 3867 restauramus
1515 3824 1581 3866 ex
1614 3825 1744 3867 mss.
1773 3811 1929 3869 Colb.
1974 3822 2033 3870 et.

433 3881 645 3937 Martin.
680 3881 734 3937 in
764 3882 957 3952 quibus
981 3891 1169 3955 tamen
1198 3890 1374 3937 exstat
1397 3898 1492 3955 age
1513 3896 1803 3955 proagere,
1832 3893 1887 3939 et
1903 3900 2027 3955 pro-

435 3899 645 3937 tnartm.
680 3899 734 3937 ιιι
764 3899 957 3952 qumus
981 3899 1158 3938 tamen
1198 3899 1374 3937 cxsm
1397 3899 1492 4007 αἴθε
1513 3899 1609 3950 pro
1632 3899 1803 3953 agere,
1832 3899 2021 3955 etpra-

435 3957 570 4026 [ξαρ
587 3969 693 4026 non
727 3954 980 4026 profectu.
1006 3952 1062 4026 In
1084 3953 1203 4026 aliis
1227 3964 1405 4008 autem
1460 3952 1589 4026 ibris
1619 3951 1872 4017 habetur,
1893 3971 2021 4009 con-

435 4023 571 4095 ﬁteri
596 4025 704 4079 sine
722 4023 1088 4096 interrogantis
1110 4024 1419 4096 incremento
1446 4023 1587 4096 ﬁdei.
1609 4026 1674 4096 At
1702 4033 1758 4096 tu
1788 4026 2024 4096 omnium

435 4093 797 4153 crudelitatum
823 4093 1191 4149 crudelissime.
1240 4094 1336 4150 Hic
1367 4094 1602 4150 ostendit
1632 4093 1885 4161 Hilarius,
1915 4096 2020 4151 im-

440 4167 672 4221 mundos
695 4164 910 4236 spiritus
936 4166 1147 4221 occulta
1176 4165 1406 4236 quadam
1437 4166 1488 4220 vi
1517 4165 1599 4235 agi
1644 4180 1706 4220 ac
1750 4168 2019 4236 torqueri,

439 4237 577 4309 dum
594 4251 779 4309 eorum
812 4238 1009 4309 occulta
1038 4246 1124 4309 est
1151 4237 1304 4308 plaga
1325 4279 1356 4309 ,_
1374 4245 1419 4309 et
1448 4253 1597 4308 pwna
1627 4237 1927 4309 manifesta,
1967 4248 2025 4294 ut

436 4308 673 4380 loquitur
692 4307 1010 4380 Cyprianus,
1044 4307 1201 4380 epist.
1229 4307 1264 4362 ιι
1295 4307 1682 4380 ad_D0natum,
1702 4307 1882 4380 gubi_et
1914 4318 2023 4364 tor-

437 4377 616 4434 menta
642 4377 772 4450 ipsis
801 4393 898 4448 per
942 4377 1251 4450 Exoreistas
1298 4377 1493 4450 inflicta
1543 4378 1763 4450 videsis.
1810 4378 1867 4434 In
1918 4380 2024 4435 illis

438 4461 615 4506 aulem
638 4447 922 4505 tormentis
941 4448 1331 4504 conﬁtebantur
1351 4447 1439 4503 alii
1453 4447 1651 4505 Christi
1668 4449 2022 4517 divinitatem,

439 4530 499 4575 ut
522 4522 590 4577 ab
617 4520 820 4575 Hilario
845 4519 1166 4585 audivimus,
1188 4520 1281 4574 lib.
1314 4535 1390 4584 xi,
1424 4534 1481 4572 ιι.
1512 4522 1566 4583 5.
1595 4520 1683 4574 alii
1713 4522 1876 4575 totius
1903 4521 2024 4577 Tri-

439 4592 623 4647 nitatis
650 4590 809 4646 ﬁdem
836 4633 852 4652 .
901 4594 1054 4660 cujus
1077 4581 1180 4662 rei
1228 4581 1563 4646 luculentum
1606 4599 1690 4662 est
1718 4593 2022 4662 exemplum
2051 4581 2105 4642 D

440 4663 577 4735 apud
601 4661 983 4735 Ambrosium,
1004 4661 1161 4732 epist.
1178 4677 1490 4735 in_nnc_xgxn,
1522 4678 1576 4714 ιι.
1603 4660 1701 4735 21.
1726 4661 1830 4716 Alii
1859 4660 1989 4735 vero
2009 4704 2024 4729 ,

441 4730 514 4788 uii
541 4736 693 4788 testis
716 4740 801 4789 est
828 4730 1147 4804 Cyprianus,
1176 4733 1271 4787 lib.
1289 4732 1355 4787 ad
1384 4731 1806 4804 Demetrianum,
1827 4734 2030 4804 ejulan-

442 4814 515 4859 tes
538 4815 587 4860 et
603 4812 855 4929 gementes
876 4802 997 4858 uoce
1015 4804 1259 4871 humana,
1286 4814 1332 4857 et
1356 4812 1602 4873 potestate
1619 4802 2031 4929 divina'liagella

442 4884 489 4929 et
513 4890 600 4929 ver
636 4890 724 4929 era
750 4875 1056 4929 sentientes.
1096 4883 1360 4929 venturum
1401 4875 1652 4929 iudicium
1697 4891 1791 4928 con
1837 4885 2026 4929 tentur.

441 4884 489 4946 et
513 4875 724 4946 verbera
750 4875 1056 4946 sentientes,
1096 4883 1360 4946 venturum
1391 4875 1652 4946 judicium
1697 4875 2026 4946 confitentur.

442 4945 716 5001 Interdum
754 4945 941 5013 etiam,
982 4946 1153 5016 inquit
1191 4946 1282 5001 lib.
1313 4944 1552 5001 de’ldol.
1586 4946 1759 5000 Vanit.
1790 4963 1802 4998 :
1846 4944 2031 5000 Videas

441 5017 561 5089 illos
588 5026 766 5071 nostra
791 5032 911 5071 voce
936 5026 982 5070 et
1002 5018 1295 5086 operatione
1312 5017 1598 5089 majestatis
1621 5016 1833 5071 occultae
1851 5017 2030 5089 ﬂagris

444 5088 575 5159 credi
601 5128 616 5154 ,
646 5088 765 5159 igne
812 5089 1031 5154 torreri,
1060 5089 1369 5142 incremento
1393 5087 1574 5159 piente-
1592 5087 2032 5159 propagantis’exo

446 5158 620 5232 tendi,
652 5157 849 5232 ejulare
869 5200 885 5224 ,
912 5174 1109 5232 gemere
1131 5199 1147 5226 ,
1174 5158 1472 5232 deprecari;
1515 5157 1650 5232 unde
1690 5157 1934 5232 ueniant,
1984 5168 2033 5215 et

443 5229 653 5300 quando
675 5228 962 5296 discedunt,
984 5230 1111 5297 ipsis
1129 5232 1283 5284 etiam
1311 5230 1398 5299 qui
1414 5246 1468 5285 se
1489 5230 1663 5284 colunt
1684 5228 2029 5298 audientibus,

444 5301 699 5370 conﬁteri.
757 5302 862 5358 Sed
923 5301 1153 5356 maxime
1197 5302 1436 5356 omnium
1462 5300 1730 5368 Sulpicius
1778 5301 2032 5367 Severus,

444 5369 584 5426 Dial.
608 5387 688 5440 ιιι,
718 5370 904 5428 Hilarii
926 5372 1089 5427 verba
1110 5371 1237 5428 dum
1252 5379 1547 5435 mutuatur.
1566 5370 1798 5426 illustrat
1818 5373 1868 5426 in
1894 5369 2036 5426 hunc

446 5441 664 5498 modum
709 5461 723 5497 :
767 5442 835 5497 In
882 5453 1041 5514 parte,
1067 5443 1175 5498 alia
1227 5444 1422 5496 videres
1473 5444 1584 5514 sine
1637 5442 2038 5514 interrogatione

445 5522 652 5585 remotos
667 5558 683 5582 ,
708 5524 754 5569 et
780 5511 1114 5569 sua'crimina
1134 5515 1452 5585 confitentes.
1474 5511 1701 5569 Nomina
1723 5511 1875 5568 etiam
1894 5514 2035 5568 nullo

446 5583 790 5711 magrqgante
820 5585 1141 5657 prodebant;
1166 5583 1256 5641 ille
1289 5601 1344 5640 se
1374 5584 1555 5641 Jovem
1583 5586 1697 5652 ,iste
1720 5585 2037 5641 Mercurium

522 5674 550 5711 e
585 5675 615 5711 a
640 5674 723 5711 ur.

443 5659 723 5727 fatebatur.

519 5728 599 5803 (b)
628 5729 688 5788 la
725 5728 990 5804 vulgatis,
1019 5730 1225 5785 nomine
1254 5728 1577 5785 blandientis.
1640 5728 1697 5785 In
1743 5743 1836 5787 sex
1867 5741 2036 5797 mss.,

968 5825 1243 5886 ΡΑτιιοι..
1280 5821 1366 5885 Χ.

2130 3267 2352 3326 nominis
2381 3261 2751 3320 blandimento.
2805 3257 3026 3314 Rectius
3070 3260 3125 3315 in
3156 3260 3277 3317 Vat.
3325 3262 3442 3320 bas.
3470 3307 3484 3328 .
3518 3265 3733 3328 Martio.

2131 3351 2186 3397 et
2214 3338 2370 3395 Colb.
2399 3377 2414 3398 ,
2442 3333 2676 3402 subrepis
2698 3331 2905 3385 nomine
2929 3372 2943 3395 ,
2973 3332 3198 3402 supple,
3250 3348 3357 3403 quo
3387 3342 3441 3391 te
3468 3336 3736 3397 Christia-

2132 3427 2259 3466 num
2290 3408 2471 3478 ﬁngis,
2520 3413 2578 3460 ut
2607 3403 2847 3459 declarat
2894 3417 3045 3457 num.
3074 3404 3109 3459 9
3139 3444 3154 3471 ,
3213 3402 3560 3463 blandimento
3599 3414 3735 3467 occi-

2134 3483 2238 3539 dis.
2271 3492 2376 3536 ele-

2204 3524 2506 3623 i’cfiiieusi
2531 3587 2551 3623 ,_
2580 3548 2867 3623 proferant.
2898 3542 3130 3623 Hilarius
3159 3544 3246 3623 hic
3275 3548 3486 3623 accedit
3512 3552 3577 3607 ad
3609 3569 3734 3609 seu-

2134 3614 2360 3680 tentiam
2390 3614 2685 3690 Cypriani,
2698 3614 2786 3690 qui
2816 3615 2906 3669 lib.
2940 3614 3224 3690 degLapsis
3248 3619 3734 3690 miliusiagendum

2136 3686 2456 3751 censeteum
2480 3686 2557 3743 iis
2585 3687 2679 3755 qui
2701 3686 2755 3741 in
2779 3688 3062 3741 tormentis
3085 3686 3217 3755 lapsi
3245 3696 3390 3742 sunt.
3424 3686 3622 3757 animi,
3653 3696 3735 3750 in-

2138 3767 2287 3836 quit,
2321 3763 2384 3816 de
2404 3758 2671 3836 tormentis
2689 3765 2862 3836 potest
2890 3798 2904 3822 ,
2948 3757 3155 3836 quiper
3179 3767 3432 3836 tormenta
3464 3777 3738 3836 superatus

2132 3827 2234 3904 est;
2251 3827 2635 3890 excusationem
2652 3827 2940 3895 obtendere,
2962 3829 3050 3898 qui
3066 3828 3225 3881 victus
3241 3828 3381 3882 estin
3399 3827 3594 3902 dolore,
3617 3844 3704 3892 etc
3721 3880 3735 3894 ,

2161 3910 2168 3919 ’
2209 3926 2291 4000 (d)
2320 3923 2459 4000 scil.
2487 3920 2741 4000 inimicus
2765 3919 2927 4000 homo
2957 3919 3196 4000 omnium
3228 3918 3605 4000 hmrelicor‘nm
3638 3943 3733 3998 pa-

2130 3988 2258 4056 reris
2272 3988 2298 4065 ’,
2328 3997 2456 4053 dum
2487 3995 2541 4050 in
2586 4007 2717 4063 agro
2759 3988 3188 4062 patris-familias
3222 3988 3734 4063 superseminat'zi-

2131 4085 2379 4226 ΖέῖὲῗἸιι
2411 4152 2542 4194 mss.
2589 4133 2741 4191 Colb.
2775 4142 2827 4190 et
2856 4132 3070 4190 Martin.
3095 4175 3109 4200 ,
3139 4135 3369 4193 occidere
3386 4139 3496 4195 sine
3522 4157 3735 4213 διιδρεο-

2312 4282 2433 4367 γιιῑζ
2465 4280 2716 4367 ιιιιεηιιιε.
2756 4291 2879 4333 eum
2909 4274 3063 4332 Colb.
3107 4285 3162 4335 et
3187 4277 3341 4335 Mart.
3365 4322 3379 4348 ,
3419 4284 3557 4353 quod
3583 4284 3730 4342 υριιε,

2134 4351 2266 4420 Alii,
2295 4354 2433 4424 quod
2458 4351 2631 4407 velles.
3431 4351 3440 4353 '

2204 4425 2285 4550 iii
2314 4420 3366 4550 giliisirfti‘iiisi'iiaiffii'ii"n§3132‘?
3388 4425 3641 4550 ῗ⁰ῗ¹ῗῖαῗῧξῑ

2229 4425 2285 4550 Ζ)
2320 4425 2455 4479 Tres
2485 4425 2726 4493 praedicti
2757 4433 2889 4474 mss.
2918 4425 3176 4475 omittunt
3198 4425 3288 4493 qui
3312 4425 3366 4478 in
3388 4425 3527 4481 caelis
3548 4437 3641 4481 est.

2204 4425 2228 4569 ἕ
2265 4506 2283 4569 )
2314 4495 2475 4553 Solus
2500 4492 2628 4549 Vat.
2659 4492 2775 4547 bas.
2805 4491 2999 4557 codex,
3029 4508 3186 4562 quam
3209 4510 3313 4548 non
3337 4533 3352 4548 .
3392 4536 3405 4549 .
3441 4537 3454 4550 .
3485 4500 3730 4556 admittit.

2202 4587 2288 4661 (il
2320 4586 2376 4642 ln
2422 4601 2552 4661 mss.
2589 4582 2957 4661 _Michaelin_o_,
3017 4585 3503 4661 pielale‘veritttlis.
3556 4589 3732 4647 Minus

2131 4654 2445 4728 displiceret
2466 4656 2721 4729 impiatae,
2751 4654 2903 4724 quasi
2928 4654 3371 4729 la;s:e,_veritatis.
3395 4658 3732 4729 Quamquam

2132 4725 2323 4802 presso
2351 4725 2566 4802 quidem
2595 4740 2871 4802 sermone,
2898 4725 2994 4780 sed
3034 4727 3119 4780 cui
3152 4727 3456 4785 nihil'desit
3475 4771 3491 4792 .
3535 4725 3639 4786 hoc
3661 4733 3736 4787 si-

2131 4795 2457 4873 "gniﬁcatuez
2486 4796 2761 4854 Christum
2774 4795 3040 4873 _objurgas
3063 4807 3334 4873 tamquam
3368 4814 3476 4856 non
3507 4816 3635 4857 vera
3653 4804 3735 4858 di-

2133 4866 2366 4934 centem,
2399 4869 2614 4925 Patrem
2638 4869 2819 4938 arguis
2845 4874 2906 4922 ut
2926 4866 3057 4922 falsa
3088 4866 3446 4937 proﬁtentem.

2211 4942 2285 5017 (j)
2324 4941 2429 5017 sex
2453 4955 2609 5005 mss.,
2635 4950 2825 5017 centre
2843 4938 3080 5017 pietatem
3111 4954 3130 4993 :
3157 4949 3212 5017 et
3239 4957 3385 5017 mox,
3415 4944 3734 5017 commisces,

2133 5008 2431 5141 gario'vzrbi
2462 5012 2754 5067 committis.
2787 5008 2956 5066 Paulo
3001 5019 3123 5080 post
3164 5011 3217 5065 in
3254 5012 3416 5069 editis
3457 5008 3736 5073 desidera;

2171 5100 2200 5139 3
2230 5100 2293 5139 ur
2351 5101 2377 5137 e
2396 5100 2468 5137 se.

2171 5093 2293 5139 atur
2314 5093 2377 5137 de
2396 5100 2468 5137 se.

2207 5154 2287 5227 (it)
2324 5151 2507 5227 Codex
2537 5151 2750 5227 Martio.
2786 5166 2908 5227 eum
2936 5151 3115 5221 Colb.,
3147 5162 3359 5227 propter
3380 5154 3527 5227 lianc
3559 5173 3735 5214 emen-

2137 5221 2395 5297 dationem
2443 5223 2710 5297 falsitatis.
2758 5221 2906 5297 aliud
2947 5221 3157 5297 quoque
3196 5221 3512 5297 me.A_Magis
3561 5233 3739 5297 placet

2136 5312 2259 5353 cum
2280 5296 2401 5350 aliis
2423 5304 2606 5363 praeter
2627 5293 2781 5368 lianc,
2803 5293 2924 5368 scil.
2950 5293 3185 5364 regulam
3209 5310 3278 5349 ex
3302 5293 3489 5368 Matth.
3521 5293 3615 5355 vit.
3640 5301 3734 5368 21,

2139 5370 2381 5440 petitam.
2413 5381 2516 5440 qua
2563 5374 2615 5420 te
2643 5364 2830 5419 falsam
2860 5366 3115 5434 pietatem
3142 5378 3206 5419 ac
3234 5365 3405 5421 solam
3447 5364 3737 5429 Christiani

2142 5438 2375 5495 nominis
2440 5439 2640 5492 larvam
2705 5445 2981 5490 ostentare
3053 5450 3413 5505 recognosco;
3479 5440 3622 5497 unde
3682 5452 3739 5501 et

2141 5509 2371 5567 emendo
2396 5507 2540 5577 quod
2567 5509 2637 5562 de
2665 5514 2718 5560 te
2745 5506 2915 5576 prima
2948 5506 3123 5561 fronte
3150 5507 3427 5576 cogitatur.

2215 5580 2280 5651 (l)
2318 5579 2373 5634 In
2407 5593 2532 5651 gms.
2580 5578 2734 5632 Colb.
2798 5577 3134 5643 intrinsecus;
3164 5578 3218 5633 in
3272 5579 3485 5636 Martin.
3508 5623 3525 5649 ,
3555 5584 3695 5642 intus
3723 5605 3743 5644 :

2141 5649 2343 5710 omiSso
2362 5649 2425 5703 ab
2450 5649 2504 5704 in
2534 5658 2782 5719 utroque.

2214 5721 2312 5795 (ιη)
2352 5720 2454 5792 δίο
2470 5719 2580 5778 duo
2603 5718 2842 5793 praedicti
2860 5718 3095 5778 codices.
3120 5720 3229 5778 Alii
3251 5736 3402 5791 vero,
3431 5728 3645 5799 rapacia
3669 5728 3752 5786 lu-

3212 5818 3290 5880 19
3600 5818 3603 5821 ⁷
