4270 6264
416 250 522 317 589

419 463 531 519 lum
577 463 900 521 crudelitate
935 465 1271 537 pandentes,
1304 478 1686 538 protraxerunt
1728 466 1798 523 de
1826 466 2018 523 altario

420 556 753 625 sacerdotes.
785 558 988 615 Levius
1011 568 1060 615 te
1082 569 1262 632 putas,
1296 561 1547 629 sceleste,
1575 561 1883 617 Iuda-orum
1914 561 2017 616 im-

419 650 620 720 pietate
666 652 962 721 peccasse?
1007 651 1330 709 Effuderunt
1362 654 1578 725 quidem
1624 654 1698 709 illi
1738 652 2016 709 Zachariae

420 741 772 811 sanguinem;
806 743 901 799 sed
920 786 933 809 ,
963 755 1223 815 quantum
1253 746 1305 800 in
1334 755 1386 802 te
1414 755 1517 813 est,
1544 745 1626 818 (α)
1655 761 2016 819 concorpora-

418 840 505 888 tos
550 830 769 891 Christo
813 850 843 890 a
883 836 1097 893 Christo
1140 837 1422 894 diseidisti.
1456 838 1675 895 Vertisti
1711 840 1784 912 (ὁ)
1817 840 2016 896 deinde

420 941 590 996 usque
615 926 680 981 ad
710 927 937 984 Romam
960 929 1164 985 bellum
1194 940 1363 998 tuum,
1395 933 1634 1003 eripuisti
1664 932 1814 988 illinc
1838 932 2015 1005 (Libe-

420 1017 578 1090 rium)
609 1020 919 1088 episcopum
947 1037 961 1078 :
988 1030 1044 1078 et
1066 1035 1100 1077 ο
1129 1032 1180 1077 te
1206 1023 1484 1090 miserum,
1508 1025 1598 1095 qui
1632 1026 1813 1081 nescio
1837 1037 2015 1085 utrum

422 1110 628 1181 majore
659 1112 934 1182 impietate
954 1115 1299 1187 relegaveris,
1322 1132 1483 1188 quam
1531 1118 1842 1173 remiseris!
1870 1120 2015 1184 Quos

1223 256 1430 320 LIBER
1467 258 1747 320 CONTRA
1781 252 2266 319 CONSTANTIUM
2304 254 2822 315 IMPERATOREM.

416 379 544 428 runt
571 377 758 428 sancta
783 377 1092 429 sanctorum
1111 415 1125 439 ,
1154 381 1209 429 et
1240 374 1382 429 viam
1412 374 1513 431 sibi
1543 375 1688 430 omni
1712 389 1810 444 per
1839 389 2013 444 popu-
2041 381 2094 443 Α

3607 259 3715 323 59ύ

2192 370 2282 426 12.
2315 369 2394 424 De
2433 368 2682 426 Seleuciae
2720 370 2936 441 synodo.
2970 400 3042 411 —
3066 368 3218 428 Nunc
3259 374 3381 444 quia
3412 372 3528 430 haec
3550 417 3564 440 ,
3598 391 3719 447 qua:

2119 465 2445 521 conscientia
2486 464 2700 534 publica
2733 467 2893 538 572
2922 473 3193 535 tenentur,
3223 481 3330 524 non
3369 469 3538 539 magis
3569 486 3597 523 a
3629 486 3719 528 me

2120 560 2406 617 maledicta
2432 571 2558 616 sunt
2583 562 2654 633 (ρ)
2682 561 2823 616 dicta
2851 576 3009 632 quam
3045 576 3201 627 vera;
3234 562 3387 618 sicui
3416 563 3470 618 in
3501 562 3721 621 Christo

2118 654 2335 725 reliqua,
2349 669 2475 724 spes
2499 662 2612 721 est,
2643 654 2687 709 si
2715 655 2835 725 quis
2868 655 3054 724 judicii
3086 655 3229 710 diem
3270 657 3487 723 metuit,
3521 657 3565 712 si
3595 658 3716 728 quis

2117 744 2334 800 diabolo
2358 745 2721 810 renuntiavit,
2757 744 2800 798 si
2826 744 2948 814 quis
2974 760 3033 800 se
3064 752 3438 816 regeneratum
3472 746 3525 801 in
3550 748 3716 804 vitam

2118 834 2456 901 recordatur,
2484 834 2712 904 accipiat
2741 849 2859 905 qua:
2889 833 3033 900 dico,
3067 844 3122 891 et
3170 834 3238 908 (Ῑ)
3267 835 3340 891 de
3384 837 3468 891 liis
3492 837 3717 908 judicio,

2117 943 2227 997 quo
2255 930 2307 981 in
2339 941 2397 981 se
2422 926 2770 997 iudicandum
2802 937 2913 994 est,
2941 927 3161 996 judicet.
3197 928 3327 994 Quae
3356 928 3500 984 enim
3544 931 3722 987 dictu-

2119 1034 2212 1075 rus
2240 1035 2360 1075 sum
2380 1060 2396 1087 ,
2428 1033 2535 1073 non
2578 1018 2799 1073 aliunde
2840 1020 3069 1089 cognovi
3097 1037 3110 1073 :
3141 1019 3235 1075 sed
3283 1021 3398 1089 ipse
3425 1022 3635 1092 audivi,
3669 1032 3725 1080 et

2117 1128 2362 1183 przesens
2389 1113 2537 1169 adl‘ui
2564 1129 2686 1169 cum
2706 1114 3050 1184 gerebantur.
3082 1115 3138 1170 ln
3163 1114 3382 1171 Christo
3405 1118 3587 1186 itaque
3612 1134 3718 1173 non

424 1207 481 1255 tu
506 1201 701 1258 deinde
726 1204 777 1256 in
799 1184 1091 1284 ecclesiam
1108 1184 1432 1263 Tolosanam
1456 1209 1745 1265 exercuisti
1772 1209 2013 1265 furores!
2048 1184 2095 1233 .
2120 1206 2375 1271 mentior,
2408 1207 2532 1277 quia
2577 1206 2872 1275 discipulus
2903 1206 2979 1278 (g)
3012 1209 3290 1273 veritatis,
3325 1213 3479 1265 testis
3503 1184 3723 1281 qucque

419 1290 613 1347 Clerici
643 1294 869 1350 fustibus
906 1297 1068 1365 caesi,
1113 1296 1368 1355 diacones
1412 1299 1631 1368 plumbo
1668 1300 1817 1368 elisi,
1860 1312 1911 1356 et
1961 1302 2013 1356 in

416 1382 619 1455 ipsum,
651 1395 709 1441 ut
736 1386 812 1459 (c)
839 1390 1011 1445 sancti
1041 1405 1252 1447 mecum
1281 1393 1615 1465 intelligunt,
1651 1393 1731 1465 (ά)
1761 1395 1810 1449 in
1838 1395 2012 1464 ipsum

416 1477 694 1535 Christum
720 1494 912 1537 manus
932 1482 1132 1539 missae.
1157 1484 1304 1552 Haec,
1332 1483 1639 1552 Constanti,
1664 1487 1709 1540 si
1736 1501 1836 1557 ego
1862 1501 2013 1543 men-

418 1569 545 1638 tior,
573 1572 691 1629 ovis
713 1587 773 1629 es
803 1589 819 1628 :
849 1574 895 1630 si
925 1590 1056 1632 vero
1085 1584 1141 1632 tu
1171 1578 1404 1650 peragis,
1433 1578 1784 1634 antichristus
1806 1592 1886 1633 es.

2122 1313 2266 1356 nunc
2288 1300 2549 1356 veritatis.
2572 1300 2781 1356 Assisto
2807 1301 2915 1371 (die
2937 1301 3009 1355 27
3038 1301 3186 1371 Sept.
3209 1318 3299 1357 an.
3326 1302 3456 1375 559)
3473 1304 3724 1361 Orienta-

2120 1390 2250 1465 lium
2279 1391 2333 1445 in
2358 1391 2607 1447 Seleucia
2635 1392 2868 1464 synodo,
2900 1393 2988 1449 ubi
3014 1395 3191 1465 reperi
3226 1404 3433 1451 tantum
3463 1397 3722 1469 blasphe-

2119 1499 2363 1551 morum,
2391 1495 2650 1557 quantum
2695 1486 3011 1542 Constantio
3037 1488 3300 1557 placebat.
3327 1488 3461 1545 Nam
3495 1489 3577 1562 (ἡ)
3606 1492 3720 1561 pri-

2119 1592 2208 1634 ma
2254 1580 2564 1637 secessione
2611 1580 2665 1635 in
2704 1595 2767 1637 ea
2816 1582 2880 1652 (i)
2929 1580 3303 1652 deprehendi,
3377 1593 3434 1638 ut
3503 1591 3721 1641 centum

494 1726 573 1801 (α)
591 1726 947 1808 Solus‘codex
972 1730 1186 1788 Martin.
1216 1716 1680 1808 concorporatur...
1719 1734 2017 1808 discessisti,
2048 1736 2100 1798 B
2125 1738 2309 1808 prima'
2329 1738 2611 1792 secessione
2641 1753 2784 1802 mea,
2813 1737 2899 1792 vel
2940 1738 2995 1792 in
3023 1755 3115 1805 ea;
3146 1750 3439 1808 utrumque
3476 1745 3625 1800 enim
3673 1747 3725 1801 in

420 1809 692 1869 corrupte.
724 1800 1130 1871 Concorporatos
1152 1814 1309 1860 vocat
1330 1800 1561 1859 Hiiarins
1588 1805 1913 1870 sacerdotes,
1944 1800 2015 1861 ob

420 1885 622 1946 corpus
650 1871 861 1927 Domini
888 1874 1028 1943 quod
1060 1890 1123 1929 ex
1150 1876 1303 1929 altari
1330 1876 1630 1945 percipiunt
1656 1897 1668 1932 :
1698 1892 1727 1929 a
1755 1892 1860 1946 quo
1891 1892 2014 1931 cum

420 1942 766 2013 divellontur,
810 1959 840 1998 a
888 1942 1106 1999 Christo
1133 1942 1364 2013 quodam
1413 1942 1572 2001 modo
1616 1942 2012 2002 discitidnntnr.

421 2012 600 2070 Altare
626 2015 995 2089 eniniLinqnit
1021 2012 1269 2089 thatus,
1300 2018 1392 2071 lib.
1419 2034 1493 2083 νι,
1519 2020 1664 2073 sedes
1692 2030 1765 2074 est
1787 2020 2017 2089 corporis

424 2096 471 2138 et
495 2087 761 2156 sanguinis
786 2084 998 2141 Christi.
1031 2084 1180 2143 Unde
1202 2098 1255 2143 et
1281 2097 1465 2144 contra
1492 2091 1741 2145 altarium
1769 2084 2020 2143 effracto-

424 2171 513 2210 rcs
542 2156 756 2223 subjicit
783 2175 796 2209 :
831 2156 969 2223 Quid
1000 2176 1084 2211 vos
1116 2158 1397 2224 oﬂ'enderat
1425 2158 1689 2233 Christus.
1722 2164 1870 2233 cujus
1883 2159 2018 2233 illic

427 2243 517 2296 per
555 2238 696 2281 certa
731 2238 983 2282 momenta
1010 2245 1197 2298 corpus
1222 2241 1268 2283 et
1302 2234 1509 2298 sanguis
1552 2230 1854 2286 habitabat?
1881 2230 2019 2285 Tum

427 2313 523 2372 eos
555 2299 738 2372 Hilarii
768 2301 952 2372 nostri
984 2315 1134 2356 more
1177 2316 1298 2355 cum
1328 2302 1527 2372 Judteis
1554 2318 1874 2372 comparans
1903 2304 1977 2355 ait
2002 2319 2018 2357 :

433 2368 551 2455 lico
575 2370 723 2452 modo
748 2370 962 2425 Judteas
992 2373 1114 2455 estis
1154 2372 1357 2427 imitati.
1402 2371 1422 2424 Ι
1432 2373 1488 2426 lli
1517 2368 1800 2455 iniecerunt
1839 2390 2022 2455 manus

430 2439 630 2493 Christo
656 2442 713 2515 in
733 2458 880 2515 cruce
900 2459 919 2515 ς
946 2460 978 2495 a
1003 2442 1141 2497 vobis
1166 2460 1433 2515 percussus
1452 2456 1526 2497 est
1556 2439 1609 2498 in
1634 2445 1807 2498 altari.
1840 2445 2023 2512 Neque

433 2526 557 2564 vero
609 2512 769 2565 ambo
812 2511 1121 2568 .lndamrum
1166 2511 1365 2569 sceleri
1424 2524 1570 2569 recte
1617 2511 2025 2583 comparassent

432 2582 749 2636 Arianorum
770 2584 1232 2640 Donatistarumve
1250 2585 1479 2650 crimen,
1500 2586 1601 2641 nisi
1620 2602 1804 2641 verum
1827 2586 2027 2642 Christi

432 2666 628 2724 corpus
653 2670 717 2708 ex
746 2655 897 2709 altari
924 2656 1091 2724 accipi
1116 2657 1491 2710 credidissent.

526 2724 579 2795 ὁ)
618 2725 789 2792 Quam
838 2727 1140 2786 malitiose.
1188 2743 1347 2796 quam
1392 2727 1685 2794 violenter,
1720 2726 1843 2782 vide
1886 2726 2026 2795 apud

432 2794 693 2867 htltattas.
726 2797 791 2849 ad
818 2797 958 2863 Sol.,
988 2812 1039 2866 ιι.
1064 2794 1313 2867 ὃόἓίυὺὶ
1349 2808 1468 2867 post
1492 2800 1657 2852 multa
1688 2815 1701 2851 :
1728 2796 1891 2863 thpit
1920 2808 2028 2851 tum

434 2863 602 2940 Roma
657 2863 1061 2940 experimentum
1106 2866 1298 2924 Christi
1349 2863 1705 2937 perduellium.
1785 2867 2029 2940 Cagnovit

436 2937 671 3010 tandem,
698 2937 832 3007 quod
872 2950 1024 2994 antea
1051 2957 1154 2993 non
1180 2940 1444 3007 credebat,
1474 2942 1732 3010 quomodo
1773 2937 2031 2994 Ecclesias

434 3007 487 3062 in
515 3010 735 3082 singulis
760 3010 968 3064 urbibus
995 3010 1360 3066 devastassent.

506 3078 703 3151 (c)'lta
730 3098 860 3138 mss.
906 3085 976 3136 At
1001 3083 1133 3139 editi
1153 3123 1168 3145 ,
1198 3092 1254 3135 ut
1283 3082 1607 3139 sanctissimi.
1640 3084 1812 3137 Antea
1842 3081 1892 3135 in
1922 3096 2023 3136 ms.

589 3153 729 3225 bas"
762 3165 806 3207 et
832 3154 1007 3225 impie,
1033 3170 1138 3208 non
1161 3158 1283 3225 et_in
1307 3154 1497 3223 ipsum.

508 3221 586 3296 (ά)
626 3223 680 3279 ln
709 3238 839 3280 mss.
867 3221 1092 3296 ‘Martin.
1121 3237 1174 3279 ct
1195 3221 1376 3289 Colb.,
1405 3225 1457 3279 in
1484 3222 1739 3280 Christum
1768 3222 2033 3296 gentilium

436 3293 619 3366 titanas
646 3297 833 3351 missae.
862 3293 920 3350 In
948 3297 1068 3351 aliis
1099 3311 1312 3366 quoque
1338 3314 1440 3352 non
1474 3296 1735 3364 repetitur
1763 3293 1817 3348 in
1838 3295 2031 3366 ipsum.

590 3377 707 3432 post
731 3367 1094 3423 Biterrensem
1118 3362 1399 3435 synodum
1431 3362 1739 3435 perpetrata
1758 3380 1880 3421 esse
1908 3364 2030 3419 nul-

437 3433 545 3490 lum
572 3437 685 3493 fere
705 3437 924 3494 dubium
949 3448 1051 3492 est.
1081 3433 1211 3506 Quis
1239 3454 1366 3492 vero
1387 3438 1473 3492 ille
1495 3433 1763 3499 Christus,
1789 3436 1841 3491 in
1872 3451 2031 3505 quem

438 3522 630 3562 manus
677 3508 888 3563 missae?
918 3507 1037 3565 Non
1064 3520 1213 3564 certe
1257 3508 1565 3575 Rodanius,
1596 3511 1684 3577 qui
1731 3507 1951 3563 Biterris
1978 3508 2031 3561 in

437 3578 691 3634 exsilium
736 3579 973 3650 eiectus,
1017 3580 1086 3635 ad
1116 3579 1401 3650 ecclesiam
1429 3594 1579 3633 suam
1628 3579 1803 3634 redire
1832 3592 2033 3647 nequa-

439 3664 599 3720 quam
642 3649 940 3720 permissus
983 3662 1082 3706 est.
1114 3649 1419 3705 Vehemens
1464 3650 1699 3718 suspicio
1739 3659 1822 3704 est
1862 3650 2030 3720 ipsum

442 3718 708 3775 Christum
772 3724 948 3777 vocari
997 3721 1297 3776 veneranda
1353 3721 1595 3787 COI‘pOtiS
1647 3728 1703 3775 et
1754 3718 2031 3783 sanguinis

439 3790 637 3846 Christi
670 3801 1037 3858 sacramenta;
1069 3793 1317 3856 idemque
1351 3791 1435 3845 hic
1461 3806 1615 3856 esse,
1647 3802 1699 3843 ut
1735 3791 1897 3843 sancti
1925 3804 2029 3840 me-

440 3876 555 3915 cum
580 3864 890 3934 intelligunt.
920 3864 1063 3933 quod
1089 3863 1209 3918 aliis
1234 3861 1502 3934 Patribus,
1527 3863 1617 3934 ubi
1640 3861 1706 3915 de
1727 3860 1918 3914 iisdem
1945 3875 2033 3911 sa-

439 3935 730 3990 eratnentis
746 3932 1056 3991 sermonem
1080 3935 1276 3991 habent
1298 3932 1730 3995 recunditiorcm,
1762 3934 2030 4001 vulgatum

441 4002 593 4069 illud,
625 4003 832 4060 Norant
857 4006 1054 4075 ﬁdeles.

511 4078 584 4146 (e)
623 4072 865 4133 Verbum
878 4077 1039 4141 dictu,
1059 4075 1201 4147 apud
1224 4075 1341 4140 Er.,
1364 4074 1590 4147 Lips.ct
1606 4074 1729 4129 Par.
1746 4072 2028 4147 Ottiissum,

432 4144 723 4205 revocatur
747 4164 815 4204 ex
842 4149 974 4204 Bad.
1003 4158 1058 4204 et
1089 4144 1296 4216 septem
1333 4144 1463 4202 mss.
1493 4146 1628 4201 il;nc
1673 4147 1818 4215 prius
1845 4144 2032 4199 malle-

441 4233 562 4273 mus
590 4219 870 4286 maledica,
899 4222 1051 4289 juxta
1082 4220 1212 4273 illttd
1242 4235 1388 4274 num.
1422 4220 1454 4274 ti
1482 4234 1495 4272 :
1529 4218 1590 4274 Si
1621 4220 1757 4289 falsa
1779 4217 2029 4283 dicimus,

438 4289 647 4360 infamis
671 4293 735 4345 sit
755 4308 919 4347 sermo
950 4292 1252 4346 maledicus.

512 4380 766 4457 (D__Editi
786 4426 803 4451 ,
835 4386 903 4438 de
938 4385 1017 4438 his
1026 4382 1229 4457 judicet
1255 4381 1508 4454 quomodo
1533 4383 1589 4436 in
1616 4397 1671 4434 se
1687 4379 2031 4452 judicandum

441 4463 513 4507 est
535 4469 557 4507 :
578 4453 961 4510 dissidentibus
991 4453 1119 4510 mss.

2123 1824 2259 1863 tnss.
2289 1823 2393 1861 non
2427 1808 2585 1862 aliter
2624 1810 2877 1883 pingitur.
2911 1808 2990 1862 Ex
3022 1826 3128 1879 quo
3158 1812 3392 1867 efﬁcitur
3423 1828 3613 1883 sensus
3642 1833 3727 1871 re-

2120 1894 2238 1955 rum
2276 1887 2545 1955 gestarum
2577 1879 3055 1955 veri_tati__pro_r_stts
3082 1885 3448 1937 consentiens.
3482 1880 3727 1955 Namque

2124 1951 2299 2014 primo
2323 1948 2411 2003 die
2446 1948 2699 2003 Acaciani
2727 1964 2756 2001 a
2787 1950 3028 2003 Concilio
3053 1963 3410 2017 secesserant,
3442 1956 3521 2008 uti
3547 1948 3730 2012 narrat

2121 2019 2395 2083 Socrates,
2428 2018 2520 2071 lib.
2543 2033 2600 2080 Il,
2629 2033 2677 2072 c.
2711 2019 2800 2073 ’59.
2825 2018 2961 2073 Tum
2991 2021 3089 2076 hac
3113 2022 3422 2078 accessione
3446 2024 3583 2079 facta
3611 2026 3724 2080 dis-

2120 2089 2395 2165 criminari
2451 2089 2898 2165 ac__diImtnerari
2945 2104 3225 2165 creperum
3264 2096 3359 2165 qui
3415 2096 3503 2148 uni
3554 2097 3729 2165 parti,

2161 2162 2282 2214 uive
2312 2159 2467 2213 alteri
2482 2157 2855 2224 adlm-rerent;
2888 2157 3218 2228 quodetiam
3247 2157 3595 2230 Athanasius,
3631 2157 3724 2221 lib.

2161 2178 2282 2214 nive
2312 2178 2855 2224 attertauna-rcrcnt;
2888 2178 3026 2228 quou
3058 2178 3218 2216 etiam
3247 2178 3595 2230 Atttanasms,
3631 2178 3724 2221 ut).

2122 2178 2193 2287 de
2212 2230 2443 2304 Synod.._
2468 2246 2518 2304 p.
2544 2230 2671 2296 881,
2706 2238 2857 2304 nutat
2880 2230 2964 2284 his
2988 2234 3167 2286 Verbis
3195 2251 3206 2286 :
3239 2234 3425 2288 Postea
3445 2237 3730 2290 secessione

2125 2301 2268 2376 facta
2289 2301 2678 2376 dissciss_i__sunt,
2702 2302 2893 2376 aliique
2906 2303 3134 2376 Aeneia,
3153 2304 3244 2357 sed
3268 2306 3419 2371 pauci
3443 2317 3489 2360 et
3508 2309 3735 2376 suspecti
3757 2349 3766 2357 .

2125 2371 2421 2437 adhtrsere;
2451 2371 2543 2447 alii
2573 2387 2712 2437 vero,
2743 2372 2830 2439 qui
2855 2372 3001 2425 illum
3040 2374 3380 2447 reliquerant,
3410 2371 3608 2447 nutgno'
3636 2396 3734 2433 nu-

2127 2458 2265 2498 mero
2287 2448 2447 2515 fuere.
2477 2443 2631 2516 lianc,
2646 2452 2827 2516 autem
2854 2443 3218 2516 secessiomim
3244 2443 3473 2501 Hilarius
3497 2443 3726 2516 primam

2132 2513 2434 2586 nuncupat;
2469 2513 2591 2581 quia
2622 2513 2782 2586 iidem
2814 2514 3087 2586 tertioidie
3112 2514 3307 2569 Leonte
3338 2513 3510 2586 opera
3531 2532 3730 2574 convc-

2130 2586 2342 2639 nientes
2368 2585 2420 2638 in
2453 2599 2647 2653 unum,
2679 2584 2856 2637 denuo
2898 2585 3054 2638 unius
3088 2587 3257 2653 partis
3287 2584 3595 2643 secessione
3624 2590 3735 2646 dis—

2125 2656 2296 2725 jnncti
2319 2663 2469 2727 sunt.
2512 2652 2696 2727 Neque
2725 2655 2870 2727 enim
2900 2654 3010 2720 hic,
3046 2652 3101 2708 ut
3132 2658 3372 2711 nonnulli
3406 2666 3623 2727 ptttant,
3664 2660 3731 2714 de

2131 2725 2365 2799 secunda
2392 2725 2700 2799 secessione
2732 2725 2994 2793 loquitur;
3025 2740 3143 2799 cum
3173 2734 3360 2799 postea
3392 2725 3578 2784 narret
3604 2732 3729 2799 qttid

2132 2796 2221 2851 die
2244 2797 2401 2851 tertio
2424 2806 2634 2865 gestum
2658 2795 2748 2859 sit,
2779 2810 2885 2864 quo
2911 2797 3131 2866 contigit
3157 2798 3327 2853 altera
3354 2800 3440 2853 illa
3465 2795 3735 2857 secessio.

2133 2866 2173 2922 li
2212 2867 2346 2939 ipsi,
2404 2866 2640 2939 priorum
2686 2866 2983 2920 editionum
3025 2865 3158 2921 falsa
3205 2868 3438 2939 lectione
3481 2871 3731 2939 adducti,

2134 2935 2449 2992 existimant
2492 2935 2749 3010 Hilarium
2797 2947 2925 3010 ante
2967 2954 2994 2989 a
3040 2938 3273 2993 concilio
3316 2956 3376 2994 se
3418 2935 3733 3010 recepisse,

2134 3024 2297 3080 quam
2318 3021 2505 3061 omnes
2532 3007 2585 3060 iu
2616 3023 2777 3080 unum
2803 3023 2835 3080 ε)
2865 3007 3044 3080 Leana
3071 3007 3555 3080 congregarentur.
3574 3007 3729 3080 Quod

2136 3078 2462 3133 confirmant
2488 3092 2564 3151 ett
2585 3078 2774 3151 verbis
2795 3077 3062 3151 Socratis.
3111 3079 3204 3134 lib.
3234 3077 3303 3144 tt,
3334 3096 3386 3135 c.
3413 3083 3508 3147 40,
3537 3077 3733 3151 quibus

2137 3157 2507 3205 memorantur
2527 3148 2776 3222 {lcaciani
2797 3149 2873 3222 ad
2895 3151 3168 3203 concilium
3194 3167 3459 3207 occurrere
3487 3148 3730 3222 noluisse,

2133 3237 2196 3295 ea:
2221 3219 2764 3295 conventucjiciendos
2794 3220 2938 3295 prius
2965 3236 3087 3295 esse
3099 3222 3325 3295 dicentes
3344 3265 3358 3285 .
3391 3234 3498 3278 tum
3526 3241 3610 3279 eos
3647 3219 3737 3295 qui

2124 3294 2239 3363 jam
2266 3300 2417 3346 antea
2444 3289 2691 3363 depositi,
2722 3300 2829 3343 tum
2855 3290 2974 3363 illos
3002 3292 3088 3359 qui
3117 3293 3170 3345 in
3196 3297 3471 3363 praesentia
3507 3289 3737 3351 accusati

2133 3361 2298 3429 erant,
2326 3365 2498 3431 iisque
2520 3361 2739 3415 tandem
2761 3361 2992 3431 egressis
3014 3361 3328 3418 accessisse.
3352 3366 3422 3420 At
3444 3384 3511 3421 eo
3536 3367 3590 3421 in
3613 3367 3736 3423 loco

2133 3450 2241 3488 non
2266 3434 2341 3488 ait
2371 3433 2623 3503 Socrates
2644 3502 2647 3503 ν
2667 3447 2915 3501 egressiis
2942 3447 3063 3487 esse
3091 3436 3180 3503 qui
3226 3435 3430 3491 dudum
3461 3447 3614 3492 erant
3640 3440 3733 3494 ab-

2132 3503 2295 3560 dicati
2310 3521 2335 3578 _:
2371 3502 2498 3568 sed,
2529 3500 2610 3578 li,
2638 3500 2843 3578 inquit,
2875 3504 2961 3569 qui
2991 3504 3043 3578 in
3067 3500 3260 3578 crimen
3299 3508 3462 3578 uocati
3486 3509 3729 3578 fuerant,

2131 3576 2321 3646 egressi
2365 3585 2483 3629 sunt
2498 3590 2518 3639 ;
2564 3573 2807 3646 Acaciani
2849 3589 2964 3627 vero
2996 3574 3256 3631 introiere.
3305 3573 3507 3631 Hilario
3550 3573 3730 3635 autem

2134 3643 2343 3700 nullum
2373 3646 2576 3698 crimen
2608 3643 2876 3712 objectnm
2920 3646 3115 3698 fuerat.
3163 3646 3365 3701 Deinde
3394 3647 3513 3715 quis
3543 3652 3733 3706 credat

2133 3731 2255 3770 enm
2282 3731 2311 3769 a
2341 3714 2573 3769 concilio
2601 3715 2904 3780 espulsum,
2934 3729 3055 3768 cum
3080 3717 3261 3769 Statim
3287 3717 3357 3771 ab
3397 3718 3569 3779 initio,
3608 3718 3731 3774 Sul-

2132 3786 2273 3855 picio
2304 3795 2461 3848 teste,
2494 3783 2587 3838 lib.
2619 3799 2654 3837 tt
2682 3824 2697 3850 ,
2731 3780 2986 3853 Exposita
3013 3786 3116 3851 ﬁde
3135 3802 3227 3840 sua
3257 3788 3313 3839 in
3338 3789 3627 3842 societatem
3650 3807 3707 3844 re

2133 3854 2307 3925 ceptus
2343 3854 2670 3925 Concilioque
2698 3855 2925 3925 adscitus
2970 3856 3072 3909 sit?
3097 3857 3231 3911 Cum
3271 3856 3433 3912 etiam
3481 3864 3723 3916 omnium

2134 3923 2565 3999 benevolentiam
2609 3923 2708 3978 sibi
2755 3923 2852 3999 itaA
2874 3925 3174 3999 cauciliartt
3196 3939 3301 3999 ,ut
3333 3929 3413 3984 vel
3446 3931 3547 3999 ipsi
3576 3930 3724 3987 Ano-

2133 3999 2259 4053 tntni
2289 4011 2383 4051 sua
2427 3996 2478 4051 ci
2522 4010 2677 4049 sensa
2719 3994 3054 4051 conﬁdenter
3080 3998 3380 4067 aperirent.
3421 3994 3504 4055 Nil
3547 4004 3727 4066 itaque

2132 4070 2307 4139 Cogit.
2343 4077 2401 4122 ut
2424 4082 2546 4120 cum
2592 4082 2620 4118 a
2658 4068 2890 4121 concilio
2920 4070 3211 4124 recessisse
3236 4071 3583 4127 arbitremur.
3620 4074 3729 4130 Ne-

2133 4156 2237 4214 que
2284 4149 2567 4214 propterea
2615 4139 2953 4214 sentiendum
2993 4149 3106 4214 est,
3136 4139 3311 4210 ipsum
3342 4154 3434 4196 aut
3471 4145 3727 4214 Egyptios

2132 4209 2415 4283 epiSCOpos
2455 4209 2504 4283 e_i
2550 4211 2837 4283 conventui
2879 4209 3220 4283 interfuisse,
3263 4216 3315 4265 in
3347 4222 3453 4281 quo
3496 4209 3725 4270 formula

2133 4280 2434 4337 Antiochia:
2477 4280 2529 4335 itt
2581 4280 2846 4334 Encwniis
2886 4280 3026 4352 edita
3076 4280 3563 4352 subscriptimtibus
3611 4296 3723 4341 rata

2132 4352 2270 4408 facta
2295 4362 2377 4408 est
2402 4369 2414 4404 :
2448 4352 2687 4421 privatus
2716 4353 2858 4404 enim
2889 4350 2988 4405 fuit
3013 4352 3104 4406 ille
3130 4350 3449 4421 conventus,
3474 4366 3533 4412 et
3556 4372 3624 4413 ex
3654 4358 3722 4413 iis

2133 4426 2263 4481 solis
2290 4424 2553 4488 constitit,
2581 4422 2672 4491 qui
2702 4422 3038 4477 hommusion
3063 4422 3446 4481 defendebant.

1145 4524 1431 4594 discipulus
1451 4522 1674 4599 veritatis
1698 4522 1879 4599 assiste
1901 4536 1921 4575 .'
1948 4521 2031 4599 lo-
2053 4498 2106 4559 D
2205 4526 2287 4599 (ἢν
2308 4524 2539 4599 Excttsi,
2574 4521 2888 4599 deprehendi
2924 4533 2979 4575 ut
3008 4522 3266 4599 Christum
3294 4523 3493 4599 desum
3522 4538 3724 4581 centum

443 4592 810 4653 uts'tnutilus.
848 4596 1199 4653 Restauratur
1224 4592 1292 4651 ex
1332 4611 1459 4650 mss.
1499 4594 1614 4647 Vat.
1646 4593 1785 4659 bas.,
1814 4592 2026 4647 Martia.

444 4677 499 4722 et
524 4665 679 4722 Colb.
713 4670 814 4723 hoc
838 4684 999 4723 Sensu
1032 4686 1045 4721 :
1077 4671 1199 4738 quia
1244 4680 1299 4722 ut
1333 4667 1628 4735 discipulus
1649 4665 1923 4738 veritatis,
1958 4665 2033 4718 ita

444 4753 591 4816 nunc
619 4757 831 4809 quoque
859 4739 1012 4816 testis
1048 4736 1165 4795 sum
1194 4738 1454 4793 veritatis.
1486 4742 1592 4791 Aut
1617 4736 1661 4816 si
1700 4736 1917 4816 verbum
1948 4752 2036 4816 as-

446 4810 571 4864 siste
602 4808 765 4867 malet
791 4814 911 4880 quis
944 4820 1265 4866 connectere
1307 4825 1429 4864 cum
1471 4808 1868 4880 superioribus;
1910 4808 2033 4880 quia

448 4890 571 4957 post
597 4876 844 4957 sequitur
885 4884 971 4957 ubi
998 4887 1164 4952 reperi
1206 4898 1311 4936 non
1356 4880 1441 4957 ubi
1485 4876 1683 4949 reperio
1707 4876 2034 4957 {degentium

447 4947 649 5008 deinde
666 4947 769 5008 erit
793 4969 916 5010 cum
937 4947 1144 5009 duobus
1174 4954 1461 5024 postremis
1487 4947 1614 5005 mss.
1632 4968 1673 5024 ξε-
1700 4947 2036 5024 Orientalium

448 5024 503 5079 in
531 5021 1226 5097 Seleuciasynodumreperi,
1261 5024 1370 5089 ubi,
1401 5034 1596 5097 tantum
1619 5021 2033 5097 hlasphemorum

449 5090 823 5171 schematum,
847 5108 951 5171 ett:
978 5090 1316 5171 Quamquam
1335 5098 1426 5151 lib.
1454 5110 1516 5171 ut
1530 5095 1598 5148 de
1618 5093 1836 5154 Trtnit.,
1859 5107 1911 5171 tu.
1936 5090 2028 5171 20,

606 5171 832 5239 legimus
862 5185 875 5220 :
906 5165 1179 5221 Dominus
1190 5168 1346 5236 [idem
1382 5166 1775 5239 conﬁrmaturus
1796 5165 2032 5239 assistit,

452 5232 702 5308 palpandi
731 5242 965 5313 corporis
987 5249 1033 5293 et
1059 5232 1403 5293 contrectandi
1423 5232 1643 5313 uulneris
1668 5232 1846 5287 obtulit
1873 5232 2035 5313 facul-

452 5306 651 5366 tatem:
681 5311 771 5367 ubi
820 5306 1028 5381 tempus
1074 5325 1311 5379 praesens
1353 5310 1573 5381 assistit,
1611 5306 1676 5381 in
1717 5306 2036 5359 narrationis

450 5380 697 5450 ejusdem
724 5383 869 5439 serie
895 5378 1096 5453 excipit
1123 5384 1449 5451 prasteritutn
1479 5378 1679 5432 obtulit.

526 5463 603 5535 (ἢ)
644 5465 701 5519 in
733 5466 980 5535 vulgatis,
1030 5474 1160 5539 post»
1185 5463 1514 5539 secessionem
1540 5472 1720 5539 meum:
1752 5455 1859 5539 Pro
1890 5460 2036 5539 133st,

458 5523 644 5592 omnes
665 5523 885 5593 omnino
912 5523 1040 5592 mss:
1073 5534 1279 5610 habent
1309 5534 1569 5610 primum:
1596 5543 1658 5583 ac
1685 5523 2036 5610 deindeo'l‘ell.

457 5612 824 5666 successionem
851 5625 1036 5674 meam,
1066 5607 1196 5664 Silv.
1230 5600 1501 5679 sessionem
1523 5603 1576 5657 in
1600 5616 1690 5667 ea;
1714 5600 1935 5679 reliqui,
1965 5610 2043 5677 sc-

458 5684 736 5739 cessianem
757 5699 939 5737 meant.
969 5668 1246 5750 Eipuncta
1267 5677 1531 5750 litteram,
1553 5687 1673 5750 qua:
1694 5668 2044 5750 veteribusin

459 5751 613 5812 libris
656 5755 709 5812 in
754 5757 860 5811 line
896 5741 1182 5811 verborum
1225 5746 1523 5819 smpissime
1569 5741 1837 5808 abundat,
1877 5745 2049 5795 restat

2130 4608 2179 4653 et
2204 4593 2427 4667 quinque
2453 4595 2680 4667 episcopi
2705 4593 3010 4667 ὁμοιούσιον.
3040 4596 3095 4647 id
3119 4606 3221 4659 est,
3256 4597 3521 4650 dissimilis
3555 4615 3725 4653 essen-

2133 4671 2236 4730 tiaa.
2254 4668 2450 4722 additis
2465 4666 2803 4734 quibusdam,
2829 4666 3070 4735 pluribus
3086 4668 3328 4721 omissis:
3353 4680 3726 4724 reSIaurantur

2134 4756 2200 4795 ex
2224 4754 2352 4794 mss.
2381 4736 2644 4791 Vaticana!
2673 4737 2926 4801 basilicae,
2954 4736 3271 4790 Martiniano
3297 4750 3350 4793 et
3373 4739 3680 4794 Colliertino
3704 4757 3719 4795 :

2135 4828 2257 4865 cum
2282 4826 2327 4863 'a
2350 4810 2561 4864 eteteris
2593 4810 2754 4862 etiam
2795 4808 2933 4863 absit
2962 4804 3223 4861 Christum
3249 4808 3447 4863 Jesum.
3473 4809 3726 4867 Tesmtur

2136 4882 2352 4952 quidem
2381 4882 2655 4944 Socrates,
2686 4880 2776 4932 lib.
2808 4894 2866 4943 rt,
2901 4894 2951 4931 e.
2980 4878 3070 4946 39,
3099 4894 3128 4932 a
3157 4892 3305 4949 parte
3337 4883 3719 4936 Annmmorum

2137 4953 2353 5033 stetisse
2376 4952 2839 5033 triginta’quatuor
2863 4953 3166 5033 episcopos,
3196 4952 3524 5033 Epiphanius
3547 4961 3725 5033 autem

2138 5023 2272 5079 hair.
2299 5020 2531 5086 ωηιξη.
2558 5020 2650 5093 ‘26,
2681 5028 2790 5074 tres
2815 5034 2973 5090 supra
2995 5020 3340 5092 quadraginta
3373 5039 3385 5075 :
3415 5025 3507 5077 sed
3537 5025 3727 5093 majori

2139 5094 2244 5148 lide
2273 5094 2466 5163 dignus
2495 5101 2578 5147 est
2608 5091 2837 5163 Hilarius
2860 5092 3011 5163 testis
3035 5091 3296 5158 oculatus,
3324 5094 3535 5147 favente
3560 5091 3731 5148 Atha-

2139 5163 2313 5230 nasio,
2342 5162 2448 5216 'lib.
2489 5165 2558 5215 de
2596 5162 2824 5232 Synod,
2873 5177 2926 5230 p.
2953 5162 3080 5227 881,
3129 5162 3217 5215 ubi
3247 5166 3463 5217 eosdem
3504 5179 3732 5220 numero

2142 5250 2345 5307 paucos
2385 5232 2657 5307 exstitisse
2704 5233 2912 5307 scribit.
2963 5232 3074 5307 lmo
3121 5234 3385 5307 Socrates
3416 5234 3483 5287 ad
3539 5237 3725 5291 Hilarii

2141 5302 2462 5361 sententiam
2488 5302 2718 5371 quodtun
2748 5304 2907 5357 modo
2933 5303 3091 5367 redit,
3120 5317 3168 5356 (τ.
3212 5302 3313 5370 40,
3358 5305 3728 5361 dum/nomina

2142 5392 2331 5433 eorum
2370 5387 2684 5437 recensens,
2733 5390 2868 5442 quos
2913 5388 3034 5442 pars
3074 5376 3353 5429 Acacianis
3384 5376 3607 5430 adversa
3639 5388 3733 5432 aut

2144 5450 2211 5503 ab
2233 5450 2561 5517 episcOpatu,
2587 5455 2677 5498 aut
2697 5459 2729 5497 a
2748 5443 3129 5498 communione
3149 5460 3243 5499 sua
3268 5448 3515 5512 removit,
3537 5462 3727 5504 novem

2144 5520 2420 5587 depositas
2445 5517 2710 5581 nominat,
2745 5517 3074 5587 totidemque
3100 5528 3254 5587 extra
3293 5522 3728 5575 communionem

2144 5585 2331 5645 factos.
2364 5590 2531 5662 Porro
2545 5596 2739 5662 ‘totum
2783 5585 3070 5662 concilium
3097 5585 3436 5662 Athanasius
3462 5593 3734 5662 episcopis

2146 5662 2362 5717 circiter
2384 5658 2510 5725 160,
2540 5658 2789 5730 socrates
2810 5659 3029 5715 deﬁnite
3052 5658 3177 5729 160,
3202 5659 3577 5719 Theodoretus
3606 5658 3734 5730 150,

2147 5730 2459 5789 constitisse
2484 5727 2722 5787 tradunt.
