4270 6264
533 264 637 322 591

1735 247 1981 306 SANCTI
2019 245 2279 303 lliLARll
2319 240 2627 301 El’lSCOPi

3727 229 3836 288 59?.

537 388 593 434 et
627 376 865 449 quinque
906 372 1144 446 episcopi
1176 367 1517 453 hpmoeusion
1539 408 1553 431 ,
1587 364 1639 420 id
1680 372 1796 431 est,
1824 361 2015 418 similis
2041 376 2132 417 es-
2160 364 2209 425 A
2236 361 2283 417 Ο
2310 362 2536 416 miseras
2563 371 2723 413 aures
2745 369 2917 423 meas,
2937 369 3058 425 qua:
3081 361 3188 409 tam
3212 350 3437 407 funesta:
3466 348 3615 404 vocis
3642 360 3834 403 sonum

536 471 729 527 sentiae
753 468 1131 540 prtedicareut,
1153 473 1211 520 et
1229 463 1417 518 decem
1443 469 1500 516 et
1520 473 1713 514 novem
1737 457 2135 522 anommusion,

536 561 591 617 id
647 570 732 617 est
782 558 1060 613 dissimilis
1113 555 1405 620 essentias,
1470 549 1868 621 proﬁterentur,
1924 557 1981 604 et
2034 547 2138 602 soli

538 651 776 724 Egyptii
803 658 1000 720 praeter
1020 645 1445 703 Alexandrinum
1474 642 1785 699 bmreticum
1813 639 2137 711 (Georgium)

538 741 861 798 homousion
886 736 1325 795 constantissime
1354 735 1680 790 obtinerent.
1713 732 1872 804 573
1900 729 2141 801 Cogcnte

540 833 779 909 (Concilii
822 831 879 887 3°
922 831 1028 904 die)
1095 830 1274 901 itaque
1321 828 1501 883 Leona
1567 824 1808 892 Comite,
1872 824 1924 879 in
1972 838 2137 878 unum

539 941 730 983 omnes
756 924 834 997 (a)
859 926 1171 996 congregati
1212 929 1358 978 sunt.
1391 922 1470 978 Ex
1512 920 1625 988 his,
1666 919 1759 990 qui
1798 917 2140 974 hommusion

540 1020 930 1093 praedicabant,
955 1020 1120 1091 aliqui
1142 1018 1400 1075 nonnulla
1425 1018 1513 1089 pie
1532 1016 1716 1073 verbis
1740 1015 2136 1087 praeferebant:

533 1114 680 1187 quod
707 1124 763 1170 et
785 1129 855 1171 ex
885 1114 995 1170 Deo
1018 1121 1184 1179 esset,
1218 1112 1271 1167 id
1291 1120 1398 1178 est,
1424 1111 1494 1166 de
1522 1111 1827 1165 substantia
1857 1107 1948 1164 Dei
1974 1107 2138 1173 ﬁlius,

2241 454 2544 519 audierunt,
2579 450 2696 506 hmc
2725 448 2792 504 de
2818 449 2926 503 Deo
2954 447 3021 501 ab
3049 444 3267 500 homine
3298 442 3426 509 dici,
3451 452 3507 497 et
3528 441 3595 496 de
3620 438 3837 494 Christo

2241 547 2293 601 in
2323 544 2552 601 ecclesia
2584 540 2865 615 praedicari
2892 541 2905 595 !
2938 537 3067 593 Post
3097 536 3296 591 multas
3322 542 3501 589 autem
3534 531 3838 588 istiusmodi

2242 639 2568 709 impietates,
2593 651 2716 692 cum
2744 634 2959 688 Patrem
2998 643 3053 687 et
3078 629 3276 685 Filium
3304 644 3371 684 ex
3402 626 3710 682 nominibus
3740 642 3838 696 po-

2243 729 2348 785 tius
2390 744 2551 798 quam
2582 741 2648 783 ex
2692 736 2884 781 natura
2912 731 3312 793 comparasset,
3350 721 3467 774 ait:
3508 739 3527 772 ι
3563 718 3840 788 Quantuut

2241 822 2385 878 enim
2414 820 2583 874 Filitts
2610 833 2672 873 se
2723 816 2971 873 extendit
2997 828 3329 885 cognoscere
3360 812 3599 879 Patrem,
3634 820 3840 865 tantum

2242 915 2402 970 Pater
2447 908 2853 982 superextendit
2903 922 2962 964 se
2989 905 3062 980 (Γ)
3117 923 3185 963 ne
3235 904 3484 977 cognitus
3527 902 3665 960 Filio
3691 903 3782 959 sit.
3816 920 3839 957 s

2241 1009 2446 1077 Quibus
2474 1006 2734 1073 recitatis,
2766 1005 3030 1060 tumultus
3059 1012 3285 1059 exortus
3309 1009 3413 1057 est.

2313 1099 2591 1173 57414.
2622 1096 3105 1153 Dissimilitudinem
3147 1110 3248 1166 quo
3283 1109 3437 1149 sensu
3470 1093 3714 1147 damnent
3752 1108 3845 1147 ne-

532 1183 590 1264 et
617 1222 833 1278 semper
874 1205 1085 1261 fuisset.
1126 1204 1228 1273 Qui
1256 1218 1387 1259 vero
1422 1203 1498 1273 (ὁ)
1534 1200 1911 1257 anommusion
1949 1198 2140 1254 defen-
2176 1190 2417 1266 .gantes
2441 1191 2857 1247 similitudinem.
2887 1217 2957 1228 —
2997 1186 3133 1243 Cum
3163 1197 3341 1242 autem
3374 1183 3767 1241 intellexissent
3791 1192 3847 1240 et

532 1301 757 1369 debant,
789 1299 922 1355 nihil
951 1300 1056 1354 nisi
1084 1297 1521 1370 profattissimum
1544 1295 1863 1351 asserebant
1894 1311 1908 1347 :
1939 1307 2143 1363 negan-

536 1404 619 1451 tes
648 1394 938 1466 quidquam
976 1392 1297 1448 substantiat
1327 1390 1421 1446 Dei
1451 1390 1632 1446 simile
1657 1404 1779 1445 esse
1820 1401 2010 1459 posse,
2042 1402 2139 1441 ne.

536 1503 643 1558 que
671 1486 740 1543 de
784 1487 897 1543 Deo
939 1500 1101 1557 posse
1128 1484 1395 1541 exsiStere
1415 1482 1845 1554 generationem,
1878 1480 1974 1537 sed
2018 1494 2144 1537 esse

534 1576 812 1635 Christum
853 1586 1191 1643 creaturam;
1224 1573 1299 1649 (c)
1332 1576 1405 1631 ita
1429 1575 1573 1646 quod
1601 1584 1815 1631 creatus
1844 1581 1961 1640 est,
2009 1571 2060 1627 id
2090 1571 2141 1628 ei

533 1672 788 1727 nativitas
815 1670 1208 1741 deputaretur:
1239 1685 1307 1724 ex
1348 1668 1520 1723 nihilo
1554 1677 1733 1723 autem
1766 1682 1920 1731 esse;
1962 1676 2016 1721 et
2054 1664 2139 1720 id-

532 1766 680 1821 circo
706 1780 812 1820 non
838 1779 961 1820 esse
984 1763 1176 1828 lilium,
1206 1777 1308 1818 nec
1334 1763 1446 1817 Deo
1468 1760 1723 1817 similem.

608 1858 697 1913 15.
726 1856 1073 1928 Blasphemia:
1114 1854 1315 1927 publice
1356 1855 1688 1909 recitatum—
1712 1852 1930 1924 Loquor
1954 1862 2135 1907 autem

536 1950 712 2018 vobis,
741 1948 885 2021 quod
912 1964 1011 2020 ego
1032 1949 1151 2019 ipse
1172 1948 1391 2003 recitari
1419 1948 1472 2002 in
1498 1955 1769 2003 conventu
1802 1946 2017 2017 publice
2043 1960 2139 1999 auo

530 2041 665 2106 divi,
698 2042 782 2113 (ά)
812 2040 955 2111 quod
975 2039 1302 2111 praedicante
1329 2043 1586 2109 eplscopo
1610 2039 1905 2093 Antiochiae
1938 2052 2141 2106 excep-

537 2140 651 2187 tum
678 2130 996 2187 habebatur.
1028 2131 1155 2186 Hmc
1177 2144 1306 2201 ergo
1336 2130 1408 2184 ita
1453 2129 1596 2186 dicta
1634 2145 1758 2186 esse
1786 2130 1855 2185 ab
1893 2144 1960 2185 eo
1989 2144 2141 2185 com-

532 2222 1015 2281 memorabantur:
1053 2240 1071 2272 ι
1113 2222 1241 2277 Erat
1269 2222 1434 2287 Deus,
1485 2221 1628 2292 quod
1674 2229 1777 2277 est.
1827 2220 1990 2277 Pater
2030 2236 2137 2277 non

515 2324 678 2383 .erat,
708 2316 834 2387 quia
864 2330 1041 2384 neque
1068 2314 1119 2369 ci
1141 2314 1311 2369 Filius
1340 2332 1355 2369 :
1382 2328 1507 2369 nam
1532 2314 1579 2369 si
1609 2314 1771 2378 ﬁlius,
1801 2327 2029 2369 necesse
2056 2320 2143 2368 est

533 2418 593 2466 ut
617 2419 675 2467 et
729 2408 932 2465 femina
961 2408 1051 2473 sit,
1074 2417 1131 2463 et
1158 2407 1515 2478 colloquium,
1550 2405 1622 2479 (e)
1653 2415 1708 2463 et
1730 2405 2134 2474 sermocinatio,

527 2510 585 2558 et
613 2500 927 2571 coniunctio
953 2498 1252 2571 coniugalis
1280 2498 1464 2567 verbi,
1496 2507 1552 2554 et
1581 2498 2012 2555 blandimentum
2032 2540 2049 2566 ,
2080 2505 2138 2553 et

529 2605 869 2667 postremum
913 2592 981 2649 ad
1023 2590 1394 2665 generandum
1442 2591 1705 2647 naturalis
1744 2590 2071 2647 machinula.
2112 2609 2133 2643 ι

604 2755 1045 2833 (alln‘vulgatis,
1074 2755 1369 2833 congregati
1388 2762 1507 2833 sunt
1537 2770 1599 2833 ex
1628 2754 1714 2833 Itis
1731 2753 1819 2819 qui
1850 2751 2146 2833 ὁμοιοὶξσιον

532 2823 913 2900 ρηὲάίεαιραηιῖ
956 2826 1130 2896 Aliqui
1173 2823 1350 2881 eorum
1390 2840 1408 2900 ς
1458 2826 1652 2900 vitiosa
1697 2823 2143 2900 interp'unmioue

528 2895 697 2955 falsus
725 2898 961 2953 efﬁcitur
989 2910 1217 2958 sensus.
1251 2896 1402 2966 quasi
1435 2896 1538 2952 soli
1569 2896 1606 2950 ii
1634 2911 1661 2948 a
1697 2895 1878 2949 Lcoua
1910 2909 2145 2966 _cougre-

529 2971 640 3041 gati
669 2971 800 3032 sint,
825 2969 916 3038 qui
946 2964 1287 3022 homteusion
1317 2965 1705 3041 pra-dicabant.
1734 2964 2145 3041 Abundathquo-

530 3032 640 3111 quc
671 3032 944 3109 postrema
971 3053 1076 3093 vox
1103 3032 1451 3107 eoruquuaa
1471 3036 1799 3091 auctoritate
1826 3050 1958 3090 mss.
1983 3032 2139 3090 Cblb.

530 3121 587 3167 et
614 3111 829 3165 Martio.
864 3116 1199 3164 removetur.

608 3160 1170 3253 (ἰῖτιξᾶἱὶί-,νᾷιλίρεἦο
1225 3176 1517 3250 ὁμοιούσιον
1543 3177 1927 3248 defendebant:
1954 3190 2142 3232 emen-
2166 3160 2212 3223 C

531 3250 731 3309 dantur
759 3266 824 3306 ex
862 3250 1160 3320 potioribus
1191 3263 1324 3304 mss.

605 3322 676 3394 (c)
710 3322 840 3376 Post
863 3318 945 3375 ita
972 3320 1274 3394 supplendo
1302 3328 1389 3383 ut,
1422 3318 1763 3394 integraerit
1787 3319 1950 3375 lectio
1968 3334 2138 3394 _quam

530 3390 851 3450 exhibemus
883 3408 949 3447 ex
991 3390 1094 3446 ﬁde
1122 3406 1253 3446 mss.
1299 3405 1422 3445 cum
1456 3392 1603 3452 prius
1632 3391 1926 3460 legeretur,
1957 3390 2146 3460 Itaque

530 3464 668 3534 quod
697 3473 903 3534 creatus
929 3470 1077 3517 esset.
1110 3461 1246 3534 Tum
1271 3476 1402 3534 mss.
1435 3460 1594 3534 Colb.
1619 3471 1676 3516 et
1702 3460 1944 3534 Marum,
1970 3464 2024 3516 in
2045 3460 2144 3516 Dei

532 3528 816 3591 natiuitate.
868 3533 1166 3588 [hereticos
1208 3528 1451 3587 dicenfes
1489 3549 1503 3585 :
1539 3531 1694 3586 Pater
1743 3530 1907 3599 Deus,
1947 3549 2146 3601 semper

534 3607 689 3661 etiam
716 3603 889 3659 Filius
919 3614 1150 3665 creatus;
1200 3602 1335 3656 idem
1375 3603 1510 3655 enim
1551 3612 1626 3657 est
1656 3604 1710 3656 in
1748 3602 1859 3657 Deo
1888 3620 2061 3658 (reare
2096 3613 2146 3657 et

533 3678 789 3748 gignere;
822 3674 1293 3748 ab_Antioch_enis
1337 3672 1715 3748 Beat/tyrio!”
1759 3684 1981 3748 vocatos
2023 3689 2146 3731 esse

540 3743 707 3803 tradit
730 3744 1128 3810 Theodoretus,
1165 3745 1257 3799 lib.
1286 3760 1338 3799 tv
1369 3743 1568 3799 Haeret.
1604 3743 1733 3798 Fab.
1763 3758 1813 3799 c.
1845 3746 1900 3800 4.

617 3817 699 3944 qd)
734 3817 883 3872 lianc
911 3817 1172 3887 optimam
1223 3815 1509 3870 lectionem
1556 3830 1702 3887 saepe
1746 3814 1979 3871 laudatis
2009 3830 2140 3870 mss.

617 3916 619 3933 ι
649 3890 700 3943 b.
732 3897 785 3943 et
813 3888 966 3941 Mart.
987 3886 1268 3942 debemus.
1302 3886 1558 3941 Eamdem
1587 3886 1855 3944 exnrcssit
1884 3887 2140 3943 Baronius

542 3886 700 3946 Colb.
732 3897 785 3943 et
813 3886 966 3941 Mart.
987 3886 1268 3942 debemus.
1302 3886 1558 3941 Eatndcm
1587 3886 1855 3955 expressit
1884 3887 2147 3943 Baronins

538 3960 606 4015 ad
639 3975 728 4013 an.
758 3959 890 4024 359,
922 3974 977 4010 η.
1014 3958 1102 4012 67.
1132 3956 1192 4012 In
1220 3957 1338 4011 aliis
1368 3967 1547 4011 autem
1579 3957 1752 4023 libris,
1781 3959 1919 4027 quod
1959 3959 2148 4027 prtedi-

537 4040 710 4084 catum
741 4028 1029 4083 Antiochia:
1058 4035 1324 4097 exceptum
1355 4027 1702 4082 habebatur...
1736 4029 1799 4082 ab
1829 4045 1888 4083 eo
1921 4045 2146 4083 comme-

541 4107 814 4156 morantur
840 4114 859 4153 :
888 4099 1062 4168 primo
1104 4098 1262 4154 deest
1287 4113 1484 4152 nomen
1508 4139 1522 4163 ,
1575 4098 1642 4153 ad
1689 4099 1832 4168 quod
1880 4099 2150 4155 referatur

539 4170 675 4227 illud
722 4170 785 4225 ab
830 4185 929 4235 eo;
957 4169 1154 4240 deinde
1184 4170 1314 4223 latet
1354 4170 1476 4239 quis
1522 4168 1614 4223 ille
1655 4169 1725 4223 sit
1755 4169 1947 4237 homo,
1993 4169 2148 4240 cujus

543 4241 934 4309 impudentiam
985 4239 1119 4294 infra
1168 4247 1350 4307 stupet
1398 4240 1666 4304 Hilarius;
1720 4252 1994 4309 postremo
2037 4239 2147 4295 non

547 4312 781 4368 habetur
807 4312 861 4365 in
891 4326 1052 4382 quem
1074 4310 1276 4382 _cadant
1307 4311 1470 4382 verba
1505 4311 1664 4380 paulo
1693 4321 1808 4380 post
1839 4313 2145 4382 sequentia,

543 4380 923 4454 comparasset,
938 4383 1030 4436 ait.
1062 4380 1182 4436 Jam
1203 4396 1333 4454 vero
1359 4388 1413 4435 et
1439 4380 1644 4451 integra
1664 4392 1757 4454 est
1779 4380 1976 4446 oratio.
2009 4391 2065 4438 et
2093 4383 2145 4437 in

543 4451 851 4508 Eud‘oxium
880 4451 1271 4508 Anemoeorom
1302 4452 1494 4507 ducem
1525 4453 1767 4522 apprime
1792 4455 2145 4509 conveniens.

539 4523 941 4610 Necnrepugnat
971 4523 1115 4610 qtth
1137 4522 1549 4610 Thepdtoretus,
1570 4524 1663 4579 lib.
1705 4539 1757 4577 tv
1786 4526 1983 4610 Hmret.
2012 4525 2144 4608 Fab.
2173 4548 2229 4610 Ι)

539 4612 591 4666 c.
647 4595 703 4661 9.,
750 4594 959 4654 scribit.
986 4594 1157 4666 illum
1191 4593 1271 4666 ad
1315 4593 1717 4666 Seleuciensem
1759 4597 2026 4666 synodum
2058 4596 2140 4651 ire

539 4665 771 4737 iussum,
793 4665 1091 4737 accessisse
1113 4664 1354 4734 quidem,
1381 4665 1482 4737 sed
1514 4681 1619 4720 non
1644 4664 1981 4737 ausui‘niesse
2009 4681 2141 4720 con~

541 4734 752 4793 sessum
789 4735 1017 4805 ingredi.
1048 4735 1165 4790 Non
1199 4736 1345 4790 enim
1378 4734 1613 4790 Hilarius
1647 4735 1798 4801 dicit,
1831 4735 2139 4792 Eudosium

548 4808 652 4862 hoc
675 4807 936 4864 Seleucia:
964 4806 1306 4875 praedicasse,
1335 4806 1429 4860 sed
1456 4821 1578 4861 cum
1607 4807 1742 4860 alias
1797 4807 2145 4876 prazdicasset

550 4876 718 4947 (haud
744 4877 906 4932 dubie
935 4876 986 4929 iu
1012 4892 1078 4932 eo
1103 4886 1400 4942 conventu,
1426 4892 1585 4947 quem
1611 4878 1932 4943 Antiochiae,
1962 4878 2141 4932 statim

548 4963 711 5019 atque
742 4948 953 5019 invasit?
981 4947 1120 5002 hanc
1148 4947 1355 5011 sedem,
1389 4948 1751 5019 convocavit),
1794 4949 2007 5017 publice
2040 4949 2145 5005 lec-

542 5017 653 5075 tum
700 5033 821 5075 esse
866 5018 1158 5082 Seleuciae;
1202 5027 1258 5073 et
1295 5017 1510 5085 quidem
1541 5017 1847 5087 antequam
1885 5020 2140 5075 Acaciaui

541 5106 738 5145 novam
771 5088 897 5144 fidei
923 5088 1210 5143 formulam
1253 5089 1513 5143 caderent
1535 5132 1549 5154 ,
1580 5100 1634 5146 et
1667 5090 1891 5158 proinde
1922 5092 1975 5146 in
2004 5107 2136 5147 con-

536 5175 691 5218 sessu
724 5161 917 5230 primo.
952 5159 1045 5230 His
1077 5160 1218 5214 favet
1237 5159 1379 5230 quod
1407 5171 1590 5216 narrat
1614 5160 2009 5225 Theodoretus,
2042 5163 2135 5218 lib.

536 5246 577 5285 ιι
608 5229 745 5303 Hist.
778 5232 910 5288 eccl.
940 5247 989 5284 c.
1022 5229 1094 5284 27
1115 5273 1130 5295 ,
1168 5229 1467 5303 Eudoxium
1501 5232 1568 5288 ab
1598 5232 1884 5289 Eustatltio
1912 5234 2138 5303 aliisque

535 5302 899 5358 Seleucieusis
926 5303 1118 5373 synodi
1153 5302 1344 5373 legatis
1375 5302 1515 5362 apud
1556 5305 1935 5371 imperatorem
1979 5302 2137 5360 accu-

535 5380 734 5437 satum,
767 5373 909 5442 quod
948 5373 1255 5443 horrendas
1303 5374 1355 5428 in
1398 5374 1493 5429 Dei
1536 5373 1734 5430 Filium
1771 5376 2135 5443 blaspltemias

531 5441 885 5511 evomuisset,
935 5441 1238 5499 Constantii
1285 5445 1452 5498 insui
1488 5446 1652 5515 ipsius
1697 5441 1923 5513 gratiam
1965 5464 2136 5515 quan-

532 5515 729 5569 tumvis
764 5515 1013 5584 propensi
1045 5515 1180 5571 iram
1214 5525 1521 5585 temperare
1552 5532 1657 5572 non
1683 5518 1840 5573 aliter
1870 5518 2134 5588 potuisse,

528 5601 699 5713 quan:i
716 5598 902 5641 earum
928 5596 1212 5643 auctorem
1233 5601 1341 5643 non
1368 5601 1449 5654 se,
1478 5588 1573 5643 sed
1604 5591 1818 5645 Aetium
1846 5605 1967 5646 esse
1988 5589 2136 5644 afﬁr-

539 5672 661 5712 man
705 5672 761 5711 ο.

539 5672 761 5712 manao.

599 5727 668 5800 (ε)
697 5728 756 5783 In
785 5726 1031 5799 vulgatis,
1062 5729 1375 5802 colloquium
1398 5732 1669 5804 sermonis,
1702 5741 1753 5791 et
1777 5733 2122 5805 computtctio.

2243 1288 2332 1353 bi,
2384 1285 2478 1358 qui
2526 1284 2841 1342 dissimilem
2893 1285 3065 1340 Deum
3114 1274 3648 1348 dicunt,'humauas
3686 1293 3846 1336 aures

2243 1386 2406 1433 tanta:
2438 1375 2732 1447 impietatis
2752 1374 2916 1432 verba
2941 1389 3049 1430 non
3076 1380 3421 1443 suscepturas
3444 1386 3599 1437 esse;
3631 1385 3845 1427 rursum

2245 1471 2299 1528 bi
2326 1471 2457 1542 ipsi,
2491 1468 2568 1543 (g)
2600 1468 2821 1525 fallaces
2853 1468 3032 1540 potius
3061 1483 3223 1539 quam
3266 1465 3526 1522 Ecclesia:
3563 1464 3845 1535 episcopi,

2246 1565 2405 1621 ﬁdem
2434 1563 2695 1629 scribunt,
2726 1561 2807 1634 (Ιι)
2827 1561 3149 1618 homousion
3169 1570 3227 1617 et
3248 1560 3591 1617 homteusion
3613 1568 3667 1615 et
3687 1558 3848 1615 dissi-

2246 1656 2606 1714 militudinem
2630 1655 2909 1711 damnant.
2934 1653 3087 1721 Quod
3114 1668 3236 1709 cum
3264 1651 3596 1708 contrarium
3625 1650 3685 1722 (i)
3717 1650 3847 1720 ipsis

2168 1755 2217 1817 B
2243 1766 2405 1808 sensu
2445 1748 2777 1805 audientium
2805 1755 2951 1803 esset
2985 1765 2998 1802 :
3030 1747 3145 1817 ipse
3170 1759 3271 1816 ego
3298 1742 3584 1815 quemdam
3613 1756 3803 1796 eorum
3822 1780 3837 1806 ,

2244 1844 2335 1916 qui
2366 1842 2505 1898 forte
2526 1840 2593 1896 ad
2618 1856 2704 1897 me
2729 1838 3141 1910 pcrtentandum
3161 1843 3488 1901 accesserat,
3512 1832 3665 1905 quasi
3692 1832 3846 1903 igno-

2244 1950 2370 1992 rans
2408 1948 2588 1990 rerum
2633 1942 2910 2003 gestarum
2969 1935 3319 2001 percontatus
3366 1942 3523 1993 sum,
3573 1924 3702 1994 quid
3742 1923 3847 1979 sibi

2245 2028 2410 2083 vellet
2436 2025 2575 2081 istud
2594 2067 2609 2091 ,
2643 2025 2813 2095 utqui
2843 2038 3003 2078 unam
3031 2020 3389 2078 substantiam
3420 2018 3544 2074 Filii
3573 2032 3695 2074 esse
3721 2031 3843 2072 cum

2248 2122 2408 2177 Patre
2437 2119 2816 2185 damnassent,
2851 2116 2936 2172 vel
2965 2130 3087 2171 esse
3108 2114 3304 2170 similis
3331 2113 3651 2169 substantia:
3679 2111 3847 2169 dene-

2248 2222 2488 2286 gassent,
2511 2209 3011 2267 dissimilitudinem
3035 2208 3374 2264 damnarent.
3398 2204 3551 2261 Tunc
3577 2205 3703 2259 mihi
3730 2203 3843 2258 ait:

2254 2326 2275 2361 α
2310 2307 2581 2365 Christum
2611 2306 2723 2359 Deo
2742 2303 2973 2358 similem
3004 2317 3111 2357 non
3140 2315 3285 2363 esse,
3314 2298 3409 2355 sed
3439 2297 3673 2354 similem
3702 2295 3846 2351 Patri

2246 2416 2388 2457 esse.
2425 2419 2443 2452 ο
2481 2399 2687 2455 Rursus
2711 2397 2815 2453 hoc
2853 2396 3137 2452 obscurius
3166 2393 3300 2450 mihi
3326 2391 3502 2448 adhuc
3538 2389 3841 2446 videbatur.

2250 2493 2326 2550 De
2352 2509 2457 2563 quo
2483 2506 2609 2548 cum
2641 2492 2838 2547 iterum
2878 2488 3272 2560 interrogarem
3293 2528 3309 2553 ,
3340 2494 3469 2542 tunc
3506 2483 3623 2540 hate
3663 2482 3737 2538 ita
3765 2482 3850 2539 lo-

2248 2596 2406 2644 cutus
2432 2595 2554 2643 est:
2591 2604 2611 2639 ι
2650 2586 2777 2641 Dico
2801 2599 2924 2640 eum
2955 2582 3273 2639 dissimilem
3302 2580 3415 2637 Deo
3439 2593 3583 2645 esse,
3610 2576 3843 2634 similem

2250 2747 2584 2817 Reponimus
2612 2745 2922 2816 colloquium
2950 2754 2996 2799 et
3025 2742 3484 2817 sermocinatio_ex
3527 2756 3659 2797 mss.
3688 2741 3843 2798 Colb.

2248 2830 2303 2875 et
2332 2811 2547 2883 Martia,
2579 2832 2642 2873 ac
2667 2811 2864 2872 deinde
2890 2826 2936 2869 et
2964 2816 3261 2889 conjunctio
3283 2829 3350 2869 ex
3377 2811 3604 2889 Carnut.

2319 2892 2390 2962 (Ι)
2417 2890 2559 2962 Tres
2583 2902 2739 2962 mss,
2768 2903 2831 2941 ne
2872 2884 3105 2962 cognitus
3151 2884 3199 2962 Ε
3201 2886 3325 2939 ilius
3353 2885 3420 2962 sit
3442 2900 3461 2938 :
3502 2899 3698 2962 prave.
3719 2885 3846 2962 ξψ-

2247 2955 2421 3031 pendo
2452 2960 2678 3015 Eudoxii
2709 2955 3065 3031 impudentia,
3095 2958 3333 3031 quicum
3365 2956 3480 3031 haec
3506 2955 3575 3031 tle
3607 2955 3698 3010 Dei
3732 2955 3842 3031 ﬁlio

2246 3027 2668 3102 blaSpltemaret,
2716 3028 2858 3102 Aetii
2889 3027 3223 3102 e_thuuo'mii
3274 3027 3845 3102 patrocittium_susci-

2248 3096 2424 3169 piebat
2453 3121 2466 3157 :
2501 3116 2726 3170 quorum
2780 3101 2864 3154 hic
2895 3098 3236 3154 Tltcodoreto
3264 3106 3426 3164 teste,
3466 3098 3503 3152 1.
3540 3113 3590 3151 tv
3636 3096 3838 3170 litaret.

2246 3168 2378 3230 Fab.
2420 3190 2468 3230 c.
2494 3168 2549 3239 3,
2584 3172 2934 3241 gloriabatur,
2952 3187 3026 3241 Ase
3054 3170 3186 3225 nihil
3213 3174 3277 3223 de
3303 3169 3452 3224 rebus
3482 3168 3668 3223 diuinis
3696 3168 3848 3240 igno-

2245 3263 2382 3311 rare,
2432 3249 2519 3301 sed
2538 3238 2543 3239 γ
2562 3238 2737 3313 ipsum
2756 3244 2912 3297 etiam
2940 3238 3040 3295 Dei
3064 3241 3334 3313 essentiam
3378 3250 3554 3295 exacte
3575 3256 3636 3313 _se
3664 3238 3845 3303 nesse,

2245 3309 2594 3386 eamdemque
2617 3314 2679 3366 de
2710 3311 3091 3386 Deohnotitiam
3115 3312 3301 3386 habere
3298 3351 3334 3386 Δ
3364 3328 3519 3386 quam
3544 3309 3842 3386 _Deus_tpse

2249 3389 2398 3443 habet
2447 3381 2510 3441 de
2552 3401 2605 3440 se
2629 3386 2780 3452 ipso;
2828 3384 2917 3439 ille
2962 3399 3088 3439 vero
3116 3384 3257 3451 apud
3296 3381 3675 3453 Epiphanium,
3708 3381 3838 3436 liter.

2248 3476 2408 3514 uxvn
2421 3501 2433 3520 .
2457 3476 2511 3513 n.
2541 3456 2596 3518 4,
2617 3470 2781 3510 ausus
2798 3455 3104 3511 estdicere:
3128 3454 3250 3510 Scio
3263 3452 3450 3517 Deum,
3466 3464 3513 3508 et
3530 3454 3659 3506 adeo
3680 3453 3849 3520 ipsum

2248 3532 2384 3593 noui,
2420 3540 2471 3582 ut
2500 3545 2563 3583 ne
2583 3526 2788 3595 quidem
2819 3543 2894 3580 mc
2921 3527 3085 3595 magis
3116 3540 3343 3592 noscam,
3373 3541 3527 3591 quam
3558 3522 3742 3595 Deum.
3777 3526 3843 3579 At

2242 3602 2353 3672 jam
2402 3594 3080 3672 observat'it_Athanasttts,
3133 3596 3227 3653 lib.
3273 3596 3341 3672 de
3367 3595 3579 3672 _Synod.
3623 3610 3681 3666 ι).
3718 3594 3846 3672 81),

2247 3664 2478 3727 λιθίθηοε
2508 3667 2815 3725 hominibus
2844 3664 3081 3725 tribuere
3116 3684 3221 3724 non
3252 3664 3547 3735 dubitasse,
3584 3664 3707 3737 qua:
3735 3664 3847 3721 ﬁlio

2252 3744 2348 3799 Dei
2388 3751 2664 3806 negarent.

2322 3815 2398 3886 (g)
2446 3812 2588 3869 Editi
2617 3826 2739 3886 cum
2781 3824 2912 3886 mss.
2951 3809 3089 3886 Vat._
3123 3810 3265 3886 bas.,
3310 3809 3523 3886 palatio.
3569 3808 3845 3886 Sex_mss.

2250 3879 2434 3955 palatii
2458 3900 2476 3938 :
2500 3883 2641 3954 quod
2667 3882 2951 3955 legendum
2970 3879 3582 3955 c0tijectavit_Latinitts,
3608 3889 3664 3935 et
3686 3879 3854 3955 Baro:

2250 3950 2374 4011 hius
2403 3956 2471 4011 ad
2500 3950 2590 4009 an.
2620 3950 2747 4019 359,
2784 3970 2837 4009 η.
2868 3952 2958 4017 68,
2994 3950 3243 4022 praetulit.
3287 3952 3480 4008 Verius
3512 3962 3688 4007 tamen
3727 3950 3852 4007 libri

2250 4025 2404 4083 Colb.
2433 4036 2488 4083 et
2517 4025 2731 4081 Martin.
2762 4025 2997 4094 fallaces,
3026 4039 3168 4094 quos
3186 4024 3435 4078 nimirum
3468 4022 3700 4094 llilarius
3723 4037 3849 4094 per:

2250 4098 2521 4153 conlaudo
2548 4103 2803 4166 expertus
2846 4106 2929 4151 est
2972 4094 3117 4149 aliud
3165 4093 3664 4166 prteferreiverbis,
3704 4093 3850 4149 aliud

2250 4171 2430 4223 animo
2458 4165 2659 4223 sentire
2695 4185 2707 4220 :
2738 4166 2984 4233 adeoque
3033 4182 3138 4220 nou
3187 4181 3310 4222 esse
3353 4165 3665 4234 episcopos,
3714 4179 3852 4233 quos

2253 4256 2402 4295 nutu.
2427 4239 2481 4306 6,
2508 4240 2771 4293 ministros
2795 4237 3044 4304 veritatis,
3069 4248 3123 4291 et
3144 4253 3292 4292 num.
3322 4237 3410 4302 12,
3440 4236 3665 4291 veritatis
3691 4234 3822 4290 disci
3832 4265 3853 4278 ο

2251 4311 2400 4382 pulos
2425 4325 2567 4382 esse.
2591 4324 2689 4382 suo
2722 4309 2942 4364 nomine
2972 4308 3290 4382 declaravit.

2325 4381 2403 4454 (It)
2435 4382 2510 4437 ita
2539 4380 2670 4435 Bad.
2697 4396 2821 4454 cum
2845 4394 2977 4454 mss.
3007 4379 3130 4434 Vat.
3157 4380 3302 4454 bas.._
3326 4377 3486 4454 Mich.
3503 4376 3852 4454 _etSylv._nisi

2252 4450 2395 4523 quod
2424 4459 2645 4508 careant
2679 4451 2936 4523 particula
2962 4461 3007 4505 et
3027 4461 3152 4523 ante
3178 4450 3667 4523 dissimilitudinem.
3703 4450 3855 4506 llanc

2255 4521 2571 4579 revocamus
2600 4538 2665 4577 ex
2691 4538 2821 4577 mss.
2855 4522 3008 4578 Colb.
3032 4530 3088 4577 et
3107 4522 3323 4578 Martia.
3358 4523 3409 4575 in
3442 4521 3639 4592 quibus
3670 4530 3853 4577 tamen

2253 4603 2431 4650 exstat
2473 4595 2577 4649 hoc
2603 4594 2831 4647 alterum
2861 4593 3168 4658 :mendum,
3211 4593 3354 4663 quod
3384 4607 3481 4662 pro
3512 4594 3850 4660 homousion,

2249 4664 2485 4722 habeant
2518 4665 2886 4719 anomoeusion.
2937 4664 3179 4721 Pessime
3221 4674 3402 4719 autem
3445 4664 3587 4724 Μὶν..
3622 4664 3765 4734 Lips.
3796 4673 3856 4718 et

2249 4736 2371 4809 Par.
2433 4746 2555 4805 post
2600 4735 2918 4809 Erasmum,
2970 4736 3126 4809 ﬁdem
3168 4737 3399 4809 scribunt
3437 4736 3855 4809 épouaiou,__et

2250 4806 2546 4880 ὁμοισυσὶου
2573 4807 3042 4880 dissimilitudinem
3082 4807 3346 4880 damnant.
3377 4805 3670 4880 Pal'antest
3700 4805 3853 4860 Hila-

2250 4876 2389 4934 rium
2432 4879 2523 4934 hic
2564 4880 2836 4947 respicere
2882 4879 2936 4932 in
2964 4878 3251 4933 formulam
3299 4878 3369 4933 ab
3410 4876 3613 4933 Acacio
3654 4877 3854 4932 Leonte

2252 4961 2580 5020 porrectam,
2610 4959 2666 5003 et
2695 4951 2746 5003 in
2781 4948 2940 5004 tertio
2981 4947 3343 5006 Seleuciensis
3372 4949 3562 5014 synodi
3590 4962 3854 5020 consessu

2252 5018 2499 5090 ejusdem
2532 5021 2726 5075 Leonte
2752 5035 2914 5089 opera
2946 5021 3262 5090 perlectam,
3293 5023 3345 5075 in
3374 5035 3481 5087 qua
3515 5020 3659 5088 apud
3684 5018 3856 5090 Atha-

2244 5089 2476 5158 nasium,
2497 5092 2589 5146 lib.
2609 5092 2675 5147 de
2687 5090 2917 5163 Syttod.,
2940 5089 2991 5161 p.
3014 5091 3141 5158 904,
3171 5101 3227 5148 et
3258 5092 3400 5162 apud
3419 5089 3850 5163 Socratem,‘lib.

2243 5166 2501 5238 tt._c.»40,
2538 5160 2814 5238 occurrit,
2834 5165 2893 5219 τὸ
2918 5167 3010 5238 μέν
3031 5160 3306 5238 ducetis-sou
3331 5167 3418 5221 καὶ
3442 5164 3501 5238 τὸ
3527 5160 3855 5238 egerendaet»

2246 5186 2302 5225 ιι,
2336 5186 2387 5219 e.
2415 5186 2501 5227 au,
2538 5186 2802 5224 occurrit.
2834 5186 2893 5219 το
2918 5186 3010 5238 μιν
3031 5186 3302 5238 ομοουσιον
3331 5186 3418 5221 και
3442 5186 3501 5219 το
3531 5186 3557 5219 ο
3599 5186 3855 5218 οιοουσωτ

2240 5236 2641 5312 sae-3110mm;
2692 5232 2954 5312 ἁᾉλότριφ
2987 5245 3097 5312 -τῷν
3140 5244 3374 5312 Γραφῶν·
3415 5186 3598 5312 2651‘
3623 5231 3857 5307 ἀνόμοιον

2241 5307 2692 5380 summatem“.
2723 5307 2877 5376 Apud
2905 5307 3482 5380 Epipltanium'autem,
3507 5307 3639 5361 hair.
3662 5316 3855 5380 euut,

2245 5392 2299 5451 tt.
2334 5377 2437 5451 25Ἀ
2478 5377 2820 5433 desideratur
2848 5394 2951 5435 vox
2970 5379 3302 5451 76901001301019
3323 5394 3530 5451 ,unam
3557 5377 3857 5433 restituen-

2247 5448 2369 5502 dum
2405 5449 2577 5519 liquet
2619 5459 2730 5503 tum
2779 5465 2845 5505 ex
2895 5448 3191 5505 Athanasio
3237 5459 3293 5506 et
3339 5450 3582 5515 Socrate,
3632 5457 3745 5503 tum
3783 5460 3854 5502 ex

2250 5529 2442 5573 nostro
2474 5520 2702 5575 llilario.

2303 5591 2374 5672 .(_t')
2402 5591 2553 5672 Lips.
2582 5598 2640 5672 et
2662 5590 2791 5647 Par.
2819 5593 2920 5662 ipsi
2942 5593 3143 5672 sensui.
3158 5591 3381 5672 Rectius
3405 5592 3497 5647 alii
3529 5589 3676 5672 libri,
3700 5589 3854 5671 ipsis,

2240 5660 2358 5717 scil.
2390 5661 2699 5728 Anomteis;
2732 5660 2883 5720 sensu
2913 5664 3254 5730 audientium,
3276 5664 3382 5719 hoc
3407 5674 3512 5730 εει,
3543 5660 3859 5731 auriumju—

2238 5731 2383 5790 dicio
2412 5741 2467 5790 et
2493 5744 2753 5805 quantum
2781 5735 2847 5793 ad
2890 5734 3270 5794 vocabulorum
3296 5750 3512 5791 sonum.
