4270 6264
454 388 559 445 595

1301 387 1501 444 LIBER
1534 386 1809 445 CONTRA
1845 387 2332 447 CONSTANTIUM
2371 389 2893 448 IMPERATOREM.

3654 399 3759 455 594

452 503 596 561 Patri
629 517 789 574 posse
820 501 1077 575 intelligi;
1111 505 1234 574 quia
1264 503 1425 559 Pater
1453 503 1715 560 voluisset
1741 512 2047 561 creaturam
2074 503 2207 565 Ain
2233 505 2448 562 caeteris
2478 514 2633 573 ante,
2664 506 2796 562 artis
2824 520 2936 563 sua:
2963 508 3383 575 consuetudine,
3414 516 3473 564 ut
3501 523 3597 581 per
3623 515 3761 569 recti

448 597 755 655 isﬁusmodi
784 611 996 664 creare,
1026 614 1147 669 qua:
1182 598 1379 653 similia
1409 598 1493 654 sui
1525 599 1687 655 vellet
1717 614 1733 655 :
1762 608 1816 653 et
1846 598 2048 655 idcirco

447 698 681 755 similem
731 698 876 754 Patri
927 713 1082 764 esse,
1142 701 1266 770 quia
1320 699 1612 756 voluntatis
1669 709 1816 756 esset
1870 699 2050 770 potius

446 791 613 859 ﬁlius,
643 805 804 862 quam
834 789 1160 859 divinitatis;
1194 791 1516 849 dissimilem
1547 801 1724 848 autem
1756 792 1867 849 Deo
1892 807 2013 848 esse
2032 834 2047 860 ,

447 883 570 955 quia
621 898 795 955 neque
838 884 981 939 Deus
1028 894 1205 950 esset,
1241 900 1416 956 neque
1465 899 1531 940 ex
1580 885 1713 951 Deo,
1764 884 1815 941 id
1845 893 1949 952 est,
1981 884 2051 942 de

450 977 755 1032 substantia
788 976 886 1031 Dei
930 987 1089 1033 natus
1137 986 1302 1034 esset.
1345 998 1365 1031 ι
1422 979 1546 1034 llrec
1587 978 1813 1033 audiens
1854 976 2047 1045 hebui,

449 1083 625 1140 neque
654 1067 896 1134 credidi,
926 1068 1099 1125 donec
1125 1068 1205 1141 (α)
1236 1084 1357 1125 cum
1408 1069 1621 1133 publice
1666 1085 1737 1125 ex
1783 1085 2050 1125 consensu

449 1162 690 1217 omnium
708 1174 895 1215 eorum
922 1158 1320 1232 profanissimte
1346 1161 1507 1232 hujus
1523 1160 1894 1217 similitudinis
1912 1161 2051 1216 ratio

452 1251 862 1324 praedicaretur.

522 1347 612 1402 15.
648 1344 891 1400 Damnati
919 1361 1099 1402 rursus
1141 1346 1492 1402 dominantur.
1513 1377 1584 1388 —
1617 1346 1678 1404 Hi
1707 1356 1888 1402 autem
1910 1387 1925 1414 ,
1959 1347 2048 1417 qui

449 1439 790 1497 homt'eusion
809 1439 1193 1509 praedicabant,
1219 1456 1406 1497 omnes
1431 1457 1547 1506 eos,
1572 1442 1661 1512 qui
1692 1441 1922 1496 maxime
1936 1440 2051 1495 sine

448 1534 629 1605 aliquo
656 1533 956 1604 impietatis
987 1534 1193 1605 pudore
1223 1535 1690 1605 impudentissime
1717 1535 1833 1591 haec
1864 1535 2051 1606 loque-

450 1628 670 1695 bantur,
683 1627 1183 1685 condemnaverunt
1205 1629 1299 1703 (b).
1325 1629 1683 1686 Condemnati
1701 1630 1862 1704 575
1876 1628 1941 1684 ad
1959 1644 2049 1685 re-

454 1735 574 1791 gem
591 1735 748 1775 suum
762 1720 1149 1777 advolaverunt
1168 1739 1181 1775 :
1200 1723 1524 1794 exceptique
1543 1722 1845 1779 honoriﬁce
1859 1722 2050 1792 impie-

455 1822 590 1868 tates
607 1826 731 1868 suas
744 1821 941 1885 quanta
957 1822 1243 1884 potuerunt
1257 1815 1551 1872 ambitione
1566 1818 2045 1880 conﬁrmaverunt,

2153 597 2391 665 speciem
2426 612 2589 668 prava
2624 598 2942 668 confirmet,
2976 608 3029 656 et
3057 615 3156 671 per
3197 602 3423 658 rationis
3449 617 3647 660 nomen
3679 605 3762 660 in—

2150 702 2282 745 sana
2318 692 2631 746 constituat.
2672 710 2691 743 ι
2728 691 2886 759 Nolo,
2922 710 2941 744 ι
3002 694 3197 766 inquit,
3242 715 3261 748 ι
3300 695 3467 752 verba
3496 712 3616 767 quae
3646 713 3754 754 non

2151 782 2352 851 scripta
2380 790 2505 837 sunt
2552 782 2679 838 dici.
2717 804 2736 837 ι
2779 782 2891 839 Hoc
2922 784 3139 842 tandem
3176 799 3308 859 rogo
3341 786 3412 860 (f)
3467 789 3591 857 quis
3645 791 3762 860 epi-a

2156 876 2337 945 scopis
2361 876 2591 945 jubeat?
2621 883 2675 931 et
2704 877 2824 947 quis
2850 879 3162 948 apostolicm
3189 880 3591 951 praedicationis
3612 891 3762 940 vetet

2150 965 2416 1022 formam?
2448 966 2542 1023 Dic
2570 967 2739 1037 prius,
2773 968 2817 1023 si
2848 978 2994 1024 recte
3023 969 3127 1024 dici
3160 979 3316 1041 putas
3345 988 3358 1024 :
3392 970 3527 1026 Nolo
3552 972 3754 1029 adver-

2152 1074 2272 1116 sum
2296 1075 2442 1140 nova
2479 1076 2686 1117 venena
2716 1076 2882 1117 novas
2915 1062 3430 1120 medicamentorum
3457 1079 3747 1136 compara-

2156 1153 2331 1209 tiones
2353 1196 2367 1219 ,
2400 1153 2526 1209 nolo
2572 1153 2857 1210 adversum
2898 1169 3065 1211 novos
3113 1156 3297 1212 hostes
3322 1198 3338 1223 ,
3392 1172 3531 1213 nova
3563 1158 3711 1214 bella
3739 1201 3756 1226 ,

2155 1248 2282 1304 nolo
2336 1247 2623 1304 adversmn
2680 1263 2849 1304 novas
2898 1248 3123 1304 insidias
3189 1250 3411 1306 consilia
3489 1254 3753 1311 recentia.

2154 1340 2210 1396 Si
2238 1341 2381 1395 enim
2421 1340 2603 1395 Ariani
2651 1339 2887 1398 htcretioi
2928 1340 3133 1398 idcirco
3161 1341 3241 1413 (g)
3272 1342 3610 1400 hommusion
3655 1345 3757 1400 ho-

2153 1431 2240 1488 die
2289 1431 2510 1497 evitant,
2540 1432 2666 1503 quia
2708 1433 2855 1503 prius
2901 1443 3262 1503 negaverunt;
3305 1448 3485 1491 nonne
3514 1443 3568 1490 tu
3588 1436 3751 1492 hodie

2154 1525 2355 1583 ideirco
2386 1527 2608 1600 refugis,
2649 1540 2707 1583 ut
2742 1528 2796 1584 hi
2830 1544 2976 1585 nunc
3007 1545 3222 1601 quoque
3249 1531 3562 1602 denegem?
3593 1533 3756 1589 Novi-

2153 1629 2293 1678 tates
2318 1636 2532 1689 vocum,
2569 1622 2661 1677 sed
2691 1620 2771 1695 (Ii)
2803 1622 3058 1693 profanas
3083 1624 3327 1679 devitarc
3350 1624 3505 1693 jubet
3526 1626 3760 1695 Aposto-

2153 1713 2237 1770 lus
2265 1715 2310 1787 (Ι
2334 1714 2469 1769 Tim.
2500 1730 2572 1781 νι,
2600 1714 2692 1788 20)
2727 1734 2740 1771 :
2779 1724 2834 1770 tu
2862 1731 2962 1771 cur
2988 1717 3104 1787 pias
3144 1717 3433 1774 excludis?
3462 1735 3583 1773 cum
3614 1736 3755 1789 prae-

2154 1806 2352 1863 sertim
2376 1806 2445 1861 ab
2473 1821 2538 1861 eo
2568 1806 2770 1861 dictum
2816 1807 2888 1862 sit
2918 1824 2931 1861 :
2964 1807 3151 1863 Omnis
3191 1808 3470 1879 Scriptura
3501 1810 3758 1867 divinitus

451 1904 682 1959 similem
710 1904 824 1959 Deo
850 1919 999 1972 esse,
1035 1907 1118 1960 vel
1147 1921 1213 1961 ex
1238 1907 1348 1961 Deo
1372 1916 1589 1971 natum,
1622 1908 1704 1963 vel
1744 1906 2043 1962 naturalem

2151 1896 2410 1966 inspirata
2456 1896 2602 1951 utilis
2648 1906 2733 1953 est
2775 1897 2842 1969 (ll
2889 1896 3022 1952 Tim.
3069 1914 3163 1964 ιιι,
3215 1898 3329 1969 l6).
3376 1900 3753 1957 lnnascibilem

450 2011 573 2051 esse
603 1997 771 2052 ﬁlium
801 1997 1153 2069 denegantes.
1187 1998 1347 2055 Pauci
1380 2000 1610 2067 plurium
1660 1997 1733 2072 (ε)
1781 1998 2041 2054 dominati

449 2098 598 2144 sunt.
621 2086 969 2145 Constantius
993 2106 1078 2145 res
1103 2090 1454 2159 blasphemia:
1476 2106 1606 2160 suae,
1641 2099 1789 2146 metu
1816 2091 2043 2146 extorsit

451 2183 648 2239 exsilii.
685 2182 893 2240 Vicisse
922 2200 980 2239 se
1003 2184 1113 2254 jam
1141 2183 1448 2240 Orientales
1476 2184 1738 2254 gloriatus
1757 2224 1773 2250 ,
1801 2185 1924 2255 quia
1950 2183 2047 2238 de-

451 2290 569 2331 cem
597 2275 804 2346 legatos
830 2276 909 2348 (d)
938 2274 1197 2331 voluntati
1226 2290 1338 2330 sua:
1362 2275 1721 2341 subdidisset,
1749 2275 2048 2330 commina-

453 2375 646 2437 tusque
663 2375 723 2449 ει
752 2367 951 2437 pepulo
995 2382 1091 2435 per
1118 2366 1426 2436 praefectum
1452 2409 1467 2431 ,
1499 2374 1554 2421 et
1591 2367 1861 2437 episcopis
1909 2368 2047 2421 intra

450 2459 742 2530 palatium,
775 2476 870 2530 per
898 2460 1157 2514 maximas
1203 2459 1275 2533 (e)
1318 2460 1557 2516 Orientis
1591 2458 1838 2515 civitates
1873 2459 2049 2515 ἣξει-ε-

457 2551 589 2606 ticus
641 2551 928 2622 episcopos
978 2551 1304 2622 subrogatos
1353 2551 1735 2607 communione
1792 2550 2046 2606 haeretica

453 2641 860 2697 munivit.Nihil
876 2643 1253 2714 prorsusaliud
1269 2644 1576 2714 egit,quam
1598 2644 1856 2699 utorbem
1882 2652 2051 2699 terra-

453 2754 594 2803 rum,
617 2753 711 2806 pro
728 2753 835 2808 quo
859 2735 1107 2792 Christus
1122 2752 1311 2806 passus
1322 2744 1424 2803 est,
1457 2736 1671 2792 diabolo
1696 2736 2045 2793 condonaret.

525 2830 614 2887 16.
654 2829 821 2885 Verba
858 2847 959 2885 non
993 2832 1186 2901 scripta
1216 2831 1349 2885 male
1375 2840 1506 2885 vetat
1543 2829 1895 2886 Constantius.
1929 2830 2052 2903 Ipse

453 2923 675 2979 admittit
702 2939 807 2979 non
833 2925 1045 2997 scripta.
1069 2955 1142 2965 ——
1170 2924 1349 2981 Utitur
1376 2934 1553 2981 autem
1582 2926 1747 2981 etiam
1789 2942 1962 2990 nunc,
1993 2935 2050 2981 ut

525 3066 602 3191 ac)
652 3064 976 3120 Particulam
1032 3079 1149 3118 cum
1200 3062 1498 3133 adjecimus
1540 3063 1859 3117 auctoritate
1904 3077 2037 3117 mss.

525 3157 529 3191 ι
552 3139 675 3191 )lice
701 3147 880 3191 autem
904 3136 1007 3190 hoc
1037 3136 1379 3190 manifestum
1403 3133 1525 3191 fuit.
1556 3148 1676 3188 cum
1703 3135 1837 3187 lecta
1863 3133 2037 3187 Acacii

452 3133 675 3194 Publice
701 3147 880 3191 autem
904 3136 1007 3190 hoc
1037 3136 1379 3190 manifestum
1403 3133 1525 3192 fuit.
1556 3148 1676 3188 cum
1703 3135 1837 3187 lecta
1863 3133 2044 3187 Acacii

454 3209 682 3264 formula
713 3208 998 3278 quaesitum
1030 3216 1143 3271 est,
1173 3206 1361 3278 quain
1390 3221 1446 3278 re
1485 3201 1658 3278 ilius
1693 3205 1878 3278 similis
1914 3214 2044 3258 esset

456 3279 626 3335 Patri.
662 3267 993 3333 Et'Acaciani
1020 3267 1243 3348 quidem.
1288 3276 1466 3348 inquit
1492 3276 1743 3348 socrales
1775 3275 1868 3329 lib.
1895 3290 1964 3341 ιι,
1994 3290 2044 3329 ε.
2074 3267 2120 3329 C

453 3352 546 3413 40,
571 3351 682 3405 sola
722 3352 979 3405 voluntate
1020 3346 1238 3404 similem
1281 3346 1389 3402 esse
1417 3346 1683 3411 dicebant,
1732 3362 1833 3400 non
1879 3356 2050 3401 autem

456 3423 761 3490 substantia:
793 3420 924 3490 Quae
955 3421 1238 3489 responsio
1267 3433 1435 3475 novos
1465 3418 1725 3473 tumultus
1751 3416 2048 3481 excitavit,

458 3506 511 3549 ct
541 3494 702 3547 totius
727 3489 950 3549 Concilii
982 3491 1412 3547 dissolutionem.

533 3564 606 3636 (ὁ)
637 3564 749 3619 Hoc
778 3575 880 3628 εει,
909 3564 1277 3636 deposuerunt
1304 3579 1317 3615 :
1359 3574 1586 3636 caeteros
1625 3571 1804 3636 autem
1833 3572 1861 3612 a
1902 3572 2053 3613 com—

459 3632 717 3692 mnnione
743 3641 1113 3707 segregarnnt.
1144 3633 1272 3707 Jam
1308 3634 1666 3707 notavimusua
1708 3632 1933 3687 Socrate
1964 3644 2053 3683 re-

459 3708 669 3765 censeri
699 3703 1206 3775 novem'episcopos
1242 3703 1539 3775 depositus,
1570 3703 1814 3775 aliosque
1853 3715 2048 3754 novem

460 3794 487 3832 a
512 3779 893 3835 communione
918 3772 1249 3847 segregatos.
1284 3773 1438 3843 Quod
1472 3774 1683 3847 factum
1702 3772 1833 3847 dicit
1860 3780 2052 3839 quarto

460 3849 679 3906 concilii
699 3850 808 3914 die,
832 3865 939 3919 quo
960 3844 1173 3902 [lendas
1197 3854 1254 3901 et
1282 3848 1542 3919 Aeaciana
1566 3844 1726 3898 factio
1746 3844 1810 3896 ad
1826 3856 2049 3919 censes:

460 3936 579 3976 sum
623 3911 808 3977 venire
851 3911 1171 3975 renuerunt.
1201 3917 1353 3983 Quod
1385 3916 1642 3985 deinceps
1686 3915 1950 3985 sequitur,
1984 3911 2051 3966 ad

461 3993 748 4047 Concilium
775 3989 1188 4060 ConstantinOp.
1227 3989 1479 4058 pertinet.

534 4082 607 4156 (ο)
638 4084 694 4156 In
723 4081 956 4156 excusis,
981 4080 1238 4156 damnati.
1276 4078 1492 4133 Rectius
1520 4075 1572 4156 in
1602 4073 1817 4156 scriptis
1840 4116 1857 4140 ,
1880 4073 2054 4156 domi-

463 4146 600 4220 nat'i,’
646 4152 898 4210 Acaciani
944 4146 1105 4206 videl.
1158 4164 1382 4204 numero
1421 4146 2050 4220 pancixadversariorum

464 4216 621 4297 longe
677 4226 966 4297 plurium:
1016 4238 1243 4297 quorum
1298 4216 1599 4297 primarius
1640 4216 1895 4297 proxime
1934 4226 2053 4297 post

464 4287 930 4365 (lotistautinopoli
949 4287 1208 4365 caedibus
1230 4287 1342 4365 suis
1364 4291 1728 4348 detruserunt.
1754 4287 1858 4365 Ita,
1882 4288 2055 4358 inquit

464 4370 752 4440 Sulpicius,
779 4359 837 4438 ρ.
863 4365 1002 4440 261,
1051 4364 1190 4419 hunc
1222 4363 1384 4418 veluti
1430 4369 1804 4440 commentans
1843 4359 2051 4440 locum,

534 4430 668 4494 timis
696 4430 1040 4493 sacerdotibus
1066 4445 1155 4488 aut
1192 4443 1329 4488 metu
1359 4435 1579 4499 territis,
1620 4442 1710 4485 aut
1753 4430 1933 4485 exsilio
1967 4430 2058 4484 de-
2095 4448 2098 4450 ‘

467 4458 498 4494 0
534 4458 668 4494 umis
696 4458 1040 4493 saceraouuus
1066 4458 1155 4488 aut
1192 4458 1329 4488 mem
1359 4458 1579 4499 turnus,
1620 4458 1710 4485 aut
1753 4458 1933 4485 cworuu
1967 4458 2054 4484 uc-

465 4460 651 4574 t/tictis,
668 4510 888 4585 perfidia
915 4522 1198 4585 paucorum
1211 4507 1377 4559 cuncti
1404 4512 1782 4559 concesserunt.
1802 4500 1923 4556 Vid.
1955 4502 2054 4558 So-

464 4578 678 4638 zmnen.’
707 4583 798 4637 lib.
830 4596 904 4646 tv,
936 4594 984 4634 c.
1016 4578 1105 4633 2i.
1153 4617 1160 4624 .

537 4675 616 4749 (d)
645 4674 987 4749 Colber‘tinus
1028 4672 1200 4727 codex
1234 4687 1354 4749 cum
1384 4667 2018 4749 Martinianognviolentite
2036 4708 2053 4734 ,

466 4738 571 4801 non
597 4738 870 4801 voluntati.
908 4745 1141 4814 Utraque
1188 4757 1288 4814 vox
1340 4741 1499 4806 infra,
1529 4738 1806 4814 num._26,
1853 4739 1945 4814 ubi
1987 4739 2055 4794 de

465 4817 654 4873 eadem
703 4832 761 4873 re
805 4831 1022 4873 rursum
1056 4808 1254 4869 incidit
1298 4826 1499 4879 sermo,
1541 4809 1702 4865 simul
1748 4808 2051 4876 copulatur.

466 4889 615 4944 lianc
646 4890 751 4943 vim
792 4888 949 4959 legati
985 4886 1220 4955 perpessi
1262 4894 1389 4959 sunt
1431 4880 1897 4959 pridie_cal_endas
1935 4882 2049 4959 jan.

468 4959 536 5016 Ut
555 4961 696 5016 enim
723 4951 903 5014 narrat
929 4951 1286 5022 SOzoinenus,
1312 4956 1402 5011 lib.
1433 4951 1506 5018 iv,
1527 4969 1577 5009 c.
1597 4953 1691 5018 25,
1709 4951 2053 5007 Constantius

465 5038 633 5086 totum
662 5030 812 5085 illum
838 5029 980 5085 diem
1009 5042 1222 5084 necnon
1252 5028 1538 5082 maximam
1557 5022 1893 5093 insequentis
1923 5037 2053 5077 noc-

466 5103 535 5156 tis
563 5111 768 5171 partem
799 5101 1145 5171 consumpsit
1163 5114 1285 5171 cum
1317 5097 1605 5171 episcopis,
1625 5096 1923 5171 ‘disceptans
1951 5093 2048 5171 do-

466 5166 757 5246 nec-legati,
796 5173 898 5246 qui
923 5189 957 5246 a_
983 5166 1201 5246 concilio
1227 5168 1542 5246 Seleuciensi
1568 5166 1906 5246 advenerant,
1941 5169 2053 5246 for-

465 5246 620 5299 mula:
632 5236 756 5314 "ﬁdei
779 5236 842 5299 ab
865 5241 1176 5314 Ariminensi
1206 5240 1598 5314 Oppidogallaite
1621 5236 2054 5314 subscripsissent.

468 5315 581 5370 Hoc
622 5306 798 5385 ipsum
825 5312 1091 5383 Sulpicius
1120 5306 1442 5385 siegex'ponit
1466 5328 1479 5363 :
1512 5308 1595 5364 lbi
1623 5306 1849 5385 repertos
1878 5306 2058 5385 Seleu-

471 5378 658 5458 ciensls
701 5385 885 5458 synodi
924 5378 1128 5455 legatos
1165 5384 1225 5458 ei
1256 5378 1781 5458 regidcompellunt,
1826 5378 2060 5458 {maniplo

476 5448 886 5532 Occidentalium
915 5448 1125 5532 prauam
1163 5448 1331 5532 illam
1346 5453 1501 5532 ﬁdem
1538 5448 1788 5532 accipere.
1819 5448 2063 5532 Plerique

471 5530 745 5585 abnuentes
789 5523 1043 5599 injuriosa
1087 5526 1322 5580 custodia
1349 5523 1419 5578 ac
1454 5524 1590 5593 fame
1612 5523 1779 5577 vexati
1805 5523 2064 5590 captivam

468 5601 833 5656 conscientiam
856 5599 1061 5653 dedere.

542 5693 615 5765 (e)
641 5693 830 5765 lngms.
863 5689 987 5765 vat.
1022 5690 1138 5746 bas.
1170 5686 1648 5765 hleadjieiiurse.
1683 5685 1944 5765 Quocirca
1975 5695 2067 5753 pa-

468 5756 827 5827 rum'abfuit,
859 5761 988 5831 quin
1021 5774 1143 5815 cum
1162 5759 1318 5831 Colb.
1343 5756 1393 5812 et
1419 5757 1630 5812 Martia.
1658 5756 2065 5831 praeferremus,

470 5852 562 5907 per
602 5835 853 5890 maximas
883 5849 936 5888 se
969 5830 1193 5907 Orientis
1239 5830 1462 5907 civitates
1488 5830 1758 5907 hereticos
1804 5831 2069 5907 episcopos

2145 1990 2405 2061 scriptum
2433 2004 2695 2061 nusquam
2723 1991 2857 2060 legis
2893 2010 2907 2046 :
2935 1992 3198 2062 numquid
3233 1992 3294 2065 (i)
3321 2009 3386 2049 ex
3415 1994 3519 2051 hoc
3545 2010 3747 2066 negan-

2146 2083 2274 2140 dum
2303 2084 2426 2149 erit,
2448 2084 2570 2154 quia
2595 2097 2791 2139 novum
2816 2093 2898 2139 est
2918 2083 2942 2137 ?
2966 2085 3223 2140 Decernis
3246 2086 3328 2159 (j)
3350 2087 3575 2142 similent
3596 2087 3752 2143 Patri

2149 2174 2372 2230 Filium.
2406 2174 2690 2245 Evangelia
2717 2189 2823 2230 non
2852 2176 3148 2245 praedicant
3174 2196 3187 2231 :
3215 2178 3344 2248 quid
3366 2189 3450 2234 est
3478 2180 3623 2249 quod
3646 2195 3757 2236 non

2152 2268 2353 2337 refugis
2383 2265 2521 2321 hanc
2548 2280 2740 2322 vocem
2765 2268 2789 2321 ?
2818 2266 2876 2321 In
2910 2282 3017 2323 uno
3048 2269 3260 2323 novitas
3284 2268 3529 2340 eligitur,
3561 2270 3617 2324 in
3654 2269 3762 2325 alio

2153 2365 2523 2418 submovetur.
2555 2360 2720 2433 576
2745 2360 2846 2417 Ubi
2880 2361 3172 2432 impietatis
3206 2362 3425 2418 occasio
3456 2371 3623 2432 patet,
3657 2379 3760 2418 no-

2151 2454 2291 2510 vitas
2312 2453 2615 2510 admittitur
2639 2472 2652 2506 :
2677 2452 2770 2508 ubi
2796 2464 2976 2508 autem
3002 2454 3284 2524 religionis
3310 2456 3545 2512 maxima
3566 2464 3623 2511 et
3643 2458 3755 2512 sola

2151 2546 2361 2600 cautela
2389 2554 2491 2611 εει,
2523 2542 2849 2598 excluditur.

2225 2648 2311 2701 l7.
2365 2645 2652 2714 Scriptura:
2695 2644 2909 2698 tradunt
2948 2641 3195 2714 aqualem
3237 2640 3387 2698 Patri
3432 2641 3655 2700 Filium.
3684 2676 3755 2685 -—

2152 2738 2259 2796 Sed
2307 2737 2558 2793 diabolici
2600 2734 2802 2807 ingenii
2844 2736 2918 2791 tui
2949 2734 3223 2792 fallentem
3249 2736 3602 2794 subtilitatem
3644 2755 3755 2795 non

2156 2833 2367 2890 tacebo.
2414 2832 2657 2888 Similem
2676 2874 2691 2897 ,
2736 2829 2882 2902 quod
2912 2831 3171 2902 scriptum
3200 2847 3311 2888 non
3340 2842 3456 2897 est,
3487 2832 3634 2888 Patri
3662 2833 3753 2889 Fi-

2154 2926 2285 2981 lium
2301 2923 2550 2980 decernis
2565 2921 2876 2994 praedicari:
2899 2931 2955 2978 ut
2968 2922 3232 2992 aequalem
3255 2922 3529 2978 Christum
3556 2924 3748 2992 Deum,

2150 3066 2301 3116 certe
2348 3055 2489 3127 quod
2522 3053 2881 3127 comminatus
2933 3064 3087 3127 erat,
3125 3055 3278 3127 brevi
3331 3055 3574 3125 perfecit.
3630 3055 3751 3112 Mox

2151 3131 2294 3185 enim
2322 3124 2654 3198 Macedonio,
2686 3126 2910 3198 Cyrillo.
2933 3124 3163 3194 Basilio,
3191 3124 3436 3193 EleuSio,
3463 3134 3599 3195 etc.,
3642 3129 3755 3198 epi-

2152 3203 2299 3270 scopi
2331 3200 2420 3254 alii
2448 3196 2922 3270 fuere‘snbrogatiﬂ.

2225 3264 2294 3343 (Ϊ)
2323 3271 2397 3343 In
2420 3282 2552 3324 mss.
2602 3264 3058 3343 Mich.__ét_C_ol_b.,
3094 3268 3210 3343 quis
3237 3269 3506 3343 episcopis
3536 3268 3758 3343 iubeat?

2154 3338 2322 3412 Magis
2350 3341 2524 3411 placet
2549 3352 2669 3412 cum
2713 3338 2835 3412 aliis
2866 3338 3039 3412 libris,
3077 3340 3189 3412 quis
3234 3341 3486 3409 episcopis
3518 3340 3698 3412 jubeat
3726 3342 3753 3393 ?

2154 3408 2276 3482 quia
2304 3408 2555 3467 nimirum
2588 3408 2887 3482 principum
2919 3408 3339 3482 christianorum
3376 3419 3456 3464 εει
3487 3408 3748 3482 credendi

2154 3480 2383 3539 formam
2411 3483 2479 3537 ab
2509 3480 2779 3549 episcopis
2801 3486 3075 3547 expetere,
3099 3496 3207 3534 non
3241 3481 3346 3535 illis
3369 3480 3743 3549 priescribere.

2155 3554 2311 3611 Unde
2339 3562 2393 3608 et
2420 3552 2680 3607 Albanas.
2700 3548 2784 3604 ’ad
2802 3548 2963 3621 Solit.
2991 3565 3113 3621 pag.
3142 3551 3248 3606 845
3272 3569 3285 3602 :
3320 3550 3551 3621 Quando
3568 3567 3601 3605 a
3628 3568 3751 3606 con-

2154 3626 2261 3681 dito
2304 3623 2495 3678 saeculo
2542 3622 2775 3693 auditum
2804 3620 2928 3693 est?
2968 3619 3175 3689 quando
3204 3621 3461 3693 judicium
3502 3619 3752 3693 Ecclesia:

2154 3696 2507 3750 auctoritatem
2534 3708 2677 3746 suam
2706 3692 2769 3745 ab
2795 3692 3103 3762 imperatore
3123 3691 3318 3762 accepit
3342 3691 3492 3762 ?_etc.
3522 3691 3601 3744 Ita
3624 3707 3747 3762 eum

2154 3765 2563 3823 Valentinianus
2612 3759 3076 3817 concertaiionum
3124 3761 3253 3817 ﬁdei
3302 3759 3505 3816 arbiter
3553 3761 3747 3819 sedere

2153 3838 2338 3905 vellet,
2370 3834 2437 3889 ad
2469 3850 2591 3889 eum
2624 3833 2899 3905 rescripsit
2927 3832 3266 3905 Ambrosius,
3300 3846 3388 3902 ep.
3437 3846 3578 3905 nunc
3613 3848 3741 3902 χχι,

2156 3925 2211 3962 ιι.
2230 3909 2263 3962 4
2288 3925 2301 3960 :
2322 3903 2564 3971 Quando,
2588 3903 2779 3957 audisti
2794 3903 3181 3957 clementissime
3196 3904 3497 3973 imperator,
3514 3903 3568 3957 in
3592 3919 3748 3958 causa

2154 3978 2278 4048 ﬁdei
2304 3978 2472 4048 laicus
2502 3977 2566 4048 de
2594 3975 2830 4048 episcopo
2849 3973 3113 4048 judicasse
3132 3974 3166 4048 ?_
3192 3972 3345 4048 Quod
3395 3974 3553 4048 igitur
3600 3974 3746 4030 Con-

2154 4044 2384 4103 stantius
2412 4047 2513 4101 sibi
2540 4044 2847 4115 arrngabat,
2890 4044 3013 4115 hoc
3035 4044 3230 4099 merito
3254 4044 3484 4115 Hilarius
3514 4053 3745 4101 testatur

2156 4121 2272 4175 ﬁeri
2304 4126 2488 4173 cmitra
2518 4114 2828 4185 apostolicae
2874 4114 3276 4185 przcdicationis
3306 4114 3533 4170 formam
3568 4134 3581 4168 :
3616 4119 3743 4183 quia

2156 4191 2224 4244 ab
2248 4190 2508 4255 apoStolis
2538 4186 2792 4241 traditum
2819 4196 2931 4252 est,
2977 4200 3087 4241 non
3117 4186 3288 4240 solum
3331 4186 3483 4240 laicis
3526 4186 3579 4240 in
3631 4188 3751 4255 epi-

2157 4274 2353 4330 scopos
2384 4260 2436 4315 in
2464 4258 2626 4314 rebus
2655 4256 2778 4312 fidei
2819 4256 2909 4326 jus
2936 4256 3145 4330 nullum
3176 4270 3297 4311 esse
3321 4297 3336 4322 ,
3369 4255 3464 4310 sed
3486 4255 3752 4330 et_adver--

2155 4326 2274 4387 sum
2305 4345 2475 4386 novas
2506 4330 2744 4383 haereses
2778 4342 2913 4382 nova
2943 4326 3181 4381 remedia
3221 4340 3341 4381 esse
3368 4327 3746 4396 excogitanda.

2229 4401 2305 4476 (g)
2336 4402 2391 4456 In
2432 4399 2704 4476 nonnullis
2724 4412 2890 4476 _mss.._
2914 4397 3231 4476 ⁸Ιιοηιοιιεὶειξ
3262 4413 3281 4451 :
3309 4396 3451 4467 quod
3490 4406 3667 4476 potest
3681 4409 3751 4476 et

2156 4467 2306 4530 recte
2334 4472 2481 4544 poni.
2515 4470 2627 4525 Hoc
2653 4469 2794 4544 enim
2827 4468 2929 4523 sibi
2946 4472 3113 4544 vult:
3144 4470 3187 4523 si
3213 4467 3474 4544 hactenus
3493 4467 3749 4544 'lizeretici

2156 4539 2470 4614 refugerunt
2487 4556 2674 4597 vocem
2695 4540 3032 4614 hommnsion
3054 4540 3284 4614 (quanto
3331 4539 3501 4608 magis
3520 4539 3749 4614 homon-

2160 4609 2312 4671 sion'!
2331 4615 2376 4688 j,
2399 4614 2523 4684 quia
2553 4627 2664 4688 rem
2697 4627 2758 4667 ea
2774 4624 2916 4688 voce
2932 4609 3535 4688 signillcatam,_nempe
3555 4609 3755 4688 Filium

2168 4680 2479 4742 Patri'esse
2529 4683 2825 4738 substantia
2874 4682 3139 4746 similem,
3175 4681 3476 4751 negabant;
3524 4688 3583 4734 tu
3621 4680 3749 4735 dum

2158 4759 2317 4827 jubes
2348 4768 2407 4812 ut
2432 4758 2546 4810 haec
2564 4770 2671 4827 vox
2697 4755 2945 4811 evitetur.
2971 4767 3149 4827 nonne
3169 4751 3250 4827 eis
3274 4750 3529 4807 concedis
3552 4761 3751 4827 utrem

2162 4822 2338 4885 eidem
2353 4829 2467 4881 voci
2495 4826 2792 4894 subjectatn
2824 4825 3062 4893 negent?
3089 4822 3292 4894 Eodem
3323 4822 3624 4894 argumenti
3655 4838 3750 4892 ge-

2163 4915 2291 4955 nere
2319 4899 2412 4954 lib.
2437 4897 2503 4969 de
2534 4892 2746 4969 synnd.
2770 4912 2826 4949 ιι.
2860 4892 2960 4969 85.Δ
2994 4894 3156 4949 habet
3188 4912 3201 4948 :
3232 4892 3481 4965 Displicet
3512 4893 3754 4969 cuiquam

2159 4972 2215 5025 in
2239 4970 2437 5042 synodo
2472 4962 2690 5042 Niciam
2726 4965 3031 5019 Itomousion
3061 4980 3170 5019 esse
3198 4962 3533 5042 susceptum?
3563 4962 3677 5042 {loc
3710 4965 3756 5042 si

2160 5044 2244 5096 cui
2266 5032 2531 5110 displicet,
2585 5040 2787 5111 placeat
2835 5052 3039 5093 necesse
3086 5044 3157 5090 est
3194 5032 3444 5105 quod'ab
3496 5032 3637 5088 Ariis
3688 5036 3755 5089 sit

2155 5124 2414 5167 necatum.

2221 5131 2414 5184 gutum.

2234 5182 2315 5255 (Ii)
2354 5179 2770 5255 Silvatmajoris
2798 5192 2900 5234 ms.
2921 5218 2936 5243 ,
2966 5175 3071 5233 Sed
3105 5185 3152 5255 et
3178 5191 3337 5255 vanas
3367 5191 3387 5231 :
3416 5175 3591 5232 tribus
3630 5175 3754 5231 aliis

2165 5248 2498 5320 faventibus,
2532 5253 2586 5306 in
2616 5250 2812 5320 quibus
2833 5256 3010 5306 exstat
3032 5248 3124 5320 sed
3145 5249 3389 5320 advenas.

2233 5323 2296 5396 (i)
2322 5317 2493 5396 Lips.
2517 5331 2574 5396 et
2613 5317 2838 5396 Par._,_e_t
2873 5320 2989 5374 hoc.
3021 5317 3356 5396 Ooncinnius
3390 5317 3661 5396 a_lii_libri,
3695 5334 3758 5374 ea:

2165 5390 2287 5451 hoc:
2324 5390 2495 5452 Porro
2538 5392 2856 5447 innascibilis
2900 5406 2996 5445 seu
3021 5390 3235 5462 ingeniti
3279 5390 3597 5462 vocabulum
3644 5405 3754 5462 non

2166 5466 2329 5524 modo
2372 5464 2666 5535 Scripturis
2709 5459 3218 5535 ἰιιεοειιιιιιιιιίεειι⁸
3250 5467 3305 5535 ει
3346 5459 3491 5535 apud
3517 5461 3761 5535 gentiles

2163 5539 2322 5594 valde
2351 5531 2655 5608 ambiguum
2669 5549 2789 5590 esse
2806 5531 2987 5589 multis
3012 5532 3246 5589 ostendit
3272 5531 3621 5600 Athanasius,
3649 5532 3750 5588 Or.

2168 5626 2206 5662 ιι
2227 5618 2374 5662 cont.
2408 5610 2500 5662 Ar.
2534 5623 2588 5662 ι).
2619 5606 2746 5662 557.

2168 5626 2206 5666 ιι
2227 5618 2374 5665 cont.
2408 5610 2500 5662 Ar.
2534 5623 2588 5666 ι).
2619 5610 2746 5662 557.

2241 5623 2777 5755 ῑίιῗιξιημγῖῗείὶβ
2806 5675 2883 5755 _ab
2926 5673 3178 5755 omnibus
3218 5672 3406 5729 haberi
3421 5673 3722 5755 formulam
3746 5715 3762 5739 ,

2172 5744 2551 5821 qué'primum
2594 5748 2819 5804 Arimini
2858 5746 3176 5821 proposita,
3223 5744 3670 5821 aegpostiNicajie
3709 5745 3767 5800 in

2174 5817 2421 5887 Thracia,
2453 5821 2739 5886 Seleucus,
2766 5828 2823 5877 et
2845 5817 3410 5891 Constantinopoli’ab
3436 5817 3649 5874 Arianis
3676 5829 3774 5887 ap-

470 5894 888 5977 itubrogatnrnm,
929 5901 1337 5957 communionem
1381 5901 1676 5958 luereticam
1714 5894 1948 5952 munivit.
1976 5894 2071 5949 Ἅι
2172 5895 2397 5965 probata
2426 5901 2526 5949 est.
