4270 6264
529 374 636 431 395

1709 371 1957 429 SANCTI
1995 369 2253 427 HILARII
2295 370 2600 431 EPISCOPI

3728 377 3828 435 .596

527 491 675 563 quod
705 491 962 562 scriptum
993 499 1096 555 est,
1129 495 1328 545 taceas.
1362 486 1574 542 Domini
1605 488 1751 549 enim
1792 488 1983 542 mortis
2009 489 2127 543 haec
2150 489 2206 552 Α
2302 487 2391 543 19.
2432 485 2500 543 In
2524 488 2702 543 eadem
2738 492 2907 559 forma
2935 496 2979 542 et
3022 490 3212 561 gloria.
3237 519 3308 530 —-
3334 488 3497 546 Vetas
3528 490 3692 562 igitur
3719 506 3827 547 non

523 599 688 639 causa
717 591 841 639 est:
892 580 1115 649 Propter
1143 580 1237 633 hoc
1275 578 1442 650 magis
1477 578 1651 632 Judaei
1680 578 1977 647 quwrebant
2013 595 2130 632 eum

528 676 780 739 accidere,
812 674 936 739 quia
961 688 1062 725 non
1093 671 1261 726 solum
1290 670 1513 725 solvebat
1549 669 1834 737 sabbatum,
1863 670 1953 725 sed
1992 671 2130 740 quod

526 776 725 837 patrem
750 778 899 818 suum
936 763 1137 817 dicebat
1177 761 1379 828 Deum,
1422 763 1670 831 aqualem
1710 778 1765 817 se
1790 763 1991 833 faciens
2018 762 2131 817 Dee

526 855 709 928 (Joan.
746 871 799 920 ν,
826 853 939 927 18).
969 854 1083 910 Hoc
1107 853 1344 909 Joannes
1368 855 1597 924 loquens
1624 868 1816 923 magna
1843 868 1979 910 voce
2007 868 2125 925 pro—

522 946 825 1004 clamabat:
858 954 915 1000 ut
939 944 1218 1017 professus
1245 944 1414 999 Filius
1431 944 1534 1000 sibi
1560 954 1766 1015 patrem
1789 944 1980 1011 Deum,
2005 960 2132 1015 pro-

524 1040 707 1097 fessus
727 1037 805 1110 (a)
836 1053 896 1094 se
924 1039 1184 1109 aequalem
1212 1050 1338 1094 esse
1372 1037 1481 1092 Deo
1510 1037 1862 1107 intelligatur.
1900 1037 2055 1104 Quod
2082 1037 2130 1094 si

522 1134 667 1192 forte
686 1131 845 1195 dicis,
862 1132 1229 1203 aequalitatem
1250 1132 1354 1186 sibi
1379 1141 1433 1185 et
1454 1132 1563 1187 Deo
1580 1143 1808 1200 negasse
1829 1130 2127 1195 Christum,

524 1230 650 1299 quia
669 1227 871 1283 dixerit
894 1243 908 1279 :
939 1224 1061 1280 Non
1089 1233 1252 1295 potest
1277 1222 1327 1278 F
1328 1224 1450 1280 ilius
1470 1224 1535 1278 ab
1560 1241 1614 1279 se
1638 1226 1807 1295 facere
1825 1223 2127 1294 quidquam,

522 1323 624 1377 nisi
670 1321 809 1391 quod
835 1320 1019 1374 uiderit
1069 1319 1277 1374 Patrem
1306 1321 1582 1388 facientem
1612 1317 1804 1390 (lbid.,
1835 1316 1926 1387 l9)
1959 1333 1975 1371 :
2008 1330 2129 1372 me-

523 1425 713 1471 mento
754 1411 1031 1467 Christum
1080 1420 1136 1466 et.
1182 1410 1531 1481 respondisse
1577 1408 1644 1463 de
1688 1409 1938 1474 sabbato,
1984 1406 2131 1478 quod

522 1507 758 1563 violasse
784 1506 1133 1576 arguebatur,
1168 1513 1224 1557 ut
1253 1503 1305 1557 in
1340 1504 1443 1557 hoc
1470 1502 1591 1572 ipso
1618 1500 1799 1557 Patris
1825 1504 1880 1554 in
1909 1515 1967 1556 se
1995 1515 2128 1570 ope-

526 1601 699 1656 rantis
747 1599 1030 1668 praeferret
1079 1594 1490 1661 auctoritatem,
1530 1603 1585 1650 et
1617 1593 1981 1663 aequalitatem
2027 1592 2132 1649 sibi

523 1693 735 1749 virtutis
769 1688 1192 1760 honorisque(b)
1222 1687 1559 1756 sumpsisse:
1587 1685 1776 1741 Omnia
1803 1700 2133 1757 quiscumque

521 1783 682 1838 Pater
712 1784 865 1855 facit,
894 1782 1071 1836 eadem
1110 1790 1158 1834 et
1188 1777 1360 1834 Filius
1401 1778 1526 1849 facit
1567 1775 1806 1832 similiter
1842 1775 2133 1847 (Ibidem);

2233 580 2429 650 scripta
2456 580 2563 635 dici
2587 598 2602 635 :
2623 588 2681 636 et
2707 581 2824 650 ipse
2850 590 3028 636 tamen
3058 596 3165 638 non
3188 583 3404 653 scriptis
3430 581 3599 638 uteris
3619 622 3635 647 ,
3660 598 3832 653 neque

2234 686 2354 741 qua:
2380 679 2505 726 sunt
2532 670 2733 742 scripta
2775 671 3034 742 loqueris.
3068 673 3311 730 Similem
3351 673 3434 728 vis
3461 674 3609 729 Patri
3636 672 3830 732 Filium

2233 762 2517 835 praedicari
2545 784 2558 820 :
2588 779 2657 819 ne
2680 764 2749 819 ab
2773 764 3037 834 Apostolo
3059 767 3247 824 audias
3273 784 3289 822 :
3320 767 3423 833 Qui
3446 784 3564 823 cum
3589 768 3645 823 in
3666 770 3834 838 forma

2236 856 2334 911 Dei
2358 866 2515 923 esset,
2563 875 2665 912 non
2694 860 2930 927 rapinam
2960 860 3239 916 arbitratus
3267 870 3341 917 est
3369 877 3479 916 esse
3505 878 3559 916 se
3584 863 3834 931 tequalem

2234 945 2376 1014 Deo,
2417 949 2510 1003 sed
2536 950 2813 1004 eminanivit
2853 967 2908 1005 se
2952 956 3171 1022 formum
3205 953 3336 1008 servi
3378 953 3637 1018 accipiens
3679 951 3835 1024 (Plii-

2234 1038 2328 1111 lip.
2372 1056 2410 1099 it
2432 1080 2445 1105 ,
2493 1040 2548 1107 6,
2600 1038 2677 1112 7).
2710 1042 2827 1098 Non
2857 1044 2996 1113 rapit
3023 1043 3166 1114 quod
3193 1056 3309 1101 erat
3336 1044 3615 1112 Christus,
3643 1045 3694 1101 id
3715 1053 3832 1113 est,

2233 1132 2288 1185 in
2333 1131 2503 1188 forma
2536 1134 2628 1189 Dei
2659 1149 2801 1190 esse.
2835 1134 2950 1191 Non
2991 1145 3078 1191 est
3104 1137 3387 1206 aequalitas
3424 1137 3520 1193 Dei
3562 1138 3617 1193 in
3658 1136 3834 1194 forma

2237 1222 2331 1278 Dei
2357 1240 2477 1280 esse
2497 1266 2512 1288 ,
2545 1225 2591 1280 si
2617 1242 2723 1280 non
2756 1228 3037 1298 inqualitas
3067 1228 3300 1284 hominis
3328 1239 3412 1285 est
3436 1243 3556 1287 esse
3577 1230 3632 1284 iu
3659 1228 3834 1285 forma

2234 1316 2398 1371 servi.
2421 1314 2574 1382 Quod
2602 1319 2645 1372 si
2670 1317 2724 1372 in
2747 1316 2917 1375 lorma
2948 1322 3088 1376 servi
3112 1321 3274 1377 homo
3298 1319 3546 1379 Christus
3565 1330 3681 1387 est;
3705 1323 3833 1392 quid

2233 1405 2375 1460 aliud
2396 1407 2450 1461 in
2474 1408 2645 1464 lorma
2674 1408 2769 1464 Ι)ιεί
2786 1451 2800 1477 ,
2827 1426 2988 1480 quam
3008 1411 3253 1469 Christus
3273 1412 3417 1469 Deus
3440 1413 3558 1470 est?
3581 1413 3825 1473 Similem

2236 1498 2417 1568 itaque
2440 1499 2509 1554 ob
2537 1499 2589 1553 id
2623 1499 2901 1570 praedicari
2928 1505 3005 1559 vis
3023 1545 3038 1567 ,
3071 1520 3138 1558 ne
3162 1508 3214 1559 in
3242 1504 3345 1562 lide
3372 1512 3462 1563 tua
3486 1506 3559 1561 sit
3585 1523 3600 1560 :
3634 1504 3698 1559 Et
3723 1522 3832 1560 om-

2235 1590 2315 1644 nis
2335 1589 2510 1675 lingua
2528 1593 2850 1662 conﬁteatur,
2876 1596 3118 1665 quoniam
3148 1596 3395 1675 Dominus
3414 1596 3449 1652 J
3455 1613 3568 1654 esus
3586 1598 3642 1653 in
3664 1598 3832 1671 gloria

2235 1692 2307 1736 est
2331 1673 2608 1755 Deipatris
2638 1683 2827 1757 (lbid.,
2857 1685 2971 1761 11).
3027 1695 3031 1698 ’

2304 1773 2391 1831 20.
2435 1774 2635 1831 Dolosa
2670 1788 2744 1834 est
2773 1780 3058 1850 professio,
3090 1780 3284 1836 similis
3312 1780 3608 1839 secundum
3642 1782 3831 1855 Scrip-

520 1889 575 1933 et
605 1878 826 1939 iterum,
864 1875 932 1930 Ut
971 1874 1312 1943 honori/irent
1354 1870 1586 1937 Filium,
1618 1870 1755 1923 sicut
1782 1870 2130 1939 honoriﬁcam
2159 1880 2209 1942 Β
2237 1873 2405 1922 turas.
2430 1896 2499 1906 -—
2523 1867 2568 1922 Ο
2598 1867 2783 1925 Fallax
2814 1869 3241 1927 blandimentum
3274 1873 3455 1927 tuum!
3487 1872 3663 1929 Paleis
3691 1875 3836 1931 enim

528 1968 739 2023 Patrem
781 1967 975 2040 (lbid.,
1000 1966 1095 2037 ‘23)
1122 1980 1141 2021 :
1166 1965 1382 2033 et,‘Qui
1422 1981 1525 2018 non
1561 1961 1869 2032 honori/ient
1898 1961 2094 2018 Filium
2113 2007 2130 2031 ,

529 2078 631 2116 non
658 2062 969 2127 honori/ient
1014 2062 1224 2114 Patrem
1265 2059 1353 2128 qui
1397 2058 1539 2112 misit
1580 2057 1732 2111 illum
1772 2054 2041 2127 (Ibidem).
2074 2057 2133 2113 Si

531 2154 702 2209 virtus
733 2152 924 2209 eadem
952 2162 1070 2220 est,
1100 2152 1150 2207 si
1182 2150 1358 2206 honor
1389 2149 1531 2205 idem
1556 2159 1676 2214 est;
1724 2163 1909 2219 quacro
1939 2150 1991 2203 in
2025 2164 2132 2219 quo

532 2244 677 2300 desit
706 2243 1036 2313 aequalitas“!

605 2336 693 2391 18.
722 2334 930 2389 Natura
958 2351 1212 2389 unum.-—
1232 2333 1341 2390 Sed
1368 2333 1670 2389 similitudo
1699 2334 1796 2390 tibi
1826 2334 2034 2404 placet;
2065 2349 2136 2392 ne

526 2427 740 2493 audias,
772 2426 886 2498 Ego
932 2437 981 2482 et
1029 2426 1192 2482 Pater
1238 2443 1399 2481 animi
1443 2442 1624 2482 sumus
1671 2425 1852 2498 (Joan.
1900 2442 1956 2491 ι.
1988 2425 2135 2500 50)?

530 2518 803 2588 Numquid
828 2528 882 2573 et
907 2519 1008 2573 hoc
1028 2518 1172 2588 quod
1190 2534 1347 2572 unum
1360 2533 1561 2584 sumus,
1581 2518 1633 2572 in
1655 2533 1763 2587 quo
1782 2531 1961 2587 neque
1980 2519 2132 2588 unio,

533 2628 711 2682 neque
740 2611 1033 2668 diversitas
1063 2611 1493 2682 relinquebatur,
1523 2610 1979 2667 calumniantibus
2013 2628 2134 2667 rur-

530 2717 654 2758 sum
689 2702 894 2759 Judmis
920 2702 1063 2771 quod
1104 2716 1163 2757 se
1205 2716 1302 2772 per
1331 2701 1434 2757 hoc
1460 2700 1662 2757 dictum
1691 2703 1860 2759 Deum
1889 2701 2094 2759 faceret
2115 2744 2132 2773 ,

532 2796 797 2850 Dominus
819 2794 1125 2865 denegavit,
1153 2793 1343 2848 dicens
1369 2811 1384 2845 :
1418 2794 1479 2851 Si
1501 2810 1602 2849 non
1622 2795 1758 2864 facio
1779 2810 1938 2866 opera
1955 2793 2136 2850 Patris

531 2889 652 2955 mei,
683 2889 846 2943 nolite
870 2887 996 2943 milii
1023 2887 1230 2944 credere
1259 2888 1380 2942 :sin
1397 2897 1565 2943 autem
1591 2890 1749 2959 facio,
1778 2898 1952 2944 etnon
1981 2890 2136 2943 vultis

534 2981 660 3034 mihi
677 2980 902 3046 credere,
924 2980 1003 3033 rel
1021 2981 1259 3049 operibus
1275 2980 1401 3045 meis
1424 2979 1636 3045 credite,
1657 2980 1777 3050 quia
1799 2979 1958 3034 Pater
1983 2981 2136 3035 inme

536 3085 630 3141 est,
660 3084 706 3128 et
727 3091 816 3143 ego
844 3074 896 3126 in
920 3072 1078 3128 Patre
1109 3072 1274 3146 (Ibid.
1296 3115 1310 3140 ,
1339 3073 1431 3139 '57,
1461 3071 1553 3145 58)
1577 3073 1601 3126 ‘l
1628 3072 1766 3140 Quid
1795 3088 1926 3142 rogo
1955 3091 2134 3144 xequa-

536 3166 674 3220 litati
707 3165 801 3221 Dei
831 3164 1027 3221 deest?
1056 3164 1139 3220 An
1166 3164 1344 3232 opus?
1374 3180 1441 3219 an
1470 3165 1704 3220 natura?
1730 3181 1794 3217 an
1820 3166 1979 3238 577
2010 3182 2134 3236 pro-

2237 1972 2404 2029 aquas
2445 1961 2581 2031 tegis
2603 2000 2617 2026 ,
2646 1971 2700 2017 et
2734 1961 2918 2018 foveas
2956 1963 3254 2034 cespitibus
3294 1965 3570 2033 occultas,
3607 1975 3664 2023 ct
3697 1967 3838 2025 escis

2237 2048 2458 2121 laqueos
2486 2055 2767 2123 supponis.
2793 2052 3118 2111 Satisfacere
3149 2064 3203 2111 te
3245 2055 3615 2127 ignorantibus
3643 2068 3835 2128 putas,

2236 2142 2361 2214 quia
2421 2142 2559 2200 dicis
2602 2144 2676 2218 (c)
2730 2146 2950 2205 similem
2993 2146 3144 2203 Patri
3189 2149 3468 2205 secundum
3514 2149 3835 2222 Scripturas.

2235 2235 2376 2292 Audi
2406 2238 2569 2294 etiam
2592 2253 2737 2294 nunc
2764 2238 3056 2310 impietatis
3085 2252 3188 2296 tua:
3207 2252 3403 2298 artem.
3432 2241 3701 2314 Numquid
3725 2260 3834 2302 non

2235 2329 2325 2401 pie
2351 2327 2582 2387 dicimus
2608 2332 2885 2388 hominem
2924 2333 3157 2389 similem
3184 2334 3295 2392 Deo
3322 2334 3617 2391 secundum
3645 2335 3831 2407 Scrip-

2237 2431 2425 2489 turas;
2457 2425 2582 2495 quia
2610 2424 2813 2480 dictum
2842 2434 2966 2483 est:
3000 2425 3280 2483 Faciamus
3312 2427 3568 2484 hominem
3592 2422 3662 2485 iul
3700 2429 3831 2484 ima-

2235 2516 2406 2587 ginem
2421 2525 2469 2571 et
2484 2516 2868 2572 similitudinem
2882 2527 3109 2575 nostram
3129 2517 3285 2589 (Gen.
3308 2534 3346 2585 ι,
3367 2517 3489 2591 26)?
3512 2518 3687 2575 Homo
3706 2535 3837 2591 ergo

2237 2608 2306 2665 ad
2335 2609 2623 2680 imaginem
2652 2618 2711 2667 et
2746 2610 3155 2667 similitudinem
3182 2610 3281 2667 Dei
3311 2612 3481 2682 patris
3507 2619 3562 2669 et
3598 2610 3698 2668 Dei
3742 2613 3839 2670 tilii

2239 2703 2318 2775 (ά)
2347 2711 2451 2760 est.
2485 2703 2553 2760 Et
2576 2704 2881 2776 cuiusmodi
2905 2705 3084 2775 imago
3123 2714 3253 2770 est,
3271 2704 3527 2761 catholici
3563 2704 3638 2777 (α)
3667 2706 3713 2761 si
3750 2721 3838 2762 re—

2237 2797 2551 2868 quirantur,
2580 2797 2869 2857 docebunt.
2903 2797 3058 2854 Nunc
3083 2808 3262 2854 autem
3294 2796 3458 2852 homo
3486 2796 3555 2853 ad
3585 2797 3839 2855 similitu-

2236 2893 2419 2949 dinem
2447 2901 2502 2949 et
2532 2894 2818 2966 imaginem
2852 2894 2947 2950 Dei
2975 2895 3226 2950 conditur
3255 2910 3269 2951 :
3300 2907 3408 2949 non
3454 2894 3619 2951 etiam
3647 2894 3840 2951 simili-

2237 2984 2366 3039 tudo
2389 2984 2552 3058 578
2579 2984 2647 3058 (f)
2678 2984 2816 3041 intra
2848 2987 3057 3042 Patrem
3089 2996 3146 3043 et
3191 2987 3386 3044 Filium
3415 2987 3753 3060 przedicatur.
3779 2986 3837 3042 ld

2237 3078 2379 3131 enim
2403 3118 2417 3144 ,
2450 3077 2593 3149 quod
2618 3077 2693 3132 ait
2721 3088 2977 3147 nostram,
3007 3080 3335 3152 mqualitatis
3363 3090 3449 3138 est
3494 3081 3839 3137 demonstra-

2237 3170 2346 3239 tio;
2376 3171 2503 3226 dum
2548 3187 2654 3226 non
2698 3172 2940 3240 dili‘erat,
2982 3174 3140 3245 cujus
3175 3172 3253 3247 (g)
3304 3175 3360 3231 in
3413 3183 3753 3233 sacramento
3783 3181 3840 3233 et

536 3258 742 3315 fessio?
766 3257 895 3312 Nam
927 3256 1086 3310 Pater
1100 3258 1154 3309 in
1182 3272 1262 3310 me
1281 3267 1376 3321 est,
1405 3265 1451 3309 et
1466 3271 1559 3326 ego
1583 3256 1638 3309 in
1661 3254 1820 3313 Patre
1858 3256 1993 3329 (1b.,
2012 3257 2128 3328 58).
2160 3264 2207 3330 C
2237 3262 2413 3333 imago
2443 3264 2516 3318 sit
2539 3272 2595 3318 et
2621 3265 2938 3323 similitudo.

535 3351 817 3423 mqualitas
847 3359 972 3405 est:
1024 3365 1145 3419 qua:
1187 3346 1612 3403 vicissitudinem
1665 3338 1989 3419 mquaiitatis
2040 3363 2137 3404 ex-

535 3444 765 3516 pressit,
797 3443 925 3498 dum
956 3442 1138 3498 inesse
1165 3450 1326 3511 atque
1351 3455 1474 3496 esse
1501 3455 1792 3495 commune
1819 3448 1925 3499 est.
1958 3440 2131 3512 Opera

535 3554 667 3593 vero
698 3538 863 3606 patris
884 3536 966 3590 sui
996 3535 1198 3599 facere,
1230 3548 1337 3589 non
1364 3532 1511 3587 aliud
1547 3542 1653 3598 est,
1682 3548 1844 3602 quam
1876 3533 2129 3588 virtutem

534 3630 589 3684 in
619 3645 680 3686 se
707 3638 946 3700 paterna:
974 3626 1275 3684 divinitatis
1320 3626 1555 3697 operari.
1601 3626 1778 3680 Unum
1821 3637 1957 3681 vero
1992 3627 2136 3697 quod

535 3730 697 3787 sunt,
728 3720 834 3777 hoc
859 3729 946 3776 est
985 3736 1089 3776 non
1132 3716 1493 3789 aequalitatem
1524 3715 1789 3783 abnuere,
1835 3717 1929 3772 sed
1961 3718 2135 3775 incre-

537 3823 726 3871 mento
749 3812 1118 3885 intelligentiae
1136 3810 1300 3868 ﬁdem
1328 3809 1651 3882 aequalitatis
1677 3809 1965 3865 instruere.

634 4081 689 4149 a)
718 4081 779 4136 In
804 4077 987 4143 editis,
1032 4079 1357 4149 professum,
1386 4083 1440 4130 et
1469 4090 1596 4149 mox
1623 4074 1967 4149 desideratur
1997 4075 2130 4135 Deo.

634 4099 665 4137 a
718 4081 779 4136 In
804 4081 987 4143 editis,
1032 4081 1321 4149 professum
1342 4116 1357 4141 ,
1386 4083 1440 4130 et
1469 4090 1596 4132 mox
1623 4081 1967 4134 desideratur
1997 4081 2130 4135 Deo.

607 4081 689 4227 ibi
712 4152 961 4219 Plerique
988 4162 1122 4203 mss.
1155 4146 1474 4227 suiatpsisset.
1512 4147 1622 4202 Hoc
1647 4146 1827 4227 potius
1857 4147 1934 4227 ita
1967 4149 2132 4227 intel.

537 4218 706 4296 ligare
728 4218 1117 4296 est,_meme_nto
1148 4218 1819 4296 Christum..._sumpsisse:
1848 4220 1938 4274 cui
1967 4223 2133 4280 verbo

538 4288 667 4355 editi
694 4293 956 4363 adjiciunt
982 4291 1177 4364 dicens,
1212 4288 1606 4364 refragantibus
1635 4303 1769 4345 mss.
1801 4303 1923 4347 cum
1946 4307 2131 4364 gram-

536 4370 751 4424 maticae
764 4361 931 4434 leges
961 4363 1245 4434 exigerent
1263 4361 1533 4434 dicentem.

611 4438 683 4511 (c)
726 4430 986 4511 Appbsite
1024 4432 1317 4499 Gregorius
1354 4430 1608 4486 Nazianz.
1636 4431 1731 4487 Or.
1763 4447 1908 4511 inti,“
1929 4450 1986 4511 η,
2017 4433 2128 4511 g6;

535 4504 838 4565 Hrec'uerba
852 4546 869 4570 ,
892 4519 1068 4560 smne
1088 4517 1367 4576 secuunuu
1390 4517 1712 4576 scntr'wtus
1733 4504 2133 4576 siinplicioribus

530 4581 776 4637 illecebra
802 4586 948 4632 erant
977 4577 1254 4644 impietatis
1282 4574 1434 4647 hamo
1462 4574 2033 4647 circumjecta,‘statua
2063 4575 2131 4629 ad

533 4668 710 4707 omnes
738 4656 1149 4713 pertranseuntes
1169 4662 1277 4699 sese
1304 4646 1592 4709 obverteris,
1626 4646 1731 4699 etc.
1754 4686 1770 4709 ,
1799 4651 1856 4699 et
1886 4646 2129 4713 proxime

535 4733 665 4777 ante
690 4740 704 4778 :
737 4711 1000 4791 Impietati
1025 4725 1194 4799 autem
1216 4731 1305 4800 per
1334 4715 1516 4800 scripti
1541 4715 1798 4800 dogmatis
1825 4711 2134 4800 ambiguitn-
2159 4711 2213 4771 D

534 4803 637 4847 tem
659 4785 935 4865 fenestram
955 4789 1191 4857 aperuit;
1218 4785 1313 4838 hoc
1338 4785 1540 4865 quidem
1569 4785 1817 4852 prtetextu
1837 4785 1984 4854 quasi
2008 4789 2134 4842 seri.

538 4856 746 4934 pturam
775 4856 1118 4918 remi-eretur.
1146 4872 1208 4909 ac
1249 4856 1723 4934 probatissimarum
1766 4871 1947 4934 vocum
1988 4876 2134 4934 usum

538 4926 970 5007 amplecteretur;
998 4945 1057 5007 re
1086 4936 1267 5007 autem.
1298 4941 1416 5006 nera
1445 4926 1963 5007 rlrianisntuntnullo
1991 4928 2137 5007 Scri-

539 4995 707 5075 ptura:
737 5005 848 5059 loco
876 4999 1136 5074 proditum
1167 4995 1416 5075 in_ipsi_us
1443 4996 1610 5075 locum
1642 4996 1973 5075 substituens.
1994 5000 2137 5075 Con-

538 5067 722 5131 stantii
748 5067 984 5127 edicium
1009 5110 1023 5133 ,
1056 5078 1110 5123 et
1136 5067 1447 5124 violentiam
1478 5077 1537 5121 ut
1585 5067 1709 5124 huic
1740 5069 1865 5124 lidei
1891 5072 2133 5129 subscri-

539 5147 729 5212 batur,
760 5143 959 5207 videsis
983 5139 1113 5196 ibid.
1140 5156 1194 5192 tt.
1220 5137 1310 5194 '50.

614 5206 795 5290 (d)'ln
827 5212 1087 5284 vulgatis,
1131 5219 1203 5264 est
1242 5213 1432 5281 factus.
1454 5206 1622 5267 Abest
1647 5213 1822 5283 factus
1851 5212 1919 5273 ab
1962 5214 2141 5275 omni-

540 5287 645 5344 bus
668 5302 802 5342 mss.

614 5359 687 5429 (ε)
728 5357 800 5412 Ita
837 5355 1235 5429 potiores_m_ss.
1268 5350 1374 5407 Alii
1416 5366 1546 5408 vero
1579 5352 1863 5429 εαξη-βψ.
1889 5354 1937 5413 si
1966 5357 2137 5428 requa-

540 5422 688 5495 rent,
716 5422 1055 5499 docebuntur;
1062 5422 1243 5499 Cujus
1267 5429 1449 5499 autem
1467 5423 1617 5479 modi
1638 5423 1811 5481 Filius
1831 5427 2010 5499 imago
2030 5422 2132 5495 Sit,

539 5491 701 5555 docet
724 5499 817 5553 lib.
843 5513 896 5552 ιι
917 5498 988 5551 de
1014 5491 1167 5553 Trin.
1196 5510 1248 5548 n.
1285 5491 1375 5549 52.

614 5570 682 5641 (f)
727 5568 868 5641 Edili
891 5566 1043 5641 soli,
1072 5566 1202 5641 inter
1224 5562 1453 5641 Patrem.
1474 5565 1909 5641 Postsuperiora
1938 5568 2132 5641 verba,

543 5634 647 5696 non
666 5634 829 5696 etiam
856 5637 1174 5701 similitudo,
1201 5634 1466 5706 redigetur
1483 5677 1500 5703 ,
1530 5638 1621 5692 sed
1659 5634 1829 5692 unitas
1849 5648 1897 5692 et
1925 5634 2139 5706 ανηιαίἰέ

547 5720 644 5792 tas.
676 5708 913 5792 [ll-etilli
946 5709 999 5763 in
1026 5706 1274 5792 eutttdetn
1299 5703 1525 5763 Genesis
1548 5708 1720 5792 locum
1748 5709 1859 5792 iam
1884 5703 2133 5792 legimus,

545 5778 638 5850 lib.
671 5796 704 5833 ν
731 5780 800 5834 de
825 5779 974 5850 Trin.
1008 5795 1062 5850 ti.
1097 5779 1129 5832 8
1156 5794 1172 5850 :_
1198 5790 1448 5831 NOS'IltAII
1478 5791 1533 5833 ut
1564 5796 1666 5834 non
1692 5779 1837 5834 habet
1860 5778 2099 5836 unionem
2118 5823 2136 5850 ,

542 5848 615 5905 ita
656 5863 760 5902 non
803 5849 952 5902 habet
988 5847 1371 5914 diversitatem,
1413 5862 1517 5902 non
1567 5850 1717 5905 habet
1756 5847 2132 5913 discretionem;

2310 3355 2404 3410 2|.
2443 3354 2521 3409 De
2553 3355 2692 3412 Filio
2734 3375 2987 3429 nusquam
3011 3361 3325 3432 praedicatur
3362 3377 3501 3414 mera
3530 3360 3834 3417 similitudo.

2242 3478 2312 3487 —
2341 3448 2412 3502 De
2441 3447 2577 3502 Filio
2607 3458 2783 3503 autem
2813 3465 3078 3520 nusquam
3118 3450 3527 3509 similitudinem
3574 3451 3833 3521 reperies.

2245 3540 2535 3610 lanuginem
2575 3548 2754 3596 autem
2784 3558 2907 3599 eum
2939 3543 3035 3599 Dei
3064 3560 3188 3600 esse
3217 3546 3507 3613 Apostolus
3547 3544 3707 3611 dicit,
3740 3544 3833 3600 sed

2238 3645 2360 3685 cum
2382 3630 2747 3687 additamento
2765 3631 2888 3688 lidei
2915 3650 2927 3686 :
2947 3649 3014 3688 ne
3036 3632 3120 3707 (lt)
3149 3635 3432 3706 imaginem
3455 3635 3839 3691 conformatio-

2240 3737 2364 3778 nem
2395 3725 2645 3781 sentires.
2677 3724 2770 3782 Ait
2811 3726 2956 3781 enim
2983 3745 2996 3782 :
3032 3726 3133 3793 Qui
3156 3737 3228 3783 est
3253 3729 3423 3799 imago
3448 3726 3545 3783 Dei
3566 3729 3839 3786 invisibilis

2241 3813 2463 3886 (Coloss.
2490 3832 2530 3882 ι,
2565 3817 2697 3890 15);
2729 3826 2787 3874 ut
2814 3819 2990 3890 imago
3034 3820 3318 3879 invisibilis
3359 3822 3492 3889 Dei,
3532 3823 3696 3879 etiam
3744 3840 3837 3894 per

2242 3905 2294 3960 id
2328 3904 2394 3978 (i)
2420 3906 2567 3977 quod
2610 3907 2728 3978 ipse
2752 3909 3038 3966 invisibilis
3064 3920 3177 3980 est,
3208 3912 3492 3970 invisibilis
3537 3913 3635 3970 Dei
3662 3915 3837 3988 imago

2245 4081 2417 4161 Homo
2439 4086 2572 4161 enim
2592 4088 2661 4161 ad
2685 4102 3004 4144 communem
3023 4091 3084 4161 ﬁt
3104 4132 3118 4158 ,
3146 4092 3425 4161 secundum
3447 4094 3706 4151 veritatem
3728 4113 3838 4152 ser-

2240 4157 2442 4240 monis,
2482 4157 2802 4240 imaginem:
2830 4169 2888 4214 et
2932 4157 3109 4227 mox,
3130 4160 3248 4240 Una
3287 4165 3424 4218 enim
3449 4174 3522 4219 est
3557 4166 3796 4240 imaginis
3817 4210 3834 4236 ,

2239 4225 2309 4279 ad
2337 4243 2489 4295 quam
2514 4225 2668 4283 hoino
2693 4240 2897 4285 creatus
2919 4240 3024 4303 est,
3051 4225 3261 4302 species.

2311 4314 2388 4400 (gi
2429 4318 2665 4400 Rursum
2692 4321 2782 4400 hic
2802 4322 2959 4400 locus
2996 4325 3296 4400 illustratur
3325 4328 3408 4384 his
3452 4328 3547 4386 lib.
3580 4345 3646 4398 v,
3677 4348 3732 4389 n.
3762 4332 3830 4400 8,

2238 4390 2457 4474 verbis:
2493 4388 3119 4474 [adissecab_ilia__decide.
3150 4395 3325 4454 Unum
3351 4401 3487 4474 enim
3523 4388 3832 4474 suntuqttb:

2239 4473 2356 4515 rum
2393 4460 2633 4585 illnaginis
2669 4473 2717 4519 et
2755 4465 3104 4524 similitudinis
3145 4485 3306 4524 unum
3351 4480 3424 4527 est
3464 4471 3616 4531 homo
3664 4460 3835 4547 fa'ctus

2241 4544 2418 4585 exemp
2444 4548 2550 4585 um.

2305 4546 2550 4600 emptum.

2308 4620 2390 4694 (It)
2431 4621 2566 4708 Cod.
2595 4623 2752 4708 Coll).
2783 4644 2906 4708 cum
2936 4630 3178 4708 Martin.,
3198 4650 3270 4708 ne
3288 4635 3561 4708 imaginem
3583 4654 3833 4708 corpora-

2238 4691 2335 4775 lem
2366 4691 2386 4748 ὲ
2425 4710 2488 4750 ac
2525 4696 2723 4775 deinde
2762 4691 3177 4775 conﬁrmatione:
3198 4704 3319 4759 Vat.
3353 4691 3500 4771 bas.,
3531 4691 3829 4775 con—[orrum-

2240 4768 2377 4850 tione
2399 4780 2417 4819 :
2442 4768 2586 4836 quod
2614 4769 2706 4825 lib.
2731 4786 2824 4827 vui
2842 4768 2867 4839 ,
2893 4790 2947 4827 ιι.
2970 4774 3069 4850 49_,
3093 4778 3173 4830 sic
3193 4768 3535 4850 enuntiatur:
3565 4768 3832 4850 ne'formte

2239 4837 2429 4917 potius“
2448 4854 2604 4917 quam
2642 4837 2851 4917 naturis
2880 4859 2986 4917 esse
3027 4837 3196 4917 imago
3239 4847 3625 4917 intelligeretur.
3648 4837 3830 4909 'Antea

2238 4906 2364 4987 loco
2390 4906 2542 4987 ﬁﬁl’ei.
2578 4914 2748 4980 magis
2785 4913 3051 4987 arrideret
3077 4906 3369 4974 inbisibilis.
3401 4906 3507 4976 Sed
3544 4906 3831 4980 cuut'Gre;

2239 4978 2390 5046 gorio
2433 4978 2570 5048 Papa
2609 4978 2850 5047 aut-tore,
2893 4983 3038 5062 hom.
3077 5005 3212 5044 ΣΧιί
3235 4988 3555 5062 injuring,
3586 4978 3723 5049 lidres
3760 4993 3833 5049 sit

2240 5062 2725 5139 argumentumnon
2754 5058 3247 5139 apparentiunrnad
3275 5059 3436 5116 ﬁdem
3464 5058 3660 5139 attinet
3686 5065 3829 5139 quod

2243 5129 2462 5203 nonest
2487 5122 2730 5203 uisibile.
2765 5122 3034 5203 Praeterea
3064 5129 3491 5203 additamentum
3533 5122 3832 5203 λιιυαξωυ

2240 5200 2427 5247 nostra
2464 5194 2535 5251 de
2576 5194 2781 5267 Christi
2821 5196 3103 5255 divinitate
3139 5199 3273 5258 ﬁdes
3309 5194 3694 5267 conﬁrmatur;
3732 5194 3828 5263 lib.

2240 5274 2334 5346 viti
2354 5303 2369 5327 ,
2398 5264 2675 5346 num..48,
2694 5278 2815 5346 ‘etc.
2834 5286 2980 5346 ,_nuu
3009 5269 3064 5325 in
3087 5273 3205 5346 solo
3233 5264 3502 5346 inuisibilia
3532 5264 3794 5336 vocabulo
3814 5319 3831 5346 ,

2240 5331 2337 5387 sed
2364 5332 2526 5387 etiam
2555 5334 2609 5391 in
2642 5336 2908 5409 adiunctis
2935 5342 3168 5411 apostoli
3201 5344 3379 5401 verbis
3408 5331 3645 5417 ponitur.

2242 5492 2255 5503 ,
2310 5420 2625 5508 (ilnﬁuqug‘ot
2647 5442 2804 5508 ms_.s.,
2825 5446 2926 5500 quo
2950 5432 3060 5502 ipse
3074 5434 3345 5508 invisibilis
3366 5447 3458 5493 est.
3482 5437 3619 5493 Tum
3639 5438 3828 5508 Hicin,

2232 5492 2687 5578 inuisibilis'geus
2712 5492 2883 5578 imago
2928 5492 3087 5560 esset.
3123 5505 3259 5578 Huic
3284 5492 3549 5578 Apostalii
3580 5492 3835 5567 inde};

2240 5563 2489 5645 plicando
2519 5564 2758 5648 iniurius
2797 5563 3115 5648 dat_a_opera
3156 5563 3506 5646 immor'sutr,
3534 5563 3665 5648 quia
3678 5563 3834 5638 1n};-

2242 5638 2642 5721 cianiusimileni
2659 5638 2848 5721 .Patri_
2866 5638 3062 5721 Filium
3092 5648 3447 5721 praedicantes
3463 5693 3479 5721 ,
3493 5638 3504 5646 ⁷
3518 5638 3742 5709 Ρὶωιωη
3772 5653 3828 5708 in

2242 5720 2308 5793 eo
2347 5705 2449 5760 sibi
2486 5705 3187 5793 prmivissegloriabant'ur.
3219 5705 3383 5793 instat
3421 5705 3635 5793 quo—que
3660 5705 3828 5781 'Chr—i-i

2239 5786 2413 5866 stum,
2459 5795 2573 5866 qua.
2610 5784 2969 5866 invisibilem,
3011 5791 3297 5866 invisibilis
3341 5784 3591 5851 Dri'ess'e
3637 5794 3828 5866 imagi-

2239 5864 2393 5920 nem,
2439 5867 2511 5912 ne
2536 5855 2606 5913 iis
2641 5855 2795 5917 locus
2828 5859 3019 5932 detur.
3063 5863 3156 5937 qui
3198 5862 3416 5927 Patrem
3463 5855 3821 5939 ἰωνίδὼίιθιῖιι
