  <div class='ocr_page' id='page_1' title='image "/cluster/home/n/w/nwhite01/storage/ocr_20150623/10/hvd.32044096580386/304.png"; bbox 0 0 4270 6264; ppageno 0'>
   <div class='ocr_carea' id='block_1_1' title="bbox 400 334 530 397">
    <p class='ocr_par' dir='ltr' id='par_1_1' title="bbox 400 334 530 397">
     <span class='ocr_line' id='line_1_1' title="bbox 400 334 530 397; baseline 0 0"><span class='ocrx_word' id='word_1_1' title='bbox 400 334 530 397; x_wconf 60' lang='lat'><strong>~597</strong></span> 
     </span>
    </p>
   </div>
   <div class='ocr_carea' id='block_1_2' title="bbox 1268 342 2868 410">
    <p class='ocr_par' dir='ltr' id='par_1_2' title="bbox 1268 342 2868 410">
     <span class='ocr_line' id='line_1_2' title="bbox 1268 342 2868 410; baseline 0.008 -12"><span class='ocrx_word' id='word_1_2' title='bbox 1268 342 1470 399; x_wconf 81' lang='lat' dir='ltr'><strong>LIBER</strong></span> <span class='ocrx_word' id='word_1_3' title='bbox 1509 343 1782 402; x_wconf 79' lang='lat' dir='ltr'><strong>CONTRA</strong></span> <span class='ocrx_word' id='word_1_4' title='bbox 1822 346 2311 408; x_wconf 78' lang='lat' dir='ltr'><strong>CONSTANTIUM</strong></span> <span class='ocrx_word' id='word_1_5' title='bbox 2350 351 2868 410; x_wconf 80' lang='lat' dir='ltr'><strong>IMPERATOREM.</strong></span> 
     </span>
    </p>
   </div>
   <div class='ocr_carea' id='block_1_3' title="bbox 3630 364 3735 419">
    <p class='ocr_par' dir='ltr' id='par_1_3' title="bbox 3630 364 3735 419">
     <span class='ocr_line' id='line_1_3' title="bbox 3630 364 3735 419; baseline 0 0"><span class='ocrx_word' id='word_1_6' title='bbox 3630 364 3735 419; x_wconf 77' lang='lat'><strong>598</strong></span> 
     </span>
    </p>
   </div>
   <div class='ocr_carea' id='block_1_4' title="bbox 424 450 3731 537">
    <p class='ocr_par' dir='ltr' id='par_1_4' title="bbox 424 450 3731 537">
     <span class='ocr_line' id='line_1_4' title="bbox 424 450 3731 537; baseline 0.008 -30"><span class='ocrx_word' id='word_1_7' title='bbox 424 460 589 509; x_wconf 88' lang='lat' dir='ltr'><strong>esset.</strong></span> <span class='ocrx_word' id='word_1_8' title='bbox 616 450 1036 510; x_wconf 90' lang='lat' dir='ltr'><strong>Similitudinem</strong></span> <span class='ocrx_word' id='word_1_9' title='bbox 1080 470 1208 511; x_wconf 91' lang='lat' dir='ltr'><strong>vero</strong></span> <span class='ocrx_word' id='word_1_10' title='bbox 1236 456 1318 529; x_wconf 91' lang='lat' dir='ltr'><strong>(a)</strong></span> <span class='ocrx_word' id='word_1_11' title='bbox 1346 471 1469 513; x_wconf 88' lang='lat' dir='ltr'><strong>cum</strong></span> <span class='ocrx_word' id='word_1_12' title='bbox 1500 456 1731 531; x_wconf 77' lang='lat' dir='ltr'><strong>imagine</strong></span> <span class='ocrx_word' id='word_1_13' title='bbox 1756 461 1824 517; x_wconf 91' lang='lat' dir='ltr'><strong>ad</strong></span> <span class='ocrx_word' id='word_1_14' title='bbox 1852 461 2021 519; x_wconf 88' lang='lat' dir='ltr'><strong>Deum</strong></span> <span class='ocrx_word' id='word_1_15' title='bbox 2050 470 2106 537; x_wconf 72' lang='grc' dir='ltr'><strong>Α</strong></span> <span class='ocrx_word' id='word_1_16' title='bbox 2128 466 2403 536; x_wconf 90' lang='lat' dir='ltr'><strong>proprium</strong></span> <span class='ocrx_word' id='word_1_17' title='bbox 2432 466 2602 523; x_wconf 88' lang='lat' dir='ltr'><strong>Deum</strong></span> <span class='ocrx_word' id='word_1_18' title='bbox 2646 483 2801 536; x_wconf 88' lang='lat' dir='ltr'><strong>esse,</strong></span> <span class='ocrx_word' id='word_1_19' title='bbox 2857 467 3153 527; x_wconf 69' lang='lat' dir='ltr'><strong>nativitatis</strong></span> <span class='ocrx_word' id='word_1_20' title='bbox 3196 471 3588 532; x_wconf 77' lang='lat' dir='ltr'><strong>demonstratio</strong></span> <span class='ocrx_word' id='word_1_21' title='bbox 3626 489 3731 533; x_wconf 86' lang='lat' dir='ltr'><strong>est.</strong></span> 
     </span>
    </p>
   </div>
   <div class='ocr_carea' id='block_1_5' title="bbox 425 545 2027 622">
    <p class='ocr_par' dir='ltr' id='par_1_5' title="bbox 425 545 2027 622">
     <span class='ocr_line' id='line_1_5' title="bbox 425 545 2027 622; baseline 0.005 -20"><span class='ocrx_word' id='word_1_22' title='bbox 425 545 632 604; x_wconf 81' lang='lat' dir='ltr'><strong>homini</strong></span> <span class='ocrx_word' id='word_1_23' title='bbox 664 546 942 617; x_wconf 83' lang='lat' dir='ltr'><strong>deputavit</strong></span> <span class='ocrx_word' id='word_1_24' title='bbox 972 567 987 603; x_wconf 88' lang='lat'><strong>:</strong></span> <span class='ocrx_word' id='word_1_25' title='bbox 1027 564 1096 605; x_wconf 89' lang='lat' dir='ltr'><strong>ne</strong></span> <span class='ocrx_word' id='word_1_26' title='bbox 1144 548 1386 605; x_wconf 79' lang='lat' dir='ltr'><strong>veritatis</strong></span> <span class='ocrx_word' id='word_1_27' title='bbox 1414 564 1535 607; x_wconf 90' lang='lat' dir='ltr'><strong>esse</strong></span> <span class='ocrx_word' id='word_1_28' title='bbox 1563 554 1865 622; x_wconf 87' lang='lat' dir='ltr'><strong>pr0prietas</strong></span> <span class='ocrx_word' id='word_1_29' title='bbox 1914 554 2027 609; x_wconf 81' lang='lat' dir='ltr'><strong>exi-</strong></span> 
     </span>
    </p>
   </div>
   <div class='ocr_carea' id='block_1_6' title="bbox 425 639 2025 713">
    <p class='ocr_par' dir='ltr' id='par_1_6' title="bbox 425 639 2025 713">
     <span class='ocr_line' id='line_1_6' title="bbox 425 639 2025 713; baseline 0.006 -20"><span class='ocrx_word' id='word_1_30' title='bbox 425 639 769 709; x_wconf 87' lang='lat' dir='ltr'><strong>stimaretur,</strong></span> <span class='ocrx_word' id='word_1_31' title='bbox 816 641 901 697; x_wconf 92' lang='lat' dir='ltr'><strong>cui</strong></span> <span class='ocrx_word' id='word_1_32' title='bbox 944 640 1013 696; x_wconf 93' lang='lat' dir='ltr'><strong>ad</strong></span> <span class='ocrx_word' id='word_1_33' title='bbox 1061 640 1348 713; x_wconf 80' lang='lat' dir='ltr'><strong>imaginem</strong></span> <span class='ocrx_word' id='word_1_34' title='bbox 1398 643 1693 699; x_wconf 85' lang='lat' dir='ltr'><strong>similitudo</strong></span> <span class='ocrx_word' id='word_1_35' title='bbox 1739 653 1887 701; x_wconf 83' lang='lat' dir='ltr'><strong>esset</strong></span> <span class='ocrx_word' id='word_1_36' title='bbox 1927 646 2025 702; x_wconf 91' lang='lat' dir='ltr'><strong>ad-</strong></span> 
     </span>
    </p>
   </div>
   <div class='ocr_carea' id='block_1_7' title="bbox 420 729 2024 809">
    <p class='ocr_par' dir='ltr' id='par_1_7' title="bbox 420 729 2024 809">
     <span class='ocr_line' id='line_1_7' title="bbox 420 729 2024 809; baseline 0.004 -25"><span class='ocrx_word' id='word_1_37' title='bbox 420 729 629 801; x_wconf 85' lang='lat' dir='ltr'><strong>juncta.</strong></span> <span class='ocrx_word' id='word_1_38' title='bbox 664 729 907 802; x_wconf 88' lang='lat' dir='ltr'><strong>Denique</strong></span> <span class='ocrx_word' id='word_1_39' title='bbox 950 731 1042 787; x_wconf 92' lang='lat' dir='ltr'><strong>ubi</strong></span> <span class='ocrx_word' id='word_1_40' title='bbox 1078 731 1146 787; x_wconf 92' lang='lat' dir='ltr'><strong>ad</strong></span> <span class='ocrx_word' id='word_1_41' title='bbox 1191 732 1639 805; x_wconf 83' lang='lat' dir='ltr'><strong>signiﬁcationem</strong></span> <span class='ocrx_word' id='word_1_42' title='bbox 1685 734 1898 790; x_wconf 87' lang='lat' dir='ltr'><strong>virtutis</strong></span> <span class='ocrx_word' id='word_1_43' title='bbox 1948 736 2024 809; x_wconf 77' lang='grc' dir='ltr'><strong>(ὸ)</strong></span> 
     </span>
    </p>
   </div>
   <div class='ocr_carea' id='block_1_8' title="bbox 426 824 2029 899">
    <p class='ocr_par' dir='ltr' id='par_1_8' title="bbox 426 824 2029 899">
     <span class='ocr_line' id='line_1_8' title="bbox 426 824 2029 899; baseline 0.004 -22"><span class='ocrx_word' id='word_1_44' title='bbox 426 832 704 893; x_wconf 69' lang='lat' dir='ltr'><strong>aequatur,</strong></span> <span class='ocrx_word' id='word_1_45' title='bbox 735 833 790 879; x_wconf 91' lang='lat' dir='ltr'><strong>et</strong></span> <span class='ocrx_word' id='word_1_46' title='bbox 837 824 1133 880; x_wconf 86' lang='lat' dir='ltr'><strong>similitudo</strong></span> <span class='ocrx_word' id='word_1_47' title='bbox 1179 826 1231 880; x_wconf 93' lang='lat' dir='ltr'><strong>in</strong></span> <span class='ocrx_word' id='word_1_48' title='bbox 1281 825 1420 880; x_wconf 90' lang='lat' dir='ltr'><strong>Filio</strong></span> <span class='ocrx_word' id='word_1_49' title='bbox 1449 826 1854 882; x_wconf 80' lang='lat' dir='ltr'><strong>demonstratur</strong></span> <span class='ocrx_word' id='word_1_50' title='bbox 1896 842 2029 899; x_wconf 85' lang='lat' dir='ltr'><strong>ope-</strong></span> 
     </span>
    </p>
   </div>
   <div class='ocr_carea' id='block_1_9' title="bbox 425 915 2026 990">
    <p class='ocr_par' dir='ltr' id='par_1_9' title="bbox 425 915 2026 990">
     <span class='ocr_line' id='line_1_9' title="bbox 425 915 2026 990; baseline 0.006 -20"><span class='ocrx_word' id='word_1_51' title='bbox 425 915 580 970; x_wconf 90' lang='lat' dir='ltr'><strong>randi</strong></span> <span class='ocrx_word' id='word_1_52' title='bbox 606 934 618 969; x_wconf 87' lang='lat'><strong>:</strong></span> <span class='ocrx_word' id='word_1_53' title='bbox 649 930 771 972; x_wconf 91' lang='lat' dir='ltr'><strong>cum</strong></span> <span class='ocrx_word' id='word_1_54' title='bbox 801 916 1074 986; x_wconf 80' lang='lat' dir='ltr'><strong>profectus</strong></span> <span class='ocrx_word' id='word_1_55' title='bbox 1101 933 1231 972; x_wconf 90' lang='lat' dir='ltr'><strong>vero</strong></span> <span class='ocrx_word' id='word_1_56' title='bbox 1259 917 1629 988; x_wconf 79' lang='lat' dir='ltr'><strong>intelligentiae</strong></span> <span class='ocrx_word' id='word_1_57' title='bbox 1667 919 2026 990; x_wconf 70' lang='lat' dir='ltr'><strong>prmdicatnr;</strong></span> 
     </span>
    </p>
   </div>
   <div class='ocr_carea' id='block_1_10' title="bbox 427 1012 2027 1086">
    <p class='ocr_par' dir='ltr' id='par_1_10' title="bbox 427 1012 2027 1086">
     <span class='ocr_line' id='line_1_10' title="bbox 427 1012 2027 1086; baseline 0.002 -18"><span class='ocrx_word' id='word_1_58' title='bbox 427 1022 540 1068; x_wconf 90' lang='lat' dir='ltr'><strong>tum</strong></span> <span class='ocrx_word' id='word_1_59' title='bbox 568 1013 638 1067; x_wconf 88' lang='lat' dir='ltr'><strong>ita</strong></span> <span class='ocrx_word' id='word_1_60' title='bbox 666 1012 862 1068; x_wconf 88' lang='lat' dir='ltr'><strong>dicitur</strong></span> <span class='ocrx_word' id='word_1_61' title='bbox 890 1026 908 1068; x_wconf 86' lang='lat'><strong>&#39;:</strong></span> <span class='ocrx_word' id='word_1_62' title='bbox 946 1012 1131 1069; x_wconf 86' lang='lat' dir='ltr'><strong>Omnia</strong></span> <span class='ocrx_word' id='word_1_63' title='bbox 1152 1030 1479 1085; x_wconf 67' lang='lat' dir='ltr'><strong>quiscumque</strong></span> <span class='ocrx_word' id='word_1_64' title='bbox 1497 1015 1620 1086; x_wconf 75' lang='lat' dir='ltr'><strong>facit</strong></span> <span class='ocrx_word' id='word_1_65' title='bbox 1649 1014 1825 1081; x_wconf 88' lang='lat' dir='ltr'><strong>Pater,</strong></span> <span class='ocrx_word' id='word_1_66' title='bbox 1849 1016 2027 1071; x_wconf 83' lang='lat' dir='ltr'><strong>cadent</strong></span> 
     </span>
    </p>
   </div>
   <div class='ocr_carea' id='block_1_11' title="bbox 429 1102 2026 1177">
    <p class='ocr_par' dir='ltr' id='par_1_11' title="bbox 429 1102 2026 1177">
     <span class='ocr_line' id='line_1_11' title="bbox 429 1102 2026 1177; baseline 0.002 -19"><span class='ocrx_word' id='word_1_67' title='bbox 429 1112 477 1158; x_wconf 79' lang='lat' dir='ltr'><strong>et</strong></span> <span class='ocrx_word' id='word_1_68' title='bbox 501 1102 669 1157; x_wconf 85' lang='lat' dir='ltr'><strong>Filius</strong></span> <span class='ocrx_word' id='word_1_69' title='bbox 707 1102 831 1173; x_wconf 73' lang='lat' dir='ltr'><strong>facit</strong></span> <span class='ocrx_word' id='word_1_70' title='bbox 857 1104 1090 1158; x_wconf 80' lang='lat' dir='ltr'><strong>similiter</strong></span> <span class='ocrx_word' id='word_1_71' title='bbox 1121 1104 1302 1176; x_wconf 84' lang='lat' dir='ltr'><strong>(Joan.</strong></span> <span class='ocrx_word' id='word_1_72' title='bbox 1334 1122 1386 1171; x_wconf 92' lang='lat' dir='ltr'><strong>v,</strong></span> <span class='ocrx_word' id='word_1_73' title='bbox 1424 1104 1533 1177; x_wconf 85' lang='grc'><strong>19).</strong></span> <span class='ocrx_word' id='word_1_74' title='bbox 1566 1104 1764 1161; x_wconf 85' lang='lat' dir='ltr'><strong>Facere</strong></span> <span class='ocrx_word' id='word_1_75' title='bbox 1791 1108 2026 1162; x_wconf 80' lang='lat' dir='ltr'><strong>similiter</strong></span> 
     </span>
    </p>
   </div>
   <div class='ocr_carea' id='block_1_12' title="bbox 429 1196 2024 1271">
    <p class='ocr_par' dir='ltr' id='par_1_12' title="bbox 429 1196 2024 1271">
     <span class='ocr_line' id='line_1_12' title="bbox 429 1196 2024 1271; baseline 0.004 -22"><span class='ocrx_word' id='word_1_76' title='bbox 429 1210 616 1267; x_wconf 90' lang='lat' dir='ltr'><strong>parum</strong></span> <span class='ocrx_word' id='word_1_77' title='bbox 649 1196 822 1251; x_wconf 89' lang='lat' dir='ltr'><strong>visum</strong></span> <span class='ocrx_word' id='word_1_78' title='bbox 850 1206 963 1264; x_wconf 81' lang='lat' dir='ltr'><strong>est,</strong></span> <span class='ocrx_word' id='word_1_79' title='bbox 988 1196 1091 1250; x_wconf 81' lang='lat' dir='ltr'><strong>nisi</strong></span> <span class='ocrx_word' id='word_1_80' title='bbox 1125 1197 1312 1253; x_wconf 88' lang='lat' dir='ltr'><strong>eadem</strong></span> <span class='ocrx_word' id='word_1_81' title='bbox 1340 1198 1531 1253; x_wconf 88' lang='lat' dir='ltr'><strong>ﬁerent</strong></span> <span class='ocrx_word' id='word_1_82' title='bbox 1578 1214 1698 1270; x_wconf 68' lang='lat' dir='ltr'><strong>qua:</strong></span> <span class='ocrx_word' id='word_1_83' title='bbox 1726 1198 1796 1271; x_wconf 83' lang='lat' dir='ltr'><strong>(c)</strong></span> <span class='ocrx_word' id='word_1_84' title='bbox 1827 1200 2024 1255; x_wconf 83' lang='lat' dir='ltr'><strong>similia</strong></span> 
     </span>
    </p>
   </div>
   <div class='ocr_carea' id='block_1_13' title="bbox 428 1287 2025 1360">
    <p class='ocr_par' dir='ltr' id='par_1_13' title="bbox 428 1287 2025 1360">
     <span class='ocr_line' id='line_1_13' title="bbox 428 1287 2025 1360; baseline 0.004 -19"><span class='ocrx_word' id='word_1_85' title='bbox 428 1287 647 1343; x_wconf 82' lang='lat' dir='ltr'><strong>ﬁebant.</strong></span> <span class='ocrx_word' id='word_1_86' title='bbox 676 1289 853 1360; x_wconf 86' lang='lat' dir='ltr'><strong>Atque</strong></span> <span class='ocrx_word' id='word_1_87' title='bbox 877 1289 950 1343; x_wconf 90' lang='lat' dir='ltr'><strong>ita</strong></span> <span class='ocrx_word' id='word_1_88' title='bbox 973 1288 1267 1345; x_wconf 80' lang='lat' dir='ltr'><strong>similitudo</strong></span> <span class='ocrx_word' id='word_1_89' title='bbox 1290 1288 1523 1345; x_wconf 81' lang='lat' dir='ltr'><strong>faciendi</strong></span> <span class='ocrx_word' id='word_1_90' title='bbox 1552 1290 1638 1360; x_wconf 88' lang='lat' dir='ltr'><strong>pie</strong></span> <span class='ocrx_word' id='word_1_91' title='bbox 1659 1291 2025 1348; x_wconf 71' lang='lat' dir='ltr'><strong>demonstrata</strong></span> 
     </span>
    </p>
   </div>
   <div class='ocr_carea' id='block_1_14' title="bbox 430 1381 2027 1454">
    <p class='ocr_par' dir='ltr' id='par_1_14' title="bbox 430 1381 2027 1454">
     <span class='ocr_line' id='line_1_14' title="bbox 430 1381 2027 1454; baseline 0.003 -17"><span class='ocrx_word' id='word_1_92' title='bbox 430 1390 511 1437; x_wconf 90' lang='lat' dir='ltr'><strong>est</strong></span> <span class='ocrx_word' id='word_1_93' title='bbox 540 1381 591 1434; x_wconf 92' lang='lat' dir='ltr'><strong>in</strong></span> <span class='ocrx_word' id='word_1_94' title='bbox 621 1382 936 1437; x_wconf 92' lang='lat' dir='ltr'><strong>eorumdent</strong></span> <span class='ocrx_word' id='word_1_95' title='bbox 962 1384 1290 1454; x_wconf 84' lang='lat' dir='ltr'><strong>proprietate</strong></span> <span class='ocrx_word' id='word_1_96' title='bbox 1322 1383 1607 1439; x_wconf 84' lang='lat' dir='ltr'><strong>factorum.</strong></span> <span class='ocrx_word' id='word_1_97' title='bbox 1639 1385 1736 1439; x_wconf 82' lang='lat' dir='ltr'><strong>Est</strong></span> <span class='ocrx_word' id='word_1_98' title='bbox 1762 1394 1941 1440; x_wconf 88' lang='lat' dir='ltr'><strong>autem</strong></span> <span class='ocrx_word' id='word_1_99' title='bbox 1972 1395 2027 1442; x_wconf 89' lang='lat' dir='ltr'><strong>et</strong></span> 
     </span>
    </p>
   </div>
   <div class='ocr_carea' id='block_1_15' title="bbox 423 1475 2020 1552">
    <p class='ocr_par' dir='ltr' id='par_1_15' title="bbox 423 1475 2020 1552">
     <span class='ocr_line' id='line_1_15' title="bbox 423 1475 2020 1552; baseline 0.001 -21"><span class='ocrx_word' id='word_1_100' title='bbox 423 1475 719 1531; x_wconf 88' lang='lat' dir='ltr'><strong>similitudo</strong></span> <span class='ocrx_word' id='word_1_101' title='bbox 749 1475 805 1532; x_wconf 89' lang='lat' dir='ltr'><strong>in</strong></span> <span class='ocrx_word' id='word_1_102' title='bbox 834 1476 1061 1531; x_wconf 89' lang='lat' dir='ltr'><strong>Domino</strong></span> <span class='ocrx_word' id='word_1_103' title='bbox 1084 1477 1261 1532; x_wconf 86' lang='lat' dir='ltr'><strong>carnis</strong></span> <span class='ocrx_word' id='word_1_104' title='bbox 1308 1478 1515 1547; x_wconf 87' lang='lat' dir='ltr'><strong>peccati</strong></span> <span class='ocrx_word' id='word_1_105' title='bbox 1555 1477 1735 1551; x_wconf 84' lang='lat' dir='ltr'><strong>(Rom.</strong></span> <span class='ocrx_word' id='word_1_106' title='bbox 1763 1494 1860 1533; x_wconf 79' lang='lat' dir='ltr'><strong>vui</strong></span> <span class='ocrx_word' id='word_1_107' title='bbox 1881 1518 1895 1543; x_wconf 91' lang='lat'><strong>,</strong></span> <span class='ocrx_word' id='word_1_108' title='bbox 1925 1478 1981 1552; x_wconf 69' lang='grc' dir='ltr'><strong>Ξ)</strong></span> <span class='ocrx_word' id='word_1_109' title='bbox 2006 1496 2020 1533; x_wconf 91' lang='lat'><strong>:</strong></span> 
     </span>
    </p>
   </div>
   <div class='ocr_carea' id='block_1_16' title="bbox 423 1566 2026 1641">
    <p class='ocr_par' dir='ltr' id='par_1_16' title="bbox 423 1566 2026 1641">
     <span class='ocr_line' id='line_1_16' title="bbox 423 1566 2026 1641; baseline 0.004 -19"><span class='ocrx_word' id='word_1_110' title='bbox 423 1566 517 1622; x_wconf 88' lang='lat' dir='ltr'><strong>sed</strong></span> <span class='ocrx_word' id='word_1_111' title='bbox 545 1566 622 1621; x_wconf 89' lang='lat' dir='ltr'><strong>illi</strong></span> <span class='ocrx_word' id='word_1_112' title='bbox 656 1582 765 1622; x_wconf 92' lang='lat' dir='ltr'><strong>non</strong></span> <span class='ocrx_word' id='word_1_113' title='bbox 807 1567 1103 1624; x_wconf 87' lang='lat' dir='ltr'><strong>similitudo</strong></span> <span class='ocrx_word' id='word_1_114' title='bbox 1130 1569 1311 1626; x_wconf 91' lang='lat' dir='ltr'><strong>carnis</strong></span> <span class='ocrx_word' id='word_1_115' title='bbox 1340 1581 1442 1636; x_wconf 88' lang='lat' dir='ltr'><strong>est,</strong></span> <span class='ocrx_word' id='word_1_116' title='bbox 1481 1568 1565 1641; x_wconf 77' lang='grc' dir='ltr'><strong>(ά)</strong></span> <span class='ocrx_word' id='word_1_117' title='bbox 1593 1571 1689 1626; x_wconf 86' lang='lat' dir='ltr'><strong>sed</strong></span> <span class='ocrx_word' id='word_1_118' title='bbox 1730 1572 2026 1628; x_wconf 84' lang='lat' dir='ltr'><strong>similitudo</strong></span> 
     </span>
    </p>
   </div>
   <div class='ocr_carea' id='block_1_17' title="bbox 423 1659 2022 1734">
    <p class='ocr_par' dir='ltr' id='par_1_17' title="bbox 423 1659 2022 1734">
     <span class='ocr_line' id='line_1_17' title="bbox 423 1659 2022 1734; baseline 0.003 -19"><span class='ocrx_word' id='word_1_119' title='bbox 423 1659 601 1715; x_wconf 88' lang='lat' dir='ltr'><strong>carnis</strong></span> <span class='ocrx_word' id='word_1_120' title='bbox 629 1661 832 1730; x_wconf 86' lang='lat' dir='ltr'><strong>peccati</strong></span> <span class='ocrx_word' id='word_1_121' title='bbox 880 1667 964 1716; x_wconf 84' lang='lat' dir='ltr'><strong>est</strong></span> <span class='ocrx_word' id='word_1_122' title='bbox 992 1678 1007 1718; x_wconf 89' lang='lat'><strong>:</strong></span> <span class='ocrx_word' id='word_1_123' title='bbox 1040 1668 1099 1715; x_wconf 87' lang='lat' dir='ltr'><strong>ut</strong></span> <span class='ocrx_word' id='word_1_124' title='bbox 1134 1660 1280 1732; x_wconf 92' lang='lat' dir='ltr'><strong>quod</strong></span> <span class='ocrx_word' id='word_1_125' title='bbox 1323 1662 1377 1716; x_wconf 92' lang='lat' dir='ltr'><strong>in</strong></span> <span class='ocrx_word' id='word_1_126' title='bbox 1425 1660 1596 1716; x_wconf 81' lang='lat' dir='ltr'><strong>forma</strong></span> <span class='ocrx_word' id='word_1_127' title='bbox 1644 1662 1715 1734; x_wconf 80' lang='grc' dir='ltr'><strong>(ε)</strong></span> <span class='ocrx_word' id='word_1_128' title='bbox 1756 1663 1851 1717; x_wconf 89' lang='lat' dir='ltr'><strong>Dei</strong></span> <span class='ocrx_word' id='word_1_129' title='bbox 1898 1673 2022 1734; x_wconf 89' lang='lat' dir='ltr'><strong>est,</strong></span> 
     </span>
    </p>
   </div>
   <div class='ocr_carea' id='block_1_18' title="bbox 424 1752 2021 1826">
    <p class='ocr_par' dir='ltr' id='par_1_18' title="bbox 424 1752 2021 1826">
     <span class='ocr_line' id='line_1_18' title="bbox 424 1752 2021 1826; baseline 0.003 -19"><span class='ocrx_word' id='word_1_130' title='bbox 424 1752 586 1809; x_wconf 90' lang='lat' dir='ltr'><strong>homo</strong></span> <span class='ocrx_word' id='word_1_131' title='bbox 613 1754 714 1820; x_wconf 89' lang='lat' dir='ltr'><strong>sit;</strong></span> <span class='ocrx_word' id='word_1_132' title='bbox 743 1752 886 1825; x_wconf 92' lang='lat' dir='ltr'><strong>quod</strong></span> <span class='ocrx_word' id='word_1_133' title='bbox 926 1763 1106 1809; x_wconf 88' lang='lat' dir='ltr'><strong>autem</strong></span> <span class='ocrx_word' id='word_1_134' title='bbox 1135 1753 1186 1809; x_wconf 93' lang='lat' dir='ltr'><strong>in</strong></span> <span class='ocrx_word' id='word_1_135' title='bbox 1210 1753 1562 1810; x_wconf 87' lang='lat' dir='ltr'><strong>similitudine</strong></span> <span class='ocrx_word' id='word_1_136' title='bbox 1591 1755 1774 1823; x_wconf 78' lang='lat' dir='ltr'><strong>carnis</strong></span> <span class='ocrx_word' id='word_1_137' title='bbox 1812 1758 2021 1826; x_wconf 89' lang='lat' dir='ltr'><strong>peccati</strong></span> 
     </span>
    </p>
   </div>
   <div class='ocr_carea' id='block_1_19' title="bbox 2132 556 3733 634">
    <p class='ocr_par' dir='ltr' id='par_1_19' title="bbox 2132 556 3733 634">
     <span class='ocr_line' id='line_1_19' title="bbox 2132 556 3733 634; baseline 0.009 -24"><span class='ocrx_word' id='word_1_138' title='bbox 2132 556 2259 611; x_wconf 81' lang='lat' dir='ltr'><strong>Mihi</strong></span> <span class='ocrx_word' id='word_1_139' title='bbox 2286 556 2503 628; x_wconf 88' lang='lat' dir='ltr'><strong>quidem</strong></span> <span class='ocrx_word' id='word_1_140' title='bbox 2528 556 2823 615; x_wconf 86' lang='lat' dir='ltr'><strong>similitudo</strong></span> <span class='ocrx_word' id='word_1_141' title='bbox 2842 600 2859 627; x_wconf 93' lang='lat'><strong>,</strong></span> <span class='ocrx_word' id='word_1_142' title='bbox 2888 560 2968 633; x_wconf 91' lang='lat' dir='ltr'><strong>(h)</strong></span> <span class='ocrx_word' id='word_1_143' title='bbox 2994 575 3064 618; x_wconf 89' lang='lat' dir='ltr'><strong>ne</strong></span> <span class='ocrx_word' id='word_1_144' title='bbox 3088 564 3275 619; x_wconf 86' lang='lat' dir='ltr'><strong>unioni</strong></span> <span class='ocrx_word' id='word_1_145' title='bbox 3299 565 3456 622; x_wconf 83' lang='lat' dir='ltr'><strong>detur</strong></span> <span class='ocrx_word' id='word_1_146' title='bbox 3479 569 3697 624; x_wconf 77' lang='lat' dir='ltr'><strong>occasio</strong></span> <span class='ocrx_word' id='word_1_147' title='bbox 3718 610 3733 634; x_wconf 90' lang='lat'><strong>,</strong></span> 
     </span>
    </p>
   </div>
   <div class='ocr_carea' id='block_1_20' title="bbox 2129 633 3727 732">
    <p class='ocr_par' dir='ltr' id='par_1_20' title="bbox 2129 633 3727 732">
     <span class='ocr_line' id='line_1_20' title="bbox 2129 633 3727 732; baseline 0.008 -29"><span class='ocrx_word' id='word_1_148' title='bbox 2129 658 2313 704; x_wconf 89' lang='lat' dir='ltr'><strong>sancta</strong></span> <span class='ocrx_word' id='word_1_149' title='bbox 2340 657 2463 705; x_wconf 91' lang='lat' dir='ltr'><strong>est:</strong></span> <span class='ocrx_word' id='word_1_150' title='bbox 2495 650 2592 705; x_wconf 89' lang='lat' dir='ltr'><strong>sed</strong></span> <span class='ocrx_word' id='word_1_151' title='bbox 2622 650 2718 706; x_wconf 84' lang='lat' dir='ltr'><strong>tibi</strong></span> <span class='ocrx_word' id='word_1_152' title='bbox 2744 667 2774 707; x_wconf 91' lang='lat' dir='ltr'><strong>a</strong></span> <span class='ocrx_word' id='word_1_153' title='bbox 2805 668 2893 708; x_wconf 91' lang='lat' dir='ltr'><strong>me</strong></span> <span class='ocrx_word' id='word_1_154' title='bbox 2938 667 3046 710; x_wconf 90' lang='lat' dir='ltr'><strong>non</strong></span> <span class='ocrx_word' id='word_1_155' title='bbox 3072 633 3422 715; x_wconf 60' lang='lat' dir='ltr'><strong>concedehda</strong></span> <span class='ocrx_word' id='word_1_156' title='bbox 3447 670 3569 717; x_wconf 89' lang='lat' dir='ltr'><strong>est:</strong></span> <span class='ocrx_word' id='word_1_157' title='bbox 3601 662 3727 732; x_wconf 83' lang='lat' dir='ltr'><strong>quia</strong></span> 
     </span>
    </p>
   </div>
   <div class='ocr_carea' id='block_1_21' title="bbox 2129 741 3726 823">
    <p class='ocr_par' dir='ltr' id='par_1_21' title="bbox 2129 741 3726 823">
     <span class='ocr_line' id='line_1_21' title="bbox 2129 741 3726 823; baseline 0.008 -27"><span class='ocrx_word' id='word_1_158' title='bbox 2129 741 2392 812; x_wconf 77' lang='lat' dir='ltr'><strong>:equalem</strong></span> <span class='ocrx_word' id='word_1_159' title='bbox 2422 744 2713 811; x_wconf 87' lang='lat' dir='ltr'><strong>eumdem,</strong></span> <span class='ocrx_word' id='word_1_160' title='bbox 2755 752 2813 800; x_wconf 89' lang='lat' dir='ltr'><strong>et</strong></span> <span class='ocrx_word' id='word_1_161' title='bbox 2862 746 3097 804; x_wconf 88' lang='lat' dir='ltr'><strong>similem</strong></span> <span class='ocrx_word' id='word_1_162' title='bbox 3138 759 3326 820; x_wconf 84' lang='lat' dir='ltr'><strong>postea</strong></span> <span class='ocrx_word' id='word_1_163' title='bbox 3371 753 3462 823; x_wconf 89' lang='lat' dir='ltr'><strong>pie</strong></span> <span class='ocrx_word' id='word_1_164' title='bbox 3498 753 3726 811; x_wconf 75' lang='lat' dir='ltr'><strong>fatebor.</strong></span> 
     </span>
    </p>
   </div>
   <div class='ocr_carea' id='block_1_22' title="bbox 2130 833 3731 917">
    <p class='ocr_par' dir='ltr' id='par_1_22' title="bbox 2130 833 3731 917">
     <span class='ocr_line' id='line_1_22' title="bbox 2130 833 3731 917; baseline 0.009 -27"><span class='ocrx_word' id='word_1_165' title='bbox 2130 833 2372 891; x_wconf 89' lang='lat' dir='ltr'><strong>Similem</strong></span> <span class='ocrx_word' id='word_1_166' title='bbox 2403 844 2583 891; x_wconf 89' lang='lat' dir='ltr'><strong>autem</strong></span> <span class='ocrx_word' id='word_1_167' title='bbox 2621 836 2806 905; x_wconf 86' lang='lat' dir='ltr'><strong>Patri,</strong></span> <span class='ocrx_word' id='word_1_168' title='bbox 2854 839 3084 896; x_wconf 83' lang='lat' dir='ltr'><strong>similem</strong></span> <span class='ocrx_word' id='word_1_169' title='bbox 3130 856 3350 913; x_wconf 89' lang='lat' dir='ltr'><strong>quoque</strong></span> <span class='ocrx_word' id='word_1_170' title='bbox 3397 846 3460 916; x_wconf 89' lang='lat' dir='ltr'><strong>(i)</strong></span> <span class='ocrx_word' id='word_1_171' title='bbox 3491 854 3546 901; x_wconf 89' lang='lat' dir='ltr'><strong>et</strong></span> <span class='ocrx_word' id='word_1_172' title='bbox 3586 846 3731 917; x_wconf 91' lang='lat' dir='ltr'><strong>Deo,</strong></span> 
     </span>
    </p>
   </div>
   <div class='ocr_carea' id='block_1_23' title="bbox 2130 929 3729 1004">
    <p class='ocr_par' dir='ltr' id='par_1_23' title="bbox 2130 929 3729 1004">
     <span class='ocr_line' id='line_1_23' title="bbox 2130 929 3729 1004; baseline 0.009 -22"><span class='ocrx_word' id='word_1_173' title='bbox 2130 929 2383 997; x_wconf 83' lang='lat' dir='ltr'><strong>religiose</strong></span> <span class='ocrx_word' id='word_1_174' title='bbox 2430 929 2765 999; x_wconf 57' lang='lat' dir='ltr'><strong>praedicabo;</strong></span> <span class='ocrx_word' id='word_1_175' title='bbox 2806 932 3039 989; x_wconf 88' lang='lat' dir='ltr'><strong>similem</strong></span> <span class='ocrx_word' id='word_1_176' title='bbox 3068 949 3199 990; x_wconf 82' lang='lat' dir='ltr'><strong>vero</strong></span> <span class='ocrx_word' id='word_1_177' title='bbox 3237 936 3340 1004; x_wconf 87' lang='lat' dir='ltr'><strong>ita,</strong></span> <span class='ocrx_word' id='word_1_178' title='bbox 3376 948 3435 994; x_wconf 90' lang='lat' dir='ltr'><strong>ut</strong></span> <span class='ocrx_word' id='word_1_179' title='bbox 3472 940 3729 997; x_wconf 84' lang='lat' dir='ltr'><strong>similitu-</strong></span> 
     </span>
    </p>
   </div>
   <div class='ocr_carea' id='block_1_24' title="bbox 2130 1021 3735 1106">
    <p class='ocr_par' dir='ltr' id='par_1_24' title="bbox 2130 1021 3735 1106">
     <span class='ocr_line' id='line_1_24' title="bbox 2130 1021 3735 1106; baseline 0.01 -31"><span class='ocrx_word' id='word_1_180' title='bbox 2130 1022 2241 1076; x_wconf 90' lang='lat' dir='ltr'><strong>dini</strong></span> <span class='ocrx_word' id='word_1_181' title='bbox 2269 1021 2373 1078; x_wconf 91' lang='lat' dir='ltr'><strong>hoc</strong></span> <span class='ocrx_word' id='word_1_182' title='bbox 2420 1023 2622 1078; x_wconf 90' lang='lat' dir='ltr'><strong>dictum</strong></span> <span class='ocrx_word' id='word_1_183' title='bbox 2670 1039 2889 1096; x_wconf 87' lang='lat' dir='ltr'><strong>semper</strong></span> <span class='ocrx_word' id='word_1_184' title='bbox 2934 1028 3232 1086; x_wconf 80' lang='lat' dir='ltr'><strong>anteferam</strong></span> <span class='ocrx_word' id='word_1_185' title='bbox 3267 1050 3280 1085; x_wconf 89' lang='lat'>:</span> <span class='ocrx_word' id='word_1_186' title='bbox 3322 1032 3437 1106; x_wconf 79' lang='lat' dir='ltr'><strong>Ego</strong></span> <span class='ocrx_word' id='word_1_187' title='bbox 3480 1046 3531 1090; x_wconf 88' lang='lat' dir='ltr'><strong>et</strong></span> <span class='ocrx_word' id='word_1_188' title='bbox 3574 1035 3735 1091; x_wconf 86' lang='lat' dir='ltr'><strong>Pater</strong></span> 
     </span>
    </p>
   </div>
   <div class='ocr_carea' id='block_1_25' title="bbox 2128 1116 3728 1191">
    <p class='ocr_par' dir='ltr' id='par_1_25' title="bbox 2128 1116 3728 1191">
     <span class='ocr_line' id='line_1_25' title="bbox 2128 1116 3728 1191; baseline 0.009 -22"><span class='ocrx_word' id='word_1_189' title='bbox 2128 1132 2289 1170; x_wconf 88' lang='lat' dir='ltr'><strong>unum</strong></span> <span class='ocrx_word' id='word_1_190' title='bbox 2333 1134 2509 1173; x_wconf 83' lang='lat' dir='ltr'><strong>sumus</strong></span> <span class='ocrx_word' id='word_1_191' title='bbox 2548 1116 2730 1189; x_wconf 77' lang='lat' dir='ltr'><strong>(Joan.</strong></span> <span class='ocrx_word' id='word_1_192' title='bbox 2762 1135 2798 1174; x_wconf 72' lang='grc' dir='ltr'><strong>ι</strong></span> <span class='ocrx_word' id='word_1_193' title='bbox 2819 1161 2834 1183; x_wconf 85' lang='lat'><strong>,</strong></span> <span class='ocrx_word' id='word_1_194' title='bbox 2868 1119 2957 1191; x_wconf 77' lang='lat'><strong>50)</strong></span> <span class='ocrx_word' id='word_1_195' title='bbox 2986 1139 3001 1177; x_wconf 90' lang='lat'><strong>:</strong></span> <span class='ocrx_word' id='word_1_196' title='bbox 3045 1132 3101 1180; x_wconf 88' lang='lat' dir='ltr'><strong>tu</strong></span> <span class='ocrx_word' id='word_1_197' title='bbox 3129 1133 3309 1181; x_wconf 90' lang='lat' dir='ltr'><strong>autem</strong></span> <span class='ocrx_word' id='word_1_198' title='bbox 3361 1126 3446 1182; x_wconf 88' lang='lat' dir='ltr'><strong>his</strong></span> <span class='ocrx_word' id='word_1_199' title='bbox 3474 1130 3728 1184; x_wconf 86' lang='lat' dir='ltr'><strong>omnibus</strong></span> 
     </span>
    </p>
   </div>
   <div class='ocr_carea' id='block_1_26' title="bbox 2126 1210 3723 1288">
    <p class='ocr_par' dir='ltr' id='par_1_26' title="bbox 2126 1210 3723 1288">
     <span class='ocr_line' id='line_1_26' title="bbox 2126 1210 3723 1288; baseline 0.008 -25"><span class='ocrx_word' id='word_1_200' title='bbox 2126 1210 2470 1274; x_wconf 90' lang='lat' dir='ltr'><strong>contradicis,</strong></span> <span class='ocrx_word' id='word_1_201' title='bbox 2489 1213 2611 1275; x_wconf 78' lang='lat' dir='ltr'><strong>quia</strong></span> <span class='ocrx_word' id='word_1_202' title='bbox 2638 1212 3046 1269; x_wconf 89' lang='lat' dir='ltr'><strong>similitudinem</strong></span> <span class='ocrx_word' id='word_1_203' title='bbox 3072 1213 3153 1288; x_wconf 87' lang='lat' dir='ltr'><strong>(j)</strong></span> <span class='ocrx_word' id='word_1_204' title='bbox 3171 1217 3520 1275; x_wconf 78' lang='lat' dir='ltr'><strong>excusatione</strong></span> <span class='ocrx_word' id='word_1_205' title='bbox 3534 1220 3690 1276; x_wconf 81' lang='lat' dir='ltr'><strong>delen</strong></span> <span class='ocrx_word' id='word_1_206' title='bbox 3703 1250 3723 1262; x_wconf 85' lang='lat'><strong>-</strong></span> 
     </span>
    </p>
   </div>
   <div class='ocr_carea' id='block_1_27' title="bbox 2127 1300 3733 1383">
    <p class='ocr_par' dir='ltr' id='par_1_27' title="bbox 2127 1300 3733 1383">
     <span class='ocr_line' id='line_1_27' title="bbox 2127 1300 3733 1383; baseline 0.009 -28"><span class='ocrx_word' id='word_1_207' title='bbox 2127 1300 2232 1356; x_wconf 92' lang='lat' dir='ltr'><strong>dis.</strong></span> <span class='ocrx_word' id='word_1_208' title='bbox 2262 1301 2439 1372; x_wconf 80' lang='lat' dir='ltr'><strong>Negas</strong></span> <span class='ocrx_word' id='word_1_209' title='bbox 2470 1302 2669 1359; x_wconf 89' lang='lat' dir='ltr'><strong>Filium</strong></span> <span class='ocrx_word' id='word_1_210' title='bbox 2704 1320 2799 1374; x_wconf 90' lang='lat' dir='ltr'><strong>per</strong></span> <span class='ocrx_word' id='word_1_211' title='bbox 2826 1307 3164 1362; x_wconf 84' lang='lat' dir='ltr'><strong>nativitatem</strong></span> <span class='ocrx_word' id='word_1_212' title='bbox 3185 1348 3202 1377; x_wconf 95' lang='lat'><strong>,</strong></span> <span class='ocrx_word' id='word_1_213' title='bbox 3232 1324 3398 1380; x_wconf 88' lang='lat' dir='ltr'><strong>negas</strong></span> <span class='ocrx_word' id='word_1_214' title='bbox 3434 1310 3604 1367; x_wconf 89' lang='lat' dir='ltr'><strong>Deum</strong></span> <span class='ocrx_word' id='word_1_215' title='bbox 3636 1328 3733 1383; x_wconf 88' lang='lat' dir='ltr'><strong>per</strong></span> 
     </span>
    </p>
   </div>
   <div class='ocr_carea' id='block_1_28' title="bbox 2128 1396 3734 1476">
    <p class='ocr_par' dir='ltr' id='par_1_28' title="bbox 2128 1396 3734 1476">
     <span class='ocr_line' id='line_1_28' title="bbox 2128 1396 3734 1476; baseline 0.011 -29"><span class='ocrx_word' id='word_1_216' title='bbox 2128 1402 2406 1461; x_wconf 87' lang='lat' dir='ltr'><strong>naturam,</strong></span> <span class='ocrx_word' id='word_1_217' title='bbox 2435 1410 2599 1465; x_wconf 81' lang='lat' dir='ltr'><strong>negas</strong></span> <span class='ocrx_word' id='word_1_218' title='bbox 2629 1396 2859 1452; x_wconf 88' lang='lat' dir='ltr'><strong>similem</strong></span> <span class='ocrx_word' id='word_1_219' title='bbox 2890 1413 2988 1470; x_wconf 88' lang='lat' dir='ltr'><strong>per</strong></span> <span class='ocrx_word' id='word_1_220' title='bbox 3015 1401 3384 1471; x_wconf 58' lang='lat' dir='ltr'><strong>aequalitatem</strong></span> <span class='ocrx_word' id='word_1_221' title='bbox 3405 1445 3421 1473; x_wconf 93' lang='lat'><strong>,</strong></span> <span class='ocrx_word' id='word_1_222' title='bbox 3452 1419 3616 1476; x_wconf 81' lang='lat' dir='ltr'><strong>negas</strong></span> <span class='ocrx_word' id='word_1_223' title='bbox 3640 1422 3734 1464; x_wconf 89' lang='lat' dir='ltr'><strong>ve-</strong></span> 
     </span>
    </p>
   </div>
   <div class='ocr_carea' id='block_1_29' title="bbox 2126 1476 3731 1570">
    <p class='ocr_par' dir='ltr' id='par_1_29' title="bbox 2126 1476 3731 1570">
     <span class='ocr_line' id='line_1_29' title="bbox 2126 1476 3731 1570; baseline 0.009 -28"><span class='ocrx_word' id='word_1_224' title='bbox 2126 1502 2246 1542; x_wconf 84' lang='lat' dir='ltr'><strong>rum</strong></span> <span class='ocrx_word' id='word_1_225' title='bbox 2295 1503 2390 1557; x_wconf 91' lang='lat' dir='ltr'><strong>per</strong></span> <span class='ocrx_word' id='word_1_226' title='bbox 2416 1489 2697 1545; x_wconf 85' lang='lat' dir='ltr'><strong>unitatem.</strong></span> <span class='ocrx_word' id='word_1_227' title='bbox 2726 1490 2797 1546; x_wconf 84' lang='lat' dir='ltr'><strong>Et</strong></span> <span class='ocrx_word' id='word_1_228' title='bbox 2821 1491 2933 1562; x_wconf 85' lang='lat' dir='ltr'><strong>jam</strong></span> <span class='ocrx_word' id='word_1_229' title='bbox 2966 1508 3151 1563; x_wconf 63' lang='lat' dir='ltr'><strong>quaero</strong></span> <span class='ocrx_word' id='word_1_230' title='bbox 3171 1536 3186 1561; x_wconf 95' lang='lat'><strong>,</strong></span> <span class='ocrx_word' id='word_1_231' title='bbox 3216 1496 3343 1566; x_wconf 90' lang='lat' dir='ltr'><strong>quid</strong></span> <span class='ocrx_word' id='word_1_232' title='bbox 3365 1476 3420 1552; x_wconf 81' lang='lat' dir='ltr'><strong>ei</strong></span> <span class='ocrx_word' id='word_1_233' title='bbox 3456 1499 3731 1570; x_wconf 83' lang='lat' dir='ltr'><strong>relinquas</strong></span> 
     </span>
    </p>
   </div>
   <div class='ocr_carea' id='block_1_30' title="bbox 2126 1581 3730 1665">
    <p class='ocr_par' dir='ltr' id='par_1_30' title="bbox 2126 1581 3730 1665">
     <span class='ocr_line' id='line_1_30' title="bbox 2126 1581 3730 1665; baseline 0.01 -31"><span class='ocrx_word' id='word_1_234' title='bbox 2126 1581 2527 1650; x_wconf 89' lang='lat' dir='ltr'><strong>similitudinis,</strong></span> <span class='ocrx_word' id='word_1_235' title='bbox 2562 1584 2652 1639; x_wconf 92' lang='lat' dir='ltr'><strong>.cui</strong></span> <span class='ocrx_word' id='word_1_236' title='bbox 2695 1584 2827 1639; x_wconf 84' lang='lat' dir='ltr'><strong>nihil</strong></span> <span class='ocrx_word' id='word_1_237' title='bbox 2852 1584 2921 1640; x_wconf 90' lang='lat' dir='ltr'><strong>ad</strong></span> <span class='ocrx_word' id='word_1_238' title='bbox 2958 1587 3102 1657; x_wconf 90' lang='lat' dir='ltr'><strong>quod</strong></span> <span class='ocrx_word' id='word_1_239' title='bbox 3144 1588 3287 1645; x_wconf 90' lang='lat' dir='ltr'><strong>ﬁlius</strong></span> <span class='ocrx_word' id='word_1_240' title='bbox 3314 1599 3438 1661; x_wconf 88' lang='lat' dir='ltr'><strong>est,</strong></span> <span class='ocrx_word' id='word_1_241' title='bbox 3483 1595 3730 1665; x_wconf 89' lang='lat' dir='ltr'><strong>proprie-</strong></span> 
     </span>
    </p>
   </div>
   <div class='ocr_carea' id='block_1_31' title="bbox 2130 1676 2585 1746">
    <p class='ocr_par' dir='ltr' id='par_1_31' title="bbox 2130 1676 2585 1746">
     <span class='ocr_line' id='line_1_31' title="bbox 2130 1676 2585 1746; baseline 0.009 -17"><span class='ocrx_word' id='word_1_242' title='bbox 2130 1676 2254 1729; x_wconf 87' lang='lat' dir='ltr'><strong>tatis</strong></span> <span class='ocrx_word' id='word_1_243' title='bbox 2284 1676 2585 1746; x_wconf 86' lang='lat' dir='ltr'><strong>impertias.</strong></span> 
     </span>
    </p>
   </div>
   <div class='ocr_carea' id='block_1_32' title="bbox 2198 1768 3726 1848">
    <p class='ocr_par' dir='ltr' id='par_1_32' title="bbox 2198 1768 3726 1848">
     <span class='ocr_line' id='line_1_32' title="bbox 2198 1768 3726 1848; baseline 0.009 -24"><span class='ocrx_word' id='word_1_244' title='bbox 2198 1768 2287 1824; x_wconf 75' lang='grc'><strong>25.</strong></span> <span class='ocrx_word' id='word_1_245' title='bbox 2318 1768 2607 1825; x_wconf 80' lang='lat' dir='ltr'><strong>Constantii</strong></span> <span class='ocrx_word' id='word_1_246' title='bbox 2627 1771 2682 1825; x_wconf 91' lang='lat' dir='ltr'><strong>in</strong></span> <span class='ocrx_word' id='word_1_247' title='bbox 2701 1771 2806 1842; x_wconf 80' lang='lat' dir='ltr'><strong>ﬁde</strong></span> <span class='ocrx_word' id='word_1_248' title='bbox 2828 1773 3192 1830; x_wconf 82' lang='lat' dir='ltr'><strong>inconstantia.</strong></span> <span class='ocrx_word' id='word_1_249' title='bbox 3212 1805 3286 1818; x_wconf 88' lang='lat'><strong>—-</strong></span> <span class='ocrx_word' id='word_1_250' title='bbox 3299 1776 3414 1834; x_wconf 84' lang='lat' dir='ltr'><strong>Hoc</strong></span> <span class='ocrx_word' id='word_1_251' title='bbox 3433 1794 3576 1837; x_wconf 92' lang='lat' dir='ltr'><strong>nunc</strong></span> <span class='ocrx_word' id='word_1_252' title='bbox 3595 1795 3624 1835; x_wconf 91' lang='lat' dir='ltr'><strong>a</strong></span> <span class='ocrx_word' id='word_1_253' title='bbox 3644 1790 3697 1837; x_wconf 92' lang='lat' dir='ltr'><strong>te</strong></span> <span class='ocrx_word' id='word_1_254' title='bbox 3711 1824 3726 1848; x_wconf 91' lang='lat'><strong>,</strong></span> 
     </span>
    </p>
   </div>
   <div class='ocr_carea' id='block_1_33' title="bbox 423 1847 3735 1935">
    <p class='ocr_par' dir='ltr' id='par_1_33' title="bbox 423 1847 3735 1935">
     <span class='ocr_line' id='line_1_33' title="bbox 423 1847 3735 1935; baseline 0.003 -17"><span class='ocrx_word' id='word_1_255' title='bbox 423 1856 541 1918; x_wconf 61' lang='grc' dir='ltr'><strong>θεῖ,</strong></span> <span class='ocrx_word' id='word_1_256' title='bbox 569 1847 803 1903; x_wconf 67' lang='lat' dir='ltr'><strong>hominis</strong></span> <span class='ocrx_word' id='word_1_257' title='bbox 827 1849 895 1903; x_wconf 76' lang='grc' dir='ltr'><strong>είῑ</strong></span> <span class='ocrx_word' id='word_1_258' title='bbox 923 1848 1256 1916; x_wconf 68' lang='grc' dir='ltr'><strong>είηὶίιίῑυάου</strong></span> <span class='ocrx_word' id='word_1_259' title='bbox 1289 1849 1416 1903; x_wconf 71' lang='lat' dir='ltr'><strong>dum</strong></span> <span class='ocrx_word' id='word_1_260' title='bbox 1452 1849 1507 1904; x_wconf 78' lang='grc' dir='ltr'><strong>ίη</strong></span> <span class='ocrx_word' id='word_1_261' title='bbox 1539 1848 1770 1905; x_wconf 68' lang='lat' dir='ltr'><strong>hominis</strong></span> <span class='ocrx_word' id='word_1_262' title='bbox 1813 1848 1882 1922; x_wconf 81' lang='grc' dir='ltr'><strong>(Ῑ)</strong></span> <span class='ocrx_word' id='word_1_263' title='bbox 1909 1860 2021 1905; x_wconf 69' lang='grc' dir='ltr'><strong>δια-</strong></span> <span class='ocrx_word' id='word_1_264' title='bbox 2059 1869 2105 1930; x_wconf 78' lang='grc' dir='ltr'><strong>Β</strong></span> <span class='ocrx_word' id='word_1_265' title='bbox 2130 1857 2442 1928; x_wconf 87' lang='lat' dir='ltr'><strong>Constanti,</strong></span> <span class='ocrx_word' id='word_1_266' title='bbox 2484 1863 2736 1933; x_wconf 85' lang='lat' dir='ltr'><strong>requiro,</strong></span> <span class='ocrx_word' id='word_1_267' title='bbox 2770 1863 2949 1935; x_wconf 90' lang='lat' dir='ltr'><strong>inqua</strong></span> <span class='ocrx_word' id='word_1_268' title='bbox 2987 1866 3207 1923; x_wconf 84' lang='lat' dir='ltr'><strong>tandem</strong></span> <span class='ocrx_word' id='word_1_269' title='bbox 3229 1868 3336 1926; x_wconf 90' lang='lat' dir='ltr'><strong>ﬁde</strong></span> <span class='ocrx_word' id='word_1_270' title='bbox 3357 1870 3569 1928; x_wconf 84' lang='lat' dir='ltr'><strong>credas.</strong></span> <span class='ocrx_word' id='word_1_271' title='bbox 3605 1847 3735 1928; x_wconf 87' lang='lat' dir='ltr'><strong>Per-</strong></span> 
     </span>
    </p>
   </div>
   <div class='ocr_carea' id='block_1_34' title="bbox 421 1939 2021 2016">
    <p class='ocr_par' dir='ltr' id='par_1_34' title="bbox 421 1939 2021 2016">
     <span class='ocr_line' id='line_1_34' title="bbox 421 1939 2021 2016; baseline 0.003 -21"><span class='ocrx_word' id='word_1_272' title='bbox 421 1947 543 1996; x_wconf 89' lang='lat' dir='ltr'><strong>tura</strong></span> <span class='ocrx_word' id='word_1_273' title='bbox 574 1948 690 2007; x_wconf 89' lang='lat' dir='ltr'><strong>est,</strong></span> <span class='ocrx_word' id='word_1_274' title='bbox 721 1948 776 1996; x_wconf 91' lang='lat' dir='ltr'><strong>et</strong></span> <span class='ocrx_word' id='word_1_275' title='bbox 804 1949 956 1996; x_wconf 83' lang='lat' dir='ltr'><strong>extra</strong></span> <span class='ocrx_word' id='word_1_276' title='bbox 1002 1939 1239 1997; x_wconf 88' lang='lat' dir='ltr'><strong>hominis</strong></span> <span class='ocrx_word' id='word_1_277' title='bbox 1269 1952 1546 2013; x_wconf 83' lang='lat' dir='ltr'><strong>peccatum</strong></span> <span class='ocrx_word' id='word_1_278' title='bbox 1586 1952 1687 1998; x_wconf 90' lang='lat' dir='ltr'><strong>est.</strong></span> <span class='ocrx_word' id='word_1_279' title='bbox 1719 1942 1849 2010; x_wconf 78' lang='lat' dir='ltr'><strong>Qua:</strong></span> <span class='ocrx_word' id='word_1_280' title='bbox 1891 1960 2021 2016; x_wconf 89' lang='lat' dir='ltr'><strong>ergo</strong></span> 
     </span>
    </p>
   </div>
   <div class='ocr_carea' id='block_1_35' title="bbox 422 2031 2022 2103">
    <p class='ocr_par' dir='ltr' id='par_1_35' title="bbox 422 2031 2022 2103">
     <span class='ocr_line' id='line_1_35' title="bbox 422 2031 2022 2103; baseline 0.003 -15"><span class='ocrx_word' id='word_1_281' title='bbox 422 2032 615 2088; x_wconf 87' lang='lat' dir='ltr'><strong>callida</strong></span> <span class='ocrx_word' id='word_1_282' title='bbox 645 2031 925 2103; x_wconf 86' lang='lat' dir='ltr'><strong>religionis</strong></span> <span class='ocrx_word' id='word_1_283' title='bbox 952 2042 1055 2089; x_wconf 73' lang='lat' dir='ltr'><strong>tua:</strong></span> <span class='ocrx_word' id='word_1_284' title='bbox 1094 2032 1358 2103; x_wconf 79' lang='lat' dir='ltr'><strong>professio</strong></span> <span class='ocrx_word' id='word_1_285' title='bbox 1396 2043 1510 2097; x_wconf 91' lang='lat' dir='ltr'><strong>est,</strong></span> <span class='ocrx_word' id='word_1_286' title='bbox 1557 2033 1787 2090; x_wconf 85' lang='lat' dir='ltr'><strong>similem</strong></span> <span class='ocrx_word' id='word_1_287' title='bbox 1829 2050 2022 2092; x_wconf 88' lang='lat' dir='ltr'><strong>secun-</strong></span> 
     </span>
    </p>
   </div>
   <div class='ocr_carea' id='block_1_36' title="bbox 424 2123 2018 2200">
    <p class='ocr_par' dir='ltr' id='par_1_36' title="bbox 424 2123 2018 2200">
     <span class='ocr_line' id='line_1_36' title="bbox 424 2123 2018 2200; baseline 0.003 -21"><span class='ocrx_word' id='word_1_288' title='bbox 424 2123 550 2179; x_wconf 90' lang='lat' dir='ltr'><strong>dum</strong></span> <span class='ocrx_word' id='word_1_289' title='bbox 593 2123 895 2195; x_wconf 87' lang='lat' dir='ltr'><strong>Scripturas</strong></span> <span class='ocrx_word' id='word_1_290' title='bbox 924 2125 1070 2180; x_wconf 87' lang='lat' dir='ltr'><strong>Patri</strong></span> <span class='ocrx_word' id='word_1_291' title='bbox 1113 2125 1309 2181; x_wconf 87' lang='lat' dir='ltr'><strong>Filium</strong></span> <span class='ocrx_word' id='word_1_292' title='bbox 1339 2125 1553 2193; x_wconf 86' lang='lat' dir='ltr'><strong>dicere;</strong></span> <span class='ocrx_word' id='word_1_293' title='bbox 1582 2142 1705 2181; x_wconf 92' lang='lat' dir='ltr'><strong>cum</strong></span> <span class='ocrx_word' id='word_1_294' title='bbox 1730 2128 1797 2183; x_wconf 91' lang='lat' dir='ltr'><strong>ad</strong></span> <span class='ocrx_word' id='word_1_295' title='bbox 1827 2129 2018 2200; x_wconf 86' lang='lat' dir='ltr'><strong>imagi-</strong></span> 
     </span>
    </p>
   </div>
   <div class='ocr_carea' id='block_1_37' title="bbox 425 2218 2023 2293">
    <p class='ocr_par' dir='ltr' id='par_1_37' title="bbox 425 2218 2023 2293">
     <span class='ocr_line' id='line_1_37' title="bbox 425 2218 2023 2293; baseline 0.004 -19"><span class='ocrx_word' id='word_1_296' title='bbox 425 2233 544 2275; x_wconf 88' lang='lat' dir='ltr'><strong>nem</strong></span> <span class='ocrx_word' id='word_1_297' title='bbox 563 2228 618 2274; x_wconf 89' lang='lat' dir='ltr'><strong>et</strong></span> <span class='ocrx_word' id='word_1_298' title='bbox 632 2218 1039 2274; x_wconf 88' lang='lat' dir='ltr'><strong>similitudinem</strong></span> <span class='ocrx_word' id='word_1_299' title='bbox 1057 2219 1153 2275; x_wconf 89' lang='lat' dir='ltr'><strong>Dei</strong></span> <span class='ocrx_word' id='word_1_300' title='bbox 1176 2220 1334 2275; x_wconf 86' lang='lat' dir='ltr'><strong>homo</strong></span> <span class='ocrx_word' id='word_1_301' title='bbox 1354 2228 1557 2275; x_wconf 87' lang='lat' dir='ltr'><strong>tantum</strong></span> <span class='ocrx_word' id='word_1_302' title='bbox 1579 2220 1747 2277; x_wconf 81' lang='lat' dir='ltr'><strong>factus</strong></span> <span class='ocrx_word' id='word_1_303' title='bbox 1763 2222 1867 2278; x_wconf 86' lang='lat' dir='ltr'><strong>sit?</strong></span> <span class='ocrx_word' id='word_1_304' title='bbox 1883 2223 2023 2293; x_wconf 86' lang='lat' dir='ltr'><strong>Quid</strong></span> 
     </span>
    </p>
   </div>
   <div class='ocr_carea' id='block_1_38' title="bbox 426 2311 2020 2385">
    <p class='ocr_par' dir='ltr' id='par_1_38' title="bbox 426 2311 2020 2385">
     <span class='ocr_line' id='line_1_38' title="bbox 426 2311 2020 2385; baseline 0.003 -18"><span class='ocrx_word' id='word_1_305' title='bbox 426 2312 604 2383; x_wconf 88' lang='lat' dir='ltr'><strong>itaque</strong></span> <span class='ocrx_word' id='word_1_306' title='bbox 633 2312 812 2368; x_wconf 84' lang='lat' dir='ltr'><strong>verbis</strong></span> <span class='ocrx_word' id='word_1_307' title='bbox 836 2311 1009 2366; x_wconf 80' lang='lat' dir='ltr'><strong>fallis?</strong></span> <span class='ocrx_word' id='word_1_308' title='bbox 1035 2312 1171 2381; x_wconf 87' lang='lat' dir='ltr'><strong>Quid</strong></span> <span class='ocrx_word' id='word_1_309' title='bbox 1195 2319 1314 2368; x_wconf 89' lang='lat' dir='ltr'><strong>arte</strong></span> <span class='ocrx_word' id='word_1_310' title='bbox 1342 2312 1549 2367; x_wconf 82' lang='lat' dir='ltr'><strong>cludis?</strong></span> <span class='ocrx_word' id='word_1_311' title='bbox 1578 2313 1687 2369; x_wconf 85' lang='lat' dir='ltr'><strong>Cur</strong></span> <span class='ocrx_word' id='word_1_312' title='bbox 1712 2330 1818 2369; x_wconf 92' lang='lat' dir='ltr'><strong>non</strong></span> <span class='ocrx_word' id='word_1_313' title='bbox 1838 2331 2020 2385; x_wconf 69' lang='lat' dir='ltr'><strong>atqua-</strong></span> 
     </span>
    </p>
   </div>
   <div class='ocr_carea' id='block_1_39' title="bbox 426 2404 2024 2478">
    <p class='ocr_par' dir='ltr' id='par_1_39' title="bbox 426 2404 2024 2478">
     <span class='ocr_line' id='line_1_39' title="bbox 426 2404 2024 2478; baseline 0.006 -19"><span class='ocrx_word' id='word_1_314' title='bbox 426 2404 530 2461; x_wconf 90' lang='lat' dir='ltr'><strong>lem</strong></span> <span class='ocrx_word' id='word_1_315' title='bbox 564 2405 676 2461; x_wconf 91' lang='lat' dir='ltr'><strong>Deo</strong></span> <span class='ocrx_word' id='word_1_316' title='bbox 706 2404 833 2476; x_wconf 87' lang='lat' dir='ltr'><strong>(hoc</strong></span> <span class='ocrx_word' id='word_1_317' title='bbox 870 2406 1016 2460; x_wconf 90' lang='lat' dir='ltr'><strong>enim</strong></span> <span class='ocrx_word' id='word_1_318' title='bbox 1042 2405 1334 2460; x_wconf 88' lang='lat' dir='ltr'><strong>secundum</strong></span> <span class='ocrx_word' id='word_1_319' title='bbox 1364 2405 1691 2478; x_wconf 86' lang='lat' dir='ltr'><strong>Scripturas)</strong></span> <span class='ocrx_word' id='word_1_320' title='bbox 1726 2410 1810 2475; x_wconf 84' lang='lat' dir='ltr'><strong>pie</strong></span> <span class='ocrx_word' id='word_1_321' title='bbox 1852 2409 2024 2469; x_wconf 88' lang='lat' dir='ltr'><strong>dicis?</strong></span> 
     </span>
    </p>
   </div>
   <div class='ocr_carea' id='block_1_40' title="bbox 498 2493 2024 2571">
    <p class='ocr_par' dir='ltr' id='par_1_40' title="bbox 498 2493 2024 2571">
     <span class='ocr_line' id='line_1_40' title="bbox 498 2493 2024 2571; baseline 0.004 -20"><span class='ocrx_word' id='word_1_322' title='bbox 498 2496 587 2551; x_wconf 73' lang='grc'><strong>22.</strong></span> <span class='ocrx_word' id='word_1_323' title='bbox 630 2493 761 2549; x_wconf 85' lang='lat' dir='ltr'><strong>Filii</strong></span> <span class='ocrx_word' id='word_1_324' title='bbox 786 2496 998 2567; x_wconf 81' lang='lat' dir='ltr'><strong>prcelata</strong></span> <span class='ocrx_word' id='word_1_325' title='bbox 1026 2497 1315 2568; x_wconf 81' lang='lat' dir='ltr'><strong>cequalitate</strong></span> <span class='ocrx_word' id='word_1_326' title='bbox 1344 2498 1626 2552; x_wconf 76' lang='lat' dir='ltr'><strong>similitudo</strong></span> <span class='ocrx_word' id='word_1_327' title='bbox 1648 2508 1811 2569; x_wconf 83' lang='lat' dir='ltr'><strong>potest</strong></span> <span class='ocrx_word' id='word_1_328' title='bbox 1833 2502 2024 2571; x_wconf 68' lang='lat' dir='ltr'><strong>praedi-</strong></span> 
     </span>
    </p>
   </div>
   <div class='ocr_carea' id='block_1_41' title="bbox 427 2590 2022 2662">
    <p class='ocr_par' dir='ltr' id='par_1_41' title="bbox 427 2590 2022 2662">
     <span class='ocr_line' id='line_1_41' title="bbox 427 2590 2022 2662; baseline 0.004 -18"><span class='ocrx_word' id='word_1_329' title='bbox 427 2592 553 2646; x_wconf 85' lang='lat' dir='ltr'><strong>cari.</strong></span> <span class='ocrx_word' id='word_1_330' title='bbox 570 2620 639 2631; x_wconf 88' lang='lat'><strong><em>—</em></strong></span> <span class='ocrx_word' id='word_1_331' title='bbox 658 2590 762 2646; x_wconf 90' lang='lat' dir='ltr'><strong>Sed</strong></span> <span class='ocrx_word' id='word_1_332' title='bbox 790 2592 989 2647; x_wconf 88' lang='lat' dir='ltr'><strong>vereris</strong></span> <span class='ocrx_word' id='word_1_333' title='bbox 1006 2632 1021 2659; x_wconf 92' lang='lat'><strong>,</strong></span> <span class='ocrx_word' id='word_1_334' title='bbox 1046 2606 1114 2647; x_wconf 90' lang='lat' dir='ltr'><strong>ne</strong></span> <span class='ocrx_word' id='word_1_335' title='bbox 1138 2592 1396 2661; x_wconf 72' lang='lat' dir='ltr'><strong>aequalem</strong></span> <span class='ocrx_word' id='word_1_336' title='bbox 1416 2594 1631 2662; x_wconf 87' lang='lat' dir='ltr'><strong>dicens,</strong></span> <span class='ocrx_word' id='word_1_337' title='bbox 1652 2595 2022 2651; x_wconf 89' lang='lat' dir='ltr'><strong>innascibilem</strong></span> 
     </span>
    </p>
   </div>
   <div class='ocr_carea' id='block_1_42' title="bbox 430 2682 2028 2760">
    <p class='ocr_par' dir='ltr' id='par_1_42' title="bbox 430 2682 2028 2760">
     <span class='ocr_line' id='line_1_42' title="bbox 430 2682 2028 2760; baseline 0.003 -20"><span class='ocrx_word' id='word_1_338' title='bbox 430 2684 592 2758; x_wconf 78' lang='lat'><strong>579</strong></span> <span class='ocrx_word' id='word_1_339' title='bbox 604 2682 905 2754; x_wconf 77' lang='lat' dir='ltr'><strong>signiﬁces?</strong></span> <span class='ocrx_word' id='word_1_340' title='bbox 923 2683 1028 2739; x_wconf 91' lang='lat' dir='ltr'><strong>Sed</strong></span> <span class='ocrx_word' id='word_1_341' title='bbox 1050 2700 1232 2740; x_wconf 89' lang='lat' dir='ltr'><strong>verum</strong></span> <span class='ocrx_word' id='word_1_342' title='bbox 1253 2686 1509 2757; x_wconf 77' lang='lat' dir='ltr'><strong>intelligo,</strong></span> <span class='ocrx_word' id='word_1_343' title='bbox 1528 2689 1671 2758; x_wconf 92' lang='lat' dir='ltr'><strong>quod</strong></span> <span class='ocrx_word' id='word_1_344' title='bbox 1697 2687 1823 2744; x_wconf 90' lang='lat' dir='ltr'><strong>hinc</strong></span> <span class='ocrx_word' id='word_1_345' title='bbox 1846 2704 2028 2760; x_wconf 85' lang='lat' dir='ltr'><strong>aequa-</strong></span> 
     </span>
    </p>
   </div>
   <div class='ocr_carea' id='block_1_43' title="bbox 430 2778 2023 2852">
    <p class='ocr_par' dir='ltr' id='par_1_43' title="bbox 430 2778 2023 2852">
     <span class='ocr_line' id='line_1_43' title="bbox 430 2778 2023 2852; baseline 0.002 -18"><span class='ocrx_word' id='word_1_346' title='bbox 430 2779 494 2834; x_wconf 84' lang='lat' dir='ltr'><strong>lis</strong></span> <span class='ocrx_word' id='word_1_347' title='bbox 538 2779 650 2835; x_wconf 89' lang='lat' dir='ltr'><strong>Deo</strong></span> <span class='ocrx_word' id='word_1_348' title='bbox 687 2794 807 2834; x_wconf 86' lang='lat' dir='ltr'><strong>esse</strong></span> <span class='ocrx_word' id='word_1_349' title='bbox 855 2778 1159 2834; x_wconf 87' lang='lat' dir='ltr'><strong>intellectus</strong></span> <span class='ocrx_word' id='word_1_350' title='bbox 1186 2787 1300 2846; x_wconf 91' lang='lat' dir='ltr'><strong>est,</strong></span> <span class='ocrx_word' id='word_1_351' title='bbox 1328 2783 1448 2849; x_wconf 87' lang='lat' dir='ltr'><strong>quia</strong></span> <span class='ocrx_word' id='word_1_352' title='bbox 1478 2780 1577 2836; x_wconf 85' lang='lat' dir='ltr'><strong>sibi</strong></span> <span class='ocrx_word' id='word_1_353' title='bbox 1619 2781 1696 2852; x_wconf 87' lang='lat' dir='ltr'><strong>(g)</strong></span> <span class='ocrx_word' id='word_1_354' title='bbox 1749 2782 2023 2852; x_wconf 88' lang='lat' dir='ltr'><strong>proprium</strong></span> 
     </span>
    </p>
   </div>
   <div class='ocr_carea' id='block_1_44' title="bbox 429 2871 2028 2944">
    <p class='ocr_par' dir='ltr' id='par_1_44' title="bbox 429 2871 2028 2944">
     <span class='ocr_line' id='line_1_44' title="bbox 429 2871 2028 2944; baseline 0.003 -18"><span class='ocrx_word' id='word_1_355' title='bbox 429 2871 597 2928; x_wconf 90' lang='lat' dir='ltr'><strong>Deum</strong></span> <span class='ocrx_word' id='word_1_356' title='bbox 629 2872 905 2944; x_wconf 82' lang='lat' dir='ltr'><strong>professus</strong></span> <span class='ocrx_word' id='word_1_357' title='bbox 934 2879 1017 2926; x_wconf 82' lang='lat' dir='ltr'><strong>est</strong></span> <span class='ocrx_word' id='word_1_358' title='bbox 1055 2885 1210 2937; x_wconf 85' lang='lat' dir='ltr'><strong>esse;</strong></span> <span class='ocrx_word' id='word_1_359' title='bbox 1251 2879 1308 2928; x_wconf 90' lang='lat' dir='ltr'><strong>et</strong></span> <span class='ocrx_word' id='word_1_360' title='bbox 1354 2873 1637 2941; x_wconf 86' lang='lat' dir='ltr'><strong>protestari</strong></span> <span class='ocrx_word' id='word_1_361' title='bbox 1688 2881 1893 2943; x_wconf 88' lang='lat' dir='ltr'><strong>patrem</strong></span> <span class='ocrx_word' id='word_1_362' title='bbox 1924 2875 2028 2930; x_wconf 89' lang='lat' dir='ltr'><strong>sibi</strong></span> 
     </span>
    </p>
   </div>
   <div class='ocr_carea' id='block_1_45' title="bbox 436 3008 2025 3080">
    <p class='ocr_par' dir='ltr' id='par_1_45' title="bbox 436 3008 2025 3080">
     <span class='ocr_line' id='line_1_45' title="bbox 436 3008 2025 3080; baseline 0 -14"><span class='ocrx_word' id='word_1_363' title='bbox 436 3010 632 3066; x_wconf 78' lang='lat' dir='ltr'><strong>Filium</strong></span> <span class='ocrx_word' id='word_1_364' title='bbox 654 3009 918 3066; x_wconf 89' lang='lat' dir='ltr'><strong>visibilem</strong></span> <span class='ocrx_word' id='word_1_365' title='bbox 938 3051 956 3079; x_wconf 93' lang='lat'><strong>,</strong></span> <span class='ocrx_word' id='word_1_366' title='bbox 989 3017 1178 3065; x_wconf 84' lang='lat' dir='ltr'><strong>natura</strong></span> <span class='ocrx_word' id='word_1_367' title='bbox 1212 3008 1435 3080; x_wconf 89' lang='lat' dir='ltr'><strong>perinde</strong></span> <span class='ocrx_word' id='word_1_368' title='bbox 1459 3010 1770 3080; x_wconf 85' lang='lat' dir='ltr'><strong>discrepare</strong></span> <span class='ocrx_word' id='word_1_369' title='bbox 1797 3018 2025 3067; x_wconf 85' lang='lat' dir='ltr'><strong>conten-</strong></span> 
     </span>
    </p>
   </div>
   <div class='ocr_carea' id='block_1_46' title="bbox 435 3082 2024 3226">
    <p class='ocr_par' dir='ltr' id='par_1_46' title="bbox 435 3082 2024 3226">
     <span class='ocr_line' id='line_1_46' title="bbox 435 3082 2024 3226; baseline -0.001 -18"><span class='ocrx_word' id='word_1_370' title='bbox 435 3082 753 3226; x_wconf 42' lang='grc' dir='ltr'><strong>όθῗιῗῖιίίρς</strong></span> <span class='ocrx_word' id='word_1_371' title='bbox 774 3159 830 3208; x_wconf 90' lang='lat' dir='ltr'><strong>et</strong></span> <span class='ocrx_word' id='word_1_372' title='bbox 859 3152 1015 3226; x_wconf 88' lang='lat' dir='ltr'><strong>Par.,</strong></span> <span class='ocrx_word' id='word_1_373' title='bbox 1044 3168 1158 3207; x_wconf 90' lang='lat' dir='ltr'><strong>cum</strong></span> <span class='ocrx_word' id='word_1_374' title='bbox 1185 3151 1477 3226; x_wconf 80' lang='lat' dir='ltr'><strong>imaginem.</strong></span> <span class='ocrx_word' id='word_1_375' title='bbox 1508 3152 1729 3226; x_wconf 83' lang='lat' dir='ltr'><strong>Rectius</strong></span> <span class='ocrx_word' id='word_1_376' title='bbox 1754 3152 1845 3208; x_wconf 87' lang='lat' dir='ltr'><strong>alii</strong></span> <span class='ocrx_word' id='word_1_377' title='bbox 1872 3152 2024 3226; x_wconf 88' lang='lat' dir='ltr'><strong>libri,</strong></span> 
     </span>
    </p>
   </div>
   <div class='ocr_carea' id='block_1_47' title="bbox 2124 1952 3722 2035">
    <p class='ocr_par' dir='ltr' id='par_1_47' title="bbox 2124 1952 3722 2035">
     <span class='ocr_line' id='line_1_47' title="bbox 2124 1952 3722 2035; baseline 0.008 -27"><span class='ocrx_word' id='word_1_378' title='bbox 2124 1968 2194 2023; x_wconf 88' lang='lat' dir='ltr'><strong>go</strong></span> <span class='ocrx_word' id='word_1_379' title='bbox 2225 1952 2297 2024; x_wconf 75' lang='lat' dir='ltr'><strong>(lt)</strong></span> <span class='ocrx_word' id='word_1_380' title='bbox 2348 1954 2491 2010; x_wconf 89' lang='lat' dir='ltr'><strong>enim</strong></span> <span class='ocrx_word' id='word_1_381' title='bbox 2532 1971 2678 2012; x_wconf 91' lang='lat' dir='ltr'><strong>nunc</strong></span> <span class='ocrx_word' id='word_1_382' title='bbox 2728 1971 2824 2026; x_wconf 89' lang='lat' dir='ltr'><strong>per</strong></span> <span class='ocrx_word' id='word_1_383' title='bbox 2865 1957 3255 2016; x_wconf 89' lang='lat' dir='ltr'><strong>demutationis</strong></span> <span class='ocrx_word' id='word_1_384' title='bbox 3295 1971 3400 2017; x_wconf 60' lang='lat' dir='ltr'><strong>tua;</strong></span> <span class='ocrx_word' id='word_1_385' title='bbox 3440 1971 3681 2035; x_wconf 88' lang='lat' dir='ltr'><strong>tempora</strong></span> <span class='ocrx_word' id='word_1_386' title='bbox 3705 2005 3722 2029; x_wconf 92' lang='lat'><strong>,</strong></span> 
     </span>
    </p>
   </div>
   <div class='ocr_carea' id='block_1_48' title="bbox 2128 2045 3729 2120">
    <p class='ocr_par' dir='ltr' id='par_1_48' title="bbox 2128 2045 3729 2120">
     <span class='ocr_line' id='line_1_48' title="bbox 2128 2045 3729 2120; baseline 0.007 -21"><span class='ocrx_word' id='word_1_387' title='bbox 2128 2045 2326 2115; x_wconf 87' lang='lat' dir='ltr'><strong>quibus</strong></span> <span class='ocrx_word' id='word_1_388' title='bbox 2364 2061 2533 2117; x_wconf 89' lang='lat' dir='ltr'><strong>usque</strong></span> <span class='ocrx_word' id='word_1_389' title='bbox 2562 2048 2615 2103; x_wconf 91' lang='lat' dir='ltr'><strong>in</strong></span> <span class='ocrx_word' id='word_1_390' title='bbox 2662 2048 2829 2103; x_wconf 85' lang='lat' dir='ltr'><strong>imum</strong></span> <span class='ocrx_word' id='word_1_391' title='bbox 2874 2048 3225 2120; x_wconf 67' lang='lat' dir='ltr'><strong>blaSphemite</strong></span> <span class='ocrx_word' id='word_1_392' title='bbox 3265 2062 3371 2107; x_wconf 80' lang='lat' dir='ltr'><strong>tuae</strong></span> <span class='ocrx_word' id='word_1_393' title='bbox 3415 2052 3729 2111; x_wconf 86' lang='lat' dir='ltr'><strong>barathrum</strong></span> 
     </span>
    </p>
   </div>
   <div class='ocr_carea' id='block_1_49' title="bbox 2130 2135 3734 2220">
    <p class='ocr_par' dir='ltr' id='par_1_49' title="bbox 2130 2135 3734 2220">
     <span class='ocr_line' id='line_1_49' title="bbox 2130 2135 3734 2220; baseline 0.007 -29"><span class='ocrx_word' id='word_1_394' title='bbox 2130 2135 2506 2203; x_wconf 87' lang='lat' dir='ltr'><strong>descendens,</strong></span> <span class='ocrx_word' id='word_1_395' title='bbox 2537 2153 2635 2207; x_wconf 88' lang='lat' dir='ltr'><strong>per</strong></span> <span class='ocrx_word' id='word_1_396' title='bbox 2664 2140 2862 2209; x_wconf 89' lang='lat' dir='ltr'><strong>gradus</strong></span> <span class='ocrx_word' id='word_1_397' title='bbox 2889 2142 3197 2220; x_wconf 74' lang='lat' dir='ltr'><strong>praecipites</strong></span> <span class='ocrx_word' id='word_1_398' title='bbox 3233 2146 3540 2201; x_wconf 89' lang='lat' dir='ltr'><strong>cucurristi.</strong></span> <span class='ocrx_word' id='word_1_399' title='bbox 3572 2146 3734 2201; x_wconf 85' lang='lat' dir='ltr'><strong>Nam-</strong></span> 
     </span>
    </p>
   </div>
   <div class='ocr_carea' id='block_1_50' title="bbox 2129 2230 3735 2305">
    <p class='ocr_par' dir='ltr' id='par_1_50' title="bbox 2129 2230 3735 2305">
     <span class='ocr_line' id='line_1_50' title="bbox 2129 2230 3735 2305; baseline 0.006 -21"><span class='ocrx_word' id='word_1_400' title='bbox 2129 2244 2235 2299; x_wconf 89' lang='lat' dir='ltr'><strong>que</strong></span> <span class='ocrx_word' id='word_1_401' title='bbox 2258 2239 2381 2297; x_wconf 87' lang='lat' dir='ltr'><strong>post</strong></span> <span class='ocrx_word' id='word_1_402' title='bbox 2410 2232 2638 2301; x_wconf 88' lang='lat' dir='ltr'><strong>primam</strong></span> <span class='ocrx_word' id='word_1_403' title='bbox 2664 2230 2730 2303; x_wconf 80' lang='grc' dir='ltr'><strong>(ι)</strong></span> <span class='ocrx_word' id='word_1_404' title='bbox 2752 2247 2880 2288; x_wconf 84' lang='lat' dir='ltr'><strong>vere</strong></span> <span class='ocrx_word' id='word_1_405' title='bbox 2904 2233 3064 2288; x_wconf 86' lang='lat' dir='ltr'><strong>ﬁdem</strong></span> <span class='ocrx_word' id='word_1_406' title='bbox 3087 2233 3285 2305; x_wconf 84' lang='lat' dir='ltr'><strong>synodi</strong></span> <span class='ocrx_word' id='word_1_407' title='bbox 3311 2236 3542 2292; x_wconf 85' lang='lat' dir='ltr'><strong>Nicaenae</strong></span> <span class='ocrx_word' id='word_1_408' title='bbox 3560 2279 3577 2305; x_wconf 95' lang='lat'><strong>,</strong></span> <span class='ocrx_word' id='word_1_409' title='bbox 3602 2252 3735 2293; x_wconf 87' lang='lat' dir='ltr'><strong>con-</strong></span> 
     </span>
    </p>
   </div>
   <div class='ocr_carea' id='block_1_51' title="bbox 2129 2322 3730 2396">
    <p class='ocr_par' dir='ltr' id='par_1_51' title="bbox 2129 2322 3730 2396">
     <span class='ocr_line' id='line_1_51' title="bbox 2129 2322 3730 2396; baseline 0.006 -20"><span class='ocrx_word' id='word_1_410' title='bbox 2129 2332 2348 2393; x_wconf 87' lang='lat' dir='ltr'><strong>gregato</strong></span> <span class='ocrx_word' id='word_1_411' title='bbox 2377 2338 2589 2378; x_wconf 90' lang='lat' dir='ltr'><strong>rursum</strong></span> <span class='ocrx_word' id='word_1_412' title='bbox 2630 2322 2748 2393; x_wconf 84' lang='lat' dir='ltr'><strong>(an.</strong></span> <span class='ocrx_word' id='word_1_413' title='bbox 2782 2323 2909 2396; x_wconf 72' lang='lat' dir='ltr'><strong>5H)</strong></span> <span class='ocrx_word' id='word_1_414' title='bbox 2940 2324 3241 2382; x_wconf 81' lang='lat' dir='ltr'><strong>Antiochiae</strong></span> <span class='ocrx_word' id='word_1_415' title='bbox 3269 2328 3502 2385; x_wconf 91' lang='lat' dir='ltr'><strong>concilio</strong></span> <span class='ocrx_word' id='word_1_416' title='bbox 3521 2371 3536 2396; x_wconf 97' lang='lat'><strong>,</strong></span> <span class='ocrx_word' id='word_1_417' title='bbox 3569 2329 3730 2386; x_wconf 90' lang='lat' dir='ltr'><strong>ﬁdem</strong></span> 
     </span>
    </p>
   </div>
   <div class='ocr_carea' id='block_1_52' title="bbox 2135 2412 3732 2490">
    <p class='ocr_par' dir='ltr' id='par_1_52' title="bbox 2135 2412 3732 2490">
     <span class='ocr_line' id='line_1_52' title="bbox 2135 2412 3732 2490; baseline 0.007 -23"><span class='ocrx_word' id='word_1_418' title='bbox 2135 2412 2229 2468; x_wconf 90' lang='lat' dir='ltr'><strong>tibi</strong></span> <span class='ocrx_word' id='word_1_419' title='bbox 2267 2429 2517 2470; x_wconf 88' lang='lat' dir='ltr'><strong>renovas.</strong></span> <span class='ocrx_word' id='word_1_420' title='bbox 2543 2415 2649 2471; x_wconf 89' lang='lat' dir='ltr'><strong>Sed</strong></span> <span class='ocrx_word' id='word_1_421' title='bbox 2679 2416 2874 2472; x_wconf 88' lang='lat' dir='ltr'><strong>accidit</strong></span> <span class='ocrx_word' id='word_1_422' title='bbox 2912 2417 3041 2483; x_wconf 88' lang='lat' dir='ltr'><strong>tibi,</strong></span> <span class='ocrx_word' id='word_1_423' title='bbox 3071 2418 3215 2488; x_wconf 88' lang='lat' dir='ltr'><strong>quod</strong></span> <span class='ocrx_word' id='word_1_424' title='bbox 3252 2420 3517 2490; x_wconf 86' lang='lat' dir='ltr'><strong>imperitis</strong></span> <span class='ocrx_word' id='word_1_425' title='bbox 3563 2423 3732 2477; x_wconf 69' lang='lat' dir='ltr'><strong>aediﬁ-</strong></span> 
     </span>
    </p>
   </div>
   <div class='ocr_carea' id='block_1_53' title="bbox 2130 2506 3731 2580">
    <p class='ocr_par' dir='ltr' id='par_1_53' title="bbox 2130 2506 3731 2580">
     <span class='ocr_line' id='line_1_53' title="bbox 2130 2506 3731 2580; baseline 0.006 -19"><span class='ocrx_word' id='word_1_426' title='bbox 2130 2506 2436 2573; x_wconf 85' lang='lat' dir='ltr'><strong>catoribus,</strong></span> <span class='ocrx_word' id='word_1_427' title='bbox 2477 2509 2673 2578; x_wconf 88' lang='lat' dir='ltr'><strong>quibus</strong></span> <span class='ocrx_word' id='word_1_428' title='bbox 2715 2524 2812 2563; x_wconf 87' lang='lat' dir='ltr'><strong>sua</strong></span> <span class='ocrx_word' id='word_1_429' title='bbox 2859 2523 3078 2580; x_wconf 88' lang='lat' dir='ltr'><strong>semper</strong></span> <span class='ocrx_word' id='word_1_430' title='bbox 3114 2511 3436 2580; x_wconf 90' lang='lat' dir='ltr'><strong>displicent,</strong></span> <span class='ocrx_word' id='word_1_431' title='bbox 3480 2515 3731 2571; x_wconf 86' lang='lat' dir='ltr'><strong>accidere</strong></span> 
     </span>
    </p>
   </div>
   <div class='ocr_carea' id='block_1_54' title="bbox 2129 2600 3731 2675">
    <p class='ocr_par' dir='ltr' id='par_1_54' title="bbox 2129 2600 3731 2675">
     <span class='ocr_line' id='line_1_54' title="bbox 2129 2600 3731 2675; baseline 0.005 -20"><span class='ocrx_word' id='word_1_432' title='bbox 2129 2600 2305 2655; x_wconf 86' lang='lat' dir='ltr'><strong>solet:</strong></span> <span class='ocrx_word' id='word_1_433' title='bbox 2347 2608 2404 2655; x_wconf 90' lang='lat' dir='ltr'><strong>ut</strong></span> <span class='ocrx_word' id='word_1_434' title='bbox 2448 2615 2663 2670; x_wconf 87' lang='lat' dir='ltr'><strong>semper</strong></span> <span class='ocrx_word' id='word_1_435' title='bbox 2701 2602 2983 2668; x_wconf 88' lang='lat' dir='ltr'><strong>destruas,</strong></span> <span class='ocrx_word' id='word_1_436' title='bbox 3022 2604 3166 2673; x_wconf 91' lang='lat' dir='ltr'><strong>quod</strong></span> <span class='ocrx_word' id='word_1_437' title='bbox 3210 2619 3428 2675; x_wconf 87' lang='lat' dir='ltr'><strong>semper</strong></span> <span class='ocrx_word' id='word_1_438' title='bbox 3469 2607 3731 2666; x_wconf 63' lang='lat' dir='ltr'><strong>aediﬁces.</strong></span> 
     </span>
    </p>
   </div>
   <div class='ocr_carea' id='block_1_55' title="bbox 2133 2691 3729 2769">
    <p class='ocr_par' dir='ltr' id='par_1_55' title="bbox 2133 2691 3729 2769">
     <span class='ocr_line' id='line_1_55' title="bbox 2133 2691 3729 2769; baseline 0.006 -25"><span class='ocrx_word' id='word_1_439' title='bbox 2133 2691 2210 2745; x_wconf 86' lang='lat' dir='ltr'><strong>Ac</strong></span> <span class='ocrx_word' id='word_1_440' title='bbox 2252 2706 2320 2746; x_wconf 89' lang='lat' dir='ltr'><strong>ne</strong></span> <span class='ocrx_word' id='word_1_441' title='bbox 2347 2707 2432 2746; x_wconf 93' lang='lat' dir='ltr'><strong>me</strong></span> <span class='ocrx_word' id='word_1_442' title='bbox 2462 2692 2700 2762; x_wconf 85' lang='lat' dir='ltr'><strong>iniquum</strong></span> <span class='ocrx_word' id='word_1_443' title='bbox 2747 2694 3038 2750; x_wconf 84' lang='lat' dir='ltr'><strong>voluntatis</strong></span> <span class='ocrx_word' id='word_1_444' title='bbox 3083 2702 3189 2751; x_wconf 83' lang='lat' dir='ltr'><strong>tuac</strong></span> <span class='ocrx_word' id='word_1_445' title='bbox 3229 2694 3464 2764; x_wconf 92' lang='lat' dir='ltr'><strong>judicem</strong></span> <span class='ocrx_word' id='word_1_446' title='bbox 3495 2713 3729 2769; x_wconf 85' lang='lat' dir='ltr'><strong>arguas,</strong></span> 
     </span>
    </p>
   </div>
   <div class='ocr_carea' id='block_1_56' title="bbox 2130 2782 3727 2858">
    <p class='ocr_par' dir='ltr' id='par_1_56' title="bbox 2130 2782 3727 2858">
     <span class='ocr_line' id='line_1_56' title="bbox 2130 2782 3727 2858; baseline 0.007 -21"><span class='ocrx_word' id='word_1_447' title='bbox 2130 2782 2257 2853; x_wconf 91' lang='lat' dir='ltr'><strong>quid</strong></span> <span class='ocrx_word' id='word_1_448' title='bbox 2285 2783 2380 2839; x_wconf 88' lang='lat' dir='ltr'><strong>tibi</strong></span> <span class='ocrx_word' id='word_1_449' title='bbox 2403 2784 2457 2838; x_wconf 89' lang='lat' dir='ltr'><strong>in</strong></span> <span class='ocrx_word' id='word_1_450' title='bbox 2480 2785 2666 2841; x_wconf 87' lang='lat' dir='ltr'><strong>eadem</strong></span> <span class='ocrx_word' id='word_1_451' title='bbox 2685 2784 2777 2857; x_wconf 83' lang='lat' dir='ltr'><strong>(nt)</strong></span> <span class='ocrx_word' id='word_1_452' title='bbox 2800 2785 3174 2841; x_wconf 81' lang='lat' dir='ltr'><strong>Encaenioruni</strong></span> <span class='ocrx_word' id='word_1_453' title='bbox 3199 2786 3308 2844; x_wconf 90' lang='lat' dir='ltr'><strong>ﬁde</strong></span> <span class='ocrx_word' id='word_1_454' title='bbox 3326 2788 3613 2858; x_wconf 89' lang='lat' dir='ltr'><strong>displiceat</strong></span> <span class='ocrx_word' id='word_1_455' title='bbox 3637 2808 3727 2849; x_wconf 86' lang='lat' dir='ltr'><strong>re-</strong></span> 
     </span>
    </p>
   </div>
   <div class='ocr_carea' id='block_1_57' title="bbox 2132 2876 3724 2950">
    <p class='ocr_par' dir='ltr' id='par_1_57' title="bbox 2132 2876 3724 2950">
     <span class='ocr_line' id='line_1_57' title="bbox 2132 2876 3724 2950; baseline 0.006 -19"><span class='ocrx_word' id='word_1_456' title='bbox 2132 2878 2409 2933; x_wconf 87' lang='lat' dir='ltr'><strong>nuntiabo.</strong></span> <span class='ocrx_word' id='word_1_457' title='bbox 2453 2876 2530 2947; x_wconf 89' lang='lat' dir='ltr'><strong>(n)</strong></span> <span class='ocrx_word' id='word_1_458' title='bbox 2574 2878 2636 2932; x_wconf 84' lang='lat' dir='ltr'><strong>Ni</strong></span> <span class='ocrx_word' id='word_1_459' title='bbox 2682 2893 2769 2934; x_wconf 91' lang='lat' dir='ltr'><strong>me</strong></span> <span class='ocrx_word' id='word_1_460' title='bbox 2810 2878 2973 2945; x_wconf 79' lang='lat' dir='ltr'><strong>fallit,</strong></span> <span class='ocrx_word' id='word_1_461' title='bbox 3027 2879 3157 2935; x_wconf 91' lang='lat' dir='ltr'><strong>illud</strong></span> <span class='ocrx_word' id='word_1_462' title='bbox 3199 2881 3342 2950; x_wconf 89' lang='lat' dir='ltr'><strong>quod</strong></span> <span class='ocrx_word' id='word_1_463' title='bbox 3393 2890 3542 2937; x_wconf 89' lang='lat' dir='ltr'><strong>tuum</strong></span> <span class='ocrx_word' id='word_1_464' title='bbox 3596 2893 3724 2941; x_wconf 86' lang='lat' dir='ltr'><strong>est:</strong></span> 
     </span>
    </p>
   </div>
   <div class='ocr_carea' id='block_1_58' title="bbox 2137 3012 3728 3088">
    <p class='ocr_par' dir='ltr' id='par_1_58' title="bbox 2137 3012 3728 3088">
     <span class='ocr_line' id='line_1_58' title="bbox 2137 3012 3728 3088; baseline 0.005 -23"><span class='ocrx_word' id='word_1_465' title='bbox 2137 3012 2285 3088; x_wconf 72' lang='lat' dir='ltr'><strong>Deo,</strong></span> <span class='ocrx_word' id='word_1_466' title='bbox 2315 3014 2560 3088; x_wconf 58' lang='lat' dir='ltr'><strong>proxime</strong></span> <span class='ocrx_word' id='word_1_467' title='bbox 2589 3012 2674 3088; x_wconf 84' lang='lat' dir='ltr'><strong>his</strong></span> <span class='ocrx_word' id='word_1_468' title='bbox 2704 3014 3125 3088; x_wconf 86' lang='lat' dir='ltr'><strong>subnectuntur,</strong></span> <span class='ocrx_word' id='word_1_469' title='bbox 3153 3016 3294 3086; x_wconf 82' lang='lat' dir='ltr'><strong>quod</strong></span> <span class='ocrx_word' id='word_1_470' title='bbox 3338 3028 3535 3088; x_wconf 82' lang='lat' dir='ltr'><strong>patrem</strong></span> <span class='ocrx_word' id='word_1_471' title='bbox 3576 3034 3728 3073; x_wconf 79' lang='lat' dir='ltr'><strong>suum</strong></span> 
     </span>
    </p>
   </div>
   <div class='ocr_carea' id='block_1_59' title="bbox 2137 3083 3730 3159">
    <p class='ocr_par' dir='ltr' id='par_1_59' title="bbox 2137 3083 3730 3159">
     <span class='ocr_line' id='line_1_59' title="bbox 2137 3083 3730 3159; baseline 0.006 -23"><span class='ocrx_word' id='word_1_472' title='bbox 2137 3084 2329 3138; x_wconf 85' lang='lat' dir='ltr'><strong>diccbat</strong></span> <span class='ocrx_word' id='word_1_473' title='bbox 2353 3083 2551 3159; x_wconf 81' lang='lat' dir='ltr'><strong>Deum;</strong></span> <span class='ocrx_word' id='word_1_474' title='bbox 2581 3085 2668 3159; x_wconf 82' lang='lat' dir='ltr'><strong>ubi</strong></span> <span class='ocrx_word' id='word_1_475' title='bbox 2701 3096 2895 3157; x_wconf 86' lang='lat' dir='ltr'><strong>patrem</strong></span> <span class='ocrx_word' id='word_1_476' title='bbox 2914 3102 3061 3141; x_wconf 83' lang='lat' dir='ltr'><strong>suum</strong></span> <span class='ocrx_word' id='word_1_477' title='bbox 3083 3083 3472 3159; x_wconf 72' lang='lat' dir='ltr'><strong>intarpretatur</strong></span> <span class='ocrx_word' id='word_1_478' title='bbox 3494 3088 3730 3146; x_wconf 80' lang='lat' dir='ltr'><strong>Hilarius</strong></span> 
     </span>
    </p>
   </div>
   <div class='ocr_carea' id='block_1_60' title="bbox 2134 3156 3193 3225">
    <p class='ocr_par' dir='ltr' id='par_1_60' title="bbox 2134 3156 3193 3225">
     <span class='ocr_line' id='line_1_60' title="bbox 2134 3156 3193 3225; baseline 0.005 -19"><span class='ocrx_word' id='word_1_479' title='bbox 2134 3166 2332 3225; x_wconf 85' lang='lat' dir='ltr'><strong>patrem</strong></span> <span class='ocrx_word' id='word_1_480' title='bbox 2358 3156 2450 3208; x_wconf 79' lang='lat' dir='ltr'><strong>sibi</strong></span> <span class='ocrx_word' id='word_1_481' title='bbox 2479 3156 2766 3225; x_wconf 86' lang='lat' dir='ltr'><strong>proprium.</strong></span> <span class='ocrx_word' id='word_1_482' title='bbox 3190 3190 3193 3191; x_wconf 53' lang='grc' dir='ltr'><em>ν</em></span> 
     </span>
    </p>
   </div>
   <div class='ocr_carea' id='block_1_61' title="bbox 435 3224 3729 3307">
    <p class='ocr_par' dir='ltr' id='par_1_61' title="bbox 435 3224 3729 3307">
     <span class='ocr_line' id='line_1_61' title="bbox 435 3224 3729 3307; baseline 0.003 -30"><span class='ocrx_word' id='word_1_483' title='bbox 435 3224 550 3307; x_wconf 53' lang='lat' dir='ltr'><strong>gum</strong></span> <span class='ocrx_word' id='word_1_484' title='bbox 565 3224 825 3307; x_wconf 72' lang='lat' dir='ltr'><strong>imagine,</strong></span> <span class='ocrx_word' id='word_1_485' title='bbox 853 3225 1006 3307; x_wconf 81' lang='lat' dir='ltr'><strong>quasi</strong></span> <span class='ocrx_word' id='word_1_486' title='bbox 1030 3238 1150 3307; x_wconf 79' lang='lat' dir='ltr'><strong>cum</strong></span> <span class='ocrx_word' id='word_1_487' title='bbox 1178 3224 1415 3304; x_wconf 76' lang='lat' dir='ltr'><strong>imaginis</strong></span> <span class='ocrx_word' id='word_1_488' title='bbox 1444 3224 1684 3307; x_wconf 50' lang='lat' dir='ltr'><strong>vtn&#39;abulo</strong></span> <span class='ocrx_word' id='word_1_489' title='bbox 1709 3232 1911 3307; x_wconf 47' lang='lat' dir='ltr'><strong>sputa,</strong></span> <span class='ocrx_word' id='word_1_490' title='bbox 1938 3225 2027 3307; x_wconf 74' lang='lat' dir='ltr'><strong>ubi</strong></span> <span class='ocrx_word' id='word_1_491' title='bbox 2055 3230 2099 3293; x_wconf 75' lang='grc' dir='ltr'>Ο</span> <span class='ocrx_word' id='word_1_492' title='bbox 2138 3224 2141 3225; x_wconf 54' lang='grc'><strong><em>⁷</em></strong></span> <span class='ocrx_word' id='word_1_493' title='bbox 2165 3226 2286 3307; x_wconf 35' lang='grc' dir='ltr'><strong>..(Ιι)</strong></span> <span class='ocrx_word' id='word_1_494' title='bbox 2328 3225 2463 3307; x_wconf 75' lang='lat' dir='ltr'><strong>Hinc</strong></span> <span class='ocrx_word' id='word_1_495' title='bbox 2482 3224 2830 3307; x_wconf 34' lang='lat' dir='ltr'><strong>&#39;tnanifestam</strong></span> <span class='ocrx_word' id='word_1_496' title='bbox 2852 3241 2975 3307; x_wconf 81' lang='lat' dir='ltr'><strong>esse</strong></span> <span class='ocrx_word' id='word_1_497' title='bbox 2995 3228 3106 3307; x_wconf 74' lang='lat' dir='ltr'><strong>jam</strong></span> <span class='ocrx_word' id='word_1_498' title='bbox 3132 3229 3554 3307; x_wconf 70' lang='lat' dir='ltr'><strong>prteritonuimus</strong></span> <span class='ocrx_word' id='word_1_499' title='bbox 3581 3230 3729 3287; x_wconf 82' lang='lat' dir='ltr'><strong>Hila-</strong></span> 
     </span>
    </p>
   </div>
   <div class='ocr_carea' id='block_1_62' title="bbox 435 3294 2025 3364">
    <p class='ocr_par' dir='ltr' id='par_1_62' title="bbox 435 3294 2025 3364">
     <span class='ocr_line' id='line_1_62' title="bbox 435 3294 2025 3364; baseline 0.001 -14"><span class='ocrx_word' id='word_1_500' title='bbox 435 3295 579 3350; x_wconf 81' lang='lat' dir='ltr'><strong>Dens</strong></span> <span class='ocrx_word' id='word_1_501' title='bbox 609 3298 743 3349; x_wconf 83' lang='lat' dir='ltr'><strong>dixit</strong></span> <span class='ocrx_word' id='word_1_502' title='bbox 774 3294 1049 3349; x_wconf 88' lang='lat' dir='ltr'><strong>hominem</strong></span> <span class='ocrx_word' id='word_1_503' title='bbox 1077 3294 1142 3346; x_wconf 86' lang='lat' dir='ltr'><strong>ad</strong></span> <span class='ocrx_word' id='word_1_504' title='bbox 1172 3294 1444 3364; x_wconf 80' lang='lat' dir='ltr'><strong>imaginem</strong></span> <span class='ocrx_word' id='word_1_505' title='bbox 1474 3294 1569 3349; x_wconf 88' lang='lat' dir='ltr'><strong>Dei</strong></span> <span class='ocrx_word' id='word_1_506' title='bbox 1596 3295 1904 3361; x_wconf 88' lang='lat' dir='ltr'><strong>conditum,</strong></span> <span class='ocrx_word' id='word_1_507' title='bbox 1930 3294 2025 3351; x_wconf 82' lang='lat' dir='ltr'><strong>ad-</strong></span> 
     </span>
    </p>
   </div>
   <div class='ocr_carea' id='block_1_63' title="bbox 429 3366 1202 3437">
    <p class='ocr_par' dir='ltr' id='par_1_63' title="bbox 429 3366 1202 3437">
     <span class='ocr_line' id='line_1_63' title="bbox 429 3366 1202 3437; baseline -0.001 -16"><span class='ocrx_word' id='word_1_508' title='bbox 429 3367 608 3437; x_wconf 83' lang='lat' dir='ltr'><strong>junxit</strong></span> <span class='ocrx_word' id='word_1_509' title='bbox 628 3376 679 3421; x_wconf 88' lang='lat' dir='ltr'><strong>et</strong></span> <span class='ocrx_word' id='word_1_510' title='bbox 705 3368 774 3420; x_wconf 88' lang='lat' dir='ltr'><strong>ad</strong></span> <span class='ocrx_word' id='word_1_511' title='bbox 794 3366 1202 3421; x_wconf 79' lang='lat' dir='ltr'><strong>similitudinem.</strong></span> 
     </span>
    </p>
   </div>
   <div class='ocr_carea' id='block_1_64' title="bbox 506 3436 2025 3509">
    <p class='ocr_par' dir='ltr' id='par_1_64' title="bbox 506 3436 2025 3509">
     <span class='ocr_line' id='line_1_64' title="bbox 506 3436 2025 3509; baseline 0.001 -18"><span class='ocrx_word' id='word_1_512' title='bbox 506 3439 582 3509; x_wconf 83' lang='lat' dir='ltr'><strong>(b)</strong></span> <span class='ocrx_word' id='word_1_513' title='bbox 623 3437 679 3492; x_wconf 90' lang='lat' dir='ltr'><strong>In</strong></span> <span class='ocrx_word' id='word_1_514' title='bbox 703 3437 963 3509; x_wconf 85' lang='lat' dir='ltr'><strong>vulgatis,</strong></span> <span class='ocrx_word' id='word_1_515' title='bbox 987 3446 1170 3507; x_wconf 83' lang='lat' dir='ltr'><strong>crquat.</strong></span> <span class='ocrx_word' id='word_1_516' title='bbox 1198 3436 1255 3492; x_wconf 81' lang='lat' dir='ltr'><strong>in</strong></span> <span class='ocrx_word' id='word_1_517' title='bbox 1296 3452 1399 3493; x_wconf 87' lang='lat' dir='ltr'><strong>ms.</strong></span> <span class='ocrx_word' id='word_1_518' title='bbox 1428 3436 1583 3493; x_wconf 82' lang='lat' dir='ltr'><strong>Colb.</strong></span> <span class='ocrx_word' id='word_1_519' title='bbox 1604 3479 1617 3502; x_wconf 93' lang='lat'><strong>,</strong></span> <span class='ocrx_word' id='word_1_520' title='bbox 1657 3446 1882 3508; x_wconf 64' lang='lat' dir='ltr'><strong>atquetur</strong></span> <span class='ocrx_word' id='word_1_521' title='bbox 1912 3453 1930 3492; x_wconf 90' lang='lat'><strong><em>:</em></strong></span> <span class='ocrx_word' id='word_1_522' title='bbox 1960 3452 2025 3492; x_wconf 81' lang='lat' dir='ltr'><strong>ex</strong></span> 
     </span>
    </p>
   </div>
   <div class='ocr_carea' id='block_1_65' title="bbox 435 3509 2027 3579">
    <p class='ocr_par' dir='ltr' id='par_1_65' title="bbox 435 3509 2027 3579">
     <span class='ocr_line' id='line_1_65' title="bbox 435 3509 2027 3579; baseline -0.001 -16"><span class='ocrx_word' id='word_1_523' title='bbox 435 3526 541 3577; x_wconf 91' lang='lat' dir='ltr'><strong>quo</strong></span> <span class='ocrx_word' id='word_1_524' title='bbox 583 3509 913 3565; x_wconf 85' lang='lat' dir='ltr'><strong>ennlecimus</strong></span> <span class='ocrx_word' id='word_1_525' title='bbox 954 3520 1205 3578; x_wconf 63' lang='lat' dir='ltr'><strong>tenuatur.</strong></span> <span class='ocrx_word' id='word_1_526' title='bbox 1249 3510 1383 3563; x_wconf 81' lang='lat' dir='ltr'><strong>Tum</strong></span> <span class='ocrx_word' id='word_1_527' title='bbox 1425 3511 1741 3578; x_wconf 89' lang='lat' dir='ltr'><strong>particulam</strong></span> <span class='ocrx_word' id='word_1_528' title='bbox 1784 3519 1860 3573; x_wconf 89' lang='lat' dir='ltr'><strong>et,</strong></span> <span class='ocrx_word' id='word_1_529' title='bbox 1908 3523 2027 3579; x_wconf 69' lang='lat' dir='ltr'><strong>qua:</strong></span> 
     </span>
    </p>
   </div>
   <div class='ocr_carea' id='block_1_66' title="bbox 434 3581 2023 3650">
    <p class='ocr_par' dir='ltr' id='par_1_66' title="bbox 434 3581 2023 3650">
     <span class='ocr_line' id='line_1_66' title="bbox 434 3581 2023 3650; baseline 0.001 -14"><span class='ocrx_word' id='word_1_530' title='bbox 434 3581 662 3649; x_wconf 82' lang='lat' dir='ltr'><strong>perinde</strong></span> <span class='ocrx_word' id='word_1_531' title='bbox 709 3592 792 3635; x_wconf 89' lang='lat' dir='ltr'><strong>est</strong></span> <span class='ocrx_word' id='word_1_532' title='bbox 836 3596 900 3635; x_wconf 86' lang='lat' dir='ltr'><strong>ac</strong></span> <span class='ocrx_word' id='word_1_533' title='bbox 940 3583 1120 3646; x_wconf 83' lang='lat' dir='ltr'><strong>etiam,</strong></span> <span class='ocrx_word' id='word_1_534' title='bbox 1178 3581 1375 3637; x_wconf 83' lang='lat' dir='ltr'><strong>frustra</strong></span> <span class='ocrx_word' id='word_1_535' title='bbox 1424 3591 1731 3636; x_wconf 85' lang='lat' dir='ltr'><strong>removerat</strong></span> <span class='ocrx_word' id='word_1_536' title='bbox 1791 3581 2023 3650; x_wconf 83' lang='lat' dir='ltr'><strong>Lipsius.</strong></span> 
     </span>
    </p>
   </div>
   <div class='ocr_carea' id='block_1_67' title="bbox 437 3653 2025 3722">
    <p class='ocr_par' dir='ltr' id='par_1_67' title="bbox 437 3653 2025 3722">
     <span class='ocr_line' id='line_1_67' title="bbox 437 3653 2025 3722; baseline 0 -14"><span class='ocrx_word' id='word_1_537' title='bbox 437 3653 629 3708; x_wconf 88' lang='lat' dir='ltr'><strong>Postea</strong></span> <span class='ocrx_word' id='word_1_538' title='bbox 661 3666 759 3721; x_wconf 91' lang='lat' dir='ltr'><strong>pro</strong></span> <span class='ocrx_word' id='word_1_539' title='bbox 785 3669 900 3706; x_wconf 86' lang='lat' dir='ltr'><strong>cum</strong></span> <span class='ocrx_word' id='word_1_540' title='bbox 931 3654 1189 3720; x_wconf 74' lang='lat' dir='ltr'><strong>profectus</strong></span> <span class='ocrx_word' id='word_1_541' title='bbox 1216 3670 1400 3707; x_wconf 83' lang='lat' dir='ltr'><strong>vero...</strong></span> <span class='ocrx_word' id='word_1_542' title='bbox 1431 3665 1567 3713; x_wconf 86' lang='lat' dir='ltr'><strong>tum.</strong></span> <span class='ocrx_word' id='word_1_543' title='bbox 1602 3653 1885 3722; x_wconf 84' lang='lat' dir='ltr'><strong>legendum</strong></span> <span class='ocrx_word' id='word_1_544' title='bbox 1910 3663 2025 3719; x_wconf 87' lang='lat' dir='ltr'><strong>est,</strong></span> 
     </span>
    </p>
   </div>
   <div class='ocr_carea' id='block_1_68' title="bbox 438 3725 2031 3795">
    <p class='ocr_par' dir='ltr' id='par_1_68' title="bbox 438 3725 2031 3795">
     <span class='ocr_line' id='line_1_68' title="bbox 438 3725 2031 3795; baseline 0.001 -18"><span class='ocrx_word' id='word_1_545' title='bbox 438 3740 551 3777; x_wconf 88' lang='lat' dir='ltr'><strong>cum</strong></span> <span class='ocrx_word' id='word_1_546' title='bbox 592 3726 826 3793; x_wconf 76' lang='lat' dir='ltr'><strong>profectu</strong></span> <span class='ocrx_word' id='word_1_547' title='bbox 865 3741 982 3779; x_wconf 81' lang='lat' dir='ltr'><strong>vero</strong></span> <span class='ocrx_word' id='word_1_548' title='bbox 1027 3726 1375 3795; x_wconf 64' lang='lat' dir='ltr'><strong>intelligentiae</strong></span> <span class='ocrx_word' id='word_1_549' title='bbox 1416 3725 1755 3792; x_wconf 79' lang='lat' dir='ltr'><strong>prtedicatur,</strong></span> <span class='ocrx_word' id='word_1_550' title='bbox 1799 3726 1923 3795; x_wconf 84' lang='lat' dir='ltr'><strong>dunt</strong></span> <span class='ocrx_word' id='word_1_551' title='bbox 1958 3726 2031 3779; x_wconf 86' lang='lat' dir='ltr'><strong>ita</strong></span> 
     </span>
    </p>
   </div>
   <div class='ocr_carea' id='block_1_69' title="bbox 438 3794 2029 3866">
    <p class='ocr_par' dir='ltr' id='par_1_69' title="bbox 438 3794 2029 3866">
     <span class='ocr_line' id='line_1_69' title="bbox 438 3794 2029 3866; baseline 0 -18"><span class='ocrx_word' id='word_1_552' title='bbox 438 3795 644 3866; x_wconf 86' lang='lat' dir='ltr'><strong>dicitur.</strong></span> <span class='ocrx_word' id='word_1_553' title='bbox 678 3798 789 3851; x_wconf 89' lang='lat' dir='ltr'><strong>lloc</strong></span> <span class='ocrx_word' id='word_1_554' title='bbox 814 3796 959 3853; x_wconf 89' lang='lat' dir='ltr'><strong>enim</strong></span> <span class='ocrx_word' id='word_1_555' title='bbox 999 3798 1097 3852; x_wconf 87' lang='lat' dir='ltr'><strong>sibi</strong></span> <span class='ocrx_word' id='word_1_556' title='bbox 1126 3794 1273 3863; x_wconf 86' lang='lat' dir='ltr'><strong>vult,</strong></span> <span class='ocrx_word' id='word_1_557' title='bbox 1305 3811 1568 3866; x_wconf 86' lang='lat' dir='ltr'><strong>nusquam</strong></span> <span class='ocrx_word' id='word_1_558' title='bbox 1596 3796 1663 3851; x_wconf 90' lang='lat' dir='ltr'><strong>de</strong></span> <span class='ocrx_word' id='word_1_559' title='bbox 1696 3796 1785 3850; x_wconf 90' lang='lat' dir='ltr'><strong>Dei</strong></span> <span class='ocrx_word' id='word_1_560' title='bbox 1816 3794 1932 3849; x_wconf 87' lang='lat' dir='ltr'><strong>ﬁlio</strong></span> <span class='ocrx_word' id='word_1_561' title='bbox 1956 3797 2029 3848; x_wconf 80' lang='lat' dir='ltr'><strong>si-</strong></span> 
     </span>
    </p>
   </div>
   <div class='ocr_carea' id='block_1_70' title="bbox 438 3865 2028 3937">
    <p class='ocr_par' dir='ltr' id='par_1_70' title="bbox 438 3865 2028 3937">
     <span class='ocr_line' id='line_1_70' title="bbox 438 3865 2028 3937; baseline 0.001 -17"><span class='ocrx_word' id='word_1_562' title='bbox 438 3865 792 3921; x_wconf 82' lang='lat' dir='ltr'><strong>militudinem</strong></span> <span class='ocrx_word' id='word_1_563' title='bbox 825 3868 1135 3936; x_wconf 80' lang='lat' dir='ltr'><strong>praedicari,</strong></span> <span class='ocrx_word' id='word_1_564' title='bbox 1160 3868 1262 3922; x_wconf 92' lang='lat' dir='ltr'><strong>nisi</strong></span> <span class='ocrx_word' id='word_1_565' title='bbox 1283 3883 1404 3924; x_wconf 91' lang='lat' dir='ltr'><strong>cum</strong></span> <span class='ocrx_word' id='word_1_566' title='bbox 1429 3865 1493 3923; x_wconf 82' lang='lat' dir='ltr'><strong>iis</strong></span> <span class='ocrx_word' id='word_1_567' title='bbox 1514 3867 1809 3937; x_wconf 74' lang='lat' dir='ltr'><strong>adjunctis,</strong></span> <span class='ocrx_word' id='word_1_568' title='bbox 1834 3866 2028 3937; x_wconf 87' lang='lat' dir='ltr'><strong>quibus</strong></span> 
     </span>
    </p>
   </div>
   <div class='ocr_carea' id='block_1_71' title="bbox 437 3936 2030 4009">
    <p class='ocr_par' dir='ltr' id='par_1_71' title="bbox 437 3936 2030 4009">
     <span class='ocr_line' id='line_1_71' title="bbox 437 3936 2030 4009; baseline 0.001 -18"><span class='ocrx_word' id='word_1_569' title='bbox 437 3937 606 4006; x_wconf 79' lang='lat' dir='ltr'><strong>ipsius</strong></span> <span class='ocrx_word' id='word_1_570' title='bbox 654 3953 775 3993; x_wconf 79' lang='lat' dir='ltr'><strong>Clllll</strong></span> <span class='ocrx_word' id='word_1_571' title='bbox 826 3939 985 3993; x_wconf 88' lang='lat' dir='ltr'><strong>Patre</strong></span> <span class='ocrx_word' id='word_1_572' title='bbox 1031 3937 1310 4007; x_wconf 67' lang='lat' dir='ltr'><strong>aequalitas</strong></span> <span class='ocrx_word' id='word_1_573' title='bbox 1363 3936 1730 4009; x_wconf 82' lang='lat' dir='ltr'><strong>intelligatur;</strong></span> <span class='ocrx_word' id='word_1_574' title='bbox 1781 3938 1877 3992; x_wconf 91' lang='lat' dir='ltr'><strong>sed</strong></span> <span class='ocrx_word' id='word_1_575' title='bbox 1926 3936 2030 4009; x_wconf 90' lang='lat' dir='ltr'><strong>hoc</strong></span> 
     </span>
    </p>
   </div>
   <div class='ocr_carea' id='block_1_72' title="bbox 438 4008 2030 4080">
    <p class='ocr_par' dir='ltr' id='par_1_72' title="bbox 438 4008 2030 4080">
     <span class='ocr_line' id='line_1_72' title="bbox 438 4008 2030 4080; baseline 0 -18"><span class='ocrx_word' id='word_1_576' title='bbox 438 4009 676 4078; x_wconf 89' lang='lat' dir='ltr'><strong>apertius</strong></span> <span class='ocrx_word' id='word_1_577' title='bbox 695 4010 984 4080; x_wconf 80' lang='lat' dir='ltr'><strong>signiﬁcari</strong></span> <span class='ocrx_word' id='word_1_578' title='bbox 1006 4012 1251 4079; x_wconf 86' lang='lat' dir='ltr'><strong>subjecto</strong></span> <span class='ocrx_word' id='word_1_579' title='bbox 1273 4010 1494 4067; x_wconf 77' lang='lat' dir='ltr'><strong>JOannis</strong></span> <span class='ocrx_word' id='word_1_580' title='bbox 1527 4008 1645 4064; x_wconf 80' lang='lat' dir='ltr'><strong>loco</strong></span> <span class='ocrx_word' id='word_1_581' title='bbox 1666 4050 1679 4072; x_wconf 93' lang='lat'><strong>,</strong></span> <span class='ocrx_word' id='word_1_582' title='bbox 1712 4010 1765 4063; x_wconf 92' lang='lat' dir='ltr'><strong>in</strong></span> <span class='ocrx_word' id='word_1_583' title='bbox 1795 4024 1902 4076; x_wconf 91' lang='lat' dir='ltr'><strong>quo</strong></span> <span class='ocrx_word' id='word_1_584' title='bbox 1924 4008 2030 4080; x_wconf 88' lang='lat' dir='ltr'><strong>vir-</strong></span> 
     </span>
    </p>
   </div>
   <div class='ocr_carea' id='block_1_73' title="bbox 443 4079 2027 4150">
    <p class='ocr_par' dir='ltr' id='par_1_73' title="bbox 443 4079 2027 4150">
     <span class='ocr_line' id='line_1_73' title="bbox 443 4079 2027 4150; baseline -0.001 -15"><span class='ocrx_word' id='word_1_585' title='bbox 443 4080 570 4135; x_wconf 87' lang='lat' dir='ltr'><strong>tutis</strong></span> <span class='ocrx_word' id='word_1_586' title='bbox 599 4082 875 4150; x_wconf 67' lang='lat' dir='ltr'><strong>auiualitas</strong></span> <span class='ocrx_word' id='word_1_587' title='bbox 900 4098 1010 4138; x_wconf 91' lang='lat' dir='ltr'><strong>non</strong></span> <span class='ocrx_word' id='word_1_588' title='bbox 1040 4092 1246 4137; x_wconf 89' lang='lat' dir='ltr'><strong>tantum</strong></span> <span class='ocrx_word' id='word_1_589' title='bbox 1275 4081 1630 4139; x_wconf 87' lang='lat' dir='ltr'><strong>similitudine</strong></span> <span class='ocrx_word' id='word_1_590' title='bbox 1659 4079 2027 4147; x_wconf 83' lang='lat' dir='ltr'><strong>Operatinnis,</strong></span> 
     </span>
    </p>
   </div>
   <div class='ocr_carea' id='block_1_74' title="bbox 442 4150 2030 4223">
    <p class='ocr_par' dir='ltr' id='par_1_74' title="bbox 442 4150 2030 4223">
     <span class='ocr_line' id='line_1_74' title="bbox 442 4150 2030 4223; baseline 0.001 -19"><span class='ocrx_word' id='word_1_591' title='bbox 442 4150 571 4217; x_wconf 88' lang='lat' dir='ltr'><strong>sed,</strong></span> <span class='ocrx_word' id='word_1_592' title='bbox 598 4160 654 4204; x_wconf 89' lang='lat' dir='ltr'><strong>ut</strong></span> <span class='ocrx_word' id='word_1_593' title='bbox 681 4154 750 4206; x_wconf 87' lang='lat' dir='ltr'><strong>ita</strong></span> <span class='ocrx_word' id='word_1_594' title='bbox 782 4150 1095 4223; x_wconf 77' lang='lat' dir='ltr'><strong>loquamur,</strong></span> <span class='ocrx_word' id='word_1_595' title='bbox 1128 4154 1405 4209; x_wconf 86' lang='lat' dir='ltr'><strong>identitate</strong></span> <span class='ocrx_word' id='word_1_596' title='bbox 1434 4168 1659 4222; x_wconf 88' lang='lat' dir='ltr'><strong>operum</strong></span> <span class='ocrx_word' id='word_1_597' title='bbox 1685 4152 2030 4223; x_wconf 75' lang='lat' dir='ltr'><strong>demonstra-</strong></span> 
     </span>
    </p>
   </div>
   <div class='ocr_carea' id='block_1_75' title="bbox 444 4220 2032 4295">
    <p class='ocr_par' dir='ltr' id='par_1_75' title="bbox 444 4220 2032 4295">
     <span class='ocr_line' id='line_1_75' title="bbox 444 4220 2032 4295; baseline 0 -20"><span class='ocrx_word' id='word_1_598' title='bbox 444 4231 549 4276; x_wconf 92' lang='lat' dir='ltr'><strong>tur.</strong></span> <span class='ocrx_word' id='word_1_599' title='bbox 577 4223 730 4289; x_wconf 83' lang='lat' dir='ltr'><strong>Quod</strong></span> <span class='ocrx_word' id='word_1_600' title='bbox 754 4220 1024 4278; x_wconf 77' lang='lat' dir='ltr'><strong>illustrant</strong></span> <span class='ocrx_word' id='word_1_601' title='bbox 1043 4220 1317 4295; x_wconf 82' lang='lat' dir='ltr'><strong>postrema</strong></span> <span class='ocrx_word' id='word_1_602' title='bbox 1338 4225 1424 4280; x_wconf 82' lang='lat' dir='ltr'><strong>illa</strong></span> <span class='ocrx_word' id='word_1_603' title='bbox 1450 4220 1502 4280; x_wconf 71' lang='grc' dir='ltr'>ιι.</span> <span class='ocrx_word' id='word_1_604' title='bbox 1548 4225 1615 4279; x_wconf 83' lang='grc'><strong>18</strong></span> <span class='ocrx_word' id='word_1_605' title='bbox 1646 4224 1802 4279; x_wconf 77' lang='lat' dir='ltr'><strong>verba</strong></span> <span class='ocrx_word' id='word_1_606' title='bbox 1821 4264 1836 4288; x_wconf 89' lang='lat'><strong>,</strong></span> <span class='ocrx_word' id='word_1_607' title='bbox 1859 4220 2032 4295; x_wconf 78' lang='lat' dir='ltr'><strong>Unum</strong></span> 
     </span>
    </p>
   </div>
   <div class='ocr_carea' id='block_1_76' title="bbox 443 4291 2033 4365">
    <p class='ocr_par' dir='ltr' id='par_1_76' title="bbox 443 4291 2033 4365">
     <span class='ocr_line' id='line_1_76' title="bbox 443 4291 2033 4365; baseline 0.002 -19"><span class='ocrx_word' id='word_1_608' title='bbox 443 4308 590 4360; x_wconf 83' lang='lat' dir='ltr'><strong>vero,</strong></span> <span class='ocrx_word' id='word_1_609' title='bbox 618 4296 758 4364; x_wconf 85' lang='lat' dir='ltr'><strong>quod</strong></span> <span class='ocrx_word' id='word_1_610' title='bbox 783 4304 934 4359; x_wconf 85' lang='lat' dir='ltr'><strong>sunt,</strong></span> <span class='ocrx_word' id='word_1_611' title='bbox 962 4291 1060 4349; x_wconf 72' lang='lat' dir='ltr'><strong>hac</strong></span> <span class='ocrx_word' id='word_1_612' title='bbox 1083 4307 1155 4350; x_wconf 89' lang='lat' dir='ltr'><strong>est</strong></span> <span class='ocrx_word' id='word_1_613' title='bbox 1185 4314 1286 4350; x_wconf 87' lang='lat' dir='ltr'><strong>non</strong></span> <span class='ocrx_word' id='word_1_614' title='bbox 1307 4297 1647 4365; x_wconf 67' lang='lat' dir='ltr'><strong>mqualitatem</strong></span> <span class='ocrx_word' id='word_1_615' title='bbox 1672 4296 1922 4357; x_wconf 79' lang='lat' dir='ltr'><strong>abnuere,</strong></span> <span class='ocrx_word' id='word_1_616' title='bbox 1944 4291 2033 4365; x_wconf 69' lang='lat' dir='ltr'><strong>sed</strong></span> 
     </span>
    </p>
   </div>
   <div class='ocr_carea' id='block_1_77' title="bbox 442 4363 2032 4437">
    <p class='ocr_par' dir='ltr' id='par_1_77' title="bbox 442 4363 2032 4437">
     <span class='ocr_line' id='line_1_77' title="bbox 442 4363 2032 4437; baseline 0.001 -21"><span class='ocrx_word' id='word_1_617' title='bbox 442 4365 751 4437; x_wconf 77' lang='lat' dir='ltr'><strong>incremento</strong></span> <span class='ocrx_word' id='word_1_618' title='bbox 776 4366 1122 4436; x_wconf 76' lang='lat' dir='ltr'><strong>intelligentia:</strong></span> <span class='ocrx_word' id='word_1_619' title='bbox 1151 4368 1305 4435; x_wconf 78' lang='lat' dir='ltr'><strong>ﬁdem</strong></span> <span class='ocrx_word' id='word_1_620' title='bbox 1328 4363 1634 4437; x_wconf 73' lang='lat' dir='ltr'><strong>(equa/italis</strong></span> <span class='ocrx_word' id='word_1_621' title='bbox 1662 4367 1930 4437; x_wconf 81' lang='lat' dir='ltr'><strong>instruere.</strong></span> <span class='ocrx_word' id='word_1_622' title='bbox 1956 4363 2032 4437; x_wconf 77' lang='lat' dir='ltr'><strong>ibi</strong></span> 
     </span>
    </p>
   </div>
   <div class='ocr_carea' id='block_1_78' title="bbox 446 4435 2035 4509">
    <p class='ocr_par' dir='ltr' id='par_1_78' title="bbox 446 4435 2035 4509">
     <span class='ocr_line' id='line_1_78' title="bbox 446 4435 2035 4509; baseline -0.001 -19"><span class='ocrx_word' id='word_1_623' title='bbox 446 4435 591 4509; x_wconf 85' lang='lat' dir='ltr'><strong>enim</strong></span> <span class='ocrx_word' id='word_1_624' title='bbox 624 4435 1013 4493; x_wconf 87' lang='lat' dir='ltr'><strong>incrementum</strong></span> <span class='ocrx_word' id='word_1_625' title='bbox 1043 4435 1410 4509; x_wconf 72' lang='lat' dir='ltr'><strong>intelligentiae</strong></span> <span class='ocrx_word' id='word_1_626' title='bbox 1441 4439 1493 4492; x_wconf 90' lang='lat' dir='ltr'><strong>id</strong></span> <span class='ocrx_word' id='word_1_627' title='bbox 1523 4448 1636 4504; x_wconf 85' lang='lat' dir='ltr'><strong>est,</strong></span> <span class='ocrx_word' id='word_1_628' title='bbox 1668 4438 1807 4506; x_wconf 86' lang='lat' dir='ltr'><strong>quod</strong></span> <span class='ocrx_word' id='word_1_629' title='bbox 1840 4436 1926 4491; x_wconf 80' lang='lat' dir='ltr'><strong>hic</strong></span> <span class='ocrx_word' id='word_1_630' title='bbox 1952 4436 2035 4489; x_wconf 91' lang='lat' dir='ltr'><strong>in-</strong></span> 
     </span>
    </p>
   </div>
   <div class='ocr_carea' id='block_1_79' title="bbox 445 4507 1080 4578">
    <p class='ocr_par' dir='ltr' id='par_1_79' title="bbox 445 4507 1080 4578">
     <span class='ocr_line' id='line_1_79' title="bbox 445 4507 1080 4578; baseline 0.005 -18"><span class='ocrx_word' id='word_1_631' title='bbox 445 4507 757 4578; x_wconf 79' lang='lat' dir='ltr'><strong>telligentiae</strong></span> <span class='ocrx_word' id='word_1_632' title='bbox 786 4509 1080 4578; x_wconf 66' lang='lat' dir='ltr'><strong>prolectus.</strong></span> 
     </span>
    </p>
   </div>
   <div class='ocr_carea' id='block_1_80' title="bbox 519 4576 1657 4651">
    <p class='ocr_par' dir='ltr' id='par_1_80' title="bbox 519 4576 1657 4651">
     <span class='ocr_line' id='line_1_80' title="bbox 519 4576 1657 4651; baseline 0.002 -21"><span class='ocrx_word' id='word_1_633' title='bbox 519 4576 594 4651; x_wconf 76' lang='grc' dir='ltr'><strong>(ο)</strong></span> <span class='ocrx_word' id='word_1_634' title='bbox 634 4576 812 4651; x_wconf 66' lang='grc' dir='ltr'><strong>Εάιιῖ,</strong></span> <span class='ocrx_word' id='word_1_635' title='bbox 840 4580 1114 4636; x_wconf 79' lang='lat' dir='ltr'><strong>similiter:</strong></span> <span class='ocrx_word' id='word_1_636' title='bbox 1147 4578 1497 4635; x_wconf 85' lang='lat' dir='ltr'><strong>renitentibus</strong></span> <span class='ocrx_word' id='word_1_637' title='bbox 1529 4593 1657 4635; x_wconf 88' lang='lat' dir='ltr'><strong>mss.</strong></span> 
     </span>
    </p>
   </div>
   <div class='ocr_carea' id='block_1_81' title="bbox 543 4650 1617 4722">
    <p class='ocr_par' dir='ltr' id='par_1_81' title="bbox 543 4650 1617 4722">
     <span class='ocr_line' id='line_1_81' title="bbox 543 4650 1617 4722; baseline 0.004 -17"><span class='ocrx_word' id='word_1_638' title='bbox 543 4650 599 4722; x_wconf 80' lang='grc' dir='ltr'><strong>ά)</strong></span> <span class='ocrx_word' id='word_1_639' title='bbox 637 4650 861 4722; x_wconf 71' lang='lat' dir='ltr'><strong>Supple,</strong></span> <span class='ocrx_word' id='word_1_640' title='bbox 886 4653 1008 4722; x_wconf 88' lang='lat' dir='ltr'><strong>quia</strong></span> <span class='ocrx_word' id='word_1_641' title='bbox 1036 4653 1084 4705; x_wconf 87' lang='lat' dir='ltr'><strong>ei</strong></span> <span class='ocrx_word' id='word_1_642' title='bbox 1109 4653 1279 4707; x_wconf 81' lang='lat' dir='ltr'><strong>carnis</strong></span> <span class='ocrx_word' id='word_1_643' title='bbox 1309 4661 1381 4706; x_wconf 88' lang='lat' dir='ltr'><strong>est</strong></span> <span class='ocrx_word' id='word_1_644' title='bbox 1409 4651 1617 4709; x_wconf 81' lang='lat' dir='ltr'><strong>veritas.</strong></span> 
     </span>
    </p>
   </div>
   <div class='ocr_carea' id='block_1_82' title="bbox 518 4655 2033 4793">
    <p class='ocr_par' dir='ltr' id='par_1_82' title="bbox 518 4655 2033 4793">
     <span class='ocr_line' id='line_1_82' title="bbox 543 4655 1617 4722; baseline 0.004 -17"><span class='ocrx_word' id='word_1_645' title='bbox 543 4655 578 4705; x_wconf 90' lang='lat' dir='ltr'><strong>d</strong></span> <span class='ocrx_word' id='word_1_646' title='bbox 638 4655 861 4720; x_wconf 87' lang='lat' dir='ltr'><strong>Supple,</strong></span> <span class='ocrx_word' id='word_1_647' title='bbox 886 4655 1008 4722; x_wconf 84' lang='lat' dir='ltr'><strong>quia</strong></span> <span class='ocrx_word' id='word_1_648' title='bbox 1036 4655 1084 4705; x_wconf 85' lang='lat' dir='ltr'><strong>ei</strong></span> <span class='ocrx_word' id='word_1_649' title='bbox 1109 4655 1279 4707; x_wconf 81' lang='lat' dir='ltr'><strong>carnis</strong></span> <span class='ocrx_word' id='word_1_650' title='bbox 1309 4661 1381 4706; x_wconf 88' lang='lat' dir='ltr'><strong>est</strong></span> <span class='ocrx_word' id='word_1_651' title='bbox 1409 4655 1617 4709; x_wconf 81' lang='lat' dir='ltr'><strong>veritas.</strong></span> 
     </span>
     <span class='ocr_line' id='line_1_83' title="bbox 518 4655 2033 4793; baseline 0.001 -18"><span class='ocrx_word' id='word_1_652' title='bbox 518 4655 599 4791; x_wconf 50' lang='lat' dir='ltr'><strong>ie;</strong></span> <span class='ocrx_word' id='word_1_653' title='bbox 634 4720 754 4788; x_wconf 86' lang='lat' dir='ltr'><strong>Er.,</strong></span> <span class='ocrx_word' id='word_1_654' title='bbox 782 4723 926 4788; x_wconf 67' lang='lat' dir='ltr'><strong>Min,</strong></span> <span class='ocrx_word' id='word_1_655' title='bbox 958 4723 1103 4793; x_wconf 85' lang='lat' dir='ltr'><strong>Lips.</strong></span> <span class='ocrx_word' id='word_1_656' title='bbox 1135 4733 1188 4778; x_wconf 88' lang='lat' dir='ltr'><strong>et</strong></span> <span class='ocrx_word' id='word_1_657' title='bbox 1219 4724 1367 4789; x_wconf 89' lang='lat' dir='ltr'><strong>Par.,</strong></span> <span class='ocrx_word' id='word_1_658' title='bbox 1392 4723 1447 4776; x_wconf 90' lang='lat' dir='ltr'><strong>in</strong></span> <span class='ocrx_word' id='word_1_659' title='bbox 1476 4726 1642 4793; x_wconf 74' lang='lat' dir='ltr'><strong>[arma</strong></span> <span class='ocrx_word' id='word_1_660' title='bbox 1671 4722 1889 4793; x_wconf 78' lang='lat' dir='ltr'><strong>hominis</strong></span> <span class='ocrx_word' id='word_1_661' title='bbox 1915 4731 1987 4777; x_wconf 80' lang='lat' dir='ltr'><strong>est</strong></span> <span class='ocrx_word' id='word_1_662' title='bbox 2015 4737 2033 4776; x_wconf 92' lang='lat'><strong><em>:</em></strong></span> 
     </span>
    </p>
   </div>
   <div class='ocr_carea' id='block_1_83' title="bbox 451 4791 2037 4854">
    <p class='ocr_par' dir='ltr' id='par_1_83' title="bbox 451 4791 2037 4854">
     <span class='ocr_line' id='line_1_84' title="bbox 451 4791 2037 4854; baseline 0.001 -9"><span class='ocrx_word' id='word_1_663' title='bbox 451 4791 592 4847; x_wconf 87' lang='lat' dir='ltr'><strong>haud</strong></span> <span class='ocrx_word' id='word_1_664' title='bbox 632 4794 746 4847; x_wconf 92' lang='lat' dir='ltr'><strong>scio</strong></span> <span class='ocrx_word' id='word_1_665' title='bbox 787 4810 854 4850; x_wconf 89' lang='lat' dir='ltr'><strong>an</strong></span> <span class='ocrx_word' id='word_1_666' title='bbox 899 4791 1037 4849; x_wconf 78' lang='lat' dir='ltr'><strong>cum</strong></span> <span class='ocrx_word' id='word_1_667' title='bbox 1068 4796 1411 4851; x_wconf 85' lang='lat' dir='ltr'><strong>auctoritate.</strong></span> <span class='ocrx_word' id='word_1_668' title='bbox 1452 4791 1586 4849; x_wconf 89' lang='lat' dir='ltr'><strong>Tum</strong></span> <span class='ocrx_word' id='word_1_669' title='bbox 1632 4810 1763 4848; x_wconf 86' lang='lat' dir='ltr'><strong>mss.</strong></span> <span class='ocrx_word' id='word_1_670' title='bbox 1791 4791 1948 4854; x_wconf 77' lang='lat' dir='ltr'><strong>Colb.</strong></span> <span class='ocrx_word' id='word_1_671' title='bbox 1982 4802 2037 4848; x_wconf 90' lang='lat' dir='ltr'><strong>et</strong></span> 
     </span>
    </p>
   </div>
   <div class='ocr_carea' id='block_1_84' title="bbox 448 4860 939 4919">
    <p class='ocr_par' dir='ltr' id='par_1_84' title="bbox 448 4860 939 4919">
     <span class='ocr_line' id='line_1_85' title="bbox 448 4860 939 4919; baseline 0.004 -2"><span class='ocrx_word' id='word_1_672' title='bbox 448 4860 659 4918; x_wconf 83' lang='lat' dir='ltr'><strong>Martin.</strong></span> <span class='ocrx_word' id='word_1_673' title='bbox 692 4863 830 4919; x_wconf 86' lang='lat' dir='ltr'><strong>Deus</strong></span> <span class='ocrx_word' id='word_1_674' title='bbox 854 4866 939 4919; x_wconf 88' lang='lat' dir='ltr'><strong>sit.</strong></span> 
     </span>
    </p>
   </div>
   <div class='ocr_carea' id='block_1_85' title="bbox 523 4933 2038 5005">
    <p class='ocr_par' dir='ltr' id='par_1_85' title="bbox 523 4933 2038 5005">
     <span class='ocr_line' id='line_1_86' title="bbox 523 4933 2038 5005; baseline -0.002 -13"><span class='ocrx_word' id='word_1_675' title='bbox 523 4933 593 5005; x_wconf 70' lang='grc' dir='ltr'><strong>(ί)</strong></span> <span class='ocrx_word' id='word_1_676' title='bbox 637 4935 986 4993; x_wconf 79' lang='lat' dir='ltr'><strong>Recentiores</strong></span> <span class='ocrx_word' id='word_1_677' title='bbox 1026 4952 1158 4994; x_wconf 90' lang='lat' dir='ltr'><strong>mss.</strong></span> <span class='ocrx_word' id='word_1_678' title='bbox 1188 4938 1243 4992; x_wconf 88' lang='lat' dir='ltr'><strong>in</strong></span> <span class='ocrx_word' id='word_1_679' title='bbox 1271 4936 1491 4992; x_wconf 79' lang='lat' dir='ltr'><strong>hominis</strong></span> <span class='ocrx_word' id='word_1_680' title='bbox 1518 4948 1716 4992; x_wconf 79' lang='lat' dir='ltr'><strong>statura</strong></span> <span class='ocrx_word' id='word_1_681' title='bbox 1744 4936 1822 4990; x_wconf 77' lang='lat' dir='ltr'><strong>vel</strong></span> <span class='ocrx_word' id='word_1_682' title='bbox 1851 4944 2038 4989; x_wconf 86' lang='lat' dir='ltr'><strong>natura</strong></span> 
     </span>
    </p>
   </div>
   <div class='ocr_carea' id='block_1_86' title="bbox 450 5006 2038 5077">
    <p class='ocr_par' dir='ltr' id='par_1_86' title="bbox 450 5006 2038 5077">
     <span class='ocr_line' id='line_1_87' title="bbox 450 5006 2038 5077; baseline -0.003 -14"><span class='ocrx_word' id='word_1_683' title='bbox 450 5014 562 5077; x_wconf 69' lang='lat' dir='ltr'><strong>est;</strong></span> <span class='ocrx_word' id='word_1_684' title='bbox 592 5006 740 5077; x_wconf 86' lang='lat' dir='ltr'><strong>Lips.</strong></span> <span class='ocrx_word' id='word_1_685' title='bbox 768 5018 825 5063; x_wconf 86' lang='lat' dir='ltr'><strong>et</strong></span> <span class='ocrx_word' id='word_1_686' title='bbox 847 5008 970 5065; x_wconf 90' lang='lat' dir='ltr'><strong>Par.</strong></span> <span class='ocrx_word' id='word_1_687' title='bbox 994 5010 1050 5063; x_wconf 89' lang='lat' dir='ltr'><strong>in</strong></span> <span class='ocrx_word' id='word_1_688' title='bbox 1070 5010 1291 5064; x_wconf 87' lang='lat' dir='ltr'><strong>hominis</strong></span> <span class='ocrx_word' id='word_1_689' title='bbox 1311 5021 1496 5064; x_wconf 88' lang='lat' dir='ltr'><strong>natura</strong></span> <span class='ocrx_word' id='word_1_690' title='bbox 1514 5018 1588 5064; x_wconf 82' lang='lat' dir='ltr'><strong>est</strong></span> <span class='ocrx_word' id='word_1_691' title='bbox 1608 5025 1625 5062; x_wconf 93' lang='lat'><em>:</em></span> <span class='ocrx_word' id='word_1_692' title='bbox 1647 5007 1807 5063; x_wconf 90' lang='lat' dir='ltr'><strong>male.</strong></span> <span class='ocrx_word' id='word_1_693' title='bbox 1829 5006 2038 5077; x_wconf 85' lang='lat' dir='ltr'><strong>Quippe</strong></span> 
     </span>
    </p>
   </div>
   <div class='ocr_carea' id='block_1_87' title="bbox 451 5076 2036 5151">
    <p class='ocr_par' dir='ltr' id='par_1_87' title="bbox 451 5076 2036 5151">
     <span class='ocr_line' id='line_1_88' title="bbox 451 5076 2036 5151; baseline 0.001 -20"><span class='ocrx_word' id='word_1_694' title='bbox 451 5076 541 5131; x_wconf 89' lang='lat' dir='ltr'><strong>hic</strong></span> <span class='ocrx_word' id='word_1_695' title='bbox 561 5076 878 5151; x_wconf 8' lang='lat' dir='ltr'><strong>vogx’statura</strong></span> <span class='ocrx_word' id='word_1_696' title='bbox 906 5093 1205 5151; x_wconf 82' lang='lat' dir='ltr'><strong>synonyma</strong></span> <span class='ocrx_word' id='word_1_697' title='bbox 1230 5092 1315 5135; x_wconf 87' lang='lat' dir='ltr'><strong>est</strong></span> <span class='ocrx_word' id='word_1_698' title='bbox 1340 5080 1508 5134; x_wconf 86' lang='lat' dir='ltr'><strong>verbo</strong></span> <span class='ocrx_word' id='word_1_699' title='bbox 1533 5079 1775 5151; x_wconf 78' lang='lat' dir='ltr'><strong>Apostnli</strong></span> <span class='ocrx_word' id='word_1_700' title='bbox 1802 5076 2036 5151; x_wconf 67' lang='lat' dir='ltr'><strong>habitus,</strong></span> 
     </span>
    </p>
   </div>
   <div class='ocr_carea' id='block_1_88' title="bbox 450 5096 2041 5220">
    <p class='ocr_par' dir='ltr' id='par_1_88' title="bbox 450 5096 2041 5220">
     <span class='ocr_line' id='line_1_89' title="bbox 451 5096 2036 5151; baseline 0.001 -20"><span class='ocrx_word' id='word_1_701' title='bbox 451 5096 541 5131; x_wconf 85' lang='lat' dir='ltr'><strong>nte</strong></span> <span class='ocrx_word' id='word_1_702' title='bbox 561 5096 661 5131; x_wconf 82' lang='lat' dir='ltr'><strong>vox</strong></span> <span class='ocrx_word' id='word_1_703' title='bbox 682 5096 878 5133; x_wconf 80' lang='lat' dir='ltr'><strong>statura</strong></span> <span class='ocrx_word' id='word_1_704' title='bbox 906 5096 1077 5151; x_wconf 88' lang='lat' dir='ltr'><strong>synon</strong></span> <span class='ocrx_word' id='word_1_705' title='bbox 1122 5096 1205 5135; x_wconf 85' lang='lat' dir='ltr'><strong>ma</strong></span> <span class='ocrx_word' id='word_1_706' title='bbox 1230 5096 1315 5135; x_wconf 87' lang='lat' dir='ltr'><strong>est</strong></span> <span class='ocrx_word' id='word_1_707' title='bbox 1340 5096 1508 5134; x_wconf 83' lang='lat' dir='ltr'><strong>verno</strong></span> <span class='ocrx_word' id='word_1_708' title='bbox 1533 5096 1775 5147; x_wconf 81' lang='lat' dir='ltr'><strong>Apostnn</strong></span> <span class='ocrx_word' id='word_1_709' title='bbox 1802 5096 2005 5132; x_wconf 78' lang='lat' dir='ltr'><strong>naeuus</strong></span> <span class='ocrx_word' id='word_1_710' title='bbox 2021 5118 2036 5137; x_wconf 90' lang='lat'><strong>.</strong></span> 
     </span>
     <span class='ocr_line' id='line_1_90' title="bbox 450 5096 2041 5220; baseline 0.003 -20"><span class='ocrx_word' id='word_1_711' title='bbox 450 5164 559 5219; x_wconf 82' lang='lat' dir='ltr'><strong>quo</strong></span> <span class='ocrx_word' id='word_1_712' title='bbox 595 5149 924 5220; x_wconf 79' lang='lat' dir='ltr'><strong>signiﬁcatur</strong></span> <span class='ocrx_word' id='word_1_713' title='bbox 964 5153 1015 5209; x_wconf 89' lang='lat' dir='ltr'><strong>in</strong></span> <span class='ocrx_word' id='word_1_714' title='bbox 1053 5096 1270 5206; x_wconf 67' lang='lat' dir='ltr'><strong>(Iyltrislo</strong></span> <span class='ocrx_word' id='word_1_715' title='bbox 1315 5150 1609 5205; x_wconf 85' lang='lat' dir='ltr'><strong>similitudo</strong></span> <span class='ocrx_word' id='word_1_716' title='bbox 1648 5149 1903 5218; x_wconf 86' lang='lat' dir='ltr'><strong>quidem,</strong></span> <span class='ocrx_word' id='word_1_717' title='bbox 1946 5148 2041 5204; x_wconf 87' lang='lat' dir='ltr'><strong>sed</strong></span> 
     </span>
    </p>
   </div>
   <div class='ocr_carea' id='block_1_89' title="bbox 452 5220 2044 5291">
    <p class='ocr_par' dir='ltr' id='par_1_89' title="bbox 452 5220 2044 5291">
     <span class='ocr_line' id='line_1_91' title="bbox 452 5220 2044 5291; baseline -0.001 -18"><span class='ocrx_word' id='word_1_718' title='bbox 452 5235 560 5273; x_wconf 92' lang='lat' dir='ltr'><strong>non</strong></span> <span class='ocrx_word' id='word_1_719' title='bbox 584 5222 784 5277; x_wconf 85' lang='lat' dir='ltr'><strong>veritas</strong></span> <span class='ocrx_word' id='word_1_720' title='bbox 813 5222 992 5277; x_wconf 89' lang='lat' dir='ltr'><strong>carnis</strong></span> <span class='ocrx_word' id='word_1_721' title='bbox 1016 5222 1242 5289; x_wconf 87' lang='lat' dir='ltr'><strong>peccati.</strong></span> <span class='ocrx_word' id='word_1_722' title='bbox 1279 5220 1511 5291; x_wconf 78' lang='lat' dir='ltr'><strong>Sumpsit</strong></span> <span class='ocrx_word' id='word_1_723' title='bbox 1538 5221 1704 5285; x_wconf 84' lang='lat' dir='ltr'><strong>enim,</strong></span> <span class='ocrx_word' id='word_1_724' title='bbox 1741 5220 1912 5289; x_wconf 89' lang='lat' dir='ltr'><strong>inquit</strong></span> <span class='ocrx_word' id='word_1_725' title='bbox 1930 5234 2044 5291; x_wconf 16' lang='lat' dir='ltr'><strong>Hap-</strong></span> 
     </span>
    </p>
   </div>
   <div class='ocr_carea' id='block_1_90' title="bbox 2132 3296 3727 3368">
    <p class='ocr_par' dir='ltr' id='par_1_90' title="bbox 2132 3296 3727 3368">
     <span class='ocr_line' id='line_1_92' title="bbox 2132 3296 3727 3368; baseline 0.005 -18"><span class='ocrx_word' id='word_1_726' title='bbox 2132 3296 2197 3368; x_wconf 90' lang='lat' dir='ltr'><strong>rii</strong></span> <span class='ocrx_word' id='word_1_727' title='bbox 2225 3298 2341 3351; x_wconf 84' lang='lat' dir='ltr'><strong>sive</strong></span> <span class='ocrx_word' id='word_1_728' title='bbox 2367 3298 2419 3350; x_wconf 93' lang='lat' dir='ltr'><strong>in</strong></span> <span class='ocrx_word' id='word_1_729' title='bbox 2449 3296 2756 3368; x_wconf 80' lang='lat' dir='ltr'><strong>recipienda</strong></span> <span class='ocrx_word' id='word_1_730' title='bbox 2787 3299 2902 3353; x_wconf 83' lang='lat' dir='ltr'><strong>sive</strong></span> <span class='ocrx_word' id='word_1_731' title='bbox 2924 3300 2974 3352; x_wconf 91' lang='lat' dir='ltr'><strong>in</strong></span> <span class='ocrx_word' id='word_1_732' title='bbox 3000 3296 3295 3368; x_wconf 81' lang='lat' dir='ltr'><strong>rejicienda</strong></span> <span class='ocrx_word' id='word_1_733' title='bbox 3319 3316 3456 3356; x_wconf 90' lang='lat' dir='ltr'><strong>voce</strong></span> <span class='ocrx_word' id='word_1_734' title='bbox 3481 3303 3727 3358; x_wconf 67' lang='lat' dir='ltr'><strong>hominu-</strong></span> 
     </span>
    </p>
   </div>
   <div class='ocr_carea' id='block_1_91' title="bbox 2139 3366 3512 3441">
    <p class='ocr_par' dir='ltr' id='par_1_91' title="bbox 2139 3366 3512 3441">
     <span class='ocr_line' id='line_1_93' title="bbox 2139 3366 3512 3441; baseline 0.002 -18"><span class='ocrx_word' id='word_1_735' title='bbox 2139 3367 2260 3441; x_wconf 83' lang='lat' dir='ltr'><strong>Sion</strong></span> <span class='ocrx_word' id='word_1_736' title='bbox 2291 3366 2673 3441; x_wconf 75' lang='lat' dir='ltr'><strong>constantiam.</strong></span> <span class='ocrx_word' id='word_1_737' title='bbox 2716 3368 2835 3441; x_wconf 66' lang='lat' dir='ltr'><strong>Yid.</strong></span> <span class='ocrx_word' id='word_1_738' title='bbox 2869 3369 2965 3425; x_wconf 88' lang='lat' dir='ltr'><strong>lib.</strong></span> <span class='ocrx_word' id='word_1_739' title='bbox 2997 3366 3071 3425; x_wconf 73' lang='lat' dir='ltr'><strong>de</strong></span> <span class='ocrx_word' id='word_1_740' title='bbox 3095 3369 3299 3441; x_wconf 82' lang='lat' dir='ltr'><strong>Synod.</strong></span> <span class='ocrx_word' id='word_1_741' title='bbox 3332 3389 3387 3426; x_wconf 84' lang='grc' dir='ltr'><strong>η.</strong></span> <span class='ocrx_word' id='word_1_742' title='bbox 3420 3372 3512 3426; x_wconf 71' lang='grc'><strong>72.</strong></span> 
     </span>
    </p>
   </div>
   <div class='ocr_carea' id='block_1_92' title="bbox 2207 3438 3726 3508">
    <p class='ocr_par' dir='ltr' id='par_1_92' title="bbox 2207 3438 3726 3508">
     <span class='ocr_line' id='line_1_94' title="bbox 2207 3438 3726 3508; baseline 0.007 -17"><span class='ocrx_word' id='word_1_743' title='bbox 2207 3440 2268 3508; x_wconf 84' lang='grc' dir='ltr'><strong>(ἱ)</strong></span> <span class='ocrx_word' id='word_1_744' title='bbox 2309 3439 2429 3494; x_wconf 85' lang='lat' dir='ltr'><strong>Non</strong></span> <span class='ocrx_word' id='word_1_745' title='bbox 2469 3440 2602 3493; x_wconf 88' lang='lat' dir='ltr'><strong>satis</strong></span> <span class='ocrx_word' id='word_1_746' title='bbox 2644 3438 2830 3493; x_wconf 88' lang='lat' dir='ltr'><strong>habuit</strong></span> <span class='ocrx_word' id='word_1_747' title='bbox 2874 3441 3080 3496; x_wconf 84' lang='lat' dir='ltr'><strong>dixisse</strong></span> <span class='ocrx_word' id='word_1_748' title='bbox 3118 3438 3338 3496; x_wconf 73' lang='lat' dir='ltr'><strong>similent</strong></span> <span class='ocrx_word' id='word_1_749' title='bbox 3383 3442 3531 3498; x_wconf 88' lang='lat' dir='ltr'><strong>Patri</strong></span> <span class='ocrx_word' id='word_1_750' title='bbox 3560 3460 3581 3499; x_wconf 88' lang='lat'><strong><em>:</em></strong></span> <span class='ocrx_word' id='word_1_751' title='bbox 3625 3444 3726 3502; x_wconf 87' lang='lat' dir='ltr'><strong>sed</strong></span> 
     </span>
    </p>
   </div>
   <div class='ocr_carea' id='block_1_93' title="bbox 2134 3510 3724 3595">
    <p class='ocr_par' dir='ltr' id='par_1_93' title="bbox 2134 3510 3724 3595">
     <span class='ocr_line' id='line_1_95' title="bbox 2134 3510 3724 3595; baseline 0.003 -31"><span class='ocrx_word' id='word_1_752' title='bbox 2134 3513 2428 3579; x_wconf 85' lang='lat' dir='ltr'><strong>prudenter</strong></span> <span class='ocrx_word' id='word_1_753' title='bbox 2465 3510 2698 3595; x_wconf 51' lang='lat' dir='ltr'><strong>adjecit:</strong></span> <span class='ocrx_word' id='word_1_754' title='bbox 2727 3511 2946 3595; x_wconf 67' lang='lat' dir='ltr'><strong>similent</strong></span> <span class='ocrx_word' id='word_1_755' title='bbox 2983 3522 3257 3595; x_wconf 48' lang='lat' dir='ltr'><strong>quoquenet</strong></span> <span class='ocrx_word' id='word_1_756' title='bbox 3278 3513 3396 3595; x_wconf 37' lang='grc' dir='ltr'><strong>,Περ</strong></span> <span class='ocrx_word' id='word_1_757' title='bbox 3426 3529 3445 3567; x_wconf 90' lang='lat'><strong><em>:</em></strong></span> <span class='ocrx_word' id='word_1_758' title='bbox 3472 3516 3594 3595; x_wconf 62' lang='lat' dir='ltr'><strong>quia</strong></span> <span class='ocrx_word' id='word_1_759' title='bbox 3627 3531 3724 3595; x_wconf 88' lang='lat' dir='ltr'><strong>su-</strong></span> 
     </span>
    </p>
   </div>
   <div class='ocr_carea' id='block_1_94' title="bbox 2132 3580 3720 3653">
    <p class='ocr_par' dir='ltr' id='par_1_94' title="bbox 2132 3580 3720 3653">
     <span class='ocr_line' id='line_1_96' title="bbox 2132 3580 3720 3653; baseline 0.003 -18"><span class='ocrx_word' id='word_1_760' title='bbox 2132 3596 2250 3653; x_wconf 76' lang='lat' dir='ltr'><strong>pra,</strong></span> <span class='ocrx_word' id='word_1_761' title='bbox 2284 3581 2548 3653; x_wconf 76' lang='lat' dir='ltr'><strong>num._M,</strong></span> <span class='ocrx_word' id='word_1_762' title='bbox 2568 3581 2637 3653; x_wconf 81' lang='lat' dir='ltr'><strong>ab</strong></span> <span class='ocrx_word' id='word_1_763' title='bbox 2657 3580 2800 3653; x_wconf 82' lang='lat' dir='ltr'><strong>Aetii</strong></span> <span class='ocrx_word' id='word_1_764' title='bbox 2822 3592 2877 3637; x_wconf 86' lang='lat' dir='ltr'><strong>et</strong></span> <span class='ocrx_word' id='word_1_765' title='bbox 2903 3580 3131 3638; x_wconf 81' lang='lat' dir='ltr'><strong>Eudoxii</strong></span> <span class='ocrx_word' id='word_1_766' title='bbox 3159 3583 3423 3653; x_wconf 82' lang='lat' dir='ltr'><strong>discipulo</strong></span> <span class='ocrx_word' id='word_1_767' title='bbox 3441 3580 3720 3650; x_wconf 83' lang='lat' dir='ltr'><strong>audierat,</strong></span> 
     </span>
    </p>
   </div>
   <div class='ocr_carea' id='block_1_95' title="bbox 2132 3650 3727 3723">
    <p class='ocr_par' dir='ltr' id='par_1_95' title="bbox 2132 3650 3727 3723">
     <span class='ocr_line' id='line_1_97' title="bbox 2132 3650 3727 3723; baseline 0.004 -18"><span class='ocrx_word' id='word_1_768' title='bbox 2132 3650 2391 3708; x_wconf 78' lang='lat' dir='ltr'><strong>Christum</strong></span> <span class='ocrx_word' id='word_1_769' title='bbox 2429 3650 2541 3705; x_wconf 79' lang='lat' dir='ltr'><strong>Deo</strong></span> <span class='ocrx_word' id='word_1_770' title='bbox 2586 3651 2805 3707; x_wconf 79' lang='lat' dir='ltr'><strong>similem</strong></span> <span class='ocrx_word' id='word_1_771' title='bbox 2854 3669 2958 3706; x_wconf 86' lang='lat' dir='ltr'><strong>non</strong></span> <span class='ocrx_word' id='word_1_772' title='bbox 3002 3670 3140 3723; x_wconf 79' lang='lat' dir='ltr'><strong>esse,</strong></span> <span class='ocrx_word' id='word_1_773' title='bbox 3177 3654 3266 3708; x_wconf 74' lang='lat' dir='ltr'><strong>sed</strong></span> <span class='ocrx_word' id='word_1_774' title='bbox 3300 3650 3531 3710; x_wconf 63' lang='lat' dir='ltr'><strong>similem</strong></span> <span class='ocrx_word' id='word_1_775' title='bbox 3575 3656 3727 3711; x_wconf 85' lang='lat' dir='ltr'><strong>Patri</strong></span> 
     </span>
    </p>
   </div>
   <div class='ocr_carea' id='block_1_96' title="bbox 2128 3740 2257 3779">
    <p class='ocr_par' dir='ltr' id='par_1_96' title="bbox 2128 3740 2257 3779">
     <span class='ocr_line' id='line_1_98' title="bbox 2128 3740 2257 3779; baseline 0.016 -2"><span class='ocrx_word' id='word_1_776' title='bbox 2128 3740 2257 3779; x_wconf 75' lang='lat'><strong>8888.</strong></span> 
     </span>
    </p>
   </div>
   <div class='ocr_carea' id='block_1_97' title="bbox 2202 3793 3722 3868">
    <p class='ocr_par' dir='ltr' id='par_1_97' title="bbox 2202 3793 3722 3868">
     <span class='ocr_line' id='line_1_99' title="bbox 2202 3793 3722 3868; baseline 0.002 -20"><span class='ocrx_word' id='word_1_777' title='bbox 2202 3795 2281 3868; x_wconf 88' lang='lat' dir='ltr'><strong>(j)</strong></span> <span class='ocrx_word' id='word_1_778' title='bbox 2327 3793 2455 3849; x_wconf 88' lang='lat' dir='ltr'><strong>Bad.</strong></span> <span class='ocrx_word' id='word_1_779' title='bbox 2484 3793 2850 3868; x_wconf 57' lang='lat' dir='ltr'><strong>excusationis.</strong></span> <span class='ocrx_word' id='word_1_780' title='bbox 2882 3793 3163 3868; x_wconf 82' lang='lat' dir='ltr'><strong>Editinnes</strong></span> <span class='ocrx_word' id='word_1_781' title='bbox 3185 3795 3352 3868; x_wconf 68' lang='lat' dir='ltr'><strong>alias,</strong></span> <span class='ocrx_word' id='word_1_782' title='bbox 3386 3797 3722 3868; x_wconf 70' lang='lat' dir='ltr'><strong>excusationi.</strong></span> 
     </span>
    </p>
   </div>
   <div class='ocr_carea' id='block_1_98' title="bbox 2131 3863 3723 3947">
    <p class='ocr_par' dir='ltr' id='par_1_98' title="bbox 2131 3863 3723 3947">
     <span class='ocr_line' id='line_1_100' title="bbox 2131 3863 3723 3947; baseline 0.001 -28"><span class='ocrx_word' id='word_1_783' title='bbox 2131 3863 2270 3919; x_wconf 51' lang='lat' dir='ltr'><strong>Mss&#39;.‘</strong></span> <span class='ocrx_word' id='word_1_784' title='bbox 2292 3867 2636 3947; x_wconf 72' lang='lat' dir='ltr'><strong>excusatione.</strong></span> <span class='ocrx_word' id='word_1_785' title='bbox 2678 3863 2845 3920; x_wconf 88' lang='lat' dir='ltr'><strong>Nobis</strong></span> <span class='ocrx_word' id='word_1_786' title='bbox 2880 3867 3105 3920; x_wconf 90' lang='lat' dir='ltr'><strong>omnino</strong></span> <span class='ocrx_word' id='word_1_787' title='bbox 3145 3865 3359 3922; x_wconf 90' lang='lat' dir='ltr'><strong>videtur</strong></span> <span class='ocrx_word' id='word_1_788' title='bbox 3398 3866 3682 3937; x_wconf 85' lang='lat' dir='ltr'><strong>legendum</strong></span> <span class='ocrx_word' id='word_1_789' title='bbox 3706 3909 3723 3935; x_wconf 90' lang='lat'><strong>,</strong></span> 
     </span>
    </p>
   </div>
   <div class='ocr_carea' id='block_1_99' title="bbox 2132 3952 2575 3991">
    <p class='ocr_par' dir='ltr' id='par_1_99' title="bbox 2132 3952 2575 3991">
     <span class='ocr_line' id='line_1_101' title="bbox 2132 3952 2575 3991; baseline -0.002 -2"><span class='ocrx_word' id='word_1_790' title='bbox 2132 3952 2195 3990; x_wconf 76' lang='lat' dir='ltr'><strong>ea:</strong></span> <span class='ocrx_word' id='word_1_791' title='bbox 2220 3952 2575 3991; x_wconf 76' lang='lat' dir='ltr'><strong>consensione.</strong></span> 
     </span>
    </p>
   </div>
   <div class='ocr_carea' id='block_1_100' title="bbox 2205 4006 3727 4079">
    <p class='ocr_par' dir='ltr' id='par_1_100' title="bbox 2205 4006 3727 4079">
     <span class='ocr_line' id='line_1_102' title="bbox 2205 4006 3727 4079; baseline 0.002 -19"><span class='ocrx_word' id='word_1_792' title='bbox 2205 4006 2279 4077; x_wconf 84' lang='lat' dir='ltr'><strong>(It)</strong></span> <span class='ocrx_word' id='word_1_793' title='bbox 2321 4007 2376 4061; x_wconf 86' lang='lat' dir='ltr'><strong>In</strong></span> <span class='ocrx_word' id='word_1_794' title='bbox 2402 4007 2665 4076; x_wconf 86' lang='lat' dir='ltr'><strong>vulgatis,</strong></span> <span class='ocrx_word' id='word_1_795' title='bbox 2702 4006 2813 4079; x_wconf 83' lang='lat' dir='ltr'><strong>Ego</strong></span> <span class='ocrx_word' id='word_1_796' title='bbox 2839 4007 2977 4061; x_wconf 84' lang='lat' dir='ltr'><strong>enim</strong></span> <span class='ocrx_word' id='word_1_797' title='bbox 3016 4024 3150 4061; x_wconf 91' lang='lat' dir='ltr'><strong>nunc</strong></span> <span class='ocrx_word' id='word_1_798' title='bbox 3191 4009 3345 4078; x_wconf 81' lang='lat' dir='ltr'><strong>ﬁdem</strong></span> <span class='ocrx_word' id='word_1_799' title='bbox 3385 4018 3523 4063; x_wconf 89' lang='lat' dir='ltr'><strong>tuam</strong></span> <span class='ocrx_word' id='word_1_800' title='bbox 3545 4009 3727 4079; x_wconf 89' lang='lat' dir='ltr'><strong>ignoro</strong></span> 
     </span>
    </p>
   </div>
   <div class='ocr_carea' id='block_1_101' title="bbox 2134 4079 3727 4150">
    <p class='ocr_par' dir='ltr' id='par_1_101' title="bbox 2134 4079 3727 4150">
     <span class='ocr_line' id='line_1_103' title="bbox 2134 4079 3727 4150; baseline 0.001 -17"><span class='ocrx_word' id='word_1_801' title='bbox 2134 4095 2223 4149; x_wconf 76' lang='lat' dir='ltr'><strong>per</strong></span> <span class='ocrx_word' id='word_1_802' title='bbox 2248 4079 2610 4150; x_wconf 77' lang='lat' dir='ltr'><strong>demutationis</strong></span> <span class='ocrx_word' id='word_1_803' title='bbox 2634 4086 2735 4132; x_wconf 77' lang='lat' dir='ltr'><strong>tua:</strong></span> <span class='ocrx_word' id='word_1_804' title='bbox 2757 4089 3017 4145; x_wconf 83' lang='lat' dir='ltr'><strong>tempora,</strong></span> <span class='ocrx_word' id='word_1_805' title='bbox 3045 4080 3225 4150; x_wconf 78' lang='lat' dir='ltr'><strong>quibus</strong></span> <span class='ocrx_word' id='word_1_806' title='bbox 3249 4082 3460 4150; x_wconf 81' lang='lat' dir='ltr'><strong>quisque</strong></span> <span class='ocrx_word' id='word_1_807' title='bbox 3488 4082 3539 4133; x_wconf 88' lang='lat' dir='ltr'><strong>in</strong></span> <span class='ocrx_word' id='word_1_808' title='bbox 3566 4096 3727 4134; x_wconf 85' lang='lat' dir='ltr'><strong>unum</strong></span> 
     </span>
    </p>
   </div>
   <div class='ocr_carea' id='block_1_102' title="bbox 2133 4148 3726 4220">
    <p class='ocr_par' dir='ltr' id='par_1_102' title="bbox 2133 4148 3726 4220">
     <span class='ocr_line' id='line_1_104' title="bbox 2133 4148 3726 4220; baseline 0.001 -16"><span class='ocrx_word' id='word_1_809' title='bbox 2133 4148 2460 4220; x_wconf 80' lang='lat' dir='ltr'><strong>blasphemia:</strong></span> <span class='ocrx_word' id='word_1_810' title='bbox 2471 4164 2578 4204; x_wconf 68' lang='lat' dir='ltr'><strong>suae</strong></span> <span class='ocrx_word' id='word_1_811' title='bbox 2590 4148 2955 4204; x_wconf 84' lang='lat' dir='ltr'><strong>barathrum...</strong></span> <span class='ocrx_word' id='word_1_812' title='bbox 2981 4148 3211 4205; x_wconf 66' lang='lat' dir='ltr'><strong>cucurrit</strong></span> <span class='ocrx_word' id='word_1_813' title='bbox 3231 4148 3419 4206; x_wconf 54' lang='lat' dir='ltr'><strong>{locus</strong></span> <span class='ocrx_word' id='word_1_814' title='bbox 3442 4152 3726 4219; x_wconf 76' lang='lat' dir='ltr'><strong>perturba-</strong></span> 
     </span>
    </p>
   </div>
   <div class='ocr_carea' id='block_1_103' title="bbox 2135 4220 3723 4291">
    <p class='ocr_par' dir='ltr' id='par_1_103' title="bbox 2135 4220 3723 4291">
     <span class='ocr_line' id='line_1_105' title="bbox 2135 4220 3723 4291; baseline 0 -15"><span class='ocrx_word' id='word_1_815' title='bbox 2135 4232 2219 4276; x_wconf 87' lang='lat' dir='ltr'><strong>tus</strong></span> <span class='ocrx_word' id='word_1_816' title='bbox 2249 4232 2303 4276; x_wconf 90' lang='lat' dir='ltr'><strong>et</strong></span> <span class='ocrx_word' id='word_1_817' title='bbox 2340 4222 2693 4291; x_wconf 83' lang='lat' dir='ltr'><strong>inlerpnlatus</strong></span> <span class='ocrx_word' id='word_1_818' title='bbox 2713 4260 2728 4286; x_wconf 95' lang='lat'><strong>,</strong></span> <span class='ocrx_word' id='word_1_819' title='bbox 2772 4221 2824 4274; x_wconf 90' lang='lat' dir='ltr'><strong>in</strong></span> <span class='ocrx_word' id='word_1_820' title='bbox 2852 4235 2963 4290; x_wconf 93' lang='lat' dir='ltr'><strong>quo</strong></span> <span class='ocrx_word' id='word_1_821' title='bbox 2986 4222 3255 4291; x_wconf 85' lang='lat' dir='ltr'><strong>adjectum</strong></span> <span class='ocrx_word' id='word_1_822' title='bbox 3284 4229 3370 4277; x_wconf 87' lang='lat' dir='ltr'><strong>est</strong></span> <span class='ocrx_word' id='word_1_823' title='bbox 3397 4220 3553 4290; x_wconf 78' lang='lat' dir='ltr'><strong>ﬁdem</strong></span> <span class='ocrx_word' id='word_1_824' title='bbox 3581 4231 3723 4276; x_wconf 86' lang='lat' dir='ltr'><strong>tuam</strong></span> 
     </span>
    </p>
   </div>
   <div class='ocr_carea' id='block_1_104' title="bbox 2133 4291 3727 4366">
    <p class='ocr_par' dir='ltr' id='par_1_104' title="bbox 2133 4291 3727 4366">
     <span class='ocr_line' id='line_1_106' title="bbox 2133 4291 3727 4366; baseline 0 -20"><span class='ocrx_word' id='word_1_825' title='bbox 2133 4295 2313 4366; x_wconf 80' lang='lat' dir='ltr'><strong>ignoro</strong></span> <span class='ocrx_word' id='word_1_826' title='bbox 2343 4300 2535 4366; x_wconf 65' lang='lat' dir='ltr'><strong>praeter</strong></span> <span class='ocrx_word' id='word_1_827' title='bbox 2565 4291 2726 4345; x_wconf 85' lang='lat' dir='ltr'><strong>ﬁdem</strong></span> <span class='ocrx_word' id='word_1_828' title='bbox 2760 4293 3014 4366; x_wconf 60' lang='grc' dir='ltr'><strong>οιιιιιίιιιιιΔ</strong></span> <span class='ocrx_word' id='word_1_829' title='bbox 3032 4308 3164 4348; x_wconf 88' lang='lat' dir='ltr'><strong>mss.</strong></span> <span class='ocrx_word' id='word_1_830' title='bbox 3195 4307 3422 4366; x_wconf 88' lang='lat' dir='ltr'><strong>quorum</strong></span> <span class='ocrx_word' id='word_1_831' title='bbox 3452 4307 3555 4361; x_wconf 79' lang='lat' dir='ltr'><strong>Ope</strong></span> <span class='ocrx_word' id='word_1_832' title='bbox 3584 4308 3727 4366; x_wconf 85' lang='lat' dir='ltr'><strong>nunc</strong></span> 
     </span>
    </p>
   </div>
   <div class='ocr_carea' id='block_1_105' title="bbox 2132 4363 3728 4436">
    <p class='ocr_par' dir='ltr' id='par_1_105' title="bbox 2132 4363 3728 4436">
     <span class='ocr_line' id='line_1_107' title="bbox 2132 4363 3728 4436; baseline 0 -17"><span class='ocrx_word' id='word_1_833' title='bbox 2132 4363 2445 4436; x_wconf 74' lang='lat' dir='ltr'><strong>castigatur.</strong></span> <span class='ocrx_word' id='word_1_834' title='bbox 2475 4363 2809 4436; x_wconf 79' lang='lat' dir='ltr'><strong>Quamquam</strong></span> <span class='ocrx_word' id='word_1_835' title='bbox 2842 4363 2931 4436; x_wconf 83' lang='lat' dir='ltr'><strong>ubi</strong></span> <span class='ocrx_word' id='word_1_836' title='bbox 2963 4363 3017 4417; x_wconf 92' lang='lat' dir='ltr'><strong>hi</strong></span> <span class='ocrx_word' id='word_1_837' title='bbox 3061 4378 3173 4433; x_wconf 65' lang='lat' dir='ltr'><strong>pra:</strong></span> <span class='ocrx_word' id='word_1_838' title='bbox 3201 4378 3262 4419; x_wconf 89' lang='lat' dir='ltr'><strong>se</strong></span> <span class='ocrx_word' id='word_1_839' title='bbox 3300 4365 3481 4419; x_wconf 77' lang='lat' dir='ltr'><strong>ierunt</strong></span> <span class='ocrx_word' id='word_1_840' title='bbox 3508 4380 3601 4436; x_wconf 80' lang='lat' dir='ltr'><strong>ego</strong></span> <span class='ocrx_word' id='word_1_841' title='bbox 3642 4365 3728 4419; x_wconf 89' lang='lat' dir='ltr'><strong>vel</strong></span> 
     </span>
    </p>
   </div>
   <div class='ocr_carea' id='block_1_106' title="bbox 2135 4432 3731 4506">
    <p class='ocr_par' dir='ltr' id='par_1_106' title="bbox 2135 4432 3731 4506">
     <span class='ocr_line' id='line_1_108' title="bbox 2135 4432 3731 4506; baseline 0 -16"><span class='ocrx_word' id='word_1_842' title='bbox 2135 4432 2293 4506; x_wconf 71' lang='lat' dir='ltr'><strong>ergo,</strong></span> <span class='ocrx_word' id='word_1_843' title='bbox 2316 4432 2979 4506; x_wconf 77' lang='lat' dir='ltr'><strong>restituendumduximns</strong></span> <span class='ocrx_word' id='word_1_844' title='bbox 3005 4451 3162 4506; x_wconf 84' lang='lat' dir='ltr'><strong>pergo</strong></span> <span class='ocrx_word' id='word_1_845' title='bbox 3185 4451 3204 4489; x_wconf 93' lang='lat'><strong><em>:</em></strong></span> <span class='ocrx_word' id='word_1_846' title='bbox 3236 4449 3335 4491; x_wconf 93' lang='lat' dir='ltr'><strong>nec</strong></span> <span class='ocrx_word' id='word_1_847' title='bbox 3362 4432 3731 4506; x_wconf 71' lang='lat' dir='ltr'><strong>retugeremus</strong></span> 
     </span>
    </p>
   </div>
   <div class='ocr_carea' id='block_1_107' title="bbox 2133 4503 3734 4577">
    <p class='ocr_par' dir='ltr' id='par_1_107' title="bbox 2133 4503 3734 4577">
     <span class='ocr_line' id='line_1_109' title="bbox 2133 4503 3734 4577; baseline -0.001 -15"><span class='ocrx_word' id='word_1_848' title='bbox 2133 4503 2213 4562; x_wconf 67' lang='lat' dir='ltr'><strong>eo.</strong></span> <span class='ocrx_word' id='word_1_849' title='bbox 2243 4505 2304 4560; x_wconf 88' lang='lat' dir='ltr'><strong>ln</strong></span> <span class='ocrx_word' id='word_1_850' title='bbox 2353 4516 2683 4577; x_wconf 14' lang='lat' dir='ltr'><strong>ms.Aautem</strong></span> <span class='ocrx_word' id='word_1_851' title='bbox 2709 4504 2924 4577; x_wconf 82' lang='lat' dir='ltr'><strong>Martia.</strong></span> <span class='ocrx_word' id='word_1_852' title='bbox 2968 4507 3049 4561; x_wconf 91' lang='lat' dir='ltr'><strong>sic</strong></span> <span class='ocrx_word' id='word_1_853' title='bbox 3089 4503 3355 4561; x_wconf 79' lang='lat' dir='ltr'><strong>habetur:</strong></span> <span class='ocrx_word' id='word_1_854' title='bbox 3387 4503 3527 4577; x_wconf 73' lang='lat' dir='ltr'><strong>Ergo</strong></span> <span class='ocrx_word' id='word_1_855' title='bbox 3569 4522 3734 4575; x_wconf 82' lang='lat' dir='ltr'><strong>usque</strong></span> 
     </span>
    </p>
   </div>
   <div class='ocr_carea' id='block_1_108' title="bbox 2140 4575 3730 4649">
    <p class='ocr_par' dir='ltr' id='par_1_108' title="bbox 2140 4575 3730 4649">
     <span class='ocr_line' id='line_1_110' title="bbox 2140 4575 3730 4649; baseline -0.001 -17"><span class='ocrx_word' id='word_1_856' title='bbox 2140 4594 2275 4632; x_wconf 89' lang='lat' dir='ltr'><strong>nunc</strong></span> <span class='ocrx_word' id='word_1_857' title='bbox 2313 4593 2403 4648; x_wconf 87' lang='lat' dir='ltr'><strong>per</strong></span> <span class='ocrx_word' id='word_1_858' title='bbox 2439 4575 2801 4631; x_wconf 87' lang='lat' dir='ltr'><strong>demutationis</strong></span> <span class='ocrx_word' id='word_1_859' title='bbox 2830 4585 2943 4645; x_wconf 72' lang='lat' dir='ltr'><strong>tute</strong></span> <span class='ocrx_word' id='word_1_860' title='bbox 2979 4585 3207 4649; x_wconf 85' lang='lat' dir='ltr'><strong>tempora</strong></span> <span class='ocrx_word' id='word_1_861' title='bbox 3249 4592 3408 4646; x_wconf 83' lang='lat' dir='ltr'><strong>usque</strong></span> <span class='ocrx_word' id='word_1_862' title='bbox 3443 4575 3496 4630; x_wconf 86' lang='lat' dir='ltr'><strong>in</strong></span> <span class='ocrx_word' id='word_1_863' title='bbox 3533 4577 3730 4643; x_wconf 89' lang='lat' dir='ltr'><strong>imum,</strong></span> 
     </span>
    </p>
   </div>
   <div class='ocr_carea' id='block_1_109' title="bbox 2058 4625 2244 4706">
    <p class='ocr_par' dir='ltr' id='par_1_109' title="bbox 2058 4625 2244 4706">
     <span class='ocr_line' id='line_1_111' title="bbox 2058 4625 2244 4706; baseline -0.011 0"><span class='ocrx_word' id='word_1_864' title='bbox 2058 4625 2111 4685; x_wconf 81' lang='grc' dir='ltr'><strong>Ι)</strong></span> <span class='ocrx_word' id='word_1_865' title='bbox 2137 4625 2244 4706; x_wconf 64' lang='grc' dir='ltr'><strong>ἐξὲξ</strong></span> 
     </span>
    </p>
   </div>
   <div class='ocr_carea' id='block_1_110' title="bbox 2211 4717 3732 4791">
    <p class='ocr_par' dir='ltr' id='par_1_110' title="bbox 2211 4717 3732 4791">
     <span class='ocr_line' id='line_1_112' title="bbox 2211 4717 3732 4791; baseline -0.003 -16"><span class='ocrx_word' id='word_1_866' title='bbox 2211 4720 2275 4791; x_wconf 83' lang='grc' dir='ltr'><strong>(ι)</strong></span> <span class='ocrx_word' id='word_1_867' title='bbox 2314 4720 2390 4775; x_wconf 86' lang='lat' dir='ltr'><strong>Ita</strong></span> <span class='ocrx_word' id='word_1_868' title='bbox 2416 4717 2585 4775; x_wconf 82' lang='lat' dir='ltr'><strong>codex</strong></span> <span class='ocrx_word' id='word_1_869' title='bbox 2619 4717 2772 4791; x_wconf 11' lang='lat' dir='ltr'><strong>Co‘lb.</strong></span> <span class='ocrx_word' id='word_1_870' title='bbox 2813 4733 2935 4773; x_wconf 85' lang='lat' dir='ltr'><strong>cum</strong></span> <span class='ocrx_word' id='word_1_871' title='bbox 2974 4718 3198 4791; x_wconf 15' lang='lat' dir='ltr'><strong>,Martin.</strong></span> <span class='ocrx_word' id='word_1_872' title='bbox 3227 4718 3335 4772; x_wconf 80' lang='lat' dir='ltr'><strong>Alii</strong></span> <span class='ocrx_word' id='word_1_873' title='bbox 3365 4723 3732 4791; x_wconf 50' lang='lat' dir='ltr'><strong>antemnam:</strong></span> 
     </span>
    </p>
   </div>
   <div class='ocr_carea' id='block_1_111' title="bbox 2138 4786 3729 4870">
    <p class='ocr_par' dir='ltr' id='par_1_111' title="bbox 2138 4786 3729 4870">
     <span class='ocr_line' id='line_1_113' title="bbox 2138 4786 3729 4870; baseline -0.005 -23"><span class='ocrx_word' id='word_1_874' title='bbox 2138 4786 2448 4870; x_wconf 53' lang='lat' dir='ltr'><strong>ﬁdei._:l‘t_i_tn</strong></span> <span class='ocrx_word' id='word_1_875' title='bbox 2488 4792 2589 4845; x_wconf 88' lang='lat' dir='ltr'><strong>soli</strong></span> <span class='ocrx_word' id='word_1_876' title='bbox 2618 4789 2748 4870; x_wconf 84' lang='lat' dir='ltr'><strong>editi</strong></span> <span class='ocrx_word' id='word_1_877' title='bbox 2764 4829 2795 4870; x_wconf 76' lang='lat'><strong>,_</strong></span> <span class='ocrx_word' id='word_1_878' title='bbox 2815 4790 3242 4870; x_wconf 77' lang='lat' dir='ltr'><strong>synodicen,_ubi</strong></span> <span class='ocrx_word' id='word_1_879' title='bbox 3290 4790 3342 4843; x_wconf 90' lang='lat' dir='ltr'><strong>in</strong></span> <span class='ocrx_word' id='word_1_880' title='bbox 3385 4802 3490 4870; x_wconf 84' lang='lat' dir='ltr'><strong>ms.</strong></span> <span class='ocrx_word' id='word_1_881' title='bbox 3530 4786 3729 4870; x_wconf 35' lang='lat' dir='ltr'><strong>Mich.)</strong></span> 
     </span>
    </p>
   </div>
   <div class='ocr_carea' id='block_1_112' title="bbox 2139 4860 3735 4936">
    <p class='ocr_par' dir='ltr' id='par_1_112' title="bbox 2139 4860 3735 4936">
     <span class='ocr_line' id='line_1_114' title="bbox 2139 4860 3735 4936; baseline -0.004 -17"><span class='ocrx_word' id='word_1_882' title='bbox 2139 4860 2326 4936; x_wconf 77' lang='lat' dir='ltr'><strong>synodi</strong></span> <span class='ocrx_word' id='word_1_883' title='bbox 2355 4861 2623 4936; x_wconf 54' lang='lat' dir='ltr'><strong>lyictente,</strong></span> <span class='ocrx_word' id='word_1_884' title='bbox 2665 4862 2718 4915; x_wconf 92' lang='lat' dir='ltr'><strong>in</strong></span> <span class='ocrx_word' id='word_1_885' title='bbox 2758 4860 2919 4917; x_wconf 79' lang='lat' dir='ltr'><strong>Cara.</strong></span> <span class='ocrx_word' id='word_1_886' title='bbox 2960 4862 3145 4932; x_wconf 80' lang='lat' dir='ltr'><strong>synodi</strong></span> <span class='ocrx_word' id='word_1_887' title='bbox 3184 4861 3375 4927; x_wconf 83' lang='lat' dir='ltr'><strong>vicem,</strong></span> <span class='ocrx_word' id='word_1_888' title='bbox 3408 4860 3462 4913; x_wconf 89' lang='lat' dir='ltr'><strong>in</strong></span> <span class='ocrx_word' id='word_1_889' title='bbox 3512 4860 3735 4928; x_wconf 86' lang='lat' dir='ltr'><strong>reliquis</strong></span> 
     </span>
    </p>
   </div>
   <div class='ocr_carea' id='block_1_113' title="bbox 2140 4934 2579 5007">
    <p class='ocr_par' dir='ltr' id='par_1_113' title="bbox 2140 4934 2579 5007">
     <span class='ocr_line' id='line_1_115' title="bbox 2140 4934 2579 5007; baseline -0.011 -16"><span class='ocrx_word' id='word_1_890' title='bbox 2140 4934 2324 5007; x_wconf 64' lang='lat' dir='ltr'><strong>synodi</strong></span> <span class='ocrx_word' id='word_1_891' title='bbox 2358 4934 2579 5007; x_wconf 66' lang='lat' dir='ltr'><strong>Nicafni.</strong></span> 
     </span>
    </p>
   </div>
   <div class='ocr_carea' id='block_1_114' title="bbox 2215 5003 3740 5079">
    <p class='ocr_par' dir='ltr' id='par_1_114' title="bbox 2215 5003 3740 5079">
     <span class='ocr_line' id='line_1_116' title="bbox 2215 5003 3740 5079; baseline -0.002 -19"><span class='ocrx_word' id='word_1_892' title='bbox 2215 5005 2515 5079; x_wconf 15' lang='lat' dir='ltr'><strong>(m)7Editi,</strong></span> <span class='ocrx_word' id='word_1_893' title='bbox 2548 5005 2602 5058; x_wconf 89' lang='lat' dir='ltr'><strong>in</strong></span> <span class='ocrx_word' id='word_1_894' title='bbox 2640 5004 2818 5058; x_wconf 87' lang='lat' dir='ltr'><strong>eadem</strong></span> <span class='ocrx_word' id='word_1_895' title='bbox 2855 5003 3153 5059; x_wconf 77' lang='lat' dir='ltr'><strong>Nicteorum</strong></span> <span class='ocrx_word' id='word_1_896' title='bbox 3194 5004 3295 5073; x_wconf 80' lang='lat' dir='ltr'><strong>ﬁde</strong></span> <span class='ocrx_word' id='word_1_897' title='bbox 3327 5021 3347 5059; x_wconf 89' lang='lat'><strong><em>:</em></strong></span> <span class='ocrx_word' id='word_1_898' title='bbox 3383 5003 3740 5060; x_wconf 88' lang='lat' dir='ltr'><strong>emendantur</strong></span> 
     </span>
    </p>
   </div>
   <div class='ocr_carea' id='block_1_115' title="bbox 2143 5078 2470 5144">
    <p class='ocr_par' dir='ltr' id='par_1_115' title="bbox 2143 5078 2470 5144">
     <span class='ocr_line' id='line_1_117' title="bbox 2143 5078 2470 5144; baseline -0.018 -11"><span class='ocrx_word' id='word_1_899' title='bbox 2143 5092 2209 5134; x_wconf 82' lang='lat' dir='ltr'><strong>ex</strong></span> <span class='ocrx_word' id='word_1_900' title='bbox 2236 5078 2470 5144; x_wconf 86' lang='lat' dir='ltr'><strong>scriptis.</strong></span> 
     </span>
    </p>
   </div>
   <div class='ocr_carea' id='block_1_116' title="bbox 2148 5144 3738 5285">
    <p class='ocr_par' dir='ltr' id='par_1_116' title="bbox 2148 5144 3738 5285">
     <span class='ocr_line' id='line_1_118' title="bbox 2224 5144 3736 5273; baseline -0.003 -72"><span class='ocrx_word' id='word_1_901' title='bbox 2224 5148 2301 5273; x_wconf 47' lang='lat' dir='ltr'><strong>sit)</strong></span> <span class='ocrx_word' id='word_1_902' title='bbox 2342 5149 2414 5201; x_wconf 86' lang='lat' dir='ltr'><strong>lta</strong></span> <span class='ocrx_word' id='word_1_903' title='bbox 2458 5161 2559 5199; x_wconf 86' lang='lat' dir='ltr'><strong>ms.</strong></span> <span class='ocrx_word' id='word_1_904' title='bbox 2600 5144 2723 5200; x_wconf 81' lang='lat' dir='ltr'><strong>Vat.</strong></span> <span class='ocrx_word' id='word_1_905' title='bbox 2769 5146 2883 5199; x_wconf 91' lang='lat' dir='ltr'><strong>bas.</strong></span> <span class='ocrx_word' id='word_1_906' title='bbox 2924 5145 3146 5199; x_wconf 86' lang='lat' dir='ltr'><strong>Prohari</strong></span> <span class='ocrx_word' id='word_1_907' title='bbox 3184 5146 3346 5199; x_wconf 87' lang='lat' dir='ltr'><strong>etiam</strong></span> <span class='ocrx_word' id='word_1_908' title='bbox 3388 5154 3565 5216; x_wconf 88' lang='lat' dir='ltr'><strong>potest</strong></span> <span class='ocrx_word' id='word_1_909' title='bbox 3610 5158 3736 5198; x_wconf 88' lang='lat' dir='ltr'><strong>cum</strong></span> 
     </span>
     <span class='ocr_line' id='line_1_119' title="bbox 2148 5213 3738 5285; baseline -0.003 -11"><span class='ocrx_word' id='word_1_910' title='bbox 2148 5220 2223 5274; x_wconf 87' lang='lat' dir='ltr'><strong>Co</strong></span> <span class='ocrx_word' id='word_1_911' title='bbox 2251 5219 2300 5273; x_wconf 91' lang='lat' dir='ltr'><strong>b.</strong></span> <span class='ocrx_word' id='word_1_912' title='bbox 2332 5226 2387 5271; x_wconf 77' lang='lat' dir='ltr'><strong>et</strong></span> <span class='ocrx_word' id='word_1_913' title='bbox 2412 5215 2625 5270; x_wconf 79' lang='lat' dir='ltr'><strong>Martia.</strong></span> <span class='ocrx_word' id='word_1_914' title='bbox 2657 5232 2835 5285; x_wconf 86' lang='lat' dir='ltr'><strong>nempe</strong></span> <span class='ocrx_word' id='word_1_915' title='bbox 2871 5215 3021 5269; x_wconf 83' lang='lat' dir='ltr'><strong>illud.</strong></span> <span class='ocrx_word' id='word_1_916' title='bbox 3055 5216 3229 5270; x_wconf 81' lang='lat' dir='ltr'><strong>Minus</strong></span> <span class='ocrx_word' id='word_1_917' title='bbox 3272 5216 3409 5272; x_wconf 87' lang='lat' dir='ltr'><strong>bene</strong></span> <span class='ocrx_word' id='word_1_918' title='bbox 3438 5225 3615 5271; x_wconf 89' lang='lat' dir='ltr'><strong>autem</strong></span> <span class='ocrx_word' id='word_1_919' title='bbox 3642 5213 3738 5269; x_wconf 90' lang='lat' dir='ltr'><strong>alii</strong></span> 
     </span>
    </p>
   </div>
   <div class='ocr_carea' id='block_1_117' title="bbox 457 5286 3739 5374">
    <p class='ocr_par' dir='ltr' id='par_1_117' title="bbox 457 5286 3739 5374">
     <span class='ocr_line' id='line_1_120' title="bbox 457 5286 3739 5374; baseline -0.003 -27"><span class='ocrx_word' id='word_1_920' title='bbox 457 5291 656 5374; x_wconf 72' lang='lat' dir='ltr'><strong>posite,</strong></span> <span class='ocrx_word' id='word_1_921' title='bbox 682 5286 1197 5374; x_wconf 42' lang='lat' dir='ltr'><strong>Augustinus—epist.</strong></span> <span class='ocrx_word' id='word_1_922' title='bbox 1226 5286 1572 5374; x_wconf 53' lang='lat' dir='ltr'><strong>nuncoixw,</strong></span> <span class='ocrx_word' id='word_1_923' title='bbox 1608 5308 1662 5345; x_wconf 93' lang='lat' dir='ltr'><strong>n.</strong></span> <span class='ocrx_word' id='word_1_924' title='bbox 1696 5293 1763 5347; x_wconf 82' lang='grc'>19</span> <span class='ocrx_word' id='word_1_925' title='bbox 1789 5286 1898 5374; x_wconf 52' lang='lat' dir='ltr'><strong>{es</strong></span> <span class='ocrx_word' id='word_1_926' title='bbox 1930 5286 2046 5344; x_wconf 81' lang='lat' dir='ltr'><strong>Vir-</strong></span> <span class='ocrx_word' id='word_1_927' title='bbox 2150 5305 2271 5374; x_wconf 76' lang='lat' dir='ltr'><strong>eum</strong></span> <span class='ocrx_word' id='word_1_928' title='bbox 2300 5287 2730 5374; x_wconf 48' lang='lat' dir='ltr'><strong>e‘ditis&#39;.rntininte</strong></span> <span class='ocrx_word' id='word_1_929' title='bbox 2750 5287 2886 5368; x_wconf 74' lang='lat' dir='ltr'><strong>fallit</strong></span> <span class='ocrx_word' id='word_1_930' title='bbox 2912 5286 3460 5374; x_wconf 77' lang='lat' dir='ltr'><strong>Deindequod</strong></span> <span class='ocrx_word' id='word_1_931' title='bbox 3479 5297 3627 5374; x_wconf 74' lang='lat' dir='ltr'><strong>tuum</strong></span> <span class='ocrx_word' id='word_1_932' title='bbox 3647 5292 3739 5374; x_wconf 59' lang='lat' dir='ltr'><strong>est</strong></span> 
     </span>
    </p>
   </div>
   <div class='ocr_carea' id='block_1_118' title="bbox 452 5363 2047 5433">
    <p class='ocr_par' dir='ltr' id='par_1_118' title="bbox 452 5363 2047 5433">
     <span class='ocr_line' id='line_1_121' title="bbox 452 5363 2047 5433; baseline 0 -17"><span class='ocrx_word' id='word_1_933' title='bbox 452 5363 572 5433; x_wconf 79' lang='lat' dir='ltr'><strong>giae</strong></span> <span class='ocrx_word' id='word_1_934' title='bbox 614 5379 789 5417; x_wconf 81' lang='lat' dir='ltr'><strong>veram</strong></span> <span class='ocrx_word' id='word_1_935' title='bbox 829 5365 1032 5431; x_wconf 78' lang='lat' dir='ltr'><strong>quidem</strong></span> <span class='ocrx_word' id='word_1_936' title='bbox 1076 5365 1265 5425; x_wconf 61' lang='lat' dir='ltr'><strong>,carni‘s</strong></span> <span class='ocrx_word' id='word_1_937' title='bbox 1315 5363 1684 5428; x_wconf 81' lang='lat' dir='ltr'><strong>substantiam;</strong></span> <span class='ocrx_word' id='word_1_938' title='bbox 1732 5378 1835 5416; x_wconf 86' lang='lat' dir='ltr'><strong>non</strong></span> <span class='ocrx_word' id='word_1_939' title='bbox 1879 5371 2047 5416; x_wconf 85' lang='lat' dir='ltr'><strong>tamen</strong></span> 
     </span>
    </p>
   </div>
   <div class='ocr_carea' id='block_1_119' title="bbox 456 5433 2050 5505">
    <p class='ocr_par' dir='ltr' id='par_1_119' title="bbox 456 5433 2050 5505">
     <span class='ocr_line' id='line_1_122' title="bbox 456 5433 2050 5505; baseline 0 -18"><span class='ocrx_word' id='word_1_940' title='bbox 456 5433 654 5505; x_wconf 85' lang='lat' dir='ltr'><strong>peccati</strong></span> <span class='ocrx_word' id='word_1_941' title='bbox 681 5451 919 5500; x_wconf 80' lang='lat' dir='ltr'><strong>cantem,</strong></span> <span class='ocrx_word' id='word_1_942' title='bbox 959 5436 1081 5504; x_wconf 79' lang='lat' dir='ltr'><strong>quia</strong></span> <span class='ocrx_word' id='word_1_943' title='bbox 1115 5452 1219 5490; x_wconf 88' lang='lat' dir='ltr'><strong>non</strong></span> <span class='ocrx_word' id='word_1_944' title='bbox 1247 5450 1312 5489; x_wconf 78' lang='lat' dir='ltr'><strong>ea:</strong></span> <span class='ocrx_word' id='word_1_945' title='bbox 1330 5435 1508 5491; x_wconf 79' lang='lat' dir='ltr'><strong>carnis</strong></span> <span class='ocrx_word' id='word_1_946' title='bbox 1536 5435 1816 5489; x_wconf 74' lang='lat' dir='ltr'><strong>substantia</strong></span> <span class='ocrx_word' id='word_1_947' title='bbox 1841 5434 1943 5488; x_wconf 81' lang='lat' dir='ltr'><strong>sive</strong></span> <span class='ocrx_word' id='word_1_948' title='bbox 1971 5450 2050 5487; x_wconf 87' lang='lat' dir='ltr'><strong>se-</strong></span> 
     </span>
    </p>
   </div>
   <div class='ocr_carea' id='block_1_120' title="bbox 461 5507 2050 5576">
    <p class='ocr_par' dir='ltr' id='par_1_120' title="bbox 461 5507 2050 5576">
     <span class='ocr_line' id='line_1_123' title="bbox 461 5507 2050 5576; baseline -0.001 -19"><span class='ocrx_word' id='word_1_949' title='bbox 461 5507 707 5559; x_wconf 82' lang='lat' dir='ltr'><strong>minatant</strong></span> <span class='ocrx_word' id='word_1_950' title='bbox 737 5510 838 5560; x_wconf 77' lang='lat' dir='ltr'><strong>sine</strong></span> <span class='ocrx_word' id='word_1_951' title='bbox 862 5518 1195 5576; x_wconf 82' lang='lat' dir='ltr'><strong>conceptam;</strong></span> <span class='ocrx_word' id='word_1_952' title='bbox 1228 5508 1492 5563; x_wconf 81' lang='lat' dir='ltr'><strong>mortalem</strong></span> <span class='ocrx_word' id='word_1_953' title='bbox 1520 5521 1644 5560; x_wconf 80' lang='lat' dir='ltr'><strong>sane</strong></span> <span class='ocrx_word' id='word_1_954' title='bbox 1668 5522 1728 5560; x_wconf 85' lang='lat' dir='ltr'><strong>ac</strong></span> <span class='ocrx_word' id='word_1_955' title='bbox 1760 5521 1849 5573; x_wconf 83' lang='lat' dir='ltr'><strong>per</strong></span> <span class='ocrx_word' id='word_1_956' title='bbox 1877 5513 2050 5576; x_wconf 70' lang='lat' dir='ltr'><strong>(states</strong></span> 
     </span>
    </p>
   </div>
   <div class='ocr_carea' id='block_1_121' title="bbox 2155 5356 3740 5427">
    <p class='ocr_par' dir='ltr' id='par_1_121' title="bbox 2155 5356 3740 5427">
     <span class='ocr_line' id='line_1_124' title="bbox 2155 5356 3740 5427; baseline -0.004 -12"><span class='ocrx_word' id='word_1_957' title='bbox 2155 5361 2277 5415; x_wconf 91' lang='lat' dir='ltr'><strong>ideo</strong></span> <span class='ocrx_word' id='word_1_958' title='bbox 2306 5359 2433 5413; x_wconf 90' lang='lat' dir='ltr'><strong>dicit</strong></span> <span class='ocrx_word' id='word_1_959' title='bbox 2457 5356 2690 5411; x_wconf 85' lang='lat' dir='ltr'><strong>Hilarius</strong></span> <span class='ocrx_word' id='word_1_960' title='bbox 2713 5397 2728 5419; x_wconf 88' lang='lat'><strong>,</strong></span> <span class='ocrx_word' id='word_1_961' title='bbox 2761 5359 2884 5427; x_wconf 85' lang='lat' dir='ltr'><strong>quia</strong></span> <span class='ocrx_word' id='word_1_962' title='bbox 2912 5356 3232 5412; x_wconf 86' lang='lat' dir='ltr'><strong>Constantio</strong></span> <span class='ocrx_word' id='word_1_963' title='bbox 3261 5356 3529 5426; x_wconf 51' lang='lat' dir='ltr'><strong>praesente</strong></span> <span class='ocrx_word' id='word_1_964' title='bbox 3557 5366 3613 5411; x_wconf 90' lang='lat' dir='ltr'><strong>et</strong></span> <span class='ocrx_word' id='word_1_965' title='bbox 3641 5371 3740 5424; x_wconf 63' lang='lat' dir='ltr'><strong>apo</strong></span> 
     </span>
    </p>
   </div>
   <div class='ocr_carea' id='block_1_122' title="bbox 2158 5428 3746 5502">
    <p class='ocr_par' dir='ltr' id='par_1_122' title="bbox 2158 5428 3746 5502">
     <span class='ocr_line' id='line_1_125' title="bbox 2158 5428 3746 5502; baseline -0.004 -16"><span class='ocrx_word' id='word_1_966' title='bbox 2158 5432 2418 5502; x_wconf 88' lang='lat' dir='ltr'><strong>probante</strong></span> <span class='ocrx_word' id='word_1_967' title='bbox 2448 5429 2692 5502; x_wconf 76' lang='lat' dir='ltr'><strong>eXposita</strong></span> <span class='ocrx_word' id='word_1_968' title='bbox 2731 5437 2816 5483; x_wconf 89' lang='lat' dir='ltr'><strong>est</strong></span> <span class='ocrx_word' id='word_1_969' title='bbox 2842 5428 3189 5502; x_wconf 73' lang='lat' dir='ltr'><strong>Antiochena</strong></span> <span class='ocrx_word' id='word_1_970' title='bbox 3228 5429 3396 5502; x_wconf 87' lang='lat' dir='ltr'><strong>ﬁdes,</strong></span> <span class='ocrx_word' id='word_1_971' title='bbox 3436 5429 3746 5502; x_wconf 44' lang='lat' dir='ltr'><strong>eujusnsnnt</strong></span> 
     </span>
    </p>
   </div>
   <div class='ocr_carea' id='block_1_123' title="bbox 2156 5498 3744 5569">
    <p class='ocr_par' dir='ltr' id='par_1_123' title="bbox 2156 5498 3744 5569">
     <span class='ocr_line' id='line_1_126' title="bbox 2156 5498 3744 5569; baseline -0.004 -12"><span class='ocrx_word' id='word_1_972' title='bbox 2156 5498 2322 5558; x_wconf 76' lang='lat' dir='ltr'><strong>verba</strong></span> <span class='ocrx_word' id='word_1_973' title='bbox 2349 5499 2660 5569; x_wconf 87' lang='lat' dir='ltr'><strong>sequentia,</strong></span> <span class='ocrx_word' id='word_1_974' title='bbox 2690 5516 2806 5567; x_wconf 78' lang='lat' dir='ltr'><strong>quae</strong></span> <span class='ocrx_word' id='word_1_975' title='bbox 2838 5501 2891 5553; x_wconf 90' lang='lat' dir='ltr'><strong>in</strong></span> <span class='ocrx_word' id='word_1_976' title='bbox 2923 5499 3069 5568; x_wconf 81' lang='lat' dir='ltr'><strong>prius</strong></span> <span class='ocrx_word' id='word_1_977' title='bbox 3096 5500 3320 5568; x_wconf 82' lang='lat' dir='ltr'><strong>vulgatis</strong></span> <span class='ocrx_word' id='word_1_978' title='bbox 3359 5500 3558 5569; x_wconf 65' lang='lat' dir='ltr'><strong>prieter</strong></span> <span class='ocrx_word' id='word_1_979' title='bbox 3584 5498 3744 5552; x_wconf 85' lang='lat' dir='ltr'><strong>ﬁdem</strong></span> 
     </span>
    </p>
   </div>
   <div class='ocr_carea' id='block_1_124' title="bbox 461 5569 3748 5648">
    <p class='ocr_par' dir='ltr' id='par_1_124' title="bbox 461 5569 3748 5648">
     <span class='ocr_line' id='line_1_127' title="bbox 461 5569 3748 5648; baseline -0.002 -21"><span class='ocrx_word' id='word_1_980' title='bbox 461 5577 756 5648; x_wconf 77' lang='lat' dir='ltr'><strong>mutabilem</strong></span> <span class='ocrx_word' id='word_1_981' title='bbox 778 5616 793 5642; x_wconf 92' lang='lat'><strong>,</strong></span> <span class='ocrx_word' id='word_1_982' title='bbox 830 5569 1086 5648; x_wconf 80' lang='lat' dir='ltr'><strong>tamquam</strong></span> <span class='ocrx_word' id='word_1_983' title='bbox 1116 5569 1259 5631; x_wconf 83' lang='lat' dir='ltr'><strong>carni</strong></span> <span class='ocrx_word' id='word_1_984' title='bbox 1288 5577 1481 5648; x_wconf 80' lang='lat' dir='ltr'><strong>peccati</strong></span> <span class='ocrx_word' id='word_1_985' title='bbox 1509 5577 1619 5632; x_wconf 87' lang='lat' dir='ltr'><strong>sine</strong></span> <span class='ocrx_word' id='word_1_986' title='bbox 1646 5569 1851 5644; x_wconf 73' lang='lat' dir='ltr'><strong>peccato</strong></span> <span class='ocrx_word' id='word_1_987' title='bbox 1890 5573 2058 5648; x_wconf 26' lang='lat' dir='ltr'><strong>sim‘il—</strong></span> <span class='ocrx_word' id='word_1_988' title='bbox 2161 5589 2290 5648; x_wconf 77' lang='lat' dir='ltr'><strong>mss.</strong></span> <span class='ocrx_word' id='word_1_989' title='bbox 2317 5569 2739 5648; x_wconf 65' lang='lat' dir='ltr'><strong>siginterpolata</strong></span> <span class='ocrx_word' id='word_1_990' title='bbox 2766 5577 2922 5648; x_wconf 52' lang='lat' dir='ltr'><strong>erant</strong></span> <span class='ocrx_word' id='word_1_991' title='bbox 2946 5586 2959 5621; x_wconf 90' lang='lat'><strong>:</strong></span> <span class='ocrx_word' id='word_1_992' title='bbox 2996 5570 3508 5648; x_wconf 77' lang='lat' dir='ltr'><strong>Pat_res_generatum_</strong></span> <span class='ocrx_word' id='word_1_993' title='bbox 3542 5583 3748 5648; x_wconf 50' lang='lat' dir='ltr'><strong>esse-ea:</strong></span> 
     </span>
    </p>
   </div>
   <div class='ocr_carea' id='block_1_125' title="bbox 467 5645 2051 5719">
    <p class='ocr_par' dir='ltr' id='par_1_125' title="bbox 467 5645 2051 5719">
     <span class='ocr_line' id='line_1_128' title="bbox 467 5645 2051 5719; baseline -0.001 -20"><span class='ocrx_word' id='word_1_994' title='bbox 467 5645 662 5719; x_wconf 75' lang='lat' dir='ltr'><strong>limam.</strong></span> <span class='ocrx_word' id='word_1_995' title='bbox 698 5647 914 5709; x_wconf 75' lang='lat' dir='ltr'><strong>Videsis</strong></span> <span class='ocrx_word' id='word_1_996' title='bbox 949 5645 1244 5719; x_wconf 85' lang='lat' dir='ltr'><strong>ipsummet</strong></span> <span class='ocrx_word' id='word_1_997' title='bbox 1290 5647 1576 5714; x_wconf 82' lang='lat' dir='ltr'><strong>Hilarium,</strong></span> <span class='ocrx_word' id='word_1_998' title='bbox 1606 5648 1700 5703; x_wconf 89' lang='lat' dir='ltr'><strong>lib.</strong></span> <span class='ocrx_word' id='word_1_999' title='bbox 1736 5664 1770 5702; x_wconf 75' lang='grc' dir='ltr'><strong><em>κ</em></strong></span> <span class='ocrx_word' id='word_1_1000' title='bbox 1810 5648 1877 5702; x_wconf 89' lang='lat' dir='ltr'><strong>de</strong></span> <span class='ocrx_word' id='word_1_1001' title='bbox 1903 5645 2051 5703; x_wconf 89' lang='lat' dir='ltr'><strong>Trin.</strong></span> 
     </span>
    </p>
   </div>
   <div class='ocr_carea' id='block_1_126' title="bbox 467 5717 649 5775">
    <p class='ocr_par' dir='ltr' id='par_1_126' title="bbox 467 5717 649 5775">
     <span class='ocr_line' id='line_1_129' title="bbox 467 5717 649 5775; baseline 0.011 -4"><span class='ocrx_word' id='word_1_1002' title='bbox 467 5733 524 5772; x_wconf 87' lang='grc' dir='ltr'>ιι.</span> <span class='ocrx_word' id='word_1_1003' title='bbox 555 5717 649 5775; x_wconf 75' lang='lat'><strong>25.</strong></span> 
     </span>
    </p>
   </div>
   <div class='ocr_carea' id='block_1_127' title="bbox 546 5789 2060 5871">
    <p class='ocr_par' dir='ltr' id='par_1_127' title="bbox 546 5789 2060 5871">
     <span class='ocr_line' id='line_1_130' title="bbox 546 5789 2060 5871; baseline -0.005 -23"><span class='ocrx_word' id='word_1_1004' title='bbox 546 5789 630 5871; x_wconf 60' lang='lat' dir='ltr'><strong>lg)</strong></span> <span class='ocrx_word' id='word_1_1005' title='bbox 667 5789 980 5871; x_wconf 63' lang='lat' dir='ltr'><strong>Legendttm</strong></span> <span class='ocrx_word' id='word_1_1006' title='bbox 1009 5792 1097 5871; x_wconf 76' lang='lat' dir='ltr'><strong>hic</strong></span> <span class='ocrx_word' id='word_1_1007' title='bbox 1132 5790 1386 5871; x_wconf 81' lang='lat' dir='ltr'><strong>videtur,_</strong></span> <span class='ocrx_word' id='word_1_1008' title='bbox 1410 5790 1528 5859; x_wconf 86' lang='lat' dir='ltr'><strong>quia</strong></span> <span class='ocrx_word' id='word_1_1009' title='bbox 1566 5789 1660 5871; x_wconf 75' lang='lat' dir='ltr'><strong>sibi</strong></span> <span class='ocrx_word' id='word_1_1010' title='bbox 1703 5800 1901 5871; x_wconf 74' lang='lat' dir='ltr'><strong>patrem</strong></span> <span class='ocrx_word' id='word_1_1011' title='bbox 1939 5803 2060 5869; x_wconf 73' lang='lat' dir='ltr'><strong>pro-</strong></span> 
     </span>
    </p>
   </div>
   <div class='ocr_carea' id='block_1_128' title="bbox 2169 5638 3748 5707">
    <p class='ocr_par' dir='ltr' id='par_1_128' title="bbox 2169 5638 3748 5707">
     <span class='ocr_line' id='line_1_131' title="bbox 2169 5638 3748 5707; baseline -0.003 -10"><span class='ocrx_word' id='word_1_1012' title='bbox 2169 5643 2324 5698; x_wconf 85' lang='lat' dir='ltr'><strong>Pntre</strong></span> <span class='ocrx_word' id='word_1_1013' title='bbox 2348 5640 2546 5695; x_wconf 81' lang='lat' dir='ltr'><strong>Filium</strong></span> <span class='ocrx_word' id='word_1_1014' title='bbox 2570 5642 2840 5707; x_wconf 78' lang='lat' dir='ltr'><strong>dixerunt,</strong></span> <span class='ocrx_word' id='word_1_1015' title='bbox 2871 5641 3035 5695; x_wconf 86' lang='lat' dir='ltr'><strong>Deum</strong></span> <span class='ocrx_word' id='word_1_1016' title='bbox 3065 5641 3128 5694; x_wconf 86' lang='lat' dir='ltr'><strong>de</strong></span> <span class='ocrx_word' id='word_1_1017' title='bbox 3170 5638 3311 5706; x_wconf 77' lang='lat' dir='ltr'><strong>lico,</strong></span> <span class='ocrx_word' id='word_1_1018' title='bbox 3341 5650 3446 5696; x_wconf 89' lang='lat' dir='ltr'><strong>etc.</strong></span> <span class='ocrx_word' id='word_1_1019' title='bbox 3476 5642 3619 5694; x_wconf 86' lang='lat' dir='ltr'><strong>Sane</strong></span> <span class='ocrx_word' id='word_1_1020' title='bbox 3648 5638 3748 5693; x_wconf 80' lang='lat' dir='ltr'><strong>ili-</strong></span> 
     </span>
    </p>
   </div>
   <div class='ocr_carea' id='block_1_129' title="bbox 2167 5708 3749 5779">
    <p class='ocr_par' dir='ltr' id='par_1_129' title="bbox 2167 5708 3749 5779">
     <span class='ocr_line' id='line_1_132' title="bbox 2167 5708 3749 5779; baseline -0.004 -10"><span class='ocrx_word' id='word_1_1021' title='bbox 2167 5715 2333 5769; x_wconf 88' lang='lat' dir='ltr'><strong>larius</strong></span> <span class='ocrx_word' id='word_1_1022' title='bbox 2370 5712 2690 5768; x_wconf 83' lang='lat' dir='ltr'><strong>Constantio</strong></span> <span class='ocrx_word' id='word_1_1023' title='bbox 2714 5714 3014 5779; x_wconf 76' lang='lat' dir='ltr'><strong>Spondens,</strong></span> <span class='ocrx_word' id='word_1_1024' title='bbox 3056 5725 3115 5766; x_wconf 90' lang='lat' dir='ltr'><strong>se</strong></span> <span class='ocrx_word' id='word_1_1025' title='bbox 3144 5715 3574 5767; x_wconf 86' lang='lat' dir='ltr'><strong>renuntiaturum</strong></span> <span class='ocrx_word' id='word_1_1026' title='bbox 3605 5708 3749 5779; x_wconf 90' lang='lat' dir='ltr'><strong>quod</strong></span> 
     </span>
    </p>
   </div>
   <div class='ocr_carea' id='block_1_130' title="bbox 2170 5778 3752 5848">
    <p class='ocr_par' dir='ltr' id='par_1_130' title="bbox 2170 5778 3752 5848">
     <span class='ocr_line' id='line_1_133' title="bbox 2170 5778 3752 5848; baseline -0.004 -7"><span class='ocrx_word' id='word_1_1027' title='bbox 2170 5786 2313 5841; x_wconf 90' lang='lat' dir='ltr'><strong>illius</strong></span> <span class='ocrx_word' id='word_1_1028' title='bbox 2348 5794 2462 5848; x_wconf 87' lang='lat' dir='ltr'><strong>est,</strong></span> <span class='ocrx_word' id='word_1_1029' title='bbox 2490 5783 2624 5837; x_wconf 90' lang='lat' dir='ltr'><strong>nihil</strong></span> <span class='ocrx_word' id='word_1_1030' title='bbox 2660 5778 2846 5837; x_wconf 90' lang='lat' dir='ltr'><strong>debuit</strong></span> <span class='ocrx_word' id='word_1_1031' title='bbox 2881 5783 2986 5837; x_wconf 87' lang='lat' dir='ltr'><strong>alio</strong></span> <span class='ocrx_word' id='word_1_1032' title='bbox 3011 5786 3230 5839; x_wconf 88' lang='lat' dir='ltr'><strong>nomine</strong></span> <span class='ocrx_word' id='word_1_1033' title='bbox 3256 5784 3587 5845; x_wconf 72' lang='lat' dir='ltr'><strong>renuntiare,</strong></span> <span class='ocrx_word' id='word_1_1034' title='bbox 3618 5778 3752 5847; x_wconf 82' lang='lat' dir='ltr'><strong>Quis</strong></span> 
     </span>
    </p>
   </div>
   <div class='ocr_carea' id='block_1_131' title="bbox 482 5851 3752 5937">
    <p class='ocr_par' dir='ltr' id='par_1_131' title="bbox 482 5851 3752 5937">
     <span class='ocr_line' id='line_1_134' title="bbox 482 5851 3752 5937; baseline -0.005 -14"><span class='ocrx_word' id='word_1_1035' title='bbox 482 5851 669 5937; x_wconf 62' lang='lat' dir='ltr'><strong>prima.</strong></span> <span class='ocrx_word' id='word_1_1036' title='bbox 700 5851 801 5929; x_wconf 68' lang='lat' dir='ltr'><strong>illa</strong></span> <span class='ocrx_word' id='word_1_1037' title='bbox 839 5864 984 5922; x_wconf 85' lang='lat' dir='ltr'><strong>enim</strong></span> <span class='ocrx_word' id='word_1_1038' title='bbox 1019 5862 1242 5925; x_wconf 77' lang='lat' dir='ltr'><strong>Joannis</strong></span> <span class='ocrx_word' id='word_1_1039' title='bbox 1277 5851 1469 5933; x_wconf 79' lang='lat' dir='ltr'><strong>verba,</strong></span> <span class='ocrx_word' id='word_1_1040' title='bbox 1496 5851 1742 5935; x_wconf 75' lang='lat' dir='ltr'><strong>aqualem</strong></span> <span class='ocrx_word' id='word_1_1041' title='bbox 1770 5877 1837 5935; x_wconf 30' lang='lat' dir='ltr'><strong>.se</strong></span> <span class='ocrx_word' id='word_1_1042' title='bbox 1873 5851 2065 5933; x_wconf 75' lang='lat' dir='ltr'><strong>faciens</strong></span> <span class='ocrx_word' id='word_1_1043' title='bbox 2169 5858 2333 5914; x_wconf 88' lang='lat' dir='ltr'><strong>etiam</strong></span> <span class='ocrx_word' id='word_1_1044' title='bbox 2356 5853 2545 5913; x_wconf 85' lang='lat' dir='ltr'><strong>credat</strong></span> <span class='ocrx_word' id='word_1_1045' title='bbox 2571 5852 2720 5911; x_wconf 87' lang='lat' dir='ltr'><strong>illum</strong></span> <span class='ocrx_word' id='word_1_1046' title='bbox 2751 5854 2985 5927; x_wconf 86' lang='lat' dir='ltr'><strong>glorioso</strong></span> <span class='ocrx_word' id='word_1_1047' title='bbox 3015 5851 3235 5910; x_wconf 84' lang='lat' dir='ltr'><strong>Patrum</strong></span> <span class='ocrx_word' id='word_1_1048' title='bbox 3262 5857 3483 5914; x_wconf 88' lang='lat' dir='ltr'><strong>nomine</strong></span> <span class='ocrx_word' id='word_1_1049' title='bbox 3512 5854 3752 5911; x_wconf 83' lang='lat' dir='ltr'><strong>honora-</strong></span> 
     </span>
    </p>
   </div>
  </div>
