4270 6264
366 366 463 422 001

1227 362 1427 420 LIBER
1465 362 1743 419 CONTRA
1781 359 2261 419 CONSTANTIUM
2304 361 2829 419 IMPERATOREM.

3556 365 3665 421 6&2

364 481 678 555 prophetica
708 481 1031 536 auctoritate
1052 480 1129 553 (a)
1176 491 1488 553 susceptum
1514 524 1529 547 ,
1597 483 1721 539 ﬁdei
1764 482 1962 539 intelli-
1987 489 2039 549 Α
2065 484 2203 539 vina:
2231 485 2514 557 potestatis
2538 485 2787 542 aboleri?
2840 485 3149 556 Sequentur
3176 492 3228 541 te
3248 483 3464 556 quidem
3495 482 3571 556 (g)
3605 484 3656 539 in

362 577 597 647 gentiam
624 574 956 631 continebat.
1029 573 1202 630 Omne
1224 574 1429 647 itaque,
1498 576 1643 648 quod
1674 577 1958 647 probatum

362 678 521 724 antea
554 677 660 733 est,
712 666 969 722 damnare
993 666 1153 737 jubes
1182 684 1196 733 ;
1244 668 1387 738 quod
1425 669 1784 740 improbatum
1815 683 1960 725 sem-

364 776 464 832 per
512 766 633 820 est.
681 758 1022 814 sanctiticare
1059 759 1358 829 compellis.
1411 760 1534 816 Otu
1565 760 1817 827 sceleste,
1869 761 1958 831 qui

366 854 444 927 (b)
478 852 768 909 ludibrium
818 852 889 908 de
943 851 1185 909 Ecclesia
1230 851 1399 909 facis!
1454 852 1567 914 Soli
1590 868 1751 908 canes
1769 852 1835 907 ad
1866 866 1962 909 vo-

367 948 557 1005 mitum
584 961 739 1002 suum
766 945 999 1002 redeunt
1041 962 1055 999 :
1091 954 1147 1000 tu
1202 945 1513 1002 sacerdotes
1541 944 1742 1001 Christi
1784 960 1962 1001 resor-

366 1040 502 1097 bere
527 1039 689 1112 582
712 1053 781 1112 ea,
802 1054 924 1109 qme
951 1047 1277 1109 exspuerant
1299 1038 1545 1110 coegisti.
1602 1038 1837 1095 Probare
1866 1052 1961 1095 eos

366 1137 422 1193 id
456 1109 622 1209 (c)'in
640 1109 1160 1192 secantessionibus
1200 1136 1311 1190 suis
1343 1133 1610 1205 prtecipis,
1656 1133 1801 1205 quod
1837 1142 1962 1190 ante

365 1229 763 1285 damnaverant
795 1246 807 1282 :
840 1227 892 1283 in
946 1227 1191 1299 negando
1232 1241 1359 1284 reos
1406 1242 1535 1283 suos
1564 1227 1873 1295 absolvunt,
1908 1234 1965 1283 et

366 1338 427 1379 se
468 1323 619 1393 ipsos
672 1335 796 1377 reos
851 1321 1104 1378 reddunt.
1147 1322 1340 1378 Omnia
1373 1322 1425 1376 in
1456 1321 1787 1392 impietatem
1826 1334 1879 1378 et
1906 1324 1961 1378 in

365 1426 575 1471 reatum
609 1414 888 1471 detrusisti
933 1432 946 1469 :
979 1413 1105 1470 dum
1135 1431 1323 1471 omnes
1368 1430 1493 1470 reos
1536 1431 1597 1471 se
1628 1429 1751 1470 esse
1797 1426 1961 1487 atque

367 1509 585 1580 impios,
619 1517 712 1563 aut
760 1524 823 1562 ex
880 1509 1233 1578 praesentibus
1262 1515 1536 1574 statuunt,
1583 1515 1677 1562 aut
1721 1523 1786 1563 ex
1822 1523 1962 1577 prae-

367 1603 540 1659 teritis
567 1603 916 1658 conﬁtentur.
959 1602 1074 1657 Non
1108 1602 1305 1672 recipit
1353 1601 1695 1658 mendacium
1735 1601 1960 1669 veritas,

367 1708 467 1749 nec
489 1694 691 1763 patitur
719 1693 911 1764 religio
941 1693 1299 1763 impietatem.

435 1785 526 1842 26.
570 1784 859 1840 Constantii
905 1787 961 1840 in
993 1785 1280 1841 Orientales
1322 1793 1369 1840 et
1397 1786 1553 1857 Afros
1591 1786 1851 1843 violentia.
1892 1818 1964 1829 —

2063 576 2276 633 eineres
2299 577 2588 645 chartulas,
2624 578 2719 634 sed
2751 578 3167 633 criminosorum
3205 576 3347 648 apud
3377 577 3543 633 Deum
3574 576 3659 631 vi-

2062 677 2190 725 vent
2219 668 2621 726 damnationes.
2661 668 2837 726 Unum
2872 676 3076 725 tantum
3108 667 3361 740 proficis,
3391 677 3450 725 ut
3474 676 3658 740 poste-

2064 760 2200 816 ritas
2220 761 2347 831 quid
2379 760 2675 818 decernere
2703 762 2756 818 in
2784 776 2880 818 eos
2907 761 3103 819 debeat
3128 804 3142 828 ,
3199 762 3460 819 instructa
3491 762 3561 818 sit
3590 763 3658 819 ti-

2061 851 2280 909 mendo.

2133 947 2225 1002 27.
2269 947 2456 1001 Ariani
2482 947 2698 1002 mortuis
2721 947 2907 1003 bellum
2932 947 3188 1003 indicunt.
3226 976 3297 988 ——
3333 945 3405 1002 Et
3429 961 3461 1002 o
3491 962 3662 1018 quan-

2063 1040 2132 1095 tis
2184 1039 2252 1099 ad
2302 1039 2633 1109 impietatem
2691 1040 2910 1110 proﬁcis
2938 1039 3323 1097 incrementis!
3373 1040 3438 1094 Et
3475 1041 3657 1096 caueri

2063 1131 2281 1202 quidem
2312 1132 2573 1188 mortales
2619 1146 2836 1203 semper
2871 1147 2992 1189 cum
3023 1133 3157 1187 vivis
3179 1131 3319 1189 bella
3347 1140 3655 1202 gesserunt,

2064 1224 2194 1281 dum
2244 1225 2447 1281 homini
2495 1225 2562 1282 ad
2593 1225 2867 1282 hominem
2898 1225 3040 1282 ultra
3067 1237 3296 1281 mortem
3318 1222 3453 1281 nihil
3480 1238 3659 1280 causa:

2065 1327 2181 1374 est:
2236 1318 2329 1374 tibi
2357 1334 2486 1375 vero
2512 1318 2915 1375 inimicitiarum
2948 1318 3127 1374 nullus
3156 1328 3239 1374 est
3261 1317 3404 1372 ﬁnis.
3455 1316 3660 1387 Recep-

2066 1419 2149 1467 tos
2183 1413 2327 1469 enim
2356 1412 2467 1482 jam
2512 1413 2564 1468 in
2604 1423 2863 1469 aeternam
2894 1414 3129 1485 quietem
3160 1422 3344 1485 patres
3373 1412 3535 1485 583
3562 1425 3660 1466 no-

2064 1515 2208 1561 stros
2235 1506 2485 1573 lacessis,
2520 1516 2574 1563 et
2596 1508 2648 1562 in
2678 1508 2893 1565 decreta
2925 1523 3113 1564 eorum
3148 1522 3434 1579 perversus
3459 1509 3658 1562 irrum-

2065 1606 2168 1671 pls.
2214 1602 2504 1671 Apostolus
2533 1602 2937 1658 communicare
2968 1617 3067 1658 nos
3094 1611 3402 1659 sanctorum
3437 1600 3515 1673 (Ii)
3541 1616 3659 1657 me-

2066 1692 2255 1747 moriis
2288 1691 2470 1747 docuit
2499 1693 2675 1765 (Rom.
2706 1710 2804 1762 xu,
2836 1694 2925 1766 15)
2962 1711 2976 1747 :
3031 1703 3085 1749 tu
3113 1708 3207 1750 eas
3244 1692 3507 1749 damnare
3537 1707 3662 1750 coe-

2062 1785 2209 1856 gisti.
2265 1784 2431 1841 Estne
2479 1786 2674 1856 aliquis
2723 1785 2885 1842 hodie
2913 1794 3005 1841 ant
3028 1787 3221 1854 vivus,
3264 1795 3357 1841 aut
3386 1791 3657 1852 mortuus,

289 1853 292 1855 Δ
365 1876 731 1934 Christianum
763 1886 815 1934 te
848 1878 1083 1948 loqueris
1112 1876 1192 1950 (ά)
1224 1895 1237 1932 :
1270 1878 1366 1934 sed
1394 1853 1553 1949 quam
1585 1894 1693 1934 non
1723 1879 1821 1945 sis,
1848 1879 1965 1948 ipse
1994 1882 2044 1943 B
2068 1853 2221 1949 cujus
2280 1888 2333 1932 tu
2384 1877 2528 1932 dicta
2574 1853 2680 1932 non
2709 1877 3048 1934 reseideris?
3091 1853 3449 1948 Episcopatus
3478 1877 3651 1948 ipsos,

367 1972 580 2027 testaris
608 1989 620 2025 :
653 1986 755 2027 nec
782 1971 1105 2042 professioni
1138 1982 1242 2027 tute
1266 1982 1415 2043 gesta
1442 1974 1789 2029 conveniunt.
1822 1973 1962 2031 Sub-

365 2064 599 2119 stravisti
621 2064 765 2121 enim
799 2063 869 2136 (e)
901 2066 1161 2121 voluntati
1189 2074 1294 2122 tute
1320 2066 1626 2124 Orientales
1648 2068 1956 2139 episcopos;

364 2173 541 2230 neque
567 2158 738 2214 solum
771 2159 1033 2221 voluntati
1066 2168 1194 2227 tuae,
1247 2160 1342 2217 sed
1375 2170 1430 2216 et
1463 2162 1758 2218 violentite.
1814 2163 1963 2219 Man-

366 2251 462 2307 das
500 2251 593 2307 tibi
626 2253 1052 2321 subscriptiones
1078 2254 1350 2319 Afrorum,
1376 2254 1569 2325 quibus
1610 2254 1677 2326 (0
1709 2254 1960 2326 blasphe-

365 2344 528 2399 miam
554 2342 766 2401 Ursacii
796 2353 851 2401 et
874 2344 1115 2401 Valentis
1133 2345 1611 2413 eodemnaverant,
1638 2346 1814 2401 reddi.
1855 2346 1962 2403 lle-

367 2436 659 2492 nitentibus
687 2438 1057 2504 comminaris,
1086 2446 1142 2493 et
1172 2448 1502 2508 postremum
1531 2436 1598 2492 ad
1627 2438 1960 2509 diripiendos

366 2532 555 2587 mittis.
595 2530 769 2599 Quid?
820 2531 1101 2587 existimas
1146 2529 1422 2586 Christum
1465 2546 1571 2586 non
1605 2532 1709 2586 nisi
1737 2547 1836 2604 per
1865 2532 1957 2587 lit-

366 2632 538 2678 teram
565 2621 828 2693 judicare,
884 2632 939 2677 et
979 2622 1045 2677 ad
1076 2622 1408 2695 argnendam
1440 2624 1772 2680 voluntatem
1797 2639 1959 2696 cgere

365 2716 608 2772 chartula
641 2716 847 2773 Deum?
874 2717 1128 2788 autquod
1156 2717 1327 2772 semel
1355 2718 1616 2788 scriptum
1640 2726 1742 2784 est,
1777 2727 1833 2773 et
1862 2732 1958 2788 per

367 2819 421 2867 te
440 2810 711 2867 violenter
739 2810 1045 2881 abreptum,
1104 2808 1158 2866 id
1211 2809 1281 2866 de
1320 2810 1653 2866 conscientia
1694 2824 1855 2882 posse
1875 2810 1957 2866 di-

368 2943 500 3000 toris
529 2944 722 3017 litterae
749 2944 815 2999 ad
847 2942 1218 3017 Antiot-ltenos
1244 2953 1434 3017 contra
1463 2944 1768 3017 Eudoxium
1794 2946 1963 3017 scrip-

367 3027 459 3081 tze,
489 3027 544 3070 et
573 3031 603 3070 a
624 3016 926 3087 Sozomeno
950 3016 1043 3071 lib.
1071 3031 1148 3082 tv,
1180 3031 1230 3071 c.
1266 3015 1353 3083 l4,
1400 3016 1583 3071 relatae
1606 3057 1620 3080 ,
1670 3018 1723 3071 in
1764 3015 1960 3087 quibus

368 3088 551 3160 legere
576 3096 691 3142 est:
736 3086 1007 3160 [levocate,
1037 3088 1330 3160 quaiso,_ini
1348 3089 1647 3160 memoriam
1676 3086 1962 3160 primosiil-

368 3158 444 3212 los
470 3158 768 3229 santiones,
810 3167 929 3229 tunc
949 3173 1064 3211 cum
1089 3160 1152 3213 de
1181 3158 1285 3227 ﬁde
1313 3158 1682 3228 inquireremus
1707 3200 1720 3219 .
1776 3159 1960 3229 quibus

367 3228 811 3300 demonstrabaiur
844 3228 1164 3284 Salvatorem
1220 3237 1446 3283 nostrum
1501 3246 1609 3284 esse
1650 3228 1815 3300 ﬁlium
1836 3229 1953 3297 Dei,

366 3309 415 3353 et
466 3301 685 3354 similem
716 3297 863 3352 Patri
904 3300 1186 3355 secundum
1240 3300 1600 3354 substantiam.
1651 3297 1774 3356 'Ubi
1813 3302 1952 3354 Con-

2063 1973 2154 2043 qui
2183 1986 2325 2027 nunc
2351 1972 2603 2028 videntur
2626 2013 2639 2038 ,
2674 1971 2937 2028 sustulisti
2960 1969 3025 2044 (ἱ)
3057 1971 3271 2043 penitus
3299 1990 3314 2028 :
3346 1974 3469 2043 quia
3498 1984 3661 2027 nemo

2064 2080 2172 2121 non
2197 2066 2309 2134 jam
2341 2079 2436 2134 per
2460 2080 2519 2120 se
2547 2064 2835 2119 damnatus
2859 2073 2963 2130 est,
2994 2073 3048 2120 et
3077 2079 3231 2129 eum,
3278 2078 3307 2118 a
3347 2078 3453 2133 quo
3474 2078 3658 2121 sacer-

2065 2158 2270 2214 dotium
2294 2159 2547 2229 sumpsit,
2582 2158 2815 2228 nonjam
2844 2166 2899 2212 et
2925 2157 3042 2228 ipse
3067 2156 3364 2212 damnavit.
3394 2154 3494 2212 Cui
3518 2172 3659 2212 nunc

2062 2259 2371 2309 sanctorum
2398 2251 2675 2307 memoria:
2695 2249 3216 2306 communicabitur?
3244 2249 3542 2304 Anathema
3564 2247 3659 2304 tibi

2065 2347 2293 2404 trecenti
2323 2346 2511 2402 decem
2557 2355 2610 2401 et
2661 2354 2785 2401 octo
2833 2344 3219 2400 convenientes
3262 2341 3403 2413 apud
3426 2341 3659 2398 Nicaeam

2059 2439 2302 2511 episcopi
2332 2447 2460 2493 sunt
2491 2455 2505 2492 :
2533 2437 2822 2492 anathema
2874 2435 3076 2492 deinde
3106 2451 3297 2492 omnes
3319 2476 3336 2503 ,
3385 2440 3476 2506 qui
3498 2436 3663 2490 variis

2066 2533 2262 2591 exinde
2316 2531 2742 2603 expositionibus
2796 2528 3103 2585 adfuerunt.
3152 2529 3273 2598 Ipse
3309 2543 3527 2598 quoque
3554 2528 3666 2598 pri-

2061 2627 2185 2683 dem
2210 2627 2324 2697 jam
2354 2634 2599 2680 mortuus
2627 2623 2916 2678 anathema
2959 2622 3051 2677 tibi
3078 2621 3153 2696 (j)
3190 2630 3347 2693 pater
3386 2630 3508 2676 tuus
3551 2630 3652 2687 est,

2062 2722 2146 2776 cui
2178 2720 2392 2775 Nieama
2414 2717 2648 2791 synodus
2679 2718 2778 2772 fuit
2799 2732 2967 2784 curae,
2997 2731 3157 2787 quam
3191 2725 3245 2771 tu
3271 2715 3425 2771 falsis
3448 2714 3662 2786 opinio-

2063 2813 2225 2869 nibus
2247 2810 2564 2868 infamatam
2600 2810 2915 2881 perturbas,
2958 2816 3014 2866 et
3040 2816 3228 2865 contra
3256 2807 3547 2863 lmmanum
3573 2807 3657 2862 di-

2065 2960 2258 3017 pauca.
2292 2947 2430 3017 quod
2456 2946 2682 3017 Illyriis,
2712 2944 2864 3017 Italis
2907 2952 2955 3000 et
2990 2947 3133 3017 Afris
3164 2944 3368 3000 dissidii
3389 2954 3437 2999 et
3468 2945 3660 3000 tumul-

2067 3016 2150 3073 tus
2179 3016 2336 3073 causa
2365 3016 2661 3073 exstitisset.
2743 3016 2900 3073 Unde
2943 3016 3106 3071 etiam
3136 3016 3438 3072 existimant
3471 3030 3659 3071 eorum

2063 3089 2389 3145 sententiam
2419 3087 2760 3155 conﬁrmari,
2813 3088 2903 3158 qui
2947 3085 3235 3141 formulam
3280 3086 3654 3158 Sirmiensem,

2063 3175 2184 3231 qua:
2244 3161 2585 3231 imperatoris
2632 3156 3059 3214 edicto‘necnon
3114 3160 3277 3212 minis
3302 3156 3657 3231 acptenisde

2062 3229 2310 3287 manibus
2339 3229 2650 3286 habentium
2679 3239 2863 3300 erepta
2887 3236 2989 3290 est,
3019 3245 3125 3300 non
3156 3244 3277 3283 eum
3302 3229 3526 3294 Athan.,
3555 3229 3649 3284 lib.

2061 3302 2131 3358 de
2148 3304 2280 3375 _Syn.
2312 3317 2367 3373 p.
2398 3301 2524 3375 914,
2555 3299 2790 3375 tertiam,
2814 3300 2907 3355 sed
2926 3315 3048 3375 eum
3072 3299 3318 3375 Sperate,
3343 3300 3380 3354 Ι.
3402 3313 3533 3375 nte.
3556 3300 3649 3366 50,

366 3373 606 3443 stantius
636 3385 934 3443 memorare
975 3370 1187 3425 \idetur
1239 3372 1397 3426 ﬁdem
1419 3372 1559 3443 apud
1593 3372 1741 3443 ipsos
1766 3370 1957 3427 Autio-
1984 3359 2030 3423 C
2061 3382 2117 3428 et
2139 3359 2465 3433 Sdzomeno.
2487 3359 2523 3427 Ιξ
2543 3388 2616 3432 tv.
2635 3386 2685 3426 c.
2710 3359 3079 3437 6,'secnndam
3104 3359 3424 3441 intelligunt.
3449 3359 3653 3443 Quam;

367 3442 569 3496 chenos
595 3441 645 3496 iu
680 3441 942 3496 Encacuiis
961 3443 1258 3511 expositam
1279 3443 1459 3513 (quam
1478 3441 1706 3509 primam
1728 3457 1954 3499 censere

368 3513 636 3576 solebant,
668 3513 757 3582 qui
788 3512 1120 3584 reSpuebant
1146 3512 1459 3582 Nicaenam),
1488 3528 1552 3567 ac
1582 3514 1853 3584 respicere
1900 3514 1954 3570 in

369 3584 488 3657 haec
511 3585 677 3657 ipsius
703 3583 864 3657 verba
888 3625 904 3647 ,
933 3583 1593 3657 Adivinitatisiessentiteque
1624 3583 1730 3653 (zai
1754 3585 1951 3657 οὐσίας)

368 3663 416 3709 et
441 3655 645 3726 virtutis
658 3664 705 3710 et
731 3654 908 3725 glorise
924 3655 1390 3709 incommutabilem
1412 3655 1704 3726 imaginem.

441 3725 515 3798 (a)
543 3725 673 3798 Bad.
694 3735 763 3798 Act
789 3726 905 3791 Er.,
925 3737 1231 3798 susceptam.
1263 3726 1406 3788 Μὶν..
1426 3725 1647 3798 Εἰρείει
1676 3725 1955 3798 Par.,sus-

367 3796 533 3865 cepta.
584 3796 777 3851 Verius
812 3812 942 3851 mss.
990 3796 1310 3862 susceptum,
1360 3806 1482 3866 puta
1506 3797 1821 3851 substantia:
1854 3812 1952 3850 no-

366 3883 528 3924 men:
553 3868 694 3938 quod
724 3867 1090 3938 iniseripturis
1129 3869 1380 3923 usitatum
1412 3868 1603 3937 probat
1630 3867 1955 3923 Phtebadius

368 3944 541 4010 Agen.
579 3949 633 3994 et
675 3942 725 3992 in
755 3937 875 3993 Filii
901 3941 1302 4010 generationem
1349 3940 1642 3995 convenire
1681 3938 1955 4008 Propheta

367 4009 585 4081 docet,‘
603 4024 723 4065 cum
751 4010 847 4077 ait,
891 4009 976 4064 Ea:
998 4020 1141 4081 utero
1160 4018 1278 4063 ante
1298 4010 1570 4081 luciferum
1596 4011 1749 4081 genui
1770 4020 1839 4081 te.

446 4080 521 4154 (b)
552 4078 704 4154 Colb.
734 4096 991 4154 tuscum
1021 4080 1259 4154 Marum,
1291 4081 1378 4146 qui
1406 4078 1692 4154 delubrum.
1735 4080 1952 4154 cte-

369 4151 526 4219 teris',
547 4153 635 4221 qui
662 4151 944 4206 ludibrium
968 4167 987 4205 :
1017 4151 1105 4206 ubi
1136 4152 1188 4205 in
1225 4154 1458 4217 excusis,
1484 4152 1619 4220 quod
1654 4152 1949 4207 ludibrium.

441 4223 515 4293 (ι’)
546 4223 602 4277 In
625 4224 851 4294 vulgatis
876 4222 1214 4279 desideratur
1233 4239 1317 4277 se:
1335 4222 1479 4294 quod
1503 4222 1803 4294 restituitur
1828 4237 1954 4277 anc-

374 4292 591 4354 toritate
619 4292 749 4350 mss.
782 4292 902 4350 Vat.
935 4295 1076 4358 bas.,
1126 4293 1336 4348 Martin.
1368 4301 1423 4348 et
1445 4293 1598 4348 Colb.
1631 4293 1801 4349 Porro
1825 4294 1953 4349 illud

370 4365 424 4419 in
452 4381 507 4419 se
527 4364 670 4420 idem
703 4374 785 4420 est
814 4364 958 4435 quod
988 4365 1255 4419 adversum
1282 4381 1353 4418 se.

444 4436 528 4506 (ά)
561 4437 677 4491 Duo
704 4450 860 4502 mss.,
910 4437 1128 4504 loqueris
1175 4444 1225 4489 et
1270 4436 1554 4502 praedicas:
1590 4436 1680 4490 sed
1703 4436 1826 4506 quia
1852 4452 1954 4491 non

370 4507 463 4562 sis.
521 4506 641 4562 Mox
672 4508 724 4562 in
754 4507 884 4562 solis
910 4507 1066 4570 edit.,
1096 4522 1186 4560 nec
1214 4507 1520 4576 confessioni
1550 4518 1670 4561 tute.

442 4577 517 4649 (e)
553 4577 649 4632 Hic
678 4592 866 4634 versus
890 4621 904 4646 ,
936 4577 1186 4631 voluntati
1230 4587 1331 4631 tute
1353 4577 1639 4649 Orientales
1666 4579 1952 4648 episcopos,

371 4648 529 4720 neque
557 4650 742 4717 solum,
794 4664 914 4704 cum
945 4648 996 4703 in
1028 4649 1178 4719 prius
1205 4648 1431 4718 vulgatis
1451 4648 1698 4710 deesset.
1734 4664 1955 4704 revoca-

2059 3459 2220 3513 quam
2252 3459 2358 3499 non
2380 3443 2467 3499 hic
2486 3445 2561 3498 ait
2583 3443 2818 3498 Hilarius
2835 3450 3048 3513 extorta
3073 3443 3419 3510 blasphemia:
3446 3442 3651 3513 ursacii

2060 3512 2116 3569 et
2149 3515 2387 3571 Valentis
2412 3515 2739 3582 exemplaria
2766 3555 2794 3582 ,ν
2841 3512 2937 3567 sed
2988 3520 3191 3566 tantum
3227 3512 3653 3581 subscriptiones

2096 3587 2251 3642 uibus
2273 3586 2359 3641 illa
2390 3587 2747 3640 condemnata
2776 3581 2971 3639 fuerat.
3026 3582 3095 3638 Et
3128 3598 3254 3637 vero
3288 3585 3547 3651 petiorem
3573 3583 3650 3637 vi-

2057 3599 2172 3710 geri
2203 3657 2479 3710 Athanasii
2503 3654 2845 3710 sententiam.
2875 3654 3082 3709 notisin
3098 3652 3480 3710 Fraameutum
3505 3662 3650 3710 nost-

2095 3657 2172 3710 eri
2203 3657 2479 3713 Athanasii
2503 3654 2845 3721 sententiam,
2875 3654 3082 3709 notisin
3098 3652 3480 3724 Fragmentum
3505 3662 3652 3724 post-

2057 3741 2266 3782 remum
2296 3727 2662 3782 ostendemus.

2128 3800 2204 3869 (g)
2252 3799 2419 3853 Abest
2445 3799 2501 3851 in
2527 3814 2554 3849 a
2588 3810 2720 3853 mss.
2740 3795 2959 3869 Martin.
2993 3804 3048 3850 et
3070 3793 3225 3850 Colb.

2130 3864 2210 3942 (Ii)
2241 3869 2399 3924 Modo
2421 3877 2601 3924 exstat
2658 3872 2708 3942 i_u
2737 3867 2903 3922 latino
2950 3876 3100 3942 lexin
3120 3865 3498 3942 necessitatibus
3528 3906 3542 3930 ,
3590 3864 3645 3920 in

2057 3935 2233 4017 grtizco
2260 3942 2632 4017 ταῖς-χρείαις.
2661 3938 2994 4017 Quamquam
3024 3935 3357 4017 Curcellmus
3381 3937 3647 4017 legitra‘i;

2056 4012 2294 4083 piscina;-L
2343 4007 2460 4067 Ob"
2480 4012 2837 4083 reverentiam
2880 4022 3004 4083 erga
3041 4019 3219 4083 patres
3253 4007 3504 4083 catholici
3536 4009 3648 4083 epi-

2056 4079 2230 4153 scopi,
2258 4081 2412 4153 Frag.
2442 4097 2627 4146 vm,n.
2645 4081 2703 4153 2,
2723 4079 2967 4153 Arimino
2992 4080 3295 4153 rescribunt
3313 4079 3653 4144 Constantio,

2058 4148 2171 4206 sibi
2214 4148 2387 4208 nefas'
2403 4167 2526 4209 esse
2554 4168 2584 4206 a
2630 4152 2845 4208 Nicatna
2877 4148 2983 4204 ﬁde
3014 4150 3267 4206 recedere
3292 4192 3309 4217 ,
3355 4165 3515 4220 quam
3566 4160 3645 4204 tot

2056 4225 2227 4278 sancti
2251 4234 2303 4280 et
2335 4223 2686 4281 Confessores
2729 4233 2783 4278 et
2818 4222 3109 4292 Martyrum
3135 4234 3480 4278 successores
3516 4234 3649 4277 con-

2056 4294 2406 4352 scripserunt.

2543 4367 2745 4439 penitus
2777 4381 2898 4421 cum
2928 4365 3188 4421 omnibus
3201 4377 3330 4420 mss.
3354 4364 3649 4439 Episcopa-

2060 4444 2144 4490 tus
2179 4437 2391 4505 penitus
2421 4437 2561 4494 tollit
2585 4438 2934 4492 Constantius
2954 4479 2967 4497 .
3024 4452 3145 4491 eum
3179 4451 3372 4491 novam
3399 4437 3643 4506 amplec-

2059 4507 2222 4562 tenda
2256 4510 2415 4566 fidem
2435 4551 2452 4575 ,
2503 4510 2725 4565 damnat
2756 4523 2948 4563 omnes
2975 4507 3311 4578 superiorum
3343 4517 3645 4577 temporum

2057 4579 2379 4653 episcopos;
2429 4590 2484 4636 et
2513 4579 2739 4653 perinde
2778 4595 2872 4635 eos
2899 4581 3082 4653 etiam,
3115 4579 3203 4648 qui
3235 4579 3359 4632 licet
3381 4578 3483 4648 ipsi
3508 4592 3643 4633 con-

2017 4696 2024 4703 .
2057 4650 2311 4719 sentiant,
2335 4652 2403 4707 ab
2432 4650 2774 4706 anathemate
2800 4659 2978 4706 tamen
3006 4650 3377 4718 episcopatum
3397 4662 3645 4717 sumpse-

372 4728 460 4807 ειη·
497 4735 562 4775 ex
596 4735 725 4803 mss.
757 4790 772 4807 _
796 4720 893 4807 ljic
920 4720 1439 4807 pqtatuﬂv‘iolen‘tia
1467 4720 1828 4807 prientalibns
1852 4721 1952 4807 .qui
1979 4746 2033 4807 Ι)
2057 4722 2326 4807 {prin-hoc
2344 4732 2452 4807 esi,
2479 4724 2547 4779 ab
2572 4723 2634 4807 iis
2661 4737 2796 4807 qups
2816 4721 2976 4776 modo
2996 4721 3341 4776 anathemate
3366 4720 3642 4775 damnant.

371 4791 711 4867 homoension
740 4790 1098 4867 defendebant
1121 4791 1291 4858 illata,
1318 4799 1376 4845 ut
1396 4790 1791 4846 Ariminensem
1811 4790 1956 4847 blas-
1981 4790 2029 4807 "
2066 4790 2308 4867 Vid._lib.
2325 4794 2395 4849 de
2418 4794 2635 4867 Synod.
2651 4790 2820 4867 n._9_l.

370 4861 640 4932 phetuiam
667 4862 1023 4931 susciperent.

442 4934 512 5002 (Ῑ)
552 4934 679 5007 Mss.
713 4934 867 5007 Colb.
899 4940 961 5007 et_
1003 4931 1181 5007 Mam,
1212 4931 1584 5007 blasphemias.
1605 4971 1619 4986 .
1652 4933 1960 5007 condemna-

369 5016 570 5058 rerunt.
621 5006 768 5059 Itane
794 5003 1182 5072 blasphemiam
1211 5004 1641 5073 interpretantur
1662 5005 1852 5060 eruditi
1875 5020 1963 5060 se-

370 5076 601 5129 cundam
644 5075 926 5146 formulam
979 5074 1330 5146 Sirmiensem
1365 5074 1475 5146 ilib.
1527 5074 1596 5129 de
1622 5074 1959 5146 Synodtde-

368 5148 647 5216 scriptam.
678 5145 857 5217 idque
887 5144 1332 5217 pittant_abAfris
1357 5143 1575 5217 factum,
1605 5143 1745 5214 quod
1775 5161 1804 5199 a
1832 5144 1959 5201 Gal-

368 5217 436 5271 lis
461 5214 495 5271 :V
517 5231 652 5288 quos
677 5214 911 5273 Hilarius
934 5217 1024 5288 lib.
1055 5215 1126 5271 de
1145 5214 1450 5288 Synod._n.i
1467 5216 1521 5288 2.
1550 5222 1808 5288 testatur,
1834 5219 1961 5272 mis-

368 5304 482 5341 sam
507 5286 835 5343 e'Sirmiensi
862 5286 1054 5358 oppido
1081 5286 1306 5357 inﬁdelis
1328 5286 1453 5356 ﬁdei
1481 5287 1791 5358 impietatem
1810 5289 1959 5343 dam-

368 5375 537 5414 nasse.
576 5358 689 5414 Hoe
715 5368 891 5413 tamen
920 5357 1212 5413 discrimen
1244 5364 1471 5427 ponunt,
1499 5357 1641 5425 quod
1670 5358 1815 5415 Galli
1835 5374 1953 5414 eam

368 5430 549 5485 statim
585 5440 749 5498 atque
770 5429 915 5485 edita
958 5437 1061 5495 est,
1094 5428 1163 5483 ab
1206 5429 1445 5498 ipsismet
1470 5429 1783 5484 auctoribus
1803 5444 1956 5486 acce-

368 5447 549 5485 statun
585 5447 639 5485 at
680 5447 749 5485 ue
770 5447 915 5485 eatta
958 5447 1061 5495 est,
1094 5447 1163 5483 au
1206 5447 1445 5498 ipsismei
1470 5447 1783 5484 auctoribus
1803 5447 1953 5486 acce-

368 5502 575 5573 perint;
601 5447 747 5556 Ailris
770 5509 971 5573 autem,
993 5515 1118 5573 cum
1140 5498 1251 5568 jam
1272 5507 1520 5573 auctores
1543 5498 1687 5556 illius
1708 5501 1953 5571 puderet,

370 5568 533 5628 inissa
584 5573 655 5629 sit
697 5586 859 5642 opera
893 5569 1073 5627 Basilii
1116 5568 1366 5642 acerriuii
1413 5583 1600 5642 eorum
1631 5568 1950 5627 adversarii.

370 5643 509 5698 llinc
535 5638 823 5712 opinantur
853 5642 1108 5697 Basilium
1152 5640 1294 5709 apud
1319 5638 1535 5696 Sozom.
1569 5641 1606 5695 l.
1641 5659 1690 5697 ιν
1714 5684 1729 5705 .
1776 5660 1826 5699 c.
1855 5644 1949 5710 24,

369 5714 440 5768 ab
466 5714 746 5769 Acacianis
775 5714 1139 5768 insimulatum
1168 5726 1288 5767 esse
1311 5753 1326 5775 ,
1376 5715 1513 5781 quod
1550 5728 1666 5766 cum
1690 5712 1951 5769 Get'mim'o

369 5793 422 5839 et
446 5783 662 5839 Ursacio
682 5794 726 5840 et
756 5782 971 5839 Valente
992 5783 1397 5837 communionem
1424 5799 1479 5836 se
1500 5782 1679 5838 habere
1705 5785 1948 5850 scribens,

2137 4864 2216 4938 (j)
2245 4861 2601 4938 Hieronymus
2627 4862 2978 4938 inChronico
3005 4861 3645 4938 scribit._Con_stantinum

2062 4948 2093 5006 ξι
2115 4934 2384 5006 baptismo
2414 4934 2466 4990 in
2510 4936 2757 4992 haeresim
2792 4937 3003 5005 lapsum
3031 4949 3176 5006 esse.
3218 4934 3403 4990 Tradit
3429 4949 3645 5006 quoque

2059 5004 2279 5062 Lucifer
2302 5006 2549 5074 Calarit.,
2580 5008 2616 5061 l.
2642 5006 2709 5062 de
2740 5004 2872 5077 Reg.
2898 5016 3099 5077 apost.,
3124 5005 3276 5061 illum
3299 5020 3359 5077 se
3392 5007 3458 5059 ad
3488 5004 3642 5059 Aria-

2064 5091 2163 5131 nos
2188 5078 2502 5140 contulisse,
2550 5088 2605 5135 et
2632 5078 2725 5133 lib.
2753 5094 2768 5131 ι
2801 5076 2896 5147 pro
2928 5076 3212 5142 Athanas,
3259 5076 3358 5146 ipsi
3390 5090 3640 5145 perosum

2061 5147 2232 5217 fuisse
2256 5148 2605 5204 Athanasium
2628 5189 2643 5214 ,
2691 5146 2835 5219 quod
2880 5149 3252 5203 nolueritesse
3274 5148 3526 5219 Arianus.
3582 5146 3639 5202 lu

2060 5216 2219 5286 quem
2252 5219 2427 5291 lpcnm
2456 5219 2681 5291 Tillius,
2700 5216 2861 5291 _'Hinc
2887 5231 3134 5291 apparet,
3166 5219 3333 5287 inquit
3361 5258 3381 5291 ,γ
3407 5216 3644 5291 Impera-

2059 5297 2219 5343 torem
2248 5287 2635 5363 Constautinum
2663 5288 2910 5363 Magnum
2921 5287 2994 5363 in
3028 5299 3281 5363 senectute
3307 5290 3465 5363 fuisse
3490 5287 3641 5363 Aria:

2059 5375 2222 5415 num:
2264 5363 2401 5431 quod
2448 5360 2671 5429 plerique
2718 5359 2873 5416 etiam
2920 5359 3151 5415 historici
3200 5359 3429 5416 narrant.
3479 5359 3640 5415 Aliud

2062 5438 2240 5502 tamen
2292 5432 2504 5502 scriptis
2551 5433 2664 5488 suis
2702 5434 3022 5487 mandarunt
3066 5446 3174 5485 non
3198 5432 3359 5487 modo
3382 5431 3638 5497 Hilarius,

2058 5501 2154 5574 sed
2185 5512 2239 5559 et
2265 5501 2590 5574 Athanasius
2618 5502 2684 5559 ad
2706 5503 2886 5567 Solit.;
2923 5502 3275 5574 Epiphanius,
3301 5504 3430 5558 haer.
3460 5503 3554 5569 69,
3584 5522 3638 5561 ιι.

2061 5572 2150 5636 i2;
2184 5575 2522 5639 Ambrosius,
2551 5572 2645 5630 0r.
2694 5574 2761 5630 de
2809 5571 3296 5640 obitu'Theodosii,
3327 5591 3380 5629 n.
3413 5576 3505 5642 40,
3535 5586 3640 5631 etc.

2053 5643 2168 5699 lmo
2221 5645 2580 5701 Ariminensis
2627 5644 2852 5701 Concilii
2891 5644 3138 5699 catholici
3178 5657 3377 5715 patres,
3421 5644 3635 5713 Fragm.

2056 5729 2171 5779 vui,
2195 5731 2249 5769 n.
2275 5716 2332 5781 2,
2350 5724 2615 5772 testantur
2638 5716 3089 5780 Constantinum,
3120 5730 3242 5772 cum
3282 5717 3441 5773 ﬁdem
3474 5717 3645 5773 Nicas-

2053 5799 2179 5840 nam
2236 5796 2462 5856 teneret,
2507 5788 2836 5861 baptizatum
2879 5788 2946 5845 ad
3002 5789 3240 5858 quietem
3271 5788 3366 5846 Dei
3413 5791 3647 5846 commi-

372 5871 457 5912 eos
486 5865 653 5913 tamen
678 5855 819 5927 apud
846 5856 1111 5927 episcopos
1154 5854 1345 5926 Afrirte
1389 5866 1674 5916 accusasset
1698 5871 1717 5911 ι
1747 5865 1803 5913 et
1829 5863 1955 5928 post
2055 5870 2258 5929 grasse.
