4270 6264
608 331 716 389 605

1320 323 1567 381 SANCTI
1607 320 1864 380 lllLARll
1902 316 2208 381 EPISCOPI
2244 317 2379 376 LIB.
2418 320 2622 379 CONT.
2660 322 2907 382 CONST.
2956 320 3093 381 IMP.

3802 330 3909 387 (ιθᾶ

612 451 906 522 vinumque
926 444 1190 519 judicium
1222 457 1344 498 cum
1371 440 1556 512 paucis
1585 436 1907 496 satellitibus
1936 436 2045 495 tuis
2074 450 2203 507 pro-
2226 437 2284 498 Α
2308 435 2685 494 inenarrabilis
2708 439 3065 495 doceremur:
3107 452 3230 495 cum
3259 454 3397 510 aqua
3424 440 3486 495 lit
3513 441 3695 497 vinum
3722 481 3740 508 ,
3786 457 3911 509 cunt

613 540 754 603 lanis
780 539 854 614 (a)
900 539 1203 608 impugnas.
1268 532 1376 591 Sed
1416 548 1522 591 non
1568 532 1695 589 licet
1738 530 1835 588 tibi
1869 544 2010 591 nunc
2036 544 2204 600 regno

612 635 816 707 potenti
846 632 1010 689 etiam
1039 629 1096 687 in
1128 636 1402 700 posterum
1424 626 1798 699 prtejudicare.
1821 624 2208 687 Exstantenim

613 727 813 781 litterae
837 763 854 788 ,
905 722 1101 793 quibus
1131 719 1205 786 id,
1237 720 1381 793 quod
1404 731 1461 777 tu
1490 719 1842 777 criminosum
1874 729 2030 789 putas
2051 758 2067 784 ,
2117 716 2208 791 pie

610 824 739 871 tunc
786 828 908 871 esse
960 821 1267 883 susceptum
1300 814 1377 884 (b)
1425 813 1668 867 docetur.
1749 810 1887 865 Audi
1917 809 2207 869 verborum

612 916 854 967 sanetam
878 907 1294 978 intelligentiam
1319 948 1334 974 ,
1392 905 1518 962 audi
1552 904 1810 963 Ecclesia:
1841 902 2206 975 imperturba-

612 1013 718 1060 tam
751 1002 1213 1081 constitutionem,
1244 999 1368 1057 audi
1401 996 1570 1071 patris
1603 997 1677 1053 tui
1698 999 1994 1068 professam
2022 996 2207 1064 ﬁdem,

614 1098 739 1154 audi
792 1097 1044 1159 humanae
1080 1096 1199 1165 Spei
1246 1095 1614 1151 conﬁdentem
1664 1094 2037 1158 securitatem,
2085 1092 2209 1149 audi

614 1193 884 1248 haeretica:
915 1190 1279 1246 damnationis
1311 1190 1584 1258 publicum
1614 1205 1869 1253 sensum,
1902 1188 2211 1259 etintellige

614 1292 668 1339 te
697 1283 895 1341 divinte
949 1281 1230 1354 religionis
1270 1280 1510 1348 hostem,
1541 1289 1596 1337 et
1623 1281 1902 1336 inimicum
1934 1281 2212 1336 memoriis

618 1375 690 1450 (ε)
722 1384 1030 1433 sanctorum
1054 1415 1070 1443 ,
1128 1383 1183 1430 et
1212 1384 1452 1446 paternae
1490 1374 1706 1447 pictatis
1730 1373 2001 1433 baeredem
2033 1372 2216 1430 rebel-

619 1470 744 1527 lem.
777 1467 860 1543 (ά)

902 1604 1316 1659 Additamentum
1340 1618 1402 1658 ea;
1425 1602 1568 1657 libris
1588 1602 1651 1657 de
1674 1600 1939 1658 Trinitate.

688 1741 779 1798 28.
816 1738 899 1794 Ex
919 1739 1007 1795 lib.
1044 1755 1082 1795 ιι
1128 1738 1192 1793 de
1222 1736 1394 1799 Trin.,
1425 1754 1566 1791 num.
1599 1736 1653 1793 6.
1689 1737 1848 1793 Pater
1871 1744 1986 1803 est,
2017 1753 2083 1793 ex
2105 1754 2215 1810 quo

2308 530 2547 601 quinque
2579 544 2768 601 panes,
2811 531 3067 587 saturatis
3107 535 3345 602 quinque
3371 532 3613 589 millibus
3643 534 3905 603 virorum,

2309 630 2540 693 excepto
2566 637 2699 681 sexu
2730 632 2784 680 et
2815 631 2975 679 aetate
3015 623 3221 695 reliqua
3242 666 3259 692 ,
3315 627 3530 696 replent
3585 625 3900 697 fragmentis

2306 715 2569 786 cophinos
2598 716 2906 774 duodecim.
2957 717 3066 773 lles
3086 718 3350 784 cernitur,
3400 728 3457 774 et
3509 720 3781 786 nescitur;
3827 721 3906 790 lit,

2310 815 2365 863 et
2394 824 2500 863 non
2534 810 2885 881 intelligitur;
2940 810 3080 867 ratio
3129 825 3238 866 non
3279 810 3740 883 apprehenditur,
3782 812 3911 869 cll'e.

2309 910 2428 959 ctus
2461 904 2747 974 ingeritur.
2780 904 3019 963 Stultum
3052 915 3137 962 est
3163 917 3363 972 autem,
3395 907 3723 975 calumniam
3754 909 3809 965 in
3836 925 3903 965 eo

2312 996 2675 1065 inquisitionis
2706 999 3004 1062 intendere,
3050 1001 3104 1057 in
3126 1014 3234 1069 quo
3263 1002 3651 1071 comprehendi
3683 1003 3736 1058 id
3766 1002 3911 1063 unde

2311 1088 2569 1158 quaeritur
2622 1106 2716 1158 per
2756 1102 3003 1151 naturam
3055 1107 3209 1148 suam
3266 1107 3373 1151 non
3400 1098 3596 1163 pateSt.
3651 1093 3721 1151 Ut
3761 1096 3907 1153 enim

2314 1180 2691 1237 inenarrabilis
2719 1191 2803 1238 cst
2831 1183 2993 1239 Pater
3021 1185 3071 1237 in
3097 1198 3163 1239 eo
3200 1187 3344 1255 quod
3377 1185 3648 1256 ingenitus
3676 1195 3757 1241 est
3787 1204 3801 1253 ;
3832 1187 3907 1245 ita

2314 1278 2552 1331 enarrari
2587 1274 2755 1332 Filius
2785 1277 2836 1332 in
2869 1276 3092 1347 ecquod
3124 1278 3428 1349 unigenitus
3458 1290 3660 1335 estnon
3686 1288 3906 1349 potest;

2314 1371 2440 1440 quia
2468 1370 2689 1439 ingeniti
2730 1381 2811 1424 cst
2840 1372 3019 1441 imago
3043 1372 3133 1442 qui
3160 1373 3374 1443 genitus
3398 1380 3502 1428 est.
3577 1371 3712 1427 Cum
3761 1374 3909 1429 enim

2315 1476 2479 1518 sensu
2510 1472 2671 1533 atque
2701 1463 2888 1519 verbis
2932 1464 3221 1535 imaginem
3265 1463 3722 1535 apprehendimus
3746 1504 3762 1528 ,
3821 1480 3919 1522 nev

2316 1569 2470 1610 cesse
2499 1563 2584 1611 est
2604 1555 2684 1630 (h)
2713 1556 2875 1611 etiam
2916 1571 3038 1611 eum
3068 1557 3220 1627 cujus
3252 1556 3426 1627 imago
3472 1567 3557 1613 est
3609 1570 3914 1629 consequa-

2318 1661 2459 1700 mur.
2516 1646 2619 1701 Sed
2654 1647 2942 1702 invisibilia
2974 1648 3375 1718 persequimur,
3410 1657 3465 1703 et
3492 1647 3912 1718 incomprehen-

2320 1737 2498 1792 sibilia
2538 1746 2831 1807 tentamus,
2889 1740 3084 1810 quibus
3134 1741 3487 1811 intelligentia
3536 1741 3603 1796 ad
3629 1742 3918 1812 conspica-

619 1848 782 1891 omne
804 1831 945 1903 quod
977 1840 1063 1887 est
1086 1830 1356 1889 consistit.
1382 1828 1503 1900 Ipse
1532 1830 1584 1885 in
1607 1829 1825 1886 Christo
1854 1841 1909 1887 et
1941 1846 2037 1901 per
2060 1831 2218 1889 Chri-
2244 1828 2295 1889 B
2324 1830 2457 1887 biles
2485 1848 2573 1888 res
2620 1844 2674 1887 et
2718 1846 3008 1903 corporeas
3036 1841 3362 1900 coarctatur;
3398 1848 3506 1891 non
3547 1833 3920 1892 erubescimus

620 1935 761 1981 stum
791 1924 944 1994 origo
974 1923 1234 1979 omnium.
1288 1922 1556 1977 Caeterum
1590 1922 1657 1994 (ε)
1688 1937 1810 1978 esse
1853 1922 1970 1993 ejus
2011 1927 2065 1980 in
2095 1939 2217 1983 sese

625 2028 708 2077 est
747 2037 760 2073 :
791 2033 900 2075 non
927 2017 1147 2073 aliunde
1178 2015 1320 2089 quod
1349 2027 1432 2072 est
1457 2031 1678 2073 sumens
1697 2056 1712 2081 ,
1736 2015 1832 2072 sed
1862 2015 1915 2071 id
1938 2017 2082 2087 quod
2111 2028 2215 2084 est,

625 2128 766 2169 exse
795 2120 957 2185 atque
981 2113 1034 2171 in
1059 2126 1119 2179 se
1149 2110 1430 2175 obtinens;
1488 2109 1730 2165 infinitus
1758 2149 1773 2175 ,
1820 2109 1945 2179 quia
1974 2125 2079 2166 non
2104 2110 2221 2181 ipse

624 2206 680 2265 in
710 2206 922 2275 aliquo,
980 2202 1076 2265 sed
1107 2202 1247 2258 intra
1276 2217 1398 2257 eum
1422 2200 1604 2257 omnia
1628 2218 1644 2271 ;
1702 2216 1923 2272 semper
1951 2210 2104 2256 extra
2138 2203 2219 2257 lo-

625 2311 772 2362 cum,
803 2296 929 2369 quia
960 2310 1065 2351 non
1088 2295 1396 2351 continetur
1421 2293 1474 2349 in
1506 2294 1660 2359 loco;
1709 2310 1924 2365 semper
1975 2304 2102 2349 ante
2149 2310 2222 2350 ae-

626 2404 752 2445 vum
776 2429 793 2455 ,
836 2388 960 2458 quia
1014 2395 1228 2458 tempus
1270 2387 1445 2455 abeo
1471 2396 1573 2441 est.
1626 2384 1798 2443 Curre
1825 2401 1989 2442 sensu
2017 2387 2062 2442 si
2093 2386 2221 2457 quid

625 2484 675 2539 ei
708 2492 865 2555 putas
901 2482 1145 2541 ultimum
1194 2496 1340 2550 esse,
1370 2497 1493 2538 eum
1531 2496 1747 2553 semper
1777 2481 2022 2538 invenies
2053 2500 2064 2536 :
2099 2481 2224 2552 quia

627 2591 749 2632 cum
799 2590 1013 2647 semper
1058 2575 1308 2631 intendas
1337 2617 1351 2640 ,
1411 2588 1627 2645 semper
1665 2584 1749 2629 est
1775 2574 1917 2646 quod
1949 2574 2220 2629 intendas.

630 2667 856 2737 Semper
900 2675 1079 2722 autem
1131 2665 1307 2721 locum
1339 2665 1455 2736 ejus
1487 2665 1771 2721 intendere
1814 2663 1977 2739 584
2024 2665 2100 2721 ita
2129 2664 2226 2720 tibi

630 2769 729 2827 est,
761 2768 820 2816 ut
846 2762 895 2816 ei
917 2775 1039 2817 esse
1068 2758 1137 2833 (Ῑ)
1166 2760 1284 2815 sine
1326 2759 1432 2815 line
1463 2770 1565 2815 est.
1592 2761 1784 2815 Sermo
1813 2761 1865 2815 in
1899 2775 1965 2815 eo
1989 2760 2225 2827 deficiet,

630 2866 738 2907 non
768 2860 958 2906 natura
988 2852 1286 2907 claudetur.
1335 2852 1534 2910 Iterum
1568 2853 1785 2907 revolve
1812 2862 2076 2923 tempora,
2109 2868 2229 2908 esse

629 2958 848 3013 semper
877 2945 1152 2999 invenies:
1206 2953 1261 2999 et
1304 2959 1428 2998 cum
1485 2943 1681 2999 calculi
1733 2959 1992 3000 numerus
2025 2945 2075 2998 in
2107 2959 2227 2999 scr-

634 3051 796 3090 mone
816 3034 1095 3103 defecerit,
1130 3035 1242 3091 Deo
1270 3046 1447 3091 tamen
1479 3051 1696 3106 semper
1721 3051 1843 3093 esse
1874 3051 1981 3092 non
2019 3035 2226 3094 deficit.

632 3125 1046 3198 lntelhgentiam
1077 3141 1383 3196 commove,
1412 3136 1469 3183 et
1519 3137 1691 3183 totum
1735 3137 1916 3183 mente
1958 3128 2231 3197 compleor

2319 1923 2585 1989 stultitim,
2639 1939 2747 1979 non
2778 1925 3137 1996 nosmetipsos
3176 1925 3592 1997 irreligiositatis
3621 1926 3916 1997 arguimus,

2322 2014 2416 2071 Dei
2443 2016 2679 2085 arcanis,
2735 2017 2824 2072 Dei
2854 2018 3143 2073 virtutibus
3168 2018 3579 2074 calumniantes.
3634 2018 3920 2087 Quomodo

2322 2108 2513 2174 Filius,
2544 2119 2598 2166 et
2622 2110 2763 2166 unde
2787 2111 2979 2176 Filius,
3035 2122 3217 2184 etquo
3246 2111 3445 2167 damno
3468 2112 3675 2177 Patris,
3722 2113 3807 2167 vel
3850 2129 3920 2170 ex

2323 2218 2427 2272 qua
2479 2205 2550 2258 sit
2603 2206 2854 2275 portione
2900 2212 3058 2262 natus
3110 2206 3455 2276 inquirimus.
3535 2207 3812 2263 Habueras
3861 2209 3915 2264 in

2323 2294 2573 2365 exemplo
2623 2297 3023 2365 Operationum,
3091 2307 3150 2353 ut
3194 2298 3446 2355 crederes
3484 2300 3652 2355 Deum
3705 2301 3923 2359 allicere

2326 2401 2507 2459 posse,
2537 2402 2767 2458 quorum
2798 2388 3103 2458 intelligere
3132 2389 3478 2445 efﬁcientiam
3502 2407 3608 2447 non
3632 2393 3825 2462 possis.

2398 2478 2487 2534 '50.
2546 2478 2630 2535 Ea:
2657 2496 2797 2534 itum.
2832 2480 2897 2534 l9
2924 2481 3154 2553 ejusdem
3186 2481 3323 2538 libri.
3386 2482 3598 2550 QUIBI'lS
3646 2482 3919 2554 quomodo

2325 2574 2619 2633 secundum
2659 2573 2916 2645 Spiritum
2949 2586 3108 2631 natus
3139 2576 3209 2631 sit
3253 2576 3419 2632 Filius
3455 2594 3467 2630 :
3496 2592 3597 2647 ego
3626 2587 3677 2636 te
3704 2579 3773 2633 de
3800 2592 3921 2633 cor-

2329 2669 2507 2737 poreis
2538 2668 2697 2723 rebus
2742 2669 3037 2739 intermgo.
3091 2669 3210 2725 Non
3237 2685 3424 2741 qumro
3452 2671 3724 2740 quomodo
3764 2681 3924 2733 natus

2328 2776 2394 2816 ex
2420 2758 2626 2830 virgine
2654 2759 2723 2816 sit
2758 2777 2771 2813 :
2820 2775 2888 2814 an
2930 2759 3314 2816 detrimentum
3344 2762 3428 2816 sui
3456 2776 3583 2816 caro
3627 2762 3924 2833 perlectam

2329 2868 2396 2907 ex
2425 2868 2483 2908 se
2514 2868 2729 2907 carnem
2762 2851 2924 2924 585
2953 2867 3218 2922 generans
3246 2868 3501 2924 perpessa
3532 2855 3621 2908 sit.
3682 2854 3751 2908 Et
3777 2864 3926 2911 certe

2333 2961 2439 3001 non
2471 2948 2708 3015 suscepit
2731 2948 2872 3016 quod
2901 2945 3103 3000 edidit:
3134 2947 3228 3001 sed
3255 2962 3381 3001 caro
3408 2962 3628 3001 carnem
3659 2948 3776 3002 sine
3809 2947 3928 3002 ele-

2330 3049 2634 3096 mentorum
2668 3049 2973 3095 nostrorum
2999 3039 3206 3112 pudore
3237 3042 3504 3111 provexit,
3539 3051 3593 3097 et
3622 3041 3924 3112 perfectum

2330 3133 2448 3202 ipsa
2470 3132 2536 3186 de
2562 3132 2673 3187 suis
2698 3146 2803 3186 non
2834 3133 3112 3186 imminuta
3138 3132 3437 3202 generavit.
3485 3132 3551 3186 Et
3579 3134 3798 3202 quidem
3846 3132 3929 3187 ias

636 3226 792 3283 lere;
851 3216 981 3271 nihil
1016 3227 1192 3272 tenes.
1244 3216 1439 3272 Totum
1483 3217 1586 3272 hoc
1616 3216 1779 3272 habet
1802 3217 2091 3291 reliquum,
2143 3233 2230 3274 re-
2256 3218 2303 3283 C
2333 3233 2496 3287 esset,
2553 3239 2656 3276 non
2688 3221 3025 3293 impossibile
3051 3223 3103 3277 in
3130 3224 3240 3278 Deo
3260 3223 3493 3293 opinari,
3522 3223 3666 3294 quod
3697 3238 3795 3294 per
3820 3225 3927 3279 vir-

632 3310 838 3381 liquum
875 3319 1054 3363 autem
1104 3309 1206 3364 hoc
1239 3324 1455 3378 semper
1496 3308 1549 3363 in
1597 3318 1710 3364 toto
1737 3317 1839 3365 est.
1894 3312 2033 3382 Ergo
2057 3325 2232 3381 neque

635 3409 804 3458 totum
848 3412 970 3471 est,
1026 3404 1111 3458 cui
1167 3402 1433 3474 reliquum
1464 3412 1578 3468 est;
1623 3419 1799 3472 neque
1824 3403 2089 3476 reliquum
2122 3412 2226 3472 est,

633 3494 722 3551 cui
752 3503 836 3550 est
864 3510 1025 3550 omne
1045 3495 1187 3565 quod
1220 3503 1388 3551 totum
1407 3506 1513 3552 est.
1546 3496 1833 3567 Reliquum
1860 3499 2027 3563 enim,
2052 3498 2231 3567 portio

635 3595 751 3655 est;
803 3602 965 3644 omne
998 3603 1127 3644 vero
1154 3628 1171 3655 ,
1220 3588 1362 3661 quod
1398 3599 1564 3645 totum
1620 3598 1723 3644 est.
1783 3591 1925 3645 Deus
1963 3599 2141 3645 autem
2180 3597 2234 3644 et

637 3682 835 3752 ubique
884 3690 1001 3748 est,
1047 3689 1102 3736 et
1134 3691 1276 3738 totus
1306 3683 1500 3753 ubique
1528 3692 1629 3740 est.
1710 3682 1786 3739 lla
1819 3682 1897 3756 (g)
1950 3685 2231 3756 regionem

638 3774 1009 3844 intelligentiae
1038 3775 1275 3841 excedit,
1322 3783 1476 3832 extra
1506 3790 1665 3847 quem
1691 3777 1823 3831 nihil
1854 3787 1958 3845 est,
1993 3785 2049 3832 et
2078 3777 2235 3848 cujus

644 3878 728 3924 est
750 3883 973 3939 semper
992 3878 1050 3922 ut
1075 3882 1291 3938 semper
1316 3871 1406 3924 sit.
1430 3870 1557 3924 Haec
1582 3870 1782 3925 veritas
1801 3880 1885 3925 est
1912 3870 2237 3925 sacramenti

639 3960 755 4025 Dei,
774 3960 875 4015 hoc
900 3959 972 4015 im
983 3961 1353 4030 perSpicabilis
1369 3970 1573 4017 natura:
1592 3978 1787 4017 nomen
1811 3962 1864 4017 in
1881 3961 2063 4019 Patre.
2095 3962 2236 4017 Deus

645 4051 952 4118 invisibilis,
994 4050 1299 4121 inellabilis,
1325 4054 1564 4110 inlinitus
1587 4072 1599 4107 :
1625 4054 1693 4109 ad
1715 4070 1873 4125 quem
1901 4061 1958 4111 et
1977 4054 2240 4122 eloquen—

638 4144 767 4201 dum
790 4158 970 4201 sermo
991 4144 1167 4213 sileat,
1221 4155 1275 4201 et
1324 4146 1757 4219 investigandum
1800 4162 1997 4203 sensus
2019 4146 2233 4214 hebeat,

639 4248 694 4296 et
722 4239 1191 4312 complectendum
1223 4240 1573 4312 intelligentia
1601 4250 1929 4298 coarctetur.

710 4333 803 4390 29.
856 4333 940 4390 Ea:
962 4333 1049 4389 lib.
1077 4351 1133 4391 nt
1183 4335 1248 4390 de
1286 4334 1461 4403 Trin.,
1502 4353 1644 4391 num.
1679 4336 1765 4393 18.
1810 4334 2009 4391 Volens
2054 4333 2238 4405 itaque

640 4427 812 4483 Filius
837 4427 994 4500 hujus
1020 4429 1319 4486 nativitatis
1348 4446 1460 4486 suae
1490 4430 1652 4486 ﬁdem
1696 4429 1874 4485 facere
1899 4470 1915 4494 ,
1974 4427 2238 4483 factorum

642 4536 863 4578 suorum
893 4523 1048 4579 nobis
1076 4524 1259 4595 posuit
1286 4523 1556 4596 exempla,
1595 4532 1652 4578 ut
1680 4536 1773 4594 per
1796 4519 2236 4577 inenarrabilium

2333 3323 2498 3371 tutem
2530 3316 2644 3382 ejus
2674 3315 2930 3384 possibile
2960 3313 3121 3370 fuisse
3153 3315 3203 3368 in
3228 3313 3445 3368 homine
3469 3312 3866 3386 cognoscimus.

2402 3408 2491 3463 5i.
2521 3404 2606 3460 E1:
2654 3422 2797 3460 num.
2843 3405 2933 3461 20.
2967 3406 3073 3461 Sed
3104 3414 3157 3461 te
3181 3447 3196 3471 ,
3231 3405 3476 3476 quisquis
3506 3421 3586 3471 es,
3639 3406 3932 3475 investiga—

2334 3499 2459 3554 bilia
2508 3510 2825 3566 sectantem,
2894 3507 2951 3553 et
3013 3497 3317 3553 divinorum
3372 3507 3707 3552 secretorum
3768 3507 3931 3567 atque

2337 3592 2601 3645 virtutum
2645 3605 2867 3661 gravem
2909 3589 3169 3645 arbitrum
3213 3590 3457 3655 consulo,
3509 3597 3568 3644 ut
3605 3589 3734 3644 mihi
3766 3590 3932 3660 impe-

2338 3684 2466 3748 rito,
2496 3692 2549 3738 et
2582 3692 2790 3738 tantum
2822 3681 2891 3737 de
2916 3681 3168 3737 onmibns
3192 3679 3305 3736 Deo
3334 3690 3393 3736 ut
3438 3690 3565 3737 sunt
3606 3681 3675 3735 ab
3698 3697 3764 3736 eo
3790 3680 3933 3736 dicta

2337 3774 2601 3839 credenti,
2648 3773 2913 3829 rationem
2958 3772 3145 3827 saltem
3172 3771 3296 3827 lacti
3324 3772 3478 3826 istius
3507 3771 3722 3827 all‘eras.
3750 3772 3934 3828 Domi-

2337 3881 2463 3921 num
2490 3865 2670 3928 audio,
2703 3873 2757 3918 et
2784 3866 2910 3932 quia
2940 3863 3024 3917 his
3048 3863 3215 3918 credo
3242 3878 3361 3933 qua:
3385 3863 3581 3934 scripta
3631 3872 3775 3929 sunt,
3821 3863 3934 3919 scio

2333 3957 2444 4028 jam
2494 3967 2614 4028 post
2645 3956 3100 4013 resurrectionem
3133 3954 3444 4027 frequenter
3472 3956 3761 4012 videndum
3789 3972 3848 4012 se
3881 3958 3934 4012 in

2338 4066 2568 4120 corpore
2599 4048 2893 4119 praebuisse
2935 4048 3118 4105 multis
3145 4064 3253 4103 non
3285 4046 3664 4112 credentibus;
3696 4046 3760 4119 (ἱ)
3788 4056 3939 4103 certe

2342 4144 2566 4199 Thomas
2604 4158 2713 4197 non
2744 4142 2845 4197 nisi
2874 4141 3225 4197 contrectatis
3269 4142 3387 4211 ejus
3415 4140 3732 4195 vulneribus
3759 4140 3939 4195 credi-

2344 4248 2464 4294 turo
2486 4282 2501 4307 ,
2532 4238 2670 4292 sicut
2695 4238 2770 4292 ait
2798 4255 2811 4291 :
2861 4236 2982 4291 Nisi
3010 4233 3181 4291 videro
3207 4234 3261 4288 in
3286 4232 3522 4288 manibus
3565 4236 3675 4306 ejus
3702 4233 3773 4307 (j)
3802 4218 3941 4305 ﬁgu—

2341 4349 2452 4384 ram
2485 4331 2768 4397 clavorum,
2801 4340 2851 4385 et
2894 4331 3081 4385 misero
3107 4328 3327 4399 digitum
3350 4343 3519 4381 meum
3560 4331 3611 4380 in
3638 4319 3806 4381 locum
3829 4325 3940 4381 cla-

2341 4439 2538 4489 vorum,
2588 4431 2639 4478 et
2683 4423 2881 4477 mittant
2928 4439 3137 4476 manum
3172 4437 3338 4476 meum
3364 4420 3417 4474 in
3458 4419 3594 4473 latus
3640 4419 3777 4488 ejus,
3837 4435 3939 4473 non

2344 4515 2549 4570 credam
2579 4513 2761 4585 (Joan.
2796 4531 2887 4580 xx,
2919 4513 3037 4585 25).
3073 4513 3332 4568 Dominus
3361 4526 3421 4566 se
3464 4510 3531 4566 ad
3585 4524 3800 4566 omnem
3854 4511 3941 4564 ln-

640 4624 915 4684 gestorum
954 4629 1177 4671 suorum
1221 4614 1567 4673 efﬁcientiam
1596 4614 1665 4672 de
1708 4613 1907 4673 virtute
1945 4611 2241 4673 nativitatis
2264 4603 2318 4664 D
2345 4610 2663 4682 telligentia:
2691 4618 2892 4666 nostra:
2920 4607 3344 4663 imbecillitatem
3359 4602 3943 4668 accommodat,ctdu-

718 4774 798 4846 (a)
824 4774 879 4829 ln
923 4789 1053 4830 mss.
1081 4774 1294 4829 Martin.
1325 4783 1381 4829 et
1421 4772 1579 4829 Colb.
1633 4773 1929 4846 profanus:
1981 4780 2043 4846 et
2081 4787 2236 4839 mox,

644 4843 781 4901 nunc
791 4847 936 4917 regni
954 4846 1229 4913 potentiam
1248 4847 1301 4899 in
1332 4855 1608 4915 posterum,
1625 4843 1756 4912 etc.,
1776 4844 1867 4900 ubi
1881 4843 2154 4900 Bandinus
2175 4859 2239 4900 ac

646 4916 885 4973 Latinius
916 4917 1189 4973 malebant
1214 4933 1370 4988 regno
1400 4916 1629 4987 patienti.

716 5003 795 5079 (b)
824 5006 989 5079 Iidem
1018 5022 1153 5065 mss.
1178 5007 1382 5062 doceat.
1434 5006 1532 5061 Hic
1563 5008 1795 5079 maxime
1820 5006 2112 5079 respicitur
2142 5020 2240 5060 vo-

648 5077 897 5133 cabulum
930 5078 1271 5144 bomousion,
1328 5079 1480 5144 cujus
1501 5078 1911 5149 ambiguitatem
1950 5077 2240 5149 gobjeclare

648 5149 890 5221 haeretici
921 5150 1167 5208 solebant
1188 5192 1201 5212 ,
1230 5158 1290 5205 ut
1314 5157 1461 5221 patet
1488 5164 1555 5204 ex
1582 5146 1675 5205 his
1699 5148 1818 5203 libri
1847 5150 1913 5203 de
1938 5146 2233 5221 Synodsn.

540 5225 549 5235 ⁸
649 5223 711 5277 9|
745 5239 758 5275 :
804 5220 1139 5289 Interpretati
1176 5219 1356 5278 Patres
1384 5223 1548 5277 nostri
1574 5231 1692 5278 sunt
1718 5232 1835 5290 post
1917 5221 2105 5275 nodum
2135 5219 2241 5274 Ni-

650 5308 844 5347 camam
869 5294 1124 5347 homousii
1156 5297 1521 5347 nronrietalem
1539 5293 1795 5347 reliaiose.
1853 5238 2077 5347 gntum
2100 5292 2240 5347 libri.

650 5308 844 5347 orenam
869 5294 1124 5378 homousii
1155 5297 1521 5366 proprietatem
1539 5293 1795 5369 religiose.
1856 5292 2077 5348 Exstant
2100 5292 2240 5360 libri,

649 5375 818 5419 manet
837 5375 1165 5422 conscientia.

724 5454 795 5530 (_c)
840 5456 967 5512 Bad.
1002 5466 1054 5513 et
1082 5459 1196 5525 Er.,
1226 5467 1515 5519 auctorum.
1546 5460 1686 5518 Lud.
1712 5461 1926 5519 Miracus
1949 5466 2110 5530 atque
2141 5457 2247 5515 La-

656 5526 821 5583 tinius
848 5569 864 5594 ,
924 5545 1172 5586 avorum:
1219 5535 1554 5602 superiorum
1614 5534 1960 5592 immemores
1979 5573 1995 5594 ,
2024 5526 2036 5530 ⁷
2056 5530 2251 5603 quibus

654 5611 952 5726 sanctprum
994 5604 1251 5665 memoriis
1286 5603 1720 5665 communit-andi
1771 5614 2102 5677 prteceptum
2159 5617 2253 5659 exr-

658 5685 692 5726 n
717 5685 795 5725 lca
827 5687 906 5726 ur.

658 5685 906 5745 plicetur.

738 5762 816 5833 (tl)
846 5761 1123 5833 illrcodice
1174 5766 1413 5825 basilicae.
1442 5769 1713 5828 Vaticana:
1754 5770 1845 5827 hic
1862 5766 2164 5826 absolvitur
2192 5763 2258 5821 li-

669 5831 805 5888 ber;
829 5832 1099 5903 Quidquid
1128 5846 1308 5894 autem
1339 5851 1591 5911 superest
1618 5857 1685 5899 ex
1714 5840 1869 5902 libris
1899 5840 1968 5896 de
1996 5838 2259 5907 'frinitate

2888 4724 2896 4752 Ι

2340 4773 2446 4826 huc
2470 4770 2788 4826 translatum
2815 4778 2930 4831 est.
2985 4782 3086 4825 nec
3112 4768 3244 4823 satis
3284 4775 3409 4837 apte
3449 4764 3723 4821 adsutum.
3786 4764 3940 4833 Quo-

2343 4844 2483 4899 circa
2524 4856 2710 4911 parum
2741 4840 2912 4896 abfuit
2936 4840 3063 4909 quin
3096 4841 3319 4895 omnino
3341 4838 3794 4909 supprimeretur.

2417 4933 2490 5009 (ε)
2527 4932 2696 4990 Abest
2722 4949 2831 4988 esse
2854 4948 2882 4986 a
2910 4947 3043 4987 mss.

2416 5030 2485 5103 (ι’)
2525 5024 2724 5083 Excusi
2771 5024 2859 5083 hic
2905 5024 3232 5096 adjiciebant
3264 5039 3498 5097 scalper.-
3546 5021 3943 5091 refragantibus

2347 5119 2479 5160 mss.

2422 5197 2500 5270 (g)
2526 5197 2617 5254 Sic
2641 5189 2771 5252 Bad.
2801 5204 2856 5250 et
2884 5192 2979 5250 Er.
3006 5201 3065 5248 ut
3085 5192 3183 5249 lib.
3210 5190 3279 5247 de
3309 5189 3461 5247 Trin.
3490 5189 3593 5247 Alii
3636 5202 3764 5246 vero
3796 5187 3944 5253 libri,

2342 5270 2668 5338 religionem.

2426 5361 2507 5431 (lt)
2540 5362 2692 5427 Mss.,
2718 5375 2918 5431 necesse
2942 5365 3014 5412 est
3040 5371 3158 5410 cum
3183 5370 3242 5409 eo
3267 5353 3417 5431 cujus
3442 5353 3617 5431 imago
3646 5359 3740 5431 est,
3766 5365 3949 5403 consc-

2359 5422 2543 5505 quiilur
2575 5447 2592 5485 :
2624 5422 2786 5505 male.
2840 5430 3000 5505 Pejus
3022 5437 3208 5505 autem
3247 5422 3375 5505 editi
3408 5467 3421 5487 ,
3451 5422 3587 5477 Tum
3625 5423 3759 5475 enim
3780 5434 3947 5505 sensu

2357 5498 2508 5574 atque
2537 5504 2700 5557 verbis
2724 5498 2998 5573 imaginem
3024 5498 3468 5568 apprehendentes:
3489 5508 3690 5549 necesse
3720 5502 3810 5557 est,
3828 5507 3947 5546 cum

2358 5591 2471 5629 eum
2495 5578 2645 5649 cujus
2670 5576 2839 5644 imago
2867 5581 2939 5627 est
2968 5576 3353 5645 consequetur".

2434 5670 2496 5743 (ἱ)
2536 5669 2716 5744 ΕιΙίιί,
2764 5665 2928 5744 Credo
2974 5667 3341 5744 Thomwmclc.
3368 5663 3519 5744 Mss_.,
3551 5663 3696 5718 Certe
3723 5658 3951 5744 Thema:

2361 5736 2590 5800 nonnisi
2620 5742 2866 5797 contactis
2893 5743 3002 5806 ejus
3032 5736 3320 5799 vulneribus
3349 5736 3659 5795 crediturum
3687 5751 3741 5795 se
3768 5736 3864 5792 ait.

2430 5836 2501 5916 (j)
2528 5835 2588 5895 ln
2615 5849 2775 5911 13158,,
2803 5834 3050 5910 ﬁxuram.
