4270 6264
314 380 420 438 605

1273 372 1651 434 ADMONITIO
1688 374 1754 431 IN
1793 374 1922 431 LIB.
1963 373 2170 433 CONT.
2213 328 2640 438 AUXEN‘TIUM.

3505 388 3608 442 (it‘li

312 492 560 555 bitationi
613 490 913 549 inlidelium
964 488 1364 561 satisfacturos,
1410 504 1666 549 arcanum
1707 488 1918 547 virtutis
1941 496 1996 560 Α
2021 492 2264 564 perfecto
2285 494 2395 555 Deo
2419 505 2571 567 patre
2594 498 2900 569 unigenitus
2929 508 2983 557 et
3013 501 3280 570 perlectus
3305 501 3445 560 (ilius
3471 503 3613 563 Deus

316 584 604 645 invisibilis
629 594 884 657 operatur
910 600 923 637 :
958 581 1087 639 facti
1113 581 1400 655 rationem,
1433 582 1678 656 quisquis
1705 580 1781 655 (α)
1812 582 1921 638 eris

314 680 626 742 cmlestium
660 693 843 736 rerum
873 686 1167 755 scrutator,
1205 692 1435 746 expone.
1468 677 1641 733 Eram
1669 675 1919 748 discipuli

307 774 531 841 inclusi,
581 781 638 829 et
678 782 892 831 secreto
919 783 1042 844 post
1069 774 1374 844 passionem
1402 770 1617 829 Domini
1644 770 1920 841 conjuncti

315 866 700 924 consederant.
728 865 994 925 Dominus
1027 866 1249 923 'l‘homze
1278 866 1437 922 [idem
1470 865 1763 938 propositis
1788 880 1921 927 cou-

315 960 613 1021 ditionihus
637 958 1053 1016 conﬁrmaturus
1079 959 1308 1027 assistit,
1362 959 1617 1032 palpandi
1646 959 1917 1031 corporis,

314 1062 376 1110 et
405 1052 772 1115 contrectandi
801 1051 1043 1109 vulneris
1067 1052 1261 1108 obtulit
1280 1051 1586 1113 facultatem
1611 1068 1626 1105 :
1656 1060 1710 1107 et
1738 1051 1921 1121 utique

315 1147 411 1216 qui
440 1154 794 1215 compunctus
822 1144 1293 1215 recognoscendos
1333 1146 1425 1212 sit,
1475 1160 1698 1202 necesse
1734 1153 1817 1200 est
1863 1156 1919 1201 ut

316 1255 519 1313 corpus
549 1240 600 1295 in
633 1254 740 1311 quo
771 1249 853 1297 est
879 1250 1231 1310 compunctus
1256 1240 1518 1296 attulerit.
1547 1240 1744 1308 Quer
1791 1254 1920 1310 ergo

317 1348 417 1405 per
453 1347 587 1404 quas
612 1332 812 1389 clausa:
841 1331 1033 1389 domus
1066 1341 1245 1403 partes
1268 1348 1390 1390 sese
1435 1347 1731 1402 corporeus
1776 1331 1922 1389 intu-

321 1426 470 1483 lerit.
494 1424 963 1496 Diligenterenim
993 1424 1335 1495 Evangelista
1366 1424 1649 1497 expressit,
1684 1425 1870 1483 dicens
1901 1440 1917 1480 :

326 1521 475 1579 Venit
518 1518 677 1576 Iesus
694 1520 872 1592 januis
919 1519 1127 1586 clausis,
1153 1528 1199 1574 et
1230 1519 1363 1575 stetit
1390 1519 1445 1573 in
1483 1519 1648 1575 medio
1692 1518 1920 1589 discipu-

318 1615 485 1671 lorum
510 1613 581 1689 (b)
604 1630 816 1669 suorum
842 1611 1033 1685 (Ibid.,
1060 1612 1178 1685 26).
1210 1612 1295 1670 An
1316 1619 1623 1669 constructa
1655 1612 1918 1684 parietum

322 1718 637 1783 penetrans,
677 1706 907 1765 solidam
939 1706 1207 1777 lignorum
1238 1714 1483 1762 naturam
1527 1703 1919 1776 impenetrabi-

320 1804 429 1859 lem
459 1798 816 1857 transcurrit?
856 1798 1018 1855 Stetit
1047 1812 1280 1868 namque
1322 1812 1637 1867 corporeus,
1692 1810 1801 1853 non
1846 1795 1922 1853 si-

2022 594 2179 642 natus
2209 588 2299 656 sit,
2329 588 2452 658 quia
2480 603 2700 649 sensum
2726 598 2781 647 et
2802 606 3108 653 sermonem
3134 595 3385 655 humanae
3410 605 3615 659 natura

2020 677 2191 735 virtus
2218 681 2583 749 generationis
2612 684 2858 743 excedat.

2090 771 2183 828 52.
2216 771 2302 832 Ea:
2351 791 2495 831 num.
2541 775 2633 839 2i.
2669 778 2740 833 Et
2766 779 2948 835 omnia
2972 779 3185 850 quidem
3214 782 3437 853 insuper
3467 799 3621 841 mun-

2021 861 2078 919 di
2128 879 2295 936 opera
2342 867 2532 925 adesse
2561 867 2718 925 nobis
2765 870 2818 929 in
2860 872 3224 931 testimonium
3256 886 3500 944 possent,
3548 894 3617 933 ne

2021 956 2296 1027 ambigere
2340 957 2407 1015 de
2437 958 2533 1015 Dei
2566 959 2724 1016 rebus
2745 971 2904 1031 atque
2932 964 3219 1025 virtutibus
3249 965 3331 1021 fas
3361 968 3615 1027 credere.-

2021 1062 2163 1105 mus.
2198 1047 2304 1107 Sed
2335 1050 2386 1107 iu
2433 1050 2606 1118 ipsam
2636 1053 2913 1113 veritatem
2949 1055 3237 1113 infidelitas
3264 1067 3444 1115 nostra
3490 1076 3615 1130 pro-

2021 1140 2213 1207 currit,
2243 1150 2298 1195 et
2326 1140 2547 1202 violenti
2574 1143 2626 1205 in
2665 1144 2931 1200 excidium
2971 1147 3064 1205 Dei
3097 1150 3616 1217 potestatislrrum.

2021 1231 2218 1303 pimus.
2267 1233 2325 1295 Si
2372 1233 2583 1305 liceret,
2629 1244 2684 1291 et
2732 1244 2957 1307 corpora
3003 1247 3058 1293 et
3105 1255 3296 1301 manus
3324 1242 3389 1297 ad
3418 1243 3616 1299 cmlum

2022 1323 2351 1396 levaremus,
2380 1326 2552 1385 solem
2581 1337 2833 1399 astraque
2861 1339 3056 1387 caatera
3097 1332 3263 1391 annui
3290 1348 3481 1393 curSns
3506 1336 3620 1391 suis

2022 1418 2284 1481 limitibus
2346 1422 2807 1493 proturbaremus,
2864 1425 3312 1493 permiscerenms
3361 1427 3620 1485 decessus

2023 1511 2221 1571 Oceani
2252 1522 2308 1573 et
2350 1529 2620 1581 accessus,
2653 1514 2851 1575 ﬂuenta
2898 1518 3062 1573 etiam
3094 1519 3316 1581 fontium
3347 1518 3620 1579 inhibere-

2022 1621 2165 1674 mus,
2193 1615 2250 1663 et
2275 1615 2493 1667 naturas
2517 1606 2802 1665 ﬂuminum
2831 1608 3179 1676 referremus,
3203 1620 3619 1671 concuteremus

2021 1697 2368 1759 fundamenta
2401 1711 2579 1769 terrae,
2611 1711 2668 1757 et
2706 1710 2821 1757 toto
2847 1702 2901 1759 in
2952 1702 3070 1761 haec
3112 1719 3274 1775 opera
3318 1704 3411 1765 Dei
3453 1707 3618 1776 parri-

2021 1790 2164 1849 cidio
2210 1791 2616 1851 desaeviremus.
2670 1793 2781 1850 Sed
2823 1793 2968 1852 bene
3011 1803 3115 1863 est,
3162 1797 3306 1866 quod
3355 1812 3453 1860 nos
3477 1800 3617 1857 intra

319 1899 551 1956 mulatus
580 1905 678 1954 aut
709 1895 897 1952 fallax.
928 1894 1236 1965 Sequemur
1261 1908 1393 1964 ergo
1420 1892 1562 1949 oculi
1588 1892 1785 1949 mentis
1812 1901 1918 1949 tua:
1949 1885 1997 1949 B
2024 1884 2162 1940 hanc
2200 1884 2480 1945 modestia:
2509 1890 2889 1949 necessitatem
2920 1900 3110 1947 natura
3146 1904 3430 1962 corporum
3478 1893 3618 1949 deti»

320 1993 657 2065 penetrantls
695 1991 1021 2060 ingressum,
1050 1997 1106 2049 et
1147 2001 1269 2047 cum
1309 2002 1377 2044 eo
1414 1988 1651 2047 clausam
1694 1984 1917 2043 domum

323 2086 694 2158 intelligentiae
723 2095 829 2141 tuae
865 2085 1012 2141 visus
1042 2083 1295 2145 introeat.
1324 2083 1539 2153 Integra
1582 2090 1709 2139 sunt
1737 2080 1918 2137 omnia

317 2189 375 2238 et
417 2180 708 2239 obserata:
756 2177 851 2237 sed
883 2191 1013 2237 ecce
1034 2177 1239 2235 assistit
1282 2174 1514 2241 medius.
1558 2172 1645 2229 cui
1689 2187 1784 2243 per
1808 2174 1920 2229 vir-

322 2281 491 2331 tutem
533 2286 689 2329 suam
735 2269 984 2329 universa
1028 2276 1157 2324 sunt
1184 2267 1389 2339 pervia.
1434 2264 1796 2325 Invisibilibus
1822 2279 1918 2320 ca-

317 2362 647 2423 lumniaris:
690 2377 794 2435 ego
841 2378 874 2419 a
921 2371 974 2421 te
1020 2360 1310 2421 visibilium
1358 2373 1592 2430 exposco
1628 2358 1914 2419 rationem.

310 2458 458 2515 Nihil
483 2457 630 2517 cedit
654 2472 723 2516 ex
755 2456 954 2523 solido,
1003 2469 1178 2525 neque
1222 2469 1319 2525 per
1359 2461 1602 2511 naturam
1632 2466 1784 2509 suam
1814 2451 1918 2509 ali-

317 2553 443 2624 quid
491 2562 763 2625 tamquam
808 2551 961 2622 lapsu
1008 2548 1309 2607 insensibili
1339 2549 1479 2619 ligna
1504 2558 1558 2604 et
1585 2545 1790 2616 lapides
1822 2545 1919 2601 ad-

315 2648 557 2705 mittunt.
589 2644 798 2716 Corpus
830 2643 1043 2701 Domini
1072 2658 1104 2699 a
1146 2658 1270 2700 sese
1300 2656 1406 2699 non
1438 2640 1644 2707 deﬁcit,
1690 2649 1747 2697 ut
1795 2654 1919 2695 sese

313 2750 557 2799 resumat
596 2755 665 2799 ex
712 2738 884 2796 nihilo
928 2755 944 2793 :
992 2746 1048 2793 et
1092 2736 1233 2793 unde
1261 2736 1354 2806 qui
1395 2735 1599 2793 assistit
1640 2735 1693 2790 in
1737 2732 1918 2789 medio

316 2835 438 2891 est?
466 2833 622 2890 Cedit
646 2832 714 2889 ad
742 2831 864 2889 hinc
894 2840 953 2888 et
980 2846 1173 2887 sensus
1190 2838 1250 2886 et
1276 2844 1476 2894 sermo,
1497 2828 1662 2901 588
1685 2836 1740 2883 et
1764 2836 1918 2883 extra

314 2929 580 2983 rationem
624 2926 913 2982 humanam
940 2931 1029 2981 est
1069 2924 1268 2979 veritas
1293 2922 1441 2978 facti.
1470 2921 1676 2977 ldcirco
1703 2935 1834 2990 ergo
1860 2928 1921 2977 ut

310 3021 381 3077 de
408 3021 686 3076 nativitate
712 3018 792 3092 (c)
825 3017 1081 3084 fallimus,
1116 3017 1189 3073 ita
1218 3016 1367 3072 etde
1412 3015 1659 3087 ingressu
1705 3016 1917 3071 Domini

313 3114 662 3170 mentiamur.
717 3111 970 3166 Dicamus
1017 3108 1216 3165 factum
1256 3125 1365 3163 non
1391 3108 1577 3173 fuisse,
1606 3107 1729 3177 quia
1760 3106 1921 3161 intel-

313 3205 588 3279 ligentiam
640 3204 766 3259 facti
822 3218 931 3258 non
990 3200 1450 3273 apprehendimus
1496 3218 1510 3253 :
1566 3208 1622 3255 et
1669 3208 1918 3254 cessante

2022 1986 2135 2035 net.
2168 1977 2329 2039 Certe
2375 1994 2485 2035 non
2527 1979 2786 2055 fallimus,
2833 1982 2983 2053 quid,
3023 1983 3072 2041 si
3116 1983 3325 2050 liceret,
3375 1999 3618 2045 essemus

2020 2074 2189 2133 acturi
2219 2092 2233 2127 :
2262 2088 2496 2144 namque
2539 2074 2663 2144 quia
2692 2074 2762 2146 (e)
2813 2089 3122 2144 possumus,
3171 2074 3395 2145 profana
3427 2076 3617 2135 volun-

2022 2166 2145 2227 tatis
2171 2166 2394 2225 audacia
2421 2174 2664 2225 naturam
2707 2168 2952 2227 veritatis
2978 2168 3356 2237 convellimus,
3404 2178 3460 2227 et
3501 2169 3616 2227 bel-

2020 2258 2132 2315 lum
2163 2256 2323 2316 dictis
2352 2258 2446 2319 Dei
2473 2273 2873 2329 comparamus.

2088 2350 2179 2411 55.
2207 2348 2292 2409 Ea:
2322 2350 2411 2409 tib.
2452 2366 2489 2413 ιι
2534 2352 2598 2411 de
2638 2350 2787 2409 Trin.
2826 2369 2882 2411 η.
2913 2353 2967 2409 9.
2999 2352 3189 2409 Cesset
3215 2352 3378 2415 dolor
3422 2369 3619 2426 quere-

2019 2443 2214 2505 larum.
2246 2443 2380 2509 Nam
2413 2455 2486 2515 te,
2525 2446 2769 2516 quisquis
2807 2460 2868 2505 es
2895 2445 2988 2517 qui
3031 2445 3150 2503 haec
3198 2442 3462 2518 require’s,
3507 2463 3617 2504 non

2020 2552 2218 2597 revoco
2260 2538 2312 2595 in
2358 2538 2655 2604 excelsum,
2710 2554 2819 2599 uon
2868 2538 2923 2599 in
2973 2536 3380 2609 amplitudinem
3429 2540 3614 2607 tendo,

2020 2647 2127 2691 non
2150 2632 2358 2693 deduco
2384 2634 2437 2691 in
2462 2632 2805 2703 profundum.
2839 2631 3031 2688 Nonne
3052 2632 3422 2702 aequanimiter
3463 2634 3619 2702 igno-

2021 2724 2166 2780 rabis
2190 2724 2463 2785 Creatoris
2490 2724 2850 2791 nativitatem,
2875 2723 3129 2795 ignorans
3152 2724 3418 2796 originem
3464 2739 3617 2781 cret»

2021 2817 2195 2875 tura?
2241 2816 2357 2877 Hoc
2399 2817 2592 2887 saltem
2622 2818 2875 2889 requiro,
2907 2818 3147 2877 sentisne
3174 2826 3227 2875 te
3253 2819 3519 2889 genitum,
3561 2826 3620 2875 et

2023 2925 2141 2980 quae
2172 2924 2238 2965 ex
2267 2918 2317 2965 te
2343 2917 2670 2980 generentur
2698 2907 2991 2979 intelligis?
3016 2908 3131 2969 Non
3159 2924 3366 2979 qurero,
3397 2924 3616 2965 sensum

2021 3002 2164 3061 unde
2210 3001 2476 3067 hauseris,
2525 3002 2691 3057 vitam
2738 3001 2881 3059 unde
2924 3001 3145 3057 sortitus
3185 3001 3281 3071 sis,
3311 3001 3619 3072 intelligen-

2022 3094 2149 3149 tiam
2179 3095 2319 3155 unde
2346 3080 2573 3165 adeptus
2602 3095 2700 3157 sis.
2723 3095 2884 3165 quale
2906 3095 2979 3150 sit
3004 3094 3149 3165 quod
3174 3093 3228 3153 in
3256 3105 3310 3151 te
3337 3105 3439 3161 eet,
3457 3095 3612 3162 odor,

2021 3203 2238 3255 sensus,
2273 3189 2444 3253 visus,
2470 3188 2711 3254 auditus;
2741 3197 2888 3249 certe
2913 3203 3075 3245 nemo
3092 3188 3237 3258 quod
3257 3186 3384 3249 facit
3410 3189 3614 3255 nescit:

314 3272 480 3357 sensu
512 3308 725 3365 nostro,
772 3296 900 3354 facti
946 3297 1116 3368 ipsius
1144 3303 1321 3352 cesset
1343 3293 1587 3351 effectus.
1614 3291 1722 3349 Sed
1760 3307 1918 3348 men-
1938 3272 1989 3341 C
2021 3298 2208 3356 quaero
2236 3282 2375 3340 unde
2399 3282 2499 3338 ista
2534 3282 2616 3343 hi8
2644 3282 2712 3353 (Ῑ)
2746 3297 2882 3353 quos
2914 3296 3142 3352 generas
3166 3281 3461 3350 indulgeas,
3486 3296 3619 3351 qua-

319 3393 535 3451 dacium
565 3401 809 3447 nostrum
840 3389 965 3445 facti
992 3388 1127 3444 ﬁdes
1167 3388 1353 3442 vincit.
1398 3385 1618 3442 Adstitit
1663 3385 1919 3440 Dominus

317 3490 503 3545 clausa
546 3487 710 3542 domo
757 3486 812 3540 in
859 3483 1039 3539 medio
1084 3482 1511 3552 discipulorum:
1545 3488 1601 3535 et
1639 3478 1809 3534 Filius
1835 3486 1922 3534 est

314 3594 479 3638 natus
525 3595 594 3636 ex
640 3579 817 3635 Patre.
864 3576 984 3631 Noli
1014 3589 1214 3646 negare
1242 3573 1383 3645 quod
1410 3571 1641 3636 steterit,
1670 3572 1795 3639 quia
1824 3584 1921 3640 per

314 3672 683 3742 intelligentia;
724 3668 1090 3725 inﬁrmitatem
1138 3665 1487 3723 consistentis
1525 3676 1632 3717 non
1660 3661 1742 3732 (ά)
1786 3677 1919 3716 con—

317 3766 565 3837 sequaris
584 3763 866 3819 introitum
909 3778 924 3815 :
959 3760 1067 3816 noli
1091 3757 1301 3815 nescire
1328 3754 1471 3828 quod
1502 3755 1570 3810 ab
1598 3753 1835 3825 ingenito
1860 3761 1917 3811 et

413 3918 443 3954 a
497 3900 652 3967 Mss.,
682 3897 910 3969 quisquis
939 3895 1121 3951 literas.

386 3899 466 4042 ξθζ
505 3972 600 4026 llic
628 3985 657 4023 a
686 3983 819 4042 mss.
851 3967 1007 4042 abest
1029 3965 1121 4042 dut

416 3965 466 4026 bl
505 3972 600 4026 llic
628 3965 657 4023 a
686 3965 819 4024 mss.
851 3967 1007 4023 abest
1029 3965 1309 4020 dumtaxat
1338 3978 1574 4019 suorum.

386 4034 460 4116 (ej
488 4042 724 4117 Rursum
755 4039 843 4096 hic
872 4037 1005 4095 edit.
1058 4038 1292 4109 fallimur
1332 4050 1354 4091 :
1394 4035 1573 4093 denuo
1624 4034 1917 4093 emendan-

312 4112 409 4170 tur
426 4112 757 4184 ex'scriptis.

390 4184 471 4257 (ά)
500 4183 556 4239 In
587 4179 747 4251 mam,
779 4179 1028 4254 sequaris.

2023 3377 2149 3433 liter
2172 3390 2390 3435 sensum
2422 3375 2650 3440 inseras,
2702 3374 2889 3431 oculos
2933 3372 3219 3441 accendas,
3268 3387 3362 3431 cor
3404 3372 3614 3443 alligas.

2023 3470 2172 3537 Haec,
2203 3471 2248 3526 si
2286 3478 2461 3541 potes,
2504 3483 2716 3525 enarra.
2766 3467 2944 3525 Habes
2975 3481 3108 3537 ergo
3135 3466 3276 3536 quod
3324 3466 3521 3528 nescis.
3562 3474 3619 3523 et

2026 3564 2215 3619 tribuis
2257 3579 2380 3633 qua:
2427 3578 2534 3623 non
2568 3561 2866 3631 intelligis:
2921 3559 3294 3630 aequanimiter
3334 3556 3618 3627 imperitus

2023 3655 2077 3715 in
2106 3657 2236 3723 tuis,
2263 3654 2561 3715 insolenter
2588 3654 2643 3713 in
2678 3654 2772 3711 Dei
2798 3653 2959 3715 rebus
2984 3652 3220 3723 ignarus.

2093 3894 2166 3967 (ε)
2193 3892 2396 3967 Etdbic
2435 3890 2566 3948 editi
2606 3890 2919 3962 particulam
2959 3892 3245 3957 negantem
3295 3880 3610 3954 praefigunt;

2019 3964 2376 4021 renitentibus
2402 3979 2533 4019 mss.

2091 4036 2166 4109 (Γ)
2200 4036 2417 4106 Aliqum
2442 4049 2598 4109 nios;
2616 4033 2802 4105 quibus
2826 4031 3069 4090 retineris
3096 4044 3116 4084 :
3151 4042 3279 4085 mox
3323 4025 3484 4083 Hieh.
3530 4039 3618 4080 cor

2018 4105 2226 4185 tif/ligas
2248 4148 2267 4181 ,
2289 4105 2397 4169 non
2423 4105 2713 4180 cora/ﬁgas.

1418 4338 2485 4553 ADMONITIO

958 4611 1082 4697 IN
1107 4596 1115 4604 ’
1148 4611 1611 4701 LIBRUM
1669 4612 2148 4701 CONTRA
2212 4612 2975 4703 AUXENTIUM.

394 4867 434 4922 l.
467 4865 631 4923 Libro
663 4865 791 4935 hoc,
834 4874 891 4925 ut
912 4880 1040 4923 cum
1081 4865 1413 4937 Hieronymo
1440 4863 1533 4937 (de
1562 4862 1738 4932 Serio.
1762 4865 1915 4937 sccl.)
1942 4870 1998 4932 1)
2024 4865 2261 4936 priorum
2286 4867 2590 4925 editionum
2625 4866 2876 4935 lectione,
2905 4883 3009 4939 qua
3040 4867 3344 4925 Ausentios
3387 4867 3459 4923 ita
3488 4865 3625 4922 scri-

320 4963 626 5032 loquatnur.
674 4960 943 5031 elegante,
979 4959 1210 5017 Hilarius
1252 4958 1323 5017 de
1349 4957 1463 5018 suis
1492 4973 1616 5017 cum
1650 4958 1920 5017 Aesernia

325 5053 614 5109 Mediolani
660 5054 828 5124 gestis
887 5050 1190 5110 cathollcos
1240 5052 1503 5111 oet-tiores
1567 5053 1712 5109 facit.
1763 5051 1921 5108 Illum

327 5145 628 5203 Constantii
680 5154 946 5216 teinpore,
993 5158 1058 5201 ac
1114 5144 1341 5214 proinde
1383 5154 1512 5201 ante
1552 5160 1751 5200 annum
1795 5144 1923 5209 ὃϐι,

324 5237 532 5295 editum
576 5252 702 5297 esse
748 5246 1049 5307 repugnat;
1074 5237 1326 5307 armis
1358 5236 1464 5299 hoc
1489 5236 1929 5295 sonare-videan-

330 5341 421 5388 tur
470 5329 827 5401 expendenda
880 5345 981 5387 suo
1032 5330 1155 5388 loco
1228 5330 1467 5397 Facundi
1522 5329 1928 5388 Hermianensis

320 5423 485 5480 verba
516 5421 844 5496 (Facundos,
890 5433 928 5479 t.
958 5422 1261 5493 ttt‘Spieil.,
1293 5442 1346 5496 p.
1382 5423 1532 5495 M8).
1575 5422 1760 5495 Neque
1806 5441 1923 5481 mo-

321 5516 407 5585 gis
435 5513 651 5573 veritati
666 5522 1044 5575 consonantes
1073 5523 1158 5574 est
1182 5514 1398 5578 Bamnii
1419 5529 1485 5573 ac
1509 5514 1772 5573 Blondelli
1793 5532 1925 5583 sen-

325 5605 514 5673 tentia,
560 5621 669 5677 qua
706 5620 833 5665 cum
856 5621 1005 5663 anno
1059 5605 1167 5667 569
1206 5606 1469 5675 scriptum
1500 5607 1691 5664 volunt
1737 5626 1750 5663 :
1798 5624 1924 5667 cum

326 5715 397 5761 eo
422 5710 666 5772 tempore
690 5700 947 5767 Hilarius,
984 5699 1338 5774 Hieronymo,
1378 5699 1622 5769 Sulpicio
1640 5702 1848 5767 Severo
1873 5711 1931 5761 et

324 5792 595 5868 Gregorio
639 5794 949 5855 Turonensi'
987 5792 1321 5865 auctoribus,
1360 5808 1399 5852 ο
1445 5795 1587 5854 rivis
1631 5799 1934 5857 excessisse

331 5888 739 5963 comprobatur.
789 5888 1057 5962 Deceptus
1101 5894 1333 5962 uterque
1393 5888 1496 5949 fult
1540 5904 1610 5950 ex
1673 5890 1935 5953 mendosa

2024 4960 2186 5017 bebat
2213 4976 2362 5023 num.
2390 4960 2496 5016 ωε
2524 4977 2631 5018 non
2671 4970 2907 5032 oportere
2954 4961 3062 5018 600
3103 4963 3459 5032 episcoporum
3502 4960 3627 5017 uni-

2026 5060 2184 5109 tatem
2229 5063 2345 5124 post
2403 5063 2572 5111 tantos
2616 5054 2820 5109 labores
2863 5070 2926 5109 ea:
2971 5056 3291 5111 contention
3341 5068 3623 5124 paucorum

2027 5148 2291 5203 Matinum
2320 5150 2561 5219 "fricari
2605 5164 2854 5205 summ
2891 5164 3153 5204 uocans
3181 5158 3300 5205 ante
3348 5163 3511 5202 annos
3539 5147 3629 5201 de-

2030 5256 2160 5306 cem,
2216 5249 2278 5295 ut
2316 5240 2387 5296 de
2432 5249 2746 5309 contemptu
2811 5240 3232 5301 Ariminensium
3280 5240 3626 5299 decretorum

2032 5345 2156 5389 ante
2177 5348 2347 5389 annos
2377 5334 2564 5389 decem
2588 5334 2855 5389 editorum
2903 5332 3163 5404 conqueri
3189 5331 3486 5388 videretur.
3523 5331 3627 5395 Ve-

2032 5441 2173 5484 rum.
2198 5441 2267 5483 ex
2309 5440 2374 5482 ea
2418 5425 2535 5495 ipsa
2585 5425 2817 5487 lectione
2856 5424 2968 5494 iam
3026 5425 3285 5495 castigata
3328 5423 3629 5479 internosci

2033 5521 2214 5575 verius
2245 5517 2610 5589 potcsthuius
2655 5519 2837 5588 operis
2879 5523 3116 5586 tempus.
3152 5514 3299 5572 Cum
3340 5516 3484 5571 enim
3526 5529 3630 5585 pro

2034 5610 2247 5683 objectis
2289 5609 2504 5673 decretis
2543 5618 2663 5665 ante
2699 5625 2863 5666 annos
2907 5609 3100 5674 deum,
3149 5606 3432 5678 legendum
3469 5606 3544 5664 sit
3564 5605 3633 5661 ab

2036 5704 2253 5777 objectis
2280 5713 2404 5759 niue
2438 5721 2602 5759 mos
2638 5705 2849 5769 decem;
2891 5718 3122 5772 rumque
3152 5702 3452 5763 Auantius
3492 5713 3631 5772 quos

2048 5798 2173 5855 illos
2199 5799 2444 5871 abjectos
2469 5800 2755 5873 intelligat,
2782 5801 3015 5861 subinde
3041 5801 3281 5858 declaret
3310 5798 3394 5856 his
3419 5806 3603 5871 postne

2052 5893 2159 5954 tuis
2186 5894 2432 5969 cpistola:
2462 5910 2574 5954 suae
2608 5894 2825 5955 verbis:
2858 5895 2953 5955 Sic
2994 5896 3132 5954 enim
3178 5900 3447 5971 cognoscet
3483 5891 3639 5951 Bere-
