4270 6264
667 375 770 435 807

1870 376 1946 432 SA
1958 373 2112 430 NCTI
2148 371 2404 430 IllLARll
2446 371 2749 432 EPISCOPI

3866 385 3976 441 608

668 498 804 552 nitas
849 506 1036 564 vestra,
1085 494 1207 566 quia
1250 495 1338 565 qui
1380 493 1695 567 jamdudum
1737 492 1957 564 depositi
2009 501 2146 558 sunt,
2179 490 2272 545 hoc
2297 492 2351 551 Α
2379 489 2812 560 interpellatione
2839 494 3126 564 suggessit,
3157 493 3483 551 Auxentium
3527 495 3686 552 aliter
3726 497 3972 566 credere,

670 598 764 652 est,
820 588 1058 642 Hilarius
1106 595 1154 640 et
1211 585 1485 653 Eusebius,
1541 585 1852 640 contendunt
1883 585 2068 652 ubique
2092 583 2268 636 schis—

670 689 811 734 mata
856 679 1028 747 facere
1056 694 1074 732 :
1103 676 1230 733 hinc
1272 686 1478 732 tantum
1526 678 1808 748 sequitur,
1861 675 2115 746 scriptam
2146 689 2269 730 esse

669 769 921 826 Auxentii
949 769 1260 840 epistolam,
1311 779 1366 825 et
1405 770 1630 842 perinde
1675 770 1938 840 reliquum
1979 783 2136 837 Opus,
2179 766 2273 822 de-

673 876 793 918 cem
843 876 1015 917 annos
1063 873 1182 934 post
1229 877 1390 933 quam
1419 863 1526 918 duo
1572 863 1648 918 illi
1685 861 1965 917 fortissimi
2007 860 2272 916 Praesules

669 955 864 1026 abjecti
898 953 1067 1011 fuere.
1099 957 1168 1011 At
1195 971 1321 1011 vero
1351 957 1640 1012 Eusebium
1669 970 1697 1010 a
1744 955 1974 1011 concilio
2016 947 2273 1010 Mediola-

677 1048 832 1102 nensi
873 1048 999 1102 anni
1029 1049 1158 1115 355,
1187 1064 1216 1103 a
1260 1049 1551 1104 Biterrensi
1592 1057 1770 1103 autem
1813 1047 1938 1102 anni
1970 1047 2097 1114 556,
2129 1047 2273 1101 Hila-

673 1140 812 1196 rium
842 1137 897 1194 in
929 1141 1180 1196 exsilium
1211 1141 1442 1211 ejectum
1477 1141 1640 1196 fuisse
1670 1157 1831 1196 nemo
1862 1143 2090 1212 ignorat.

745 1231 808 1287 Il.
844 1232 1107 1289 Praeterea
1157 1241 1217 1288 ut
1259 1235 1440 1303 operis
1486 1233 1646 1303 hujus
1695 1241 1907 1303 tempus
1947 1233 2150 1287 certius
2193 1229 2275 1287 di-

678 1336 988 1396 gnoscatur,
1026 1325 1312 1396 explorare
1361 1326 1564 1396 juverit
1591 1325 1807 1397 quando
1852 1325 2266 1382 Valentinianus

675 1419 958 1475 Mediolani
1006 1429 1256 1475 versatus
1303 1420 1393 1476 sit.
1440 1420 1627 1474 Hilarii
1673 1421 1815 1475 enim
1845 1433 1966 1475 cum
2011 1419 2275 1474 Auxentio

673 1509 1044 1581 congressum,
1080 1511 1171 1566 illo
1205 1512 1273 1566 ibi
1299 1522 1687 1578 commorante,
1717 1511 1953 1566 habitum
1975 1511 2139 1566 fuisse
2155 1526 2266 1565 ma-

675 1602 932 1658 nifestum
960 1611 1069 1659 est.
1100 1603 1386 1659 Mediolani
1430 1613 1611 1660 autem
1656 1603 2084 1659 Valentinianum
2131 1615 2274 1657 anno

673 1694 800 1761 564,
857 1695 1148 1751 identidem
1199 1705 1470 1752 versatum
1539 1710 1681 1764 esse,
1732 1695 1889 1751 ﬁdem
1941 1695 2140 1750 faciunt
2187 1711 2275 1749 re-

673 1790 872 1860 scripta
905 1790 1032 1846 inde
1059 1790 1164 1847 hoc
1193 1791 1310 1862 ipso
1356 1806 1498 1846 anno
1539 1791 1664 1846 data
1705 1791 1950 1847 kalendis
1993 1792 2274 1861 juniis,15

2375 598 2536 654 quam
2580 600 2678 640 rex
2722 585 2837 656 ipse
2880 595 2973 641 aut
3015 603 3206 644 omnes
3256 589 3346 643 alii
3393 589 3786 647 existimarent.
3839 593 3976 650 Ilinc

2375 691 2721 746 congressus,
2773 678 2926 749 cujus
2952 690 3101 750 gesta
3155 682 3255 737 hoc
3300 681 3441 737 libro
3470 694 3780 752 narrantur,
3809 685 3968 756 jussu

2375 773 2518 840 regis
2549 770 2784 827 habitus.
2817 773 2884 828 Et
2936 773 3049 828 lucc
3075 775 3290 845 quidem
3323 776 3526 844 omnia,
3577 793 3698 848 quae
3744 795 3807 834 ex
3846 782 3979 851 ipsis

2378 864 2567 920 Hilarii
2615 866 2794 921 verbis
2843 870 3058 938 assequi
3091 878 3182 923 aut
3226 878 3372 924 certe
3413 870 3730 926 subodorari
3773 885 3878 936 est,
3922 874 3978 928 in

2377 956 2429 1010 id
2472 965 2707 1027 tempus,
2740 973 2846 1027 quo
2876 958 3287 1014 Valentinianus
3333 959 3694 1016 Mediolanum
3740 965 3979 1034 primum

2379 1053 2646 1122 pervenit,
2699 1067 2763 1107 ac
2804 1053 3029 1122 proinde
3071 1055 3123 1107 in
3171 1068 3371 1108 annum
3419 1055 3545 1122 564,
3598 1055 3758 1126 longe
3809 1058 3981 1128 magis

2380 1159 2540 1215 quam
2575 1144 2628 1198 in
2661 1147 3081 1216 subsequentem
3112 1147 3459 1202 conveniunt.

2452 1239 2542 1292 IV.
2576 1238 2685 1293 Nec
2715 1255 2932 1296 movere
2957 1240 3140 1306 debet,
3171 1241 3312 1312 quod
3353 1241 3654 1297 Auxentins
3684 1241 3978 1299 Eusebium

2379 1342 2432 1387 et
2463 1332 2723 1388 Hilarium
2746 1344 2873 1390 ante
2901 1350 3071 1389 annos
3102 1335 3290 1391 decem
3321 1337 3564 1406 abjectos
3581 1352 3674 1393 seu
3704 1339 3981 1407 depositus

2379 1434 2554 1480 voca.
2591 1426 2665 1480 Ea
2698 1427 2840 1481 enim
2870 1427 3033 1482 verba
3059 1427 3300 1483 haeretici
3330 1440 3456 1484 sunt
3481 1429 3536 1482 in
3569 1439 3704 1485 mstu
3735 1430 3981 1502 disputa-

2380 1518 2562 1582 tionis,
2595 1520 2684 1590 qni
2717 1536 2823 1590 quo
2869 1520 3146 1575 meliorem
3179 1536 3394 1575 causam
3447 1537 3598 1577 suam
3650 1523 3837 1589 faciat,
3884 1524 3986 1597 hy-

2379 1611 2652 1678 perbolice
2667 1613 2899 1682 loquitur
2912 1627 2929 1666 ε
2944 1613 3213 1682 quomodo
3232 1615 3475 1684 proxime
3487 1623 3613 1670 ante
3629 1616 3986 1673 Ariminensis

2378 1703 2602 1759 Concilii
2623 1704 2752 1775 (quo
2782 1704 3020 1773 Sulpicio
3043 1715 3201 1775 teste,
3241 1708 3396 1776 eique
3419 1708 3794 1762 consentiente
3815 1709 3987 1766 Atha-

2379 1797 2530 1851 nasio
2559 1795 2736 1868 (Sulp.
2789 1813 2908 1869 pag.
2941 1798 3069 1860 259.,
3114 1799 3362 1854 Atltanas.
3397 1800 3459 1853 de
3499 1799 3640 1871 Syn.
3673 1819 3725 1872 p.
3757 1801 3880 1856 874.
3933 1814 3986 1858 et

674 1880 784 1937 kal.
811 1881 946 1950 Jul.,
977 1885 1044 1939 M
1077 1883 1184 1938 kal.
1233 1891 1398 1954 sept.,
1449 1884 1586 1954 prid.
1639 1899 1768 1939 non.
1819 1885 2095 1950 novemb.,
2140 1899 2268 1940 nec-
2303 1892 2350 1951 Β
2377 1887 2524 1958 epist.
2555 1889 2622 1940 ad
2650 1887 2813 1958 Αίικ),
2843 1903 2947 1942 non
2997 1889 3151 1943 multi
3197 1903 3358 1960 supra
3398 1892 3841 1961 quadringentos,
3872 1894 3988 1948 imo

675 1992 783 2033 non
812 1977 879 2030 l5
911 1986 967 2032 et
993 1979 1025 2030 7
1065 1976 1172 2032 kal.
1227 1976 1346 2033 dcc.
1399 1977 1588 2048 Neque
1621 1979 1798 2032 minus
1829 1976 2000 2046 liquet
2025 1992 2087 2030 ex
2114 1976 2275 2032 variis

679 2067 982 2138 rescriptis,
1016 2084 1136 2123 eum
1185 2069 1236 2122 in
1269 2070 1458 2124 eadem
1486 2069 1619 2126 urbe
1661 2071 1952 2123 maximam
1981 2067 2110 2123 anni
2144 2067 2273 2123 sub-

682 2162 960 2230 sequentis
990 2169 1200 2230 partem
1235 2163 1582 2232 transegisse.
1630 2161 1797 2216 Porro
1837 2161 2110 2217 Ammiani
2160 2161 2274 2232 (lib.

685 2267 832 2317 xxvi,
865 2268 912 2305 c.
965 2251 1020 2319 6)
1052 2252 1361 2307 testimonio
1384 2267 1446 2306 ac
1477 2252 1724 2322 pluribus
1749 2251 1869 2308 aliis
1913 2255 2274 2308 monumentis

684 2355 920 2410 constat,
969 2343 1402 2400 Valentinianum
1435 2360 1624 2401 mense
1671 2345 1948 2400 novembri
1989 2345 2117 2400 anni
2145 2345 2272 2412 565,

683 2429 897 2491 νειιὶςέθ
928 2435 1186 2501 Parisios.
1219 2454 1395 2510 neque
1424 2439 1581 2494 annis
1607 2438 2062 2509 subsequentibus
2090 2453 2119 2492 a
2151 2438 2276 2494 Gal-

683 2527 771 2583 liis
797 2529 1118 2586 decessisse.
1171 2530 1325 2588 Unde
1363 2547 1486 2587 cum
1532 2533 1877 2603 perspicuum
1908 2531 1998 2596 sit,
2051 2532 2275 2602 praedic-

682 2630 792 2677 tum
822 2637 1170 2693 congressum
1198 2635 1324 2680 ante
1352 2640 1593 2681 mensem
1620 2625 1971 2681 novembrem
1989 2640 2117 2680 ann.
2144 2624 2270 2692 565,

680 2715 847 2772 fuisse
895 2718 1168 2780 habitum;
1217 2718 1595 2790 inquirendum
1626 2721 1906 2775 dumtaxat
1947 2727 2137 2784 restat,
2182 2719 2276 2773 ha-

683 2809 898 2866 bitusne
927 2811 996 2864 sit
1020 2826 1165 2866 anno
1194 2812 1321 2877 565,
1350 2828 1416 2866 an
1443 2811 1856 2868 56L-Neutrum
1883 2813 2097 2883 quidem
2127 2823 2275 2867 certo

684 2901 912 2957 deﬁnire
935 2904 1098 2959 licet:
1147 2912 1477 2974 postremum
1518 2916 1719 2971 tamen,
1765 2905 2098 2961 considerata
2147 2919 2276 2960 con-

682 3007 900 3064 gressus
931 2996 1090 3064 hujus
1121 2998 1426 3061 occasione,
1475 3006 1529 3052 et
1569 3013 1749 3052 rerum
1795 2998 1846 3052 in
1891 3012 1960 3052 eo
2001 3009 2272 3068 gestarum

683 3089 826 3142 serie
851 3089 1139 3157 explicata,
1169 3090 1327 3161 longe
1363 3090 1691 3161 probabilius
1716 3090 2015 3160 apparebit.

753 3180 836 3234 III.
873 3180 1138 3237 Eusebius
1165 3181 1759 3249 Vercellensis,Rulino
1789 3193 1943 3251 teste,
1975 3183 2070 3238 lib.
2095 3200 2109 3237 ι
2133 3182 2270 3238 Hist.

2372 1981 2530 2051 juxta
2555 1981 2898 2037 Maximinum
2921 1982 3177 2038 Arianum
3204 1985 3364 2055 (apud
3387 1985 3664 2057 Augustin.
3697 1987 3819 2040 coll.
3851 2004 3976 2040 cum

2376 2073 2554 2127 eodem
2603 2071 2818 2128 Maxim.
2859 2091 2913 2127 ιι.
2965 2073 3021 2145 9)
3065 2076 3288 2130 trecenti
3338 2085 3392 2130 et
3439 2077 3653 2146 triginta
3692 2077 3984 2132 dumtaxat

2376 2165 2702 2238 convenere)
2745 2177 3099 2221 sexcentarum
3144 2177 3308 2238 (nam.
3355 2166 3445 2237 12)
3476 2169 3826 2239 episcoporum
3862 2171 3988 2223 uni-

2380 2268 2533 2312 tatem
2555 2259 2805 2328 jactitare
2836 2275 2942 2313 non
2974 2260 3265 2315 erubescit.
3301 2259 3406 2316 Sed
3437 2270 3492 2315 et
3521 2259 3660 2315 hanc
3686 2262 3978 2332 synodum,

2376 2367 2499 2422 quas
2525 2352 2756 2407 subinde
2794 2353 2862 2406 ab
2892 2353 3142 2407 omnibus
3173 2354 3394 2423 explosa
3424 2362 3527 2419 est,
3577 2354 3718 2409 haud
3757 2356 3871 2410 scio
3908 2373 3981 2412 an

2379 2441 2607 2498 ﬁdenter
2633 2443 2769 2497 adeo
2794 2459 2936 2498 anno
2966 2445 3074 2500 565
3103 2443 3323 2500 laudare
3348 2459 3513 2501 ausus
3545 2455 3690 2502 esset
3719 2446 3884 2502 homo
3915 2448 3982 2501 li-

2378 2533 2465 2589 dei
2489 2530 2807 2589 simulanda:
2836 2535 3132 2591 studiosus.

2456 2626 2520 2682 V.
2554 2626 2634 2682 Ad
2666 2625 2826 2697 hujus
2867 2627 3149 2683 Tractatns
3192 2627 3652 2698 complementum
3691 2628 3977 2685 desidera-

2381 2727 2468 2774 tur
2490 2719 2724 2787 libellus,
2749 2735 2905 2790 quem
2930 2721 3040 2789 regi
3083 2734 3204 2776 sese
3231 2719 3492 2775 obtulisse
3511 2729 3566 2775 et
3593 2720 3834 2790 epistola:
3861 2735 3978 2775 sure

2381 2812 2723 2868 subtexuisse
2753 2820 2979 2867 testatur
3009 2811 3242 2867 Hilarius
3261 2813 3424 2882 (num.
3450 2813 3894 2884 6):desideratur
3922 2824 3981 2869 et

2379 2903 2739 2959 Ariminensis
2771 2904 2904 2960 fides
2925 2946 2938 2967 ,
2969 2919 3125 2974 quam
3151 2920 3254 2960 una
3275 2920 3397 2960 cum
3428 2905 3610 2962 libello
3639 2921 3738 2961 suo
3757 2907 3943 2961 Auxen

2381 2995 2487 3050 tius
2531 3010 2591 3051 se
2631 2995 3012 3052 Valentiniano
3054 2996 3337 3053 tradidisse
3383 2997 3484 3052 sub
3520 2997 3761 3068 ejusdem
3807 2997 3978 3053 libelli

2379 3087 2540 3142 linem
2569 3097 2978 3142 commemorat.

2451 3178 2539 3234 VI.
2573 3179 2757 3250 Neque
2784 3178 3002 3235 deluere
3029 3181 3118 3250 qui
3139 3181 3495 3252 ambigerent,
3522 3196 3589 3235 an
3614 3195 3732 3236 eam
3760 3180 3981 3236 Auxen-

683 3271 856 3339 Ecel.,
884 3288 1005 3343 cap.
1035 3273 1123 3340 30,
1175 3282 1294 3343 post
1340 3275 1763 3330 Alexandrinum
1809 3275 2097 3330 concilium
2147 3276 2276 3331 anni
2304 3281 2349 3346 ρ
2380 3273 2540 3327 tianzn
2582 3272 2709 3328 fidei
2758 3273 3187 3343 expositionem,
3234 3275 3387 3344 cujus
3416 3275 3720 3345 exemplum
3764 3289 3910 3328 num.
3944 3274 3981 3328 9

682 3365 810 3430 562,
844 3368 896 3420 in
928 3365 1132 3420 Italiam
1164 3366 1399 3434 rediens,
1431 3367 1692 3422 Hilarium
1718 3377 1963 3422 nostrum
1992 3367 2062 3422 ibi
2087 3378 2277 3424 nactus

684 3467 771 3514 est
797 3459 862 3513 ad
897 3459 1280 3515 restaurandas
1307 3459 1467 3532 hujus
1516 3461 1748 3532 regionis
1788 3462 2043 3516 ecclesias
2090 3461 2278 3518 sedulo

683 3551 1106 3620 incumbentem,
1138 3553 1298 3624 eique
1322 3567 1381 3608 se
1411 3555 1462 3608 in
1495 3553 1636 3609 idem
1667 3567 1804 3624 opus
1843 3553 2103 3623 adjunxit.
2132 3555 2280 3610 Sicut

685 3652 864 3699 autem
906 3645 1126 3700 dubium
1163 3663 1269 3702 non
1313 3656 1418 3715 est,
1460 3648 1588 3718 quin
1639 3649 1747 3703 duo
1795 3649 1871 3703 illi
1921 3649 2021 3706 viri
2064 3649 2116 3703 id
2164 3656 2277 3704 tum

688 3739 922 3794 maxime
971 3739 1146 3796 adnisi
1191 3742 1300 3796 sint
1323 3784 1338 3807 ,
1371 3752 1430 3795 ut
1471 3741 1675 3798 Italiam
1707 3741 1975 3798 Auxentio
2006 3753 2276 3812 tamquam

685 3830 1013 3900 nequissima
1065 3842 1214 3901 peste
1263 3834 1586 3899 liberarent;
1639 3835 1708 3888 ita
1757 3849 1863 3890 non
1892 3843 1975 3890 est
2004 3833 2280 3904 ambigen-

686 3923 834 3989 dum,
890 3925 1016 3994 quin
1074 3925 1359 3981 haereticus
1407 3929 1520 3994 ille,
1570 3929 1661 3999 qui
1715 3929 1870 3985 Iidem
1903 3945 2002 4000 pro
2038 3939 2280 3999 tempore

685 4014 942 4070 simulare
1005 4029 1248 4084 noverat,
1292 4021 1476 4076 statim
1529 4029 1690 4091 atque
1753 4022 2096 4092 imperatoris
2157 4023 2278 4077 novi

685 4107 1060 4175 Opportunitas
1107 4109 1228 4165 data
1279 4121 1382 4179 est,
1429 4127 1524 4168 eos
1570 4113 1710 4183 apud
1758 4113 1905 4168 illum
1953 4123 2280 4184 praevertere

685 4209 911 4257 conatus
958 4201 1050 4268 sit.
1091 4219 1123 4260 a
1167 4205 1358 4275 quibus
1405 4208 1624 4263 exitium
1667 4208 1768 4263 sibi
1799 4208 2114 4278 impendere
2141 4225 2282 4280 pra--

686 4293 926 4352 videbat.
978 4297 1111 4353 Hine
1152 4299 1349 4355 factum
1395 4310 1498 4366 est,
1529 4311 1587 4356 ut
1613 4301 1873 4358 Hilarium
1901 4312 1956 4359 et
1985 4303 2278 4360 Eusebium

685 4387 826 4456 apud
857 4388 1236 4458 imperatorem
1271 4392 1557 4450 infamaret
1583 4397 1753 4465 (num.
1788 4394 1879 4468 14)
1907 4397 1980 4452 uti
2012 4396 2278 4453 schisma-

690 4489 802 4536 tum
830 4492 1098 4548 auctores,
1131 4494 1186 4540 et
1205 4486 1452 4542 ecclesiae
1484 4487 1900 4545 Mediolanensis
1943 4489 2282 4558 perturbato-

687 4585 810 4638 res;
843 4571 969 4628 dum
997 4575 1096 4631 sibi
1128 4575 1295 4644 (num.
1327 4577 1405 4647 5),
1437 4579 1527 4648 qui
1552 4594 1659 4633 una
1687 4595 1810 4636 cum
1835 4581 1981 4650 Rege
2004 4579 2277 4636 Christum

2383 3367 2734 3436 promittitur,
2778 3381 3091 3436 germanam
3142 3366 3484 3423 haberemus.
3531 3368 3788 3433 Quamvis
3831 3368 3980 3422 enim

2382 3459 2654 3529 subjectus
2677 3458 2744 3512 ad
2772 3458 2976 3513 calcem
3024 3459 3183 3528 hujus
3212 3459 3452 3529 epistolae
3487 3459 3734 3514 Auxentii
3767 3458 3978 3514 libellus

2383 3551 2484 3606 hoc
2514 3552 2734 3606 nomine
2773 3550 3132 3613 inscribatur;
3172 3550 3226 3605 in
3256 3564 3323 3605 eo
3351 3559 3528 3605 tamen
3569 3565 3673 3606 non
3701 3549 3978 3607 oll‘endere

2382 3645 2544 3700 verba
2591 3645 2679 3700 illa
2724 3645 2996 3716 ambigua,
3025 3655 3205 3699 natum
3249 3645 3415 3699 Deum
3444 3660 3614 3699 verum
3643 3645 3829 3716 ﬁlium,
3857 3661 3979 3716 qua:

2383 3739 2435 3793 in
2490 3737 2742 3793 Anxentii
2785 3739 3123 3808 expositione
3161 3737 3534 3794 fraudulenter
3569 3737 3636 3792 ad
3681 3737 3977 3792 fallendum

2382 3830 2682 3899 composita
2713 3829 2970 3896 Hilarius,
3000 3845 3150 3884 num.
3179 3828 3236 3896 7,
3278 3831 3474 3899 retegit
3501 3844 3563 3884 ac
3601 3829 3977 3899 reprehendit.

2383 3925 2589 3980 Deinde
2613 3925 2665 3978 in
2693 3925 2883 3980 eodem
2916 3923 3098 3979 libello
3125 3922 3290 3978 altum
3328 3923 3433 3978 illis
3455 3922 3665 3978 videtur
3694 3922 3761 3978 de
3784 3921 3978 3978 Nicmze

2382 4015 2436 4070 in
2459 4015 2686 4069 Thracia
2707 4016 2873 4084 gestis
2895 4014 3186 4076 silentium,
3205 4029 3325 4084 qua:
3338 4021 3539 4079 tamen,
3563 4013 3638 4067 uti
3663 4028 3728 4068 ex
3765 4029 3916 4068 num.
3940 4015 3972 4068 7

2383 4108 2571 4180 liquet,
2600 4109 2898 4163 Auxentius
2917 4109 2983 4163 ab
3009 4109 3125 4179 ipso
3151 4108 3416 4162 sermonis
3437 4107 3518 4161 sui
3543 4106 3765 4162 exordio
3791 4119 3978 4162 saneta

2383 4217 2504 4258 CSSC
2526 4213 2773 4258 testatur.

2460 4294 2571 4349 VII.
2607 4296 2675 4348 At
2701 4294 2872 4365 prima
2895 4294 2987 4350 illa
3015 4309 3077 4350 ac
3099 4294 3371 4365 praecipua
3399 4292 3677 4348 dubitandi
3707 4295 3845 4349 ratio
3865 4294 3980 4364 jam

2383 4389 2531 4444 nulla
2556 4397 2660 4454 est,
2689 4389 2779 4444 ubi
2801 4390 3088 4446 verborum
3117 4389 3440 4459 ambiguitas
3465 4397 3690 4460 apparet
3723 4403 3792 4444 ex
3836 4389 3980 4444 anti-

2381 4483 2643 4555 quissimo
2667 4483 2856 4538 codice
2875 4483 2932 4537 S.
2957 4481 3101 4537 Petri
3132 4483 3184 4536 in
3208 4481 3471 4537 Vaticano
3492 4482 3759 4536 restituta.
3785 4480 3974 4536 Altera

2381 4593 2535 4643 vero,
2564 4592 2686 4633 eum
2717 4592 2782 4632 ex
2822 4575 3035 4632 diversa
3063 4576 3223 4630 unius
3266 4574 3618 4645 ejusdemque
3655 4572 3850 4644 synodi
3889 4585 3986 4642 ap-

691 4664 855 4719 llcum
885 4682 1118 4738 vereque
1149 4669 1244 4723 Dei
1269 4669 1435 4724 lilium
1459 4681 1582 4726 ante
1615 4680 1856 4743 tempora
1888 4671 2126 4742 genitum
2159 4687 2281 4743 pro~
2309 4673 2358 4735 D
2385 4670 2679 4743 pellatione
2707 4678 2830 4724 nata
2853 4669 2943 4735 sit,
2969 4667 3128 4723 facile
3154 4668 3400 4722 solvitur.
3427 4667 3559 4736 Quae
3589 4667 3734 4722 enim
3758 4667 3984 4721 Auxen-

690 4755 934 4812 literetur
965 4757 1130 4830 (num.
1162 4761 1277 4830 12),
1312 4761 1497 4829 inique
1534 4761 1674 4832 apud
1707 4762 1962 4832 populum
1992 4763 2283 4818 inurebant

691 4847 961 4904 haereseos
989 4859 1196 4905 notam.
1227 4850 1363 4907 Tum
1389 4853 1556 4924 (num.
1585 4852 1644 4923 6)
1675 4868 1770 4908 rex
1802 4853 1949 4922 pacis
1983 4854 2278 4923 studiosus,

689 4942 780 5010 qui
811 4942 946 4997 forte
975 4943 1114 4997 sicut
1143 4943 1399 4999 ecclesias
1424 4943 1495 5000 ab
1530 4944 1800 5001 Auxentio
1847 4955 2135 5016 occupatas
2165 4949 2283 5018 ipso

688 5034 922 5088 adventu
951 5048 1049 5089 suo
1075 5049 1173 5106 per
1201 5037 1312 5090 vim
1344 5036 1392 5090 ei
1421 5037 1631 5106 eripere
1657 5053 1687 5092 a
1714 5038 1997 5094 clementia
2024 5053 2119 5094 sua
2152 5040 2284 5095 alie.

690 5141 820 5180 num
847 5125 1101 5192 ducebat,
1131 5127 1201 5181 ita
1225 5128 1482 5183 censebat
1507 5129 1652 5199 regia
1680 5129 1962 5199 majestate
1984 5129 2282 5199 indignum,

690 5230 748 5273 ut
774 5220 888 5289 ipse
916 5218 970 5273 in
1001 5221 1212 5292 angulis
1257 5221 1534 5291 religionis
1561 5237 1672 5278 sua:
1701 5223 1907 5277 cultum
1961 5232 2240 5278 exerceret
2267 5241 2281 5278 :

690 5315 988 5385 gratulatus
1037 5324 1121 5371 est
1157 5317 1340 5382 fidem,
1389 5327 1445 5371 ut
1482 5317 1584 5371 sibi
1612 5318 1914 5384 videbatur,
1963 5317 2283 5374 catholicam

689 5409 760 5464 ab
790 5411 1058 5467 Auxentio
1086 5411 1277 5477 asseri,
1307 5412 1550 5482 adeoque
1597 5427 1755 5482 posse
1801 5427 1861 5468 se
1902 5411 2138 5469 adventu
2187 5427 2286 5468 suo

689 5501 944 5572 pOpulum
977 5502 1240 5558 hactenus
1267 5503 1337 5558 ab
1365 5503 1620 5574 episeopo
1664 5518 1764 5560 suo
1799 5503 2181 5560 abhorrentem
2228 5504 2283 5559 in

689 5610 851 5651 unam
911 5597 1347 5653 communionem
1398 5597 1680 5654 reducere.
1738 5599 1922 5669 Itaque
1965 5599 2085 5654 sine
2136 5611 2285 5652 mora

688 5686 868 5743 edicto
914 5686 1106 5758 (l‘bid.)
1149 5689 1297 5758 gravi
1342 5689 1530 5755 vetuit,
1585 5705 1653 5745 ne
1678 5689 1983 5760 deincepsa
2014 5703 2286 5760 quoquam

695 5777 1109 5833 Mediolanensis
1159 5779 1388 5834 ecclesia
1441 5779 1865 5849 perturbaretur.
1924 5779 2118 5835 Edicto
2163 5779 2288 5835 huic

691 5881 797 5920 non
845 5868 1251 5936 obsequendum
1279 5880 1424 5926 ratus
1468 5871 1725 5928 Ililarittr.
1772 5871 1932 5926 etiam
1980 5873 2286 5941 importuna

2386 4763 2491 4817 tius
2523 4762 2589 4818 ad
2627 4762 2993 4817 extollendam
3023 4761 3149 4816 ﬁdei
3176 4776 3289 4816 sua:
3318 4762 3582 4817 rationem
3629 4768 3988 4815 sexcentarum

2385 4855 2647 4908 hominum
2677 4852 2903 4907 Arimini
2930 4861 3081 4922 gesta
3128 4852 3459 4908 mendaciter
3475 4852 3707 4923 jactitat,
3739 4865 3802 4904 ea
3840 4849 3989 4903 Hila-

2386 4947 2497 5002 rius
2526 4947 2591 5001 ad
2610 4945 2855 5001 eamdem
2883 4945 3290 5015 deprimendam
3307 4945 3504 5001 Nictea:
3526 4945 3579 5000 in
3607 4943 3836 4999 Thracia
3859 4959 3989 5014 per-

2389 5051 2687 5109 paucorum
2727 5051 2850 5092 esse
2877 5035 3154 5106 praedicat.
3187 5035 3267 5092 Re
3293 5036 3438 5092 enim
3464 5049 3596 5092 vera
3627 5035 3992 5090 Ariminensis

2393 5128 2616 5185 Concilii
2635 5142 2742 5183 non
2762 5129 2866 5184 alia
2887 5127 3041 5197 fides,
3067 5128 3170 5184 nisi
3184 5145 3304 5199 quae
3321 5128 3515 5184 Nicaea:
3529 5127 3794 5200 Bithyniae
3810 5127 3987 5193 edita;

2394 5221 2541 5277 nulla
2567 5223 2784 5293 proprie
2812 5232 2961 5292 gesta
2989 5263 3003 5288 ,
3034 5222 3137 5278 nisi
3159 5223 3355 5293 quibus
3382 5222 3496 5277 Arii
3519 5230 3989 5277 sectatores-ana-

2395 5314 2635 5369 themate
2679 5313 2968 5369 feriuntur.
3021 5312 3157 5381 Quia
3205 5325 3384 5368 tamen
3418 5313 3646 5368 formula
3693 5311 3890 5367 Hiems:
3935 5311 3990 5366 in

2394 5405 2625 5462 Thracia
2653 5420 2804 5473 cusa,
2835 5413 2890 5462 et
2917 5421 2947 5460 a
2975 5405 3160 5474 paucis
3181 5404 3509 5476 subscripta,
3529 5403 3756 5459 Arimini
3774 5403 3992 5459 tandem

2393 5513 2489 5568 per
2513 5499 2622 5554 vim
2659 5499 2878 5554 inducta
2921 5507 3043 5563 est;
3085 5513 3204 5554 eam
3233 5498 3490 5566 Hilarius,
3515 5513 3676 5570 quam
3707 5508 3864 5553 antea
3893 5497 3992 5553 Ni-

2393 5593 2601 5648 ceae‘in
2645 5592 2878 5646 Thracia
2921 5591 3154 5657 dixerat,
3189 5593 3354 5648 etiam
3397 5591 3756 5647 Ariminensis
3796 5591 3991 5662 synodi

2395 5684 2694 5755 nuncupari
2714 5683 2980 5753 permittit
3007 5683 3090 5739 his
3110 5683 3314 5750 verbis,
3339 5683 3445 5738 Sed
3462 5685 3526 5737 de
3553 5683 3868 5738 Ariminensi
3891 5699 3986 5754 sy-

2399 5781 2536 5836 nodo
2585 5778 2713 5834 nihil
2758 5779 3011 5847 dicamus,
3054 5776 3247 5850 quibus
3291 5792 3416 5833 cum
3459 5777 3713 5849 proxime
3747 5774 3993 5847 adjiciat,

2395 5887 2509 5942 qua:
2571 5869 2633 5924 ab
2667 5870 2902 5924 omnibus
2934 5879 3006 5923 est
3058 5869 3289 5939 religiose
3346 5867 3592 5923 dissoluta
3639 5884 3659 5921 τ
3703 5882 3766 5924 ea
3821 5865 3993 5923 etiam
