  <div class='ocr_page' id='page_1' title='image "/cluster/home/n/w/nwhite01/storage/ocr_20150623/10/hvd.32044096580386/310.png"; bbox 0 0 4270 6264; ppageno 0'>
   <div class='ocr_carea' id='block_1_1' title="bbox 324 253 432 309">
    <p class='ocr_par' dir='ltr' id='par_1_1' title="bbox 324 253 432 309">
     <span class='ocr_line' id='line_1_1' title="bbox 324 253 432 309; baseline 0 -1"><span class='ocrx_word' id='word_1_1' title='bbox 324 253 432 309; x_wconf 80' lang='grc'><strong>609</strong></span> 
     </span>
    </p>
   </div>
   <div class='ocr_carea' id='block_1_2' title="bbox 1472 248 2465 308">
    <p class='ocr_par' dir='ltr' id='par_1_2' title="bbox 1472 248 2465 308">
     <span class='ocr_line' id='line_1_2' title="bbox 1472 248 2465 308; baseline -0.002 -2"><span class='ocrx_word' id='word_1_2' title='bbox 1472 248 1676 307; x_wconf 67' lang='lat' dir='ltr'><strong>LIBER</strong></span> <span class='ocrx_word' id='word_1_3' title='bbox 1715 248 1992 307; x_wconf 74' lang='lat' dir='ltr'><strong>CONTRA</strong></span> <span class='ocrx_word' id='word_1_4' title='bbox 2032 248 2465 308; x_wconf 77' lang='lat' dir='ltr'><strong>AUXENTIUM.</strong></span> 
     </span>
    </p>
   </div>
   <div class='ocr_carea' id='block_1_3' title="bbox 3519 251 3626 310">
    <p class='ocr_par' dir='ltr' id='par_1_3' title="bbox 3519 251 3626 310">
     <span class='ocr_line' id='line_1_3' title="bbox 3519 251 3626 310; baseline 0.028 -3"><span class='ocrx_word' id='word_1_5' title='bbox 3519 251 3626 310; x_wconf 81' lang='grc'><strong>610</strong></span> 
     </span>
    </p>
   </div>
   <div class='ocr_carea' id='block_1_4' title="bbox 317 366 3626 439">
    <p class='ocr_par' dir='ltr' id='par_1_4' title="bbox 317 366 3626 439">
     <span class='ocr_line' id='line_1_4' title="bbox 317 366 3626 439; baseline -0.001 -14"><span class='ocrx_word' id='word_1_6' title='bbox 317 369 531 425; x_wconf 90' lang='lat' dir='ltr'><strong>ratione</strong></span> <span class='ocrx_word' id='word_1_7' title='bbox 600 367 854 424; x_wconf 64' lang='lat' dir='ltr'><strong>Auxentii</strong></span> <span class='ocrx_word' id='word_1_8' title='bbox 880 382 1096 424; x_wconf 79' lang='lat' dir='ltr'><strong>causam</strong></span> <span class='ocrx_word' id='word_1_9' title='bbox 1125 366 1257 423; x_wconf 86' lang='lat' dir='ltr'><strong>nihil</strong></span> <span class='ocrx_word' id='word_1_10' title='bbox 1282 367 1458 438; x_wconf 88' lang='lat' dir='ltr'><strong>juvari</strong></span> <span class='ocrx_word' id='word_1_11' title='bbox 1490 370 1625 425; x_wconf 88' lang='lat' dir='ltr'><strong>satis</strong></span> <span class='ocrx_word' id='word_1_12' title='bbox 1654 369 1910 425; x_wconf 89' lang='lat' dir='ltr'><strong>ostendit.</strong></span> <span class='ocrx_word' id='word_1_13' title='bbox 1942 373 1990 430; x_wconf 83' lang='lat' dir='ltr'><strong>A</strong></span> <span class='ocrx_word' id='word_1_14' title='bbox 2019 369 2330 425; x_wconf 75' lang='lat' dir='ltr'><strong>Auxentium</strong></span> <span class='ocrx_word' id='word_1_15' title='bbox 2353 387 2372 423; x_wconf 89' lang='lat'><em>:</em></span> <span class='ocrx_word' id='word_1_16' title='bbox 2395 368 2449 423; x_wconf 92' lang='lat' dir='ltr'><strong>in</strong></span> <span class='ocrx_word' id='word_1_17' title='bbox 2479 367 2716 439; x_wconf 88' lang='lat' dir='ltr'><strong>quinque</strong></span> <span class='ocrx_word' id='word_1_18' title='bbox 2747 366 2866 422; x_wconf 78' lang='lat' dir='ltr'><strong>aliis</strong></span> <span class='ocrx_word' id='word_1_19' title='bbox 2893 366 3205 422; x_wconf 84' lang='lat' dir='ltr'><strong>:Tractatus</strong></span> <span class='ocrx_word' id='word_1_20' title='bbox 3233 367 3312 422; x_wconf 85' lang='lat' dir='ltr'><strong>vel</strong></span> <span class='ocrx_word' id='word_1_21' title='bbox 3340 368 3471 424; x_wconf 83' lang='lat' dir='ltr'><strong>liber</strong></span> <span class='ocrx_word' id='word_1_22' title='bbox 3498 385 3626 425; x_wconf 86' lang='lat' dir='ltr'><strong>con-</strong></span> 
     </span>
    </p>
   </div>
   <div class='ocr_carea' id='block_1_5' title="bbox 399 461 1925 532">
    <p class='ocr_par' dir='ltr' id='par_1_5' title="bbox 399 461 1925 532">
     <span class='ocr_line' id='line_1_5' title="bbox 399 461 1925 532; baseline 0.001 -16"><span class='ocrx_word' id='word_1_23' title='bbox 399 463 529 516; x_wconf 77' lang='lat' dir='ltr'><strong>\&#39;lll.</strong></span> <span class='ocrx_word' id='word_1_24' title='bbox 565 463 750 532; x_wconf 69' lang='lat' dir='ltr'><strong>Itaque</strong></span> <span class='ocrx_word' id='word_1_25' title='bbox 781 477 848 517; x_wconf 85' lang='lat' dir='ltr'><strong>ex</strong></span> <span class='ocrx_word' id='word_1_26' title='bbox 879 461 1085 532; x_wconf 85' lang='lat' dir='ltr'><strong>duplici</strong></span> <span class='ocrx_word' id='word_1_27' title='bbox 1117 461 1212 516; x_wconf 90' lang='lat' dir='ltr'><strong>illo</strong></span> <span class='ocrx_word' id='word_1_28' title='bbox 1239 463 1438 532; x_wconf 88' lang='lat' dir='ltr'><strong>capite,</strong></span> <span class='ocrx_word' id='word_1_29' title='bbox 1481 477 1547 516; x_wconf 84' lang='lat' dir='ltr'><strong>ex</strong></span> <span class='ocrx_word' id='word_1_30' title='bbox 1578 477 1684 532; x_wconf 91' lang='lat' dir='ltr'><strong>quo</strong></span> <span class='ocrx_word' id='word_1_31' title='bbox 1729 461 1925 517; x_wconf 91' lang='lat' dir='ltr'><strong>dubius</strong></span> 
     </span>
    </p>
   </div>
   <div class='ocr_carea' id='block_1_6' title="bbox 318 555 1921 622">
    <p class='ocr_par' dir='ltr' id='par_1_6' title="bbox 318 555 1921 622">
     <span class='ocr_line' id='line_1_6' title="bbox 318 555 1921 622; baseline -0.001 -11"><span class='ocrx_word' id='word_1_32' title='bbox 318 557 601 613; x_wconf 77' lang='lat' dir='ltr'><strong>videbatur</strong></span> <span class='ocrx_word' id='word_1_33' title='bbox 624 556 876 610; x_wconf 81' lang='lat' dir='ltr'><strong>Auxentii</strong></span> <span class='ocrx_word' id='word_1_34' title='bbox 899 556 1134 622; x_wconf 83' lang='lat' dir='ltr'><strong>libellus,</strong></span> <span class='ocrx_word' id='word_1_35' title='bbox 1169 571 1312 610; x_wconf 91' lang='lat' dir='ltr'><strong>nunc</strong></span> <span class='ocrx_word' id='word_1_36' title='bbox 1330 555 1532 610; x_wconf 90' lang='lat' dir='ltr'><strong>certius</strong></span> <span class='ocrx_word' id='word_1_37' title='bbox 1559 556 1608 610; x_wconf 91' lang='lat' dir='ltr'><strong>ei</strong></span> <span class='ocrx_word' id='word_1_38' title='bbox 1639 555 1921 612; x_wconf 90' lang='lat' dir='ltr'><strong>asseritur.</strong></span> 
     </span>
    </p>
   </div>
   <div class='ocr_carea' id='block_1_7' title="bbox 317 650 1926 723">
    <p class='ocr_par' dir='ltr' id='par_1_7' title="bbox 317 650 1926 723">
     <span class='ocr_line' id='line_1_7' title="bbox 317 650 1926 723; baseline 0.001 -15"><span class='ocrx_word' id='word_1_39' title='bbox 317 651 532 708; x_wconf 76' lang='lat' dir='ltr'><strong>Caetera</strong></span> <span class='ocrx_word' id='word_1_40' title='bbox 560 652 725 707; x_wconf 91' lang='lat' dir='ltr'><strong>etiam</strong></span> <span class='ocrx_word' id='word_1_41' title='bbox 754 650 1105 706; x_wconf 88' lang='lat' dir='ltr'><strong>conveniunt.</strong></span> <span class='ocrx_word' id='word_1_42' title='bbox 1151 650 1210 706; x_wconf 93' lang='lat' dir='ltr'><strong>ln</strong></span> <span class='ocrx_word' id='word_1_43' title='bbox 1240 667 1308 708; x_wconf 91' lang='lat' dir='ltr'><strong>eo</strong></span> <span class='ocrx_word' id='word_1_44' title='bbox 1329 652 1528 723; x_wconf 85' lang='lat' dir='ltr'><strong>quippe</strong></span> <span class='ocrx_word' id='word_1_45' title='bbox 1557 664 1806 708; x_wconf 89' lang='lat' dir='ltr'><strong>versutus</strong></span> <span class='ocrx_word' id='word_1_46' title='bbox 1833 652 1926 709; x_wconf 88' lang='lat' dir='ltr'><strong>ille</strong></span> 
     </span>
    </p>
   </div>
   <div class='ocr_carea' id='block_1_8' title="bbox 320 743 1930 815">
    <p class='ocr_par' dir='ltr' id='par_1_8' title="bbox 320 743 1930 815">
     <span class='ocr_line' id='line_1_8' title="bbox 320 743 1930 815; baseline -0.001 -16"><span class='ocrx_word' id='word_1_47' title='bbox 320 744 635 810; x_wconf 68' lang='lat' dir='ltr'><strong>haereticus,</strong></span> <span class='ocrx_word' id='word_1_48' title='bbox 665 760 814 799; x_wconf 91' lang='lat' dir='ltr'><strong>num.</strong></span> <span class='ocrx_word' id='word_1_49' title='bbox 841 743 932 807; x_wconf 74' lang='grc'><strong>15,</strong></span> <span class='ocrx_word' id='word_1_50' title='bbox 959 743 1263 814; x_wconf 82' lang='lat' dir='ltr'><strong>proﬁtetur,</strong></span> <span class='ocrx_word' id='word_1_51' title='bbox 1283 743 1424 815; x_wconf 89' lang='lat' dir='ltr'><strong>quod</strong></span> <span class='ocrx_word' id='word_1_52' title='bbox 1445 743 1686 800; x_wconf 89' lang='lat' dir='ltr'><strong>Hilarius</strong></span> <span class='ocrx_word' id='word_1_53' title='bbox 1699 759 1822 800; x_wconf 90' lang='lat' dir='ltr'><strong>eum</strong></span> <span class='ocrx_word' id='word_1_54' title='bbox 1847 744 1930 800; x_wconf 82' lang='lat' dir='ltr'><strong>al-</strong></span> 
     </span>
    </p>
   </div>
   <div class='ocr_carea' id='block_1_9' title="bbox 318 835 1924 909">
    <p class='ocr_par' dir='ltr' id='par_1_9' title="bbox 318 835 1924 909">
     <span class='ocr_line' id='line_1_9' title="bbox 318 835 1924 909; baseline 0.002 -18"><span class='ocrx_word' id='word_1_55' title='bbox 318 835 570 892; x_wconf 80' lang='lat' dir='ltr'><strong>ﬁrmasse</strong></span> <span class='ocrx_word' id='word_1_56' title='bbox 622 845 794 902; x_wconf 84' lang='lat' dir='ltr'><strong>notat,</strong></span> <span class='ocrx_word' id='word_1_57' title='bbox 845 852 906 893; x_wconf 91' lang='lat' dir='ltr'><strong>se</strong></span> <span class='ocrx_word' id='word_1_58' title='bbox 955 839 1142 892; x_wconf 86' lang='lat' dir='ltr'><strong>Arium</strong></span> <span class='ocrx_word' id='word_1_59' title='bbox 1203 854 1495 909; x_wconf 82' lang='lat' dir='ltr'><strong>numquam</strong></span> <span class='ocrx_word' id='word_1_60' title='bbox 1533 838 1724 894; x_wconf 85' lang='lat' dir='ltr'><strong>scisse.</strong></span> <span class='ocrx_word' id='word_1_61' title='bbox 1779 838 1924 894; x_wconf 92' lang='lat' dir='ltr'><strong>ldem</strong></span> 
     </span>
    </p>
   </div>
   <div class='ocr_carea' id='block_1_10' title="bbox 317 929 1927 1001">
    <p class='ocr_par' dir='ltr' id='par_1_10' title="bbox 317 929 1927 1001">
     <span class='ocr_line' id='line_1_10' title="bbox 317 929 1927 1001; baseline 0.001 -16"><span class='ocrx_word' id='word_1_62' title='bbox 317 938 680 994; x_wconf 81' lang='lat' dir='ltr'><strong>contestatur,</strong></span> <span class='ocrx_word' id='word_1_63' title='bbox 719 945 870 984; x_wconf 89' lang='lat' dir='ltr'><strong>ntnn.</strong></span> <span class='ocrx_word' id='word_1_64' title='bbox 917 930 1004 996; x_wconf 79' lang='grc'><strong>14,</strong></span> <span class='ocrx_word' id='word_1_65' title='bbox 1049 929 1312 985; x_wconf 89' lang='lat' dir='ltr'><strong>llllarium</strong></span> <span class='ocrx_word' id='word_1_66' title='bbox 1336 930 1464 985; x_wconf 88' lang='lat' dir='ltr'><strong>olim</strong></span> <span class='ocrx_word' id='word_1_67' title='bbox 1491 929 1800 1001; x_wconf 91' lang='lat' dir='ltr'><strong>depositum</strong></span> <span class='ocrx_word' id='word_1_68' title='bbox 1836 939 1927 986; x_wconf 88' lang='lat' dir='ltr'><strong>aut</strong></span> 
     </span>
    </p>
   </div>
   <div class='ocr_carea' id='block_1_11' title="bbox 324 1021 1922 1092">
    <p class='ocr_par' dir='ltr' id='par_1_11' title="bbox 324 1021 1922 1092">
     <span class='ocr_line' id='line_1_11' title="bbox 324 1021 1922 1092; baseline 0 -15"><span class='ocrx_word' id='word_1_69' title='bbox 324 1022 659 1078; x_wconf 82' lang='lat' dir='ltr'><strong>accusatoris</strong></span> <span class='ocrx_word' id='word_1_70' title='bbox 679 1021 985 1091; x_wconf 89' lang='lat' dir='ltr'><strong>autjudicis</strong></span> <span class='ocrx_word' id='word_1_71' title='bbox 1017 1038 1304 1092; x_wconf 85' lang='lat' dir='ltr'><strong>personam</strong></span> <span class='ocrx_word' id='word_1_72' title='bbox 1331 1022 1531 1078; x_wconf 85' lang='lat' dir='ltr'><strong>habere</strong></span> <span class='ocrx_word' id='word_1_73' title='bbox 1557 1040 1662 1078; x_wconf 92' lang='lat' dir='ltr'><strong>non</strong></span> <span class='ocrx_word' id='word_1_74' title='bbox 1693 1022 1922 1080; x_wconf 85' lang='lat' dir='ltr'><strong>debere:</strong></span> 
     </span>
    </p>
   </div>
   <div class='ocr_carea' id='block_1_12' title="bbox 321 1115 1928 1188">
    <p class='ocr_par' dir='ltr' id='par_1_12' title="bbox 321 1115 1928 1188">
     <span class='ocr_line' id='line_1_12' title="bbox 321 1115 1928 1188; baseline 0.001 -18"><span class='ocrx_word' id='word_1_75' title='bbox 321 1117 472 1188; x_wconf 88' lang='lat' dir='ltr'><strong>quod</strong></span> <span class='ocrx_word' id='word_1_76' title='bbox 501 1116 605 1172; x_wconf 86' lang='lat' dir='ltr'><strong>sibi</strong></span> <span class='ocrx_word' id='word_1_77' title='bbox 631 1116 700 1171; x_wconf 90' lang='lat' dir='ltr'><strong>ab</strong></span> <span class='ocrx_word' id='word_1_78' title='bbox 726 1131 793 1172; x_wconf 90' lang='lat' dir='ltr'><strong>eo</strong></span> <span class='ocrx_word' id='word_1_79' title='bbox 822 1115 1095 1186; x_wconf 89' lang='lat' dir='ltr'><strong>objectum</strong></span> <span class='ocrx_word' id='word_1_80' title='bbox 1121 1126 1380 1172; x_wconf 86' lang='lat' dir='ltr'><strong>strenuus</strong></span> <span class='ocrx_word' id='word_1_81' title='bbox 1412 1115 1611 1171; x_wconf 86' lang='lat' dir='ltr'><strong>Christi</strong></span> <span class='ocrx_word' id='word_1_82' title='bbox 1639 1116 1928 1173; x_wconf 86' lang='lat' dir='ltr'><strong>conlessor</strong></span> 
     </span>
    </p>
   </div>
   <div class='ocr_carea' id='block_1_13' title="bbox 322 1207 1929 1279">
    <p class='ocr_par' dir='ltr' id='par_1_13' title="bbox 322 1207 1929 1279">
     <span class='ocr_line' id='line_1_13' title="bbox 322 1207 1929 1279; baseline -0.001 -15"><span class='ocrx_word' id='word_1_83' title='bbox 322 1218 535 1275; x_wconf 89' lang='lat' dir='ltr'><strong>narrat,</strong></span> <span class='ocrx_word' id='word_1_84' title='bbox 563 1224 714 1264; x_wconf 89' lang='lat' dir='ltr'><strong>num.</strong></span> <span class='ocrx_word' id='word_1_85' title='bbox 750 1209 803 1264; x_wconf 89' lang='lat'><strong>6.</strong></span> <span class='ocrx_word' id='word_1_86' title='bbox 833 1207 931 1276; x_wconf 83' lang='lat' dir='ltr'><strong>Qui</strong></span> <span class='ocrx_word' id='word_1_87' title='bbox 971 1208 1188 1279; x_wconf 83' lang='lat' dir='ltr'><strong>quidem</strong></span> <span class='ocrx_word' id='word_1_88' title='bbox 1234 1210 1338 1264; x_wconf 88' lang='lat' dir='ltr'><strong>etsi</strong></span> <span class='ocrx_word' id='word_1_89' title='bbox 1378 1209 1636 1264; x_wconf 90' lang='lat' dir='ltr'><strong>nonnulla</strong></span> <span class='ocrx_word' id='word_1_90' title='bbox 1684 1207 1929 1264; x_wconf 85' lang='lat' dir='ltr'><strong>coniutat</strong></span> 
     </span>
    </p>
   </div>
   <div class='ocr_carea' id='block_1_14' title="bbox 321 1300 1926 1372">
    <p class='ocr_par' dir='ltr' id='par_1_14' title="bbox 321 1300 1926 1372">
     <span class='ocr_line' id='line_1_14' title="bbox 321 1300 1926 1372; baseline -0.001 -16"><span class='ocrx_word' id='word_1_91' title='bbox 321 1311 597 1372; x_wconf 85' lang='lat' dir='ltr'><strong>tamquam</strong></span> <span class='ocrx_word' id='word_1_92' title='bbox 638 1301 707 1356; x_wconf 92' lang='lat' dir='ltr'><strong>ab</strong></span> <span class='ocrx_word' id='word_1_93' title='bbox 739 1302 1010 1371; x_wconf 83' lang='lat' dir='ltr'><strong>Auxentio</strong></span> <span class='ocrx_word' id='word_1_94' title='bbox 1041 1309 1273 1368; x_wconf 89' lang='lat' dir='ltr'><strong>asserta,</strong></span> <span class='ocrx_word' id='word_1_95' title='bbox 1305 1317 1424 1371; x_wconf 71' lang='lat' dir='ltr'><strong>qua:</strong></span> <span class='ocrx_word' id='word_1_96' title='bbox 1463 1302 1517 1356; x_wconf 90' lang='lat' dir='ltr'><strong>in</strong></span> <span class='ocrx_word' id='word_1_97' title='bbox 1547 1300 1716 1372; x_wconf 89' lang='lat' dir='ltr'><strong>ipsius</strong></span> <span class='ocrx_word' id='word_1_98' title='bbox 1741 1300 1926 1356; x_wconf 90' lang='lat' dir='ltr'><strong>libello</strong></span> 
     </span>
    </p>
   </div>
   <div class='ocr_carea' id='block_1_15' title="bbox 325 1391 1928 1464">
    <p class='ocr_par' dir='ltr' id='par_1_15' title="bbox 325 1391 1928 1464">
     <span class='ocr_line' id='line_1_15' title="bbox 325 1391 1928 1464; baseline -0.001 -16"><span class='ocrx_word' id='word_1_99' title='bbox 325 1409 434 1449; x_wconf 89' lang='lat' dir='ltr'><strong>non</strong></span> <span class='ocrx_word' id='word_1_100' title='bbox 461 1400 701 1458; x_wconf 84' lang='lat' dir='ltr'><strong>exstant,</strong></span> <span class='ocrx_word' id='word_1_101' title='bbox 737 1409 797 1448; x_wconf 88' lang='lat' dir='ltr'><strong>ea</strong></span> <span class='ocrx_word' id='word_1_102' title='bbox 826 1392 967 1447; x_wconf 87' lang='lat' dir='ltr'><strong>haud</strong></span> <span class='ocrx_word' id='word_1_103' title='bbox 997 1392 1163 1448; x_wconf 87' lang='lat' dir='ltr'><strong>dubie</strong></span> <span class='ocrx_word' id='word_1_104' title='bbox 1191 1391 1466 1464; x_wconf 78' lang='lat' dir='ltr'><strong>pertinent</strong></span> <span class='ocrx_word' id='word_1_105' title='bbox 1493 1393 1561 1448; x_wconf 90' lang='lat' dir='ltr'><strong>ad</strong></span> <span class='ocrx_word' id='word_1_106' title='bbox 1586 1395 1700 1463; x_wconf 88' lang='lat' dir='ltr'><strong>ipsa</strong></span> <span class='ocrx_word' id='word_1_107' title='bbox 1729 1392 1928 1447; x_wconf 74' lang='lat' dir='ltr'><strong>Nicaeus</strong></span> 
     </span>
    </p>
   </div>
   <div class='ocr_carea' id='block_1_16' title="bbox 327 1485 1930 1556">
    <p class='ocr_par' dir='ltr' id='par_1_16' title="bbox 327 1485 1930 1556">
     <span class='ocr_line' id='line_1_16' title="bbox 327 1485 1930 1556; baseline 0 -16"><span class='ocrx_word' id='word_1_108' title='bbox 327 1485 578 1540; x_wconf 79' lang='lat' dir='ltr'><strong>Thracia:</strong></span> <span class='ocrx_word' id='word_1_109' title='bbox 606 1501 702 1541; x_wconf 91' lang='lat' dir='ltr'><strong>seu</strong></span> <span class='ocrx_word' id='word_1_110' title='bbox 732 1485 961 1540; x_wconf 83' lang='lat' dir='ltr'><strong>Arimini</strong></span> <span class='ocrx_word' id='word_1_111' title='bbox 992 1493 1163 1556; x_wconf 80' lang='lat' dir='ltr'><strong>gesta,</strong></span> <span class='ocrx_word' id='word_1_112' title='bbox 1196 1501 1316 1556; x_wconf 86' lang='lat' dir='ltr'><strong>quae</strong></span> <span class='ocrx_word' id='word_1_113' title='bbox 1345 1485 1438 1541; x_wconf 90' lang='lat' dir='ltr'><strong>ille</strong></span> <span class='ocrx_word' id='word_1_114' title='bbox 1465 1494 1576 1541; x_wconf 91' lang='lat' dir='ltr'><strong>toto</strong></span> <span class='ocrx_word' id='word_1_115' title='bbox 1607 1485 1788 1541; x_wconf 86' lang='lat' dir='ltr'><strong>animo</strong></span> <span class='ocrx_word' id='word_1_116' title='bbox 1815 1501 1930 1540; x_wconf 90' lang='lat' dir='ltr'><strong>am-</strong></span> 
     </span>
    </p>
   </div>
   <div class='ocr_carea' id='block_1_17' title="bbox 326 1576 1612 1648">
    <p class='ocr_par' dir='ltr' id='par_1_17' title="bbox 326 1576 1612 1648">
     <span class='ocr_line' id='line_1_17' title="bbox 326 1576 1612 1648; baseline -0.001 -17"><span class='ocrx_word' id='word_1_117' title='bbox 326 1577 574 1648; x_wconf 80' lang='lat' dir='ltr'><strong>plexatus</strong></span> <span class='ocrx_word' id='word_1_118' title='bbox 606 1577 790 1632; x_wconf 90' lang='lat' dir='ltr'><strong>libello</strong></span> <span class='ocrx_word' id='word_1_119' title='bbox 821 1591 921 1631; x_wconf 83' lang='lat' dir='ltr'><strong>suo</strong></span> <span class='ocrx_word' id='word_1_120' title='bbox 950 1576 1281 1646; x_wconf 88' lang='lat' dir='ltr'><strong>subjicienda</strong></span> <span class='ocrx_word' id='word_1_121' title='bbox 1307 1586 1612 1632; x_wconf 85' lang='lat' dir='ltr'><strong>curaverat.</strong></span> 
     </span>
    </p>
   </div>
   <div class='ocr_carea' id='block_1_18' title="bbox 398 1650 1924 1740">
    <p class='ocr_par' dir='ltr' id='par_1_18' title="bbox 398 1650 1924 1740">
     <span class='ocr_line' id='line_1_18' title="bbox 398 1650 1924 1740; baseline 0.001 -16"><span class='ocrx_word' id='word_1_122' title='bbox 398 1670 491 1724; x_wconf 79' lang='lat' dir='ltr'><strong>IX.</strong></span> <span class='ocrx_word' id='word_1_123' title='bbox 535 1669 730 1724; x_wconf 91' lang='lat' dir='ltr'><strong>Totum</strong></span> <span class='ocrx_word' id='word_1_124' title='bbox 763 1669 866 1724; x_wconf 93' lang='lat' dir='ltr'><strong>hoc</strong></span> <span class='ocrx_word' id='word_1_125' title='bbox 903 1684 1041 1738; x_wconf 90' lang='lat' dir='ltr'><strong>opus</strong></span> <span class='ocrx_word' id='word_1_126' title='bbox 1071 1669 1124 1723; x_wconf 90' lang='lat' dir='ltr'><strong>in</strong></span> <span class='ocrx_word' id='word_1_127' title='bbox 1157 1650 1380 1740; x_wconf 77' lang='lat' dir='ltr'><strong>antiquo</strong></span> <span class='ocrx_word' id='word_1_128' title='bbox 1409 1671 1598 1725; x_wconf 84' lang='lat' dir='ltr'><strong>codice</strong></span> <span class='ocrx_word' id='word_1_129' title='bbox 1621 1670 1924 1726; x_wconf 85' lang='lat' dir='ltr'><strong>Carnuten-</strong></span> 
     </span>
    </p>
   </div>
   <div class='ocr_carea' id='block_1_19' title="bbox 2027 458 3628 529">
    <p class='ocr_par' dir='ltr' id='par_1_19' title="bbox 2027 458 3628 529">
     <span class='ocr_line' id='line_1_19' title="bbox 2027 458 3628 529; baseline 0 -13"><span class='ocrx_word' id='word_1_130' title='bbox 2027 473 2108 516; x_wconf 89' lang='lat' dir='ltr'><strong>tra</strong></span> <span class='ocrx_word' id='word_1_131' title='bbox 2159 461 2468 517; x_wconf 71' lang='lat' dir='ltr'><strong>Auxentium</strong></span> <span class='ocrx_word' id='word_1_132' title='bbox 2518 461 2767 514; x_wconf 80' lang='lat' dir='ltr'><strong>Arianum</strong></span> <span class='ocrx_word' id='word_1_133' title='bbox 2803 458 3117 529; x_wconf 78' lang='lat' dir='ltr'><strong>Episwpum</strong></span> <span class='ocrx_word' id='word_1_134' title='bbox 3170 459 3628 516; x_wconf 79' lang='lat' dir='ltr'><strong>Mediolanettsem.</strong></span> 
     </span>
    </p>
   </div>
   <div class='ocr_carea' id='block_1_20' title="bbox 2027 554 3633 626">
    <p class='ocr_par' dir='ltr' id='par_1_20' title="bbox 2027 554 3633 626">
     <span class='ocr_line' id='line_1_20' title="bbox 2027 554 3633 626; baseline -0.002 -15"><span class='ocrx_word' id='word_1_135' title='bbox 2027 556 2123 611; x_wconf 86' lang='lat' dir='ltr'><strong>His</strong></span> <span class='ocrx_word' id='word_1_136' title='bbox 2164 556 2308 611; x_wconf 80' lang='lat' dir='ltr'><strong>favet</strong></span> <span class='ocrx_word' id='word_1_137' title='bbox 2339 555 2721 626; x_wconf 86' lang='lat' dir='ltr'><strong>Hieronymus,</strong></span> <span class='ocrx_word' id='word_1_138' title='bbox 2765 569 2796 607; x_wconf 88' lang='lat' dir='ltr'><strong>a</strong></span> <span class='ocrx_word' id='word_1_139' title='bbox 2822 569 2928 624; x_wconf 91' lang='lat' dir='ltr'><strong>quo</strong></span> <span class='ocrx_word' id='word_1_140' title='bbox 2973 554 3179 626; x_wconf 74' lang='lat' dir='ltr'><strong>elegans</strong></span> <span class='ocrx_word' id='word_1_141' title='bbox 3210 563 3394 607; x_wconf 87' lang='lat' dir='ltr'><strong>contra</strong></span> <span class='ocrx_word' id='word_1_142' title='bbox 3423 554 3633 608; x_wconf 74' lang='lat' dir='ltr'><strong>Auxen-</strong></span> 
     </span>
    </p>
   </div>
   <div class='ocr_carea' id='block_1_21' title="bbox 2026 643 3628 716">
    <p class='ocr_par' dir='ltr' id='par_1_21' title="bbox 2026 643 3628 716">
     <span class='ocr_line' id='line_1_21' title="bbox 2026 643 3628 716; baseline 0 -16"><span class='ocrx_word' id='word_1_143' title='bbox 2026 649 2154 701; x_wconf 87' lang='lat' dir='ltr'><strong>tium</strong></span> <span class='ocrx_word' id='word_1_144' title='bbox 2203 648 2406 702; x_wconf 80' lang='lat' dir='ltr'><strong>libellus</strong></span> <span class='ocrx_word' id='word_1_145' title='bbox 2458 647 2782 716; x_wconf 88' lang='lat' dir='ltr'><strong>appellatur.</strong></span> <span class='ocrx_word' id='word_1_146' title='bbox 2843 647 3106 716; x_wconf 76' lang='lat' dir='ltr'><strong>Vulgatus</strong></span> <span class='ocrx_word' id='word_1_147' title='bbox 3163 646 3352 700; x_wconf 91' lang='lat' dir='ltr'><strong>titulus</strong></span> <span class='ocrx_word' id='word_1_148' title='bbox 3390 664 3403 700; x_wconf 87' lang='lat'><strong>:</strong></span> <span class='ocrx_word' id='word_1_149' title='bbox 3436 643 3628 700; x_wconf 86' lang='lat' dir='ltr'><strong>Contra</strong></span> 
     </span>
    </p>
   </div>
   <div class='ocr_carea' id='block_1_22' title="bbox 2028 736 3629 805">
    <p class='ocr_par' dir='ltr' id='par_1_22' title="bbox 2028 736 3629 805">
     <span class='ocr_line' id='line_1_22' title="bbox 2028 736 3629 805; baseline -0.001 -11"><span class='ocrx_word' id='word_1_150' title='bbox 2028 741 2246 795; x_wconf 82' lang='lat' dir='ltr'><strong>Arianos</strong></span> <span class='ocrx_word' id='word_1_151' title='bbox 2276 741 2353 794; x_wconf 83' lang='lat' dir='ltr'><strong>vel</strong></span> <span class='ocrx_word' id='word_1_152' title='bbox 2377 740 2687 795; x_wconf 68' lang='lat' dir='ltr'><strong>Auxentium</strong></span> <span class='ocrx_word' id='word_1_153' title='bbox 2719 736 3155 792; x_wconf 80' lang='lat' dir='ltr'><strong>Mediolanensem</strong></span> <span class='ocrx_word' id='word_1_154' title='bbox 3178 737 3324 805; x_wconf 82' lang='lat' dir='ltr'><strong>liber,</strong></span> <span class='ocrx_word' id='word_1_155' title='bbox 3353 754 3418 792; x_wconf 84' lang='lat' dir='ltr'><strong>ex</strong></span> <span class='ocrx_word' id='word_1_156' title='bbox 3445 749 3629 793; x_wconf 87' lang='lat' dir='ltr'><strong>veter-</strong></span> 
     </span>
    </p>
   </div>
   <div class='ocr_carea' id='block_1_23' title="bbox 2027 828 3632 899">
    <p class='ocr_par' dir='ltr' id='par_1_23' title="bbox 2027 828 3632 899">
     <span class='ocr_line' id='line_1_23' title="bbox 2027 828 3632 899; baseline -0.004 -9"><span class='ocrx_word' id='word_1_157' title='bbox 2027 834 2167 890; x_wconf 87' lang='lat' dir='ltr'><strong>rimo</strong></span> <span class='ocrx_word' id='word_1_158' title='bbox 2223 847 2326 889; x_wconf 93' lang='lat' dir='ltr'><strong>ms.</strong></span> <span class='ocrx_word' id='word_1_159' title='bbox 2360 832 2419 889; x_wconf 89' lang='lat' dir='ltr'><strong>S.</strong></span> <span class='ocrx_word' id='word_1_160' title='bbox 2450 831 2598 887; x_wconf 89' lang='lat' dir='ltr'><strong>Petri</strong></span> <span class='ocrx_word' id='word_1_161' title='bbox 2641 830 2709 886; x_wconf 91' lang='lat' dir='ltr'><strong>de</strong></span> <span class='ocrx_word' id='word_1_162' title='bbox 2751 829 2898 886; x_wconf 87' lang='lat' dir='ltr'><strong>Urbe</strong></span> <span class='ocrx_word' id='word_1_163' title='bbox 2946 839 3031 886; x_wconf 92' lang='lat' dir='ltr'><strong>est</strong></span> <span class='ocrx_word' id='word_1_164' title='bbox 3078 844 3388 899; x_wconf 79' lang='lat' dir='ltr'><strong>expressus.</strong></span> <span class='ocrx_word' id='word_1_165' title='bbox 3433 828 3632 899; x_wconf 81' lang='lat' dir='ltr'><strong>Reipsa</strong></span> 
     </span>
    </p>
   </div>
   <div class='ocr_carea' id='block_1_24' title="bbox 2029 921 3635 995">
    <p class='ocr_par' dir='ltr' id='par_1_24' title="bbox 2029 921 3635 995">
     <span class='ocr_line' id='line_1_24' title="bbox 2029 921 3635 995; baseline -0.004 -14"><span class='ocrx_word' id='word_1_166' title='bbox 2029 925 2254 995; x_wconf 90' lang='lat' dir='ltr'><strong>epistola</strong></span> <span class='ocrx_word' id='word_1_167' title='bbox 2277 935 2361 980; x_wconf 91' lang='lat' dir='ltr'><strong>est</strong></span> <span class='ocrx_word' id='word_1_168' title='bbox 2387 923 2456 978; x_wconf 93' lang='lat' dir='ltr'><strong>ad</strong></span> <span class='ocrx_word' id='word_1_169' title='bbox 2479 923 2780 978; x_wconf 91' lang='lat' dir='ltr'><strong>catholicos</strong></span> <span class='ocrx_word' id='word_1_170' title='bbox 2807 931 2996 977; x_wconf 86' lang='lat' dir='ltr'><strong>contra</strong></span> <span class='ocrx_word' id='word_1_171' title='bbox 3026 921 3278 988; x_wconf 88' lang='lat' dir='ltr'><strong>Arianos,</strong></span> <span class='ocrx_word' id='word_1_172' title='bbox 3309 937 3446 992; x_wconf 92' lang='lat' dir='ltr'><strong>quos</strong></span> <span class='ocrx_word' id='word_1_173' title='bbox 3475 935 3635 976; x_wconf 84' lang='lat' dir='ltr'><strong>exor-</strong></span> 
     </span>
    </p>
   </div>
   <div class='ocr_carea' id='block_1_25' title="bbox 2029 1017 3637 1090">
    <p class='ocr_par' dir='ltr' id='par_1_25' title="bbox 2029 1017 3637 1090">
     <span class='ocr_line' id='line_1_25' title="bbox 2029 1017 3637 1090; baseline -0.002 -15"><span class='ocrx_word' id='word_1_174' title='bbox 2029 1019 2177 1075; x_wconf 90' lang='lat' dir='ltr'><strong>dium</strong></span> <span class='ocrx_word' id='word_1_175' title='bbox 2209 1029 2449 1090; x_wconf 90' lang='lat' dir='ltr'><strong>spectat;</strong></span> <span class='ocrx_word' id='word_1_176' title='bbox 2483 1019 2578 1074; x_wconf 88' lang='lat' dir='ltr'><strong>sed</strong></span> <span class='ocrx_word' id='word_1_177' title='bbox 2614 1018 2934 1073; x_wconf 90' lang='lat' dir='ltr'><strong>nominatim</strong></span> <span class='ocrx_word' id='word_1_178' title='bbox 2971 1027 3161 1073; x_wconf 91' lang='lat' dir='ltr'><strong>contra</strong></span> <span class='ocrx_word' id='word_1_179' title='bbox 3188 1017 3542 1085; x_wconf 81' lang='lat' dir='ltr'><strong>Auxentium,</strong></span> <span class='ocrx_word' id='word_1_180' title='bbox 3567 1017 3637 1072; x_wconf 90' lang='lat' dir='ltr'><strong>de</strong></span> 
     </span>
    </p>
   </div>
   <div class='ocr_carea' id='block_1_26' title="bbox 2030 1109 3632 1184">
    <p class='ocr_par' dir='ltr' id='par_1_26' title="bbox 2030 1109 3632 1184">
     <span class='ocr_line' id='line_1_26' title="bbox 2030 1109 3632 1184; baseline -0.002 -16"><span class='ocrx_word' id='word_1_181' title='bbox 2030 1113 2184 1184; x_wconf 85' lang='lat' dir='ltr'><strong>cujus</strong></span> <span class='ocrx_word' id='word_1_182' title='bbox 2221 1126 2404 1167; x_wconf 85' lang='lat' dir='ltr'><strong>secum</strong></span> <span class='ocrx_word' id='word_1_183' title='bbox 2440 1111 2610 1182; x_wconf 78' lang='lat' dir='ltr'><strong>gestis</strong></span> <span class='ocrx_word' id='word_1_184' title='bbox 2641 1111 2876 1167; x_wconf 85' lang='lat' dir='ltr'><strong>Hilarius</strong></span> <span class='ocrx_word' id='word_1_185' title='bbox 2902 1110 3204 1166; x_wconf 89' lang='lat' dir='ltr'><strong>catholicos</strong></span> <span class='ocrx_word' id='word_1_186' title='bbox 3247 1110 3522 1166; x_wconf 87' lang='lat' dir='ltr'><strong>admonet.</strong></span> <span class='ocrx_word' id='word_1_187' title='bbox 3573 1109 3632 1165; x_wconf 92' lang='lat' dir='ltr'><strong>ln</strong></span> 
     </span>
    </p>
   </div>
   <div class='ocr_carea' id='block_1_27' title="bbox 2031 1202 3626 1274">
    <p class='ocr_par' dir='ltr' id='par_1_27' title="bbox 2031 1202 3626 1274">
     <span class='ocr_line' id='line_1_27' title="bbox 2031 1202 3626 1274; baseline -0.003 -14"><span class='ocrx_word' id='word_1_188' title='bbox 2031 1205 2114 1261; x_wconf 90' lang='lat' dir='ltr'><strong>his</strong></span> <span class='ocrx_word' id='word_1_189' title='bbox 2143 1203 2397 1260; x_wconf 89' lang='lat' dir='ltr'><strong>omnibus</strong></span> <span class='ocrx_word' id='word_1_190' title='bbox 2426 1218 2550 1259; x_wconf 90' lang='lat' dir='ltr'><strong>cum</strong></span> <span class='ocrx_word' id='word_1_191' title='bbox 2595 1219 2722 1274; x_wconf 80' lang='lat' dir='ltr'><strong>erga</strong></span> <span class='ocrx_word' id='word_1_192' title='bbox 2772 1202 3183 1273; x_wconf 82' lang='lat' dir='ltr'><strong>Imperatorem,</strong></span> <span class='ocrx_word' id='word_1_193' title='bbox 3221 1219 3250 1257; x_wconf 87' lang='lat' dir='ltr'><strong>a</strong></span> <span class='ocrx_word' id='word_1_194' title='bbox 3294 1219 3402 1274; x_wconf 92' lang='lat' dir='ltr'><strong>quo</strong></span> <span class='ocrx_word' id='word_1_195' title='bbox 3444 1203 3626 1273; x_wconf 89' lang='lat' dir='ltr'><strong>iniqua</strong></span> 
     </span>
    </p>
   </div>
   <div class='ocr_carea' id='block_1_28' title="bbox 2029 1295 3636 1369">
    <p class='ocr_par' dir='ltr' id='par_1_28' title="bbox 2029 1295 3636 1369">
     <span class='ocr_line' id='line_1_28' title="bbox 2029 1295 3636 1369; baseline -0.001 -18"><span class='ocrx_word' id='word_1_196' title='bbox 2029 1313 2220 1369; x_wconf 89' lang='lat' dir='ltr'><strong>passus</strong></span> <span class='ocrx_word' id='word_1_197' title='bbox 2250 1309 2389 1365; x_wconf 90' lang='lat' dir='ltr'><strong>erat,</strong></span> <span class='ocrx_word' id='word_1_198' title='bbox 2421 1295 2610 1352; x_wconf 90' lang='lat' dir='ltr'><strong>sedato</strong></span> <span class='ocrx_word' id='word_1_199' title='bbox 2641 1312 2704 1351; x_wconf 91' lang='lat' dir='ltr'><strong>ac</strong></span> <span class='ocrx_word' id='word_1_200' title='bbox 2730 1297 3000 1353; x_wconf 85' lang='lat' dir='ltr'><strong>reverenti</strong></span> <span class='ocrx_word' id='word_1_201' title='bbox 3031 1296 3210 1352; x_wconf 88' lang='lat' dir='ltr'><strong>animo</strong></span> <span class='ocrx_word' id='word_1_202' title='bbox 3242 1312 3301 1351; x_wconf 91' lang='lat' dir='ltr'><strong>se</strong></span> <span class='ocrx_word' id='word_1_203' title='bbox 3330 1296 3505 1366; x_wconf 79' lang='lat' dir='ltr'><strong>gerit;</strong></span> <span class='ocrx_word' id='word_1_204' title='bbox 3541 1311 3636 1366; x_wconf 88' lang='lat' dir='ltr'><strong>pa-</strong></span> 
     </span>
    </p>
   </div>
   <div class='ocr_carea' id='block_1_29' title="bbox 2030 1389 3638 1460">
    <p class='ocr_par' dir='ltr' id='par_1_29' title="bbox 2030 1389 3638 1460">
     <span class='ocr_line' id='line_1_29' title="bbox 2030 1389 3638 1460; baseline 0.001 -17"><span class='ocrx_word' id='word_1_205' title='bbox 2030 1389 2137 1444; x_wconf 87' lang='lat' dir='ltr'><strong>lam</strong></span> <span class='ocrx_word' id='word_1_206' title='bbox 2183 1389 2312 1444; x_wconf 80' lang='lat' dir='ltr'><strong>iacit</strong></span> <span class='ocrx_word' id='word_1_207' title='bbox 2355 1404 2416 1445; x_wconf 87' lang='lat' dir='ltr'><strong>se</strong></span> <span class='ocrx_word' id='word_1_208' title='bbox 2464 1404 2561 1460; x_wconf 92' lang='lat' dir='ltr'><strong>pro</strong></span> <span class='ocrx_word' id='word_1_209' title='bbox 2605 1403 2700 1444; x_wconf 89' lang='lat' dir='ltr'><strong>sua</strong></span> <span class='ocrx_word' id='word_1_210' title='bbox 2730 1403 2895 1445; x_wconf 88' lang='lat' dir='ltr'><strong>causa</strong></span> <span class='ocrx_word' id='word_1_211' title='bbox 2939 1390 3154 1445; x_wconf 89' lang='lat' dir='ltr'><strong>nescire</strong></span> <span class='ocrx_word' id='word_1_212' title='bbox 3194 1389 3377 1454; x_wconf 87' lang='lat' dir='ltr'><strong>irasci,</strong></span> <span class='ocrx_word' id='word_1_213' title='bbox 3428 1401 3638 1458; x_wconf 86' lang='lat' dir='ltr'><strong>suoque</strong></span> 
     </span>
    </p>
   </div>
   <div class='ocr_carea' id='block_1_30' title="bbox 2031 1480 3639 1554">
    <p class='ocr_par' dir='ltr' id='par_1_30' title="bbox 2031 1480 3639 1554">
     <span class='ocr_line' id='line_1_30' title="bbox 2031 1480 3639 1554; baseline -0.001 -16"><span class='ocrx_word' id='word_1_214' title='bbox 2031 1483 2283 1554; x_wconf 86' lang='lat' dir='ltr'><strong>exemplo</strong></span> <span class='ocrx_word' id='word_1_215' title='bbox 2330 1486 2618 1539; x_wconf 90' lang='lat' dir='ltr'><strong>conlirmat</strong></span> <span class='ocrx_word' id='word_1_216' title='bbox 2662 1499 2930 1538; x_wconf 90' lang='lat' dir='ltr'><strong>summam</strong></span> <span class='ocrx_word' id='word_1_217' title='bbox 2983 1483 3325 1554; x_wconf 86' lang='lat' dir='ltr'><strong>principibus</strong></span> <span class='ocrx_word' id='word_1_218' title='bbox 3374 1480 3639 1537; x_wconf 83' lang='lat' dir='ltr'><strong>exhiben-</strong></span> 
     </span>
    </p>
   </div>
   <div class='ocr_carea' id='block_1_31' title="bbox 2031 1576 3639 1649">
    <p class='ocr_par' dir='ltr' id='par_1_31' title="bbox 2031 1576 3639 1649">
     <span class='ocr_line' id='line_1_31' title="bbox 2031 1576 3639 1649; baseline 0.001 -18"><span class='ocrx_word' id='word_1_219' title='bbox 2031 1576 2153 1632; x_wconf 87' lang='lat' dir='ltr'><strong>dam</strong></span> <span class='ocrx_word' id='word_1_220' title='bbox 2183 1593 2305 1634; x_wconf 83' lang='lat' dir='ltr'><strong>esse</strong></span> <span class='ocrx_word' id='word_1_221' title='bbox 2334 1578 2693 1634; x_wconf 86' lang='lat' dir='ltr'><strong>reverentiam</strong></span> <span class='ocrx_word' id='word_1_222' title='bbox 2727 1597 2738 1632; x_wconf 95' lang='lat'>:</span> <span class='ocrx_word' id='word_1_223' title='bbox 2774 1588 2884 1634; x_wconf 88' lang='lat' dir='ltr'><strong>tum</strong></span> <span class='ocrx_word' id='word_1_224' title='bbox 2917 1594 3045 1634; x_wconf 83' lang='lat' dir='ltr'><strong>vero</strong></span> <span class='ocrx_word' id='word_1_225' title='bbox 3080 1579 3314 1635; x_wconf 82' lang='lat' dir='ltr'><strong>maxime</strong></span> <span class='ocrx_word' id='word_1_226' title='bbox 3344 1578 3424 1634; x_wconf 88' lang='lat' dir='ltr'><strong>eis</strong></span> <span class='ocrx_word' id='word_1_227' title='bbox 3455 1579 3639 1649; x_wconf 83' lang='lat' dir='ltr'><strong>ignos-</strong></span> 
     </span>
    </p>
   </div>
   <div class='ocr_carea' id='block_1_32' title="bbox 2032 1669 3626 1742">
    <p class='ocr_par' dir='ltr' id='par_1_32' title="bbox 2032 1669 3626 1742">
     <span class='ocr_line' id='line_1_32' title="bbox 2032 1669 3626 1742; baseline 0.002 -19"><span class='ocrx_word' id='word_1_228' title='bbox 2032 1669 2283 1738; x_wconf 87' lang='lat' dir='ltr'><strong>cendum,</strong></span> <span class='ocrx_word' id='word_1_229' title='bbox 2333 1685 2454 1725; x_wconf 89' lang='lat' dir='ltr'><strong>cum</strong></span> <span class='ocrx_word' id='word_1_230' title='bbox 2496 1687 2560 1726; x_wconf 83' lang='lat' dir='ltr'><strong>ex</strong></span> <span class='ocrx_word' id='word_1_231' title='bbox 2586 1670 2953 1742; x_wconf 89' lang='lat' dir='ltr'><strong>imprudentia</strong></span> <span class='ocrx_word' id='word_1_232' title='bbox 3002 1681 3096 1726; x_wconf 87' lang='lat' dir='ltr'><strong>aut</strong></span> <span class='ocrx_word' id='word_1_233' title='bbox 3143 1686 3330 1727; x_wconf 89' lang='lat' dir='ltr'><strong>errore</strong></span> <span class='ocrx_word' id='word_1_234' title='bbox 3367 1685 3626 1741; x_wconf 89' lang='lat' dir='ltr'><strong>peccave-</strong></span> 
     </span>
    </p>
   </div>
   <div class='ocr_carea' id='block_1_33' title="bbox 329 1759 2166 1838">
    <p class='ocr_par' dir='ltr' id='par_1_33' title="bbox 329 1759 2166 1838">
     <span class='ocr_line' id='line_1_33' title="bbox 329 1759 2166 1838; baseline -0.001 -20"><span class='ocrx_word' id='word_1_235' title='bbox 329 1761 406 1818; x_wconf 91' lang='lat' dir='ltr'><strong>sis</strong></span> <span class='ocrx_word' id='word_1_236' title='bbox 452 1760 696 1818; x_wconf 79' lang='lat' dir='ltr'><strong>ecclesiae</strong></span> <span class='ocrx_word' id='word_1_237' title='bbox 743 1760 1062 1817; x_wconf 88' lang='lat' dir='ltr'><strong>inscribitur</strong></span> <span class='ocrx_word' id='word_1_238' title='bbox 1100 1780 1114 1814; x_wconf 87' lang='lat'><strong><em>:</em></strong></span> <span class='ocrx_word' id='word_1_239' title='bbox 1147 1759 1388 1829; x_wconf 80' lang='lat' dir='ltr'><strong>Epistula</strong></span> <span class='ocrx_word' id='word_1_240' title='bbox 1413 1761 1480 1815; x_wconf 87' lang='lat' dir='ltr'><strong>ad</strong></span> <span class='ocrx_word' id='word_1_241' title='bbox 1525 1759 1817 1817; x_wconf 82' lang='lat' dir='ltr'><strong>Catholicos</strong></span> <span class='ocrx_word' id='word_1_242' title='bbox 1864 1762 1929 1816; x_wconf 89' lang='lat' dir='ltr'><strong>de</strong></span> <span class='ocrx_word' id='word_1_243' title='bbox 1957 1779 2006 1838; x_wconf 79' lang='grc' dir='ltr'><strong><em>Β</em></strong></span> <span class='ocrx_word' id='word_1_244' title='bbox 2038 1763 2166 1819; x_wconf 88' lang='lat' dir='ltr'><strong>rint.</strong></span> 
     </span>
    </p>
   </div>
   <div class='ocr_carea' id='block_1_34' title="bbox 1053 1984 2889 2123">
    <p class='ocr_par' dir='ltr' id='par_1_34' title="bbox 1053 1984 2889 2123">
     <span class='ocr_line' id='line_1_34' title="bbox 1053 1984 2889 2123; baseline -0.002 -4"><span class='ocrx_word' id='word_1_245' title='bbox 1053 1984 1406 2060; x_wconf 65' lang='grc'><strong>⁵³³⁵³⁸</strong></span> <span class='ocrx_word' id='word_1_246' title='bbox 1485 1989 2121 2123; x_wconf 86' lang='lat' dir='ltr'><strong>SANCTI</strong></span> <span class='ocrx_word' id='word_1_247' title='bbox 2212 1990 2889 2121; x_wconf 81' lang='lat' dir='ltr'><strong>HILARII</strong></span> 
     </span>
    </p>
   </div>
   <div class='ocr_carea' id='block_1_35' title="bbox 856 2199 3132 2484">
    <p class='ocr_par' dir='ltr' id='par_1_35' title="bbox 856 2199 3132 2484">
     <span class='ocr_line' id='line_1_35' title="bbox 856 2199 3132 2484; baseline -0.003 -114"><span class='ocrx_word' id='word_1_248' title='bbox 856 2199 1823 2370; x_wconf 82' lang='lat' dir='ltr'><strong>CONTRA</strong></span> <span class='ocrx_word' id='word_1_249' title='bbox 1936 2214 3132 2484; x_wconf 33' lang='lat' dir='ltr'><strong>platanos,</strong></span> 
     </span>
    </p>
   </div>
   <div class='ocr_carea' id='block_1_36' title="bbox 1055 2525 2913 2653">
    <p class='ocr_par' dir='ltr' id='par_1_36' title="bbox 1055 2525 2913 2653">
     <span class='ocr_line' id='line_1_36' title="bbox 1055 2525 2913 2653; baseline 0 -14"><span class='ocrx_word' id='word_1_250' title='bbox 1055 2553 1789 2642; x_wconf 83' lang='lat' dir='ltr'><strong>AUXENTIUM</strong></span> <span class='ocrx_word' id='word_1_251' title='bbox 1861 2525 2913 2653; x_wconf 82' lang='lat' dir='ltr'><strong>MEDIOLANENSEM,</strong></span> 
     </span>
    </p>
   </div>
   <div class='ocr_carea' id='block_1_37' title="bbox 1759 2691 2265 2754">
    <p class='ocr_par' dir='ltr' id='par_1_37' title="bbox 1759 2691 2265 2754">
     <span class='ocr_line' id='line_1_37' title="bbox 1759 2691 2265 2754; baseline -0.006 -2"><span class='ocrx_word' id='word_1_252' title='bbox 1759 2692 1999 2754; x_wconf 79' lang='lat' dir='ltr'><strong>LIBER</strong></span> <span class='ocrx_word' id='word_1_253' title='bbox 2040 2691 2265 2754; x_wconf 88' lang='lat' dir='ltr'><strong>UNUS.</strong></span> 
     </span>
    </p>
   </div>
   <div class='ocr_carea' id='block_1_38' title="bbox 1482 2792 2485 2876">
    <p class='ocr_par' dir='ltr' id='par_1_38' title="bbox 1482 2792 2485 2876">
     <span class='ocr_line' id='line_1_38' title="bbox 1482 2792 2485 2876; baseline -0.005 -17"><span class='ocrx_word' id='word_1_254' title='bbox 1482 2799 1916 2876; x_wconf 74' lang='lat' dir='ltr'><strong>(scntrrus</strong></span> <span class='ocrx_word' id='word_1_255' title='bbox 1991 2811 2196 2856; x_wconf 75' lang='lat' dir='ltr'><strong>ANNO</strong></span> <span class='ocrx_word' id='word_1_256' title='bbox 2265 2792 2485 2873; x_wconf 67' lang='lat' dir='ltr'><strong>36b.)</strong></span> 
     </span>
    </p>
   </div>
   <div class='ocr_carea' id='block_1_39' title="bbox 331 2937 1927 3012">
    <p class='ocr_par' dir='ltr' id='par_1_39' title="bbox 331 2937 1927 3012">
     <span class='ocr_line' id='line_1_39' title="bbox 331 2937 1927 3012; baseline -0.002 -16"><span class='ocrx_word' id='word_1_257' title='bbox 331 2940 708 2998; x_wconf 82' lang='lat' dir='ltr'><strong>Dilectissimis</strong></span> <span class='ocrx_word' id='word_1_258' title='bbox 758 2939 1016 2996; x_wconf 81' lang='lat' dir='ltr'><strong>fratribus</strong></span> <span class='ocrx_word' id='word_1_259' title='bbox 1067 2940 1118 2994; x_wconf 90' lang='lat' dir='ltr'><strong>in</strong></span> <span class='ocrx_word' id='word_1_260' title='bbox 1162 2939 1266 2995; x_wconf 79' lang='lat' dir='ltr'><strong>[ide</strong></span> <span class='ocrx_word' id='word_1_261' title='bbox 1307 2949 1530 3012; x_wconf 89' lang='lat' dir='ltr'><strong>paterna</strong></span> <span class='ocrx_word' id='word_1_262' title='bbox 1558 2937 1927 3004; x_wconf 87' lang='lat' dir='ltr'><strong>manentibus,</strong></span> 
     </span>
    </p>
   </div>
   <div class='ocr_carea' id='block_1_40' title="bbox 330 3029 1934 3102">
    <p class='ocr_par' dir='ltr' id='par_1_40' title="bbox 330 3029 1934 3102">
     <span class='ocr_line' id='line_1_40' title="bbox 330 3029 1934 3102; baseline -0.005 -11"><span class='ocrx_word' id='word_1_263' title='bbox 330 3043 342 3102; x_wconf 67' lang='grc' dir='ltr'><em>ξ</em></span> <span class='ocrx_word' id='word_1_264' title='bbox 403 3042 460 3090; x_wconf 87' lang='lat' dir='ltr'><strong>et</strong></span> <span class='ocrx_word' id='word_1_265' title='bbox 494 3035 745 3090; x_wconf 84' lang='lat' dir='ltr'><strong>Arianam</strong></span> <span class='ocrx_word' id='word_1_266' title='bbox 780 3033 1029 3089; x_wconf 72' lang='lat' dir='ltr'><strong>haeresim</strong></span> <span class='ocrx_word' id='word_1_267' title='bbox 1063 3030 1462 3086; x_wconf 89' lang='lat' dir='ltr'><strong>detestantibus</strong></span> <span class='ocrx_word' id='word_1_268' title='bbox 1483 3071 1496 3096; x_wconf 89' lang='lat'><strong>,</strong></span> <span class='ocrx_word' id='word_1_269' title='bbox 1528 3029 1834 3100; x_wconf 74' lang='lat' dir='ltr'><strong>episcopis,</strong></span> <span class='ocrx_word' id='word_1_270' title='bbox 1878 3036 1934 3084; x_wconf 89' lang='lat' dir='ltr'><strong>et</strong></span> 
     </span>
    </p>
   </div>
   <div class='ocr_carea' id='block_1_41' title="bbox 2107 2939 3637 3010">
    <p class='ocr_par' dir='ltr' id='par_1_41' title="bbox 2107 2939 3637 3010">
     <span class='ocr_line' id='line_1_41' title="bbox 2107 2939 3637 3010; baseline 0.007 -19"><span class='ocrx_word' id='word_1_271' title='bbox 2107 2939 2164 2994; x_wconf 78' lang='lat'><strong>9..</strong></span> <span class='ocrx_word' id='word_1_272' title='bbox 2205 2939 2512 2996; x_wconf 75' lang='lat' dir='ltr'><strong>Antichristi</strong></span> <span class='ocrx_word' id='word_1_273' title='bbox 2571 2941 2762 3010; x_wconf 81' lang='lat' dir='ltr'><strong>plures.</strong></span> <span class='ocrx_word' id='word_1_274' title='bbox 2822 2972 2893 2984; x_wconf 91' lang='lat'><strong>—-</strong></span> <span class='ocrx_word' id='word_1_275' title='bbox 2935 2945 3012 3000; x_wconf 86' lang='lat' dir='ltr'><strong>Ac</strong></span> <span class='ocrx_word' id='word_1_276' title='bbox 3061 2959 3130 3000; x_wconf 93' lang='lat' dir='ltr'><strong>ne</strong></span> <span class='ocrx_word' id='word_1_277' title='bbox 3178 2944 3460 3002; x_wconf 89' lang='lat' dir='ltr'><strong>maledicis</strong></span> <span class='ocrx_word' id='word_1_278' title='bbox 3510 2959 3637 3002; x_wconf 88' lang='lat' dir='ltr'><strong>ver-</strong></span> 
     </span>
    </p>
   </div>
   <div class='ocr_carea' id='block_1_42' title="bbox 2042 3032 3640 3109">
    <p class='ocr_par' dir='ltr' id='par_1_42' title="bbox 2042 3032 3640 3109">
     <span class='ocr_line' id='line_1_42' title="bbox 2042 3032 3640 3109; baseline 0.004 -22"><span class='ocrx_word' id='word_1_279' title='bbox 2042 3032 2233 3088; x_wconf 89' lang='lat' dir='ltr'><strong>borum</strong></span> <span class='ocrx_word' id='word_1_280' title='bbox 2279 3035 2331 3088; x_wconf 91' lang='lat' dir='ltr'><strong>in</strong></span> <span class='ocrx_word' id='word_1_281' title='bbox 2365 3049 2458 3091; x_wconf 91' lang='lat' dir='ltr'><strong>eos</strong></span> <span class='ocrx_word' id='word_1_282' title='bbox 2502 3037 2576 3090; x_wconf 91' lang='lat' dir='ltr'><strong>uti</strong></span> <span class='ocrx_word' id='word_1_283' title='bbox 2615 3035 2877 3092; x_wconf 83' lang='lat' dir='ltr'><strong>conviciis</strong></span> <span class='ocrx_word' id='word_1_284' title='bbox 2916 3053 3226 3108; x_wconf 76' lang='lat' dir='ltr'><strong>arguamur,</strong></span> <span class='ocrx_word' id='word_1_285' title='bbox 3266 3053 3482 3095; x_wconf 87' lang='lat' dir='ltr'><strong>causam</strong></span> <span class='ocrx_word' id='word_1_286' title='bbox 3514 3053 3640 3109; x_wconf 87' lang='lat' dir='ltr'><strong>per-</strong></span> 
     </span>
    </p>
   </div>
   <div class='ocr_carea' id='block_1_43' title="bbox 338 3107 3638 3210">
    <p class='ocr_par' dir='ltr' id='par_1_43' title="bbox 338 3107 3638 3210">
     <span class='ocr_line' id='line_1_43' title="bbox 338 3107 3638 3210; baseline -0.004 -28"><span class='ocrx_word' id='word_1_287' title='bbox 338 3107 653 3182; x_wconf 45' lang='lat' dir='ltr'><strong>&quot;omnibus</strong></span> <span class='ocrx_word' id='word_1_288' title='bbox 682 3125 947 3196; x_wconf 87' lang='lat' dir='ltr'><strong>plebibus,</strong></span> <span class='ocrx_word' id='word_1_289' title='bbox 978 3123 1212 3178; x_wconf 88' lang='lat' dir='ltr'><strong>Hilarius</strong></span> <span class='ocrx_word' id='word_1_290' title='bbox 1242 3137 1536 3178; x_wconf 90' lang='lat' dir='ltr'><strong>conservus</strong></span> <span class='ocrx_word' id='word_1_291' title='bbox 1554 3130 1735 3176; x_wconf 87' lang='lat' dir='ltr'><strong>vester</strong></span> <span class='ocrx_word' id='word_1_292' title='bbox 1762 3118 1840 3192; x_wconf 87' lang='lat' dir='ltr'><strong>(a)</strong></span> <span class='ocrx_word' id='word_1_293' title='bbox 1877 3119 1931 3173; x_wconf 90' lang='lat' dir='ltr'><strong>in</strong></span> <span class='ocrx_word' id='word_1_294' title='bbox 1957 3146 2006 3210; x_wconf 63' lang='grc' dir='ltr'>Ο</span> <span class='ocrx_word' id='word_1_295' title='bbox 2042 3129 2263 3184; x_wconf 64' lang='lat' dir='ltr'><strong>ditionis</strong></span> <span class='ocrx_word' id='word_1_296' title='bbox 2315 3129 2572 3199; x_wconf 55' lang='lat' dir='ltr'><strong>pupum,</strong></span> <span class='ocrx_word' id='word_1_297' title='bbox 2632 3146 2699 3185; x_wconf 71' lang='lat' dir='ltr'><strong>ne</strong></span> <span class='ocrx_word' id='word_1_298' title='bbox 2759 3107 3010 3199; x_wconf 50' lang='grc' dir='ltr'><strong>ουίεμιηηῇ</strong></span> <span class='ocrx_word' id='word_1_299' title='bbox 3067 3132 3309 3203; x_wconf 50' lang='lat' dir='ltr'><strong>ignorata</strong></span> <span class='ocrx_word' id='word_1_300' title='bbox 3366 3132 3475 3196; x_wconf 59' lang='grc' dir='ltr'><strong>εει,</strong></span> <span class='ocrx_word' id='word_1_301' title='bbox 3516 3107 3638 3187; x_wconf 71' lang='grc' dir='ltr'><strong>ἠοη</strong></span> 
     </span>
    </p>
   </div>
   <div class='ocr_carea' id='block_1_44' title="bbox 402 3217 1194 3274">
    <p class='ocr_par' dir='ltr' id='par_1_44' title="bbox 402 3217 1194 3274">
     <span class='ocr_line' id='line_1_44' title="bbox 402 3217 1194 3274; baseline -0.009 -1"><span class='ocrx_word' id='word_1_302' title='bbox 402 3219 634 3274; x_wconf 89' lang='lat' dir='ltr'><strong>Domino</strong></span> <span class='ocrx_word' id='word_1_303' title='bbox 655 3225 912 3272; x_wconf 67' lang='lat' dir='ltr'><strong>aeternam</strong></span> <span class='ocrx_word' id='word_1_304' title='bbox 942 3217 1194 3272; x_wconf 89' lang='lat' dir='ltr'><strong>salutem.</strong></span> 
     </span>
    </p>
   </div>
   <div class='ocr_carea' id='block_1_45' title="bbox 404 3306 1926 3378">
    <p class='ocr_par' dir='ltr' id='par_1_45' title="bbox 404 3306 1926 3378">
     <span class='ocr_line' id='line_1_45' title="bbox 404 3306 1926 3378; baseline -0.005 -11"><span class='ocrx_word' id='word_1_305' title='bbox 404 3313 454 3368; x_wconf 94' lang='grc'><strong>1.</strong></span> <span class='ocrx_word' id='word_1_306' title='bbox 498 3311 687 3366; x_wconf 84' lang='lat' dir='ltr'><strong>Pacem</strong></span> <span class='ocrx_word' id='word_1_307' title='bbox 739 3328 912 3366; x_wconf 81' lang='lat' dir='ltr'><strong>verum</strong></span> <span class='ocrx_word' id='word_1_308' title='bbox 971 3310 1168 3378; x_wconf 81' lang='lat' dir='ltr'><strong>[rustra</strong></span> <span class='ocrx_word' id='word_1_309' title='bbox 1225 3318 1382 3363; x_wconf 88' lang='lat' dir='ltr'><strong>tentat</strong></span> <span class='ocrx_word' id='word_1_310' title='bbox 1433 3306 1664 3362; x_wconf 81' lang='lat' dir='ltr'><strong>Hilarius</strong></span> <span class='ocrx_word' id='word_1_311' title='bbox 1714 3322 1926 3374; x_wconf 84' lang='lat' dir='ltr'><strong>compo-</strong></span> 
     </span>
    </p>
   </div>
   <div class='ocr_carea' id='block_1_46' title="bbox 330 3399 1933 3472">
    <p class='ocr_par' dir='ltr' id='par_1_46' title="bbox 330 3399 1933 3472">
     <span class='ocr_line' id='line_1_46' title="bbox 330 3399 1933 3472; baseline -0.004 -15"><span class='ocrx_word' id='word_1_312' title='bbox 330 3420 483 3458; x_wconf 85' lang='lat' dir='ltr'><strong>nere.</strong></span> <span class='ocrx_word' id='word_1_313' title='bbox 514 3433 583 3443; x_wconf 88' lang='lat'><strong>-—</strong></span> <span class='ocrx_word' id='word_1_314' title='bbox 615 3403 932 3472; x_wconf 88' lang='lat' dir='ltr'><strong>Speciosum</strong></span> <span class='ocrx_word' id='word_1_315' title='bbox 993 3399 1208 3470; x_wconf 80' lang='lat' dir='ltr'><strong>quidem</strong></span> <span class='ocrx_word' id='word_1_316' title='bbox 1251 3415 1448 3455; x_wconf 92' lang='lat' dir='ltr'><strong>nomen</strong></span> <span class='ocrx_word' id='word_1_317' title='bbox 1503 3409 1585 3454; x_wconf 89' lang='lat' dir='ltr'><strong>est</strong></span> <span class='ocrx_word' id='word_1_318' title='bbox 1639 3400 1821 3468; x_wconf 83' lang='lat' dir='ltr'><strong>pacis,</strong></span> <span class='ocrx_word' id='word_1_319' title='bbox 1878 3405 1933 3452; x_wconf 92' lang='lat' dir='ltr'><strong>et</strong></span> 
     </span>
    </p>
   </div>
   <div class='ocr_carea' id='block_1_47' title="bbox 330 3491 1930 3565">
    <p class='ocr_par' dir='ltr' id='par_1_47' title="bbox 330 3491 1930 3565">
     <span class='ocr_line' id='line_1_47' title="bbox 330 3491 1930 3565; baseline -0.004 -15"><span class='ocrx_word' id='word_1_320' title='bbox 330 3495 512 3565; x_wconf 90' lang='lat' dir='ltr'><strong>pulcra</strong></span> <span class='ocrx_word' id='word_1_321' title='bbox 557 3504 642 3550; x_wconf 90' lang='lat' dir='ltr'><strong>est</strong></span> <span class='ocrx_word' id='word_1_322' title='bbox 690 3493 873 3564; x_wconf 86' lang='lat' dir='ltr'><strong>opinio</strong></span> <span class='ocrx_word' id='word_1_323' title='bbox 913 3494 1134 3548; x_wconf 84' lang='lat' dir='ltr'><strong>unitatis</strong></span> <span class='ocrx_word' id='word_1_324' title='bbox 1165 3512 1177 3546; x_wconf 72' lang='grc' dir='ltr'>ι</span> <span class='ocrx_word' id='word_1_325' title='bbox 1209 3491 1303 3548; x_wconf 88' lang='lat' dir='ltr'><strong>sed</strong></span> <span class='ocrx_word' id='word_1_326' title='bbox 1351 3493 1472 3563; x_wconf 85' lang='lat' dir='ltr'><strong>quis</strong></span> <span class='ocrx_word' id='word_1_327' title='bbox 1521 3491 1754 3562; x_wconf 78' lang='lat' dir='ltr'><strong>ambigat</strong></span> <span class='ocrx_word' id='word_1_328' title='bbox 1812 3504 1930 3546; x_wconf 91' lang='lat' dir='ltr'><strong>eam</strong></span> 
     </span>
    </p>
   </div>
   <div class='ocr_carea' id='block_1_48' title="bbox 329 3583 1930 3658">
    <p class='ocr_par' dir='ltr' id='par_1_48' title="bbox 329 3583 1930 3658">
     <span class='ocr_line' id='line_1_48' title="bbox 329 3583 1930 3658; baseline -0.005 -14"><span class='ocrx_word' id='word_1_329' title='bbox 329 3589 502 3644; x_wconf 87' lang='lat' dir='ltr'><strong>solam</strong></span> <span class='ocrx_word' id='word_1_330' title='bbox 528 3587 788 3644; x_wconf 64' lang='lat' dir='ltr'><strong>Ecclesiae</strong></span> <span class='ocrx_word' id='word_1_331' title='bbox 812 3599 970 3658; x_wconf 88' lang='lat' dir='ltr'><strong>atque</strong></span> <span class='ocrx_word' id='word_1_332' title='bbox 1000 3585 1416 3656; x_wconf 80' lang='lat' dir='ltr'><strong>Evangeliorum</strong></span> <span class='ocrx_word' id='word_1_333' title='bbox 1451 3583 1708 3638; x_wconf 89' lang='lat' dir='ltr'><strong>unitatem</strong></span> <span class='ocrx_word' id='word_1_334' title='bbox 1742 3597 1930 3652; x_wconf 88' lang='lat' dir='ltr'><strong>pacem</strong></span> 
     </span>
    </p>
   </div>
   <div class='ocr_carea' id='block_1_49' title="bbox 329 3675 1934 3748">
    <p class='ocr_par' dir='ltr' id='par_1_49' title="bbox 329 3675 1934 3748">
     <span class='ocr_line' id='line_1_49' title="bbox 329 3675 1934 3748; baseline -0.006 -11"><span class='ocrx_word' id='word_1_335' title='bbox 329 3697 474 3745; x_wconf 89' lang='lat' dir='ltr'><strong>esse,</strong></span> <span class='ocrx_word' id='word_1_336' title='bbox 525 3696 646 3748; x_wconf 81' lang='lat' dir='ltr'><strong>quae</strong></span> <span class='ocrx_word' id='word_1_337' title='bbox 683 3679 889 3735; x_wconf 87' lang='lat' dir='ltr'><strong>Christi</strong></span> <span class='ocrx_word' id='word_1_338' title='bbox 943 3679 1061 3734; x_wconf 88' lang='lat' dir='ltr'><strong>est?</strong></span> <span class='ocrx_word' id='word_1_339' title='bbox 1111 3679 1281 3745; x_wconf 78' lang='lat' dir='ltr'><strong>Quam</strong></span> <span class='ocrx_word' id='word_1_340' title='bbox 1333 3677 1401 3730; x_wconf 86' lang='lat' dir='ltr'><strong>ad</strong></span> <span class='ocrx_word' id='word_1_341' title='bbox 1459 3675 1751 3745; x_wconf 80' lang='lat' dir='ltr'><strong>Apostolos</strong></span> <span class='ocrx_word' id='word_1_342' title='bbox 1811 3681 1934 3744; x_wconf 91' lang='lat' dir='ltr'><strong>post</strong></span> 
     </span>
    </p>
   </div>
   <div class='ocr_carea' id='block_1_50' title="bbox 332 3767 1927 3847">
    <p class='ocr_par' dir='ltr' id='par_1_50' title="bbox 332 3767 1927 3847">
     <span class='ocr_line' id='line_1_50' title="bbox 332 3767 1927 3847; baseline -0.005 -17"><span class='ocrx_word' id='word_1_343' title='bbox 332 3776 600 3847; x_wconf 88' lang='lat' dir='ltr'><strong>passionis</strong></span> <span class='ocrx_word' id='word_1_344' title='bbox 639 3790 750 3829; x_wconf 81' lang='lat' dir='ltr'><strong>sua:</strong></span> <span class='ocrx_word' id='word_1_345' title='bbox 803 3773 1030 3843; x_wconf 67' lang='lat' dir='ltr'><strong>gloriam</strong></span> <span class='ocrx_word' id='word_1_346' title='bbox 1081 3781 1164 3828; x_wconf 89' lang='lat' dir='ltr'><strong>est</strong></span> <span class='ocrx_word' id='word_1_347' title='bbox 1217 3772 1426 3826; x_wconf 88' lang='lat' dir='ltr'><strong>locutus</strong></span> <span class='ocrx_word' id='word_1_348' title='bbox 1467 3767 1645 3839; x_wconf 77' lang='lat' dir='ltr'><strong>(Joan.</strong></span> <span class='ocrx_word' id='word_1_349' title='bbox 1673 3785 1779 3834; x_wconf 77' lang='lat' dir='ltr'><strong>xx,</strong></span> <span class='ocrx_word' id='word_1_350' title='bbox 1816 3768 1927 3838; x_wconf 85' lang='lat' dir='ltr'><strong>l9),</strong></span> 
     </span>
    </p>
   </div>
   <div class='ocr_carea' id='block_1_51' title="bbox 327 3861 1930 3941">
    <p class='ocr_par' dir='ltr' id='par_1_51' title="bbox 327 3861 1930 3941">
     <span class='ocr_line' id='line_1_51' title="bbox 327 3861 1930 3941; baseline -0.006 -17"><span class='ocrx_word' id='word_1_351' title='bbox 327 3886 491 3941; x_wconf 89' lang='lat' dir='ltr'><strong>quam</strong></span> <span class='ocrx_word' id='word_1_352' title='bbox 537 3869 602 3924; x_wconf 87' lang='lat' dir='ltr'><strong>ad</strong></span> <span class='ocrx_word' id='word_1_353' title='bbox 657 3869 848 3925; x_wconf 67' lang='lat' dir='ltr'><strong>aeterni</strong></span> <span class='ocrx_word' id='word_1_354' title='bbox 906 3865 1146 3922; x_wconf 78' lang='lat' dir='ltr'><strong>mandati</strong></span> <span class='ocrx_word' id='word_1_355' title='bbox 1201 3866 1286 3919; x_wconf 89' lang='lat' dir='ltr'><strong>sui</strong></span> <span class='ocrx_word' id='word_1_356' title='bbox 1335 3864 1526 3935; x_wconf 77' lang='lat' dir='ltr'><strong>pignus</strong></span> <span class='ocrx_word' id='word_1_357' title='bbox 1580 3861 1930 3918; x_wconf 84' lang='lat' dir='ltr'><strong>commcnda-</strong></span> 
     </span>
    </p>
   </div>
   <div class='ocr_carea' id='block_1_52' title="bbox 329 3955 1928 4035">
    <p class='ocr_par' dir='ltr' id='par_1_52' title="bbox 329 3955 1928 4035">
     <span class='ocr_line' id='line_1_52' title="bbox 329 3955 1928 4035; baseline -0.006 -18"><span class='ocrx_word' id='word_1_358' title='bbox 329 3964 408 4019; x_wconf 85' lang='lat' dir='ltr'><strong>vit</strong></span> <span class='ocrx_word' id='word_1_359' title='bbox 441 3961 516 4035; x_wconf 91' lang='lat' dir='ltr'><strong>(b)</strong></span> <span class='ocrx_word' id='word_1_360' title='bbox 549 3963 814 4026; x_wconf 86' lang='lat' dir='ltr'><strong>abiturus,</strong></span> <span class='ocrx_word' id='word_1_361' title='bbox 861 3961 998 4017; x_wconf 85' lang='lat' dir='ltr'><strong>hanc</strong></span> <span class='ocrx_word' id='word_1_362' title='bbox 1040 3958 1115 4032; x_wconf 71' lang='grc' dir='ltr'><strong>(τ)</strong></span> <span class='ocrx_word' id='word_1_363' title='bbox 1148 3975 1268 4023; x_wconf 90' lang='lat' dir='ltr'><strong>nos,</strong></span> <span class='ocrx_word' id='word_1_364' title='bbox 1303 3958 1524 4013; x_wconf 86' lang='lat' dir='ltr'><strong>Fratres</strong></span> <span class='ocrx_word' id='word_1_365' title='bbox 1564 3955 1928 4022; x_wconf 87' lang='lat' dir='ltr'><strong>dilectissimi,</strong></span> 
     </span>
    </p>
   </div>
   <div class='ocr_carea' id='block_1_53' title="bbox 331 4053 1932 4125">
    <p class='ocr_par' dir='ltr' id='par_1_53' title="bbox 331 4053 1932 4125">
     <span class='ocr_line' id='line_1_53' title="bbox 331 4053 1932 4125; baseline -0.005 -14"><span class='ocrx_word' id='word_1_366' title='bbox 331 4067 386 4112; x_wconf 90' lang='lat' dir='ltr'><strong>et</strong></span> <span class='ocrx_word' id='word_1_367' title='bbox 437 4058 692 4111; x_wconf 87' lang='lat' dir='ltr'><strong>amissam</strong></span> <span class='ocrx_word' id='word_1_368' title='bbox 746 4071 1015 4125; x_wconf 63' lang='lat' dir='ltr'><strong>quaerere,</strong></span> <span class='ocrx_word' id='word_1_369' title='bbox 1067 4062 1122 4108; x_wconf 90' lang='lat' dir='ltr'><strong>ct</strong></span> <span class='ocrx_word' id='word_1_370' title='bbox 1164 4053 1430 4108; x_wconf 87' lang='lat' dir='ltr'><strong>turbatam</strong></span> <span class='ocrx_word' id='word_1_371' title='bbox 1484 4065 1832 4122; x_wconf 87' lang='lat' dir='ltr'><strong>componere,</strong></span> <span class='ocrx_word' id='word_1_372' title='bbox 1879 4058 1932 4104; x_wconf 87' lang='lat' dir='ltr'><strong>et</strong></span> 
     </span>
    </p>
   </div>
   <div class='ocr_carea' id='block_1_54' title="bbox 331 4143 1931 4220">
    <p class='ocr_par' dir='ltr' id='par_1_54' title="bbox 331 4143 1931 4220">
     <span class='ocr_line' id='line_1_54' title="bbox 331 4143 1931 4220; baseline -0.004 -15"><span class='ocrx_word' id='word_1_373' title='bbox 331 4160 603 4220; x_wconf 89' lang='lat' dir='ltr'><strong>repertam</strong></span> <span class='ocrx_word' id='word_1_374' title='bbox 654 4157 839 4204; x_wconf 89' lang='lat' dir='ltr'><strong>tenere</strong></span> <span class='ocrx_word' id='word_1_375' title='bbox 889 4147 1219 4203; x_wconf 91' lang='lat' dir='ltr'><strong>curavimus.</strong></span> <span class='ocrx_word' id='word_1_376' title='bbox 1265 4145 1370 4200; x_wconf 89' lang='lat' dir='ltr'><strong>Sed</strong></span> <span class='ocrx_word' id='word_1_377' title='bbox 1418 4145 1578 4214; x_wconf 90' lang='lat' dir='ltr'><strong>hujus</strong></span> <span class='ocrx_word' id='word_1_378' title='bbox 1624 4143 1795 4214; x_wconf 86' lang='lat' dir='ltr'><strong>ipsius</strong></span> <span class='ocrx_word' id='word_1_379' title='bbox 1833 4157 1931 4198; x_wconf 85' lang='lat' dir='ltr'><strong>nos</strong></span> 
     </span>
    </p>
   </div>
   <div class='ocr_carea' id='block_1_55' title="bbox 335 4235 1935 4312">
    <p class='ocr_par' dir='ltr' id='par_1_55' title="bbox 335 4235 1935 4312">
     <span class='ocr_line' id='line_1_55' title="bbox 335 4235 1935 4312; baseline -0.006 -15"><span class='ocrx_word' id='word_1_380' title='bbox 335 4243 452 4298; x_wconf 81' lang='lat' dir='ltr'><strong>ﬁeri</strong></span> <span class='ocrx_word' id='word_1_381' title='bbox 488 4243 571 4298; x_wconf 78' lang='lat' dir='ltr'><strong>vel</strong></span> <span class='ocrx_word' id='word_1_382' title='bbox 606 4241 897 4312; x_wconf 88' lang='lat' dir='ltr'><strong>participes</strong></span> <span class='ocrx_word' id='word_1_383' title='bbox 924 4240 1011 4296; x_wconf 88' lang='lat' dir='ltr'><strong>vel</strong></span> <span class='ocrx_word' id='word_1_384' title='bbox 1041 4249 1312 4304; x_wconf 88' lang='lat' dir='ltr'><strong>auctores,</strong></span> <span class='ocrx_word' id='word_1_385' title='bbox 1346 4253 1446 4293; x_wconf 92' lang='lat' dir='ltr'><strong>nec</strong></span> <span class='ocrx_word' id='word_1_386' title='bbox 1473 4235 1735 4304; x_wconf 87' lang='lat' dir='ltr'><strong>temporis</strong></span> <span class='ocrx_word' id='word_1_387' title='bbox 1765 4235 1935 4288; x_wconf 89' lang='lat' dir='ltr'><strong>nostri</strong></span> 
     </span>
    </p>
   </div>
   <div class='ocr_carea' id='block_1_56' title="bbox 336 4329 1938 4405">
    <p class='ocr_par' dir='ltr' id='par_1_56' title="bbox 336 4329 1938 4405">
     <span class='ocr_line' id='line_1_56' title="bbox 336 4329 1938 4405; baseline -0.002 -17"><span class='ocrx_word' id='word_1_388' title='bbox 336 4345 552 4405; x_wconf 87' lang='lat' dir='ltr'><strong>peccata</strong></span> <span class='ocrx_word' id='word_1_389' title='bbox 580 4342 914 4402; x_wconf 85' lang='lat' dir='ltr'><strong>meruerunt,</strong></span> <span class='ocrx_word' id='word_1_390' title='bbox 940 4348 1040 4390; x_wconf 91' lang='lat' dir='ltr'><strong>nec</strong></span> <span class='ocrx_word' id='word_1_391' title='bbox 1063 4332 1394 4388; x_wconf 90' lang='lat' dir='ltr'><strong>imminentis</strong></span> <span class='ocrx_word' id='word_1_392' title='bbox 1419 4329 1726 4385; x_wconf 79' lang='lat' dir='ltr'><strong>antichristi</strong></span> <span class='ocrx_word' id='word_1_393' title='bbox 1751 4329 1938 4398; x_wconf 88' lang='lat' dir='ltr'><strong>praevii</strong></span> 
     </span>
    </p>
   </div>
   <div class='ocr_carea' id='block_1_57' title="bbox 334 4421 1939 4498">
    <p class='ocr_par' dir='ltr' id='par_1_57' title="bbox 334 4421 1939 4498">
     <span class='ocr_line' id='line_1_57' title="bbox 334 4421 1939 4498; baseline -0.004 -14"><span class='ocrx_word' id='word_1_394' title='bbox 334 4429 677 4498; x_wconf 84' lang='lat' dir='ltr'><strong>ministrique</strong></span> <span class='ocrx_word' id='word_1_395' title='bbox 707 4436 832 4483; x_wconf 89' lang='lat' dir='ltr'><strong>sunt</strong></span> <span class='ocrx_word' id='word_1_396' title='bbox 862 4427 1006 4497; x_wconf 90' lang='lat' dir='ltr'><strong>passi</strong></span> <span class='ocrx_word' id='word_1_397' title='bbox 1033 4442 1046 4478; x_wconf 91' lang='lat'>:</span> <span class='ocrx_word' id='word_1_398' title='bbox 1081 4426 1168 4496; x_wconf 91' lang='lat' dir='ltr'><strong>qui</strong></span> <span class='ocrx_word' id='word_1_399' title='bbox 1209 4439 1341 4495; x_wconf 91' lang='lat' dir='ltr'><strong>pace</strong></span> <span class='ocrx_word' id='word_1_400' title='bbox 1367 4438 1486 4488; x_wconf 88' lang='lat' dir='ltr'><strong>sua,</strong></span> <span class='ocrx_word' id='word_1_401' title='bbox 1521 4421 1574 4477; x_wconf 90' lang='lat' dir='ltr'><strong>id</strong></span> <span class='ocrx_word' id='word_1_402' title='bbox 1604 4431 1710 4488; x_wconf 88' lang='lat' dir='ltr'><strong>est,</strong></span> <span class='ocrx_word' id='word_1_403' title='bbox 1743 4421 1939 4491; x_wconf 79' lang='lat' dir='ltr'><strong>impie~</strong></span> 
     </span>
    </p>
   </div>
   <div class='ocr_carea' id='block_1_58' title="bbox 340 4515 1943 4588">
    <p class='ocr_par' dir='ltr' id='par_1_58' title="bbox 340 4515 1943 4588">
     <span class='ocr_line' id='line_1_58' title="bbox 340 4515 1943 4588; baseline -0.004 -12"><span class='ocrx_word' id='word_1_404' title='bbox 340 4521 469 4576; x_wconf 88' lang='lat' dir='ltr'><strong>tatis</strong></span> <span class='ocrx_word' id='word_1_405' title='bbox 501 4536 613 4575; x_wconf 73' lang='lat' dir='ltr'><strong>suae</strong></span> <span class='ocrx_word' id='word_1_406' title='bbox 644 4520 850 4575; x_wconf 88' lang='lat' dir='ltr'><strong>unitate</strong></span> <span class='ocrx_word' id='word_1_407' title='bbox 881 4534 939 4574; x_wconf 93' lang='lat' dir='ltr'><strong>se</strong></span> <span class='ocrx_word' id='word_1_408' title='bbox 975 4517 1202 4588; x_wconf 89' lang='lat' dir='ltr'><strong>jactant,</strong></span> <span class='ocrx_word' id='word_1_409' title='bbox 1233 4526 1456 4588; x_wconf 78' lang='lat' dir='ltr'><strong>agentes</strong></span> <span class='ocrx_word' id='word_1_410' title='bbox 1479 4529 1538 4570; x_wconf 90' lang='lat' dir='ltr'><strong>se</strong></span> <span class='ocrx_word' id='word_1_411' title='bbox 1563 4529 1670 4569; x_wconf 91' lang='lat' dir='ltr'><strong>non</strong></span> <span class='ocrx_word' id='word_1_412' title='bbox 1707 4521 1769 4569; x_wconf 88' lang='lat' dir='ltr'><strong>ut</strong></span> <span class='ocrx_word' id='word_1_413' title='bbox 1801 4515 1943 4584; x_wconf 88' lang='lat' dir='ltr'><strong>epis-</strong></span> 
     </span>
    </p>
   </div>
   <div class='ocr_carea' id='block_1_59' title="bbox 333 4608 1575 4685">
    <p class='ocr_par' dir='ltr' id='par_1_59' title="bbox 333 4608 1575 4685">
     <span class='ocr_line' id='line_1_59' title="bbox 333 4608 1575 4685; baseline -0.004 -16"><span class='ocrx_word' id='word_1_414' title='bbox 333 4628 503 4685; x_wconf 71' lang='grc' dir='ltr'><strong>(εονος</strong></span> <span class='ocrx_word' id='word_1_415' title='bbox 524 4612 747 4677; x_wconf 86' lang='lat' dir='ltr'><strong>Christi,</strong></span> <span class='ocrx_word' id='word_1_416' title='bbox 781 4611 876 4667; x_wconf 89' lang='lat' dir='ltr'><strong>sed</strong></span> <span class='ocrx_word' id='word_1_417' title='bbox 907 4608 1211 4667; x_wconf 89' lang='lat' dir='ltr'><strong>antichristi</strong></span> <span class='ocrx_word' id='word_1_418' title='bbox 1242 4609 1575 4666; x_wconf 88' lang='lat' dir='ltr'><strong>sacerdotes.</strong></span> 
     </span>
    </p>
   </div>
   <div class='ocr_carea' id='block_1_60' title="bbox 409 4748 1937 4830">
    <p class='ocr_par' dir='ltr' id='par_1_60' title="bbox 409 4748 1937 4830">
     <span class='ocr_line' id='line_1_60' title="bbox 409 4748 1937 4830; baseline -0.005 -20"><span class='ocrx_word' id='word_1_419' title='bbox 409 4757 492 4830; x_wconf 89' lang='lat' dir='ltr'><strong>(a)</strong></span> <span class='ocrx_word' id='word_1_420' title='bbox 531 4756 638 4812; x_wconf 88' lang='lat' dir='ltr'><strong>Has</strong></span> <span class='ocrx_word' id='word_1_421' title='bbox 675 4768 856 4820; x_wconf 90' lang='lat' dir='ltr'><strong>voces,</strong></span> <span class='ocrx_word' id='word_1_422' title='bbox 901 4753 953 4807; x_wconf 90' lang='lat' dir='ltr'><strong>in</strong></span> <span class='ocrx_word' id='word_1_423' title='bbox 989 4749 1210 4806; x_wconf 87' lang='lat' dir='ltr'><strong>Domino</strong></span> <span class='ocrx_word' id='word_1_424' title='bbox 1257 4760 1500 4806; x_wconf 68' lang='lat' dir='ltr'><strong>(sternam</strong></span> <span class='ocrx_word' id='word_1_425' title='bbox 1538 4791 1554 4816; x_wconf 93' lang='lat'><strong>,</strong></span> <span class='ocrx_word' id='word_1_426' title='bbox 1603 4748 1937 4805; x_wconf 82' lang='lat' dir='ltr'><strong>reSIituimus</strong></span> 
     </span>
    </p>
   </div>
   <div class='ocr_carea' id='block_1_61' title="bbox 339 4844 560 4885">
    <p class='ocr_par' dir='ltr' id='par_1_61' title="bbox 339 4844 560 4885">
     <span class='ocr_line' id='line_1_61' title="bbox 339 4844 560 4885; baseline -0.014 0"><span class='ocrx_word' id='word_1_427' title='bbox 339 4847 404 4885; x_wconf 69' lang='lat' dir='ltr'><strong>CX</strong></span> <span class='ocrx_word' id='word_1_428' title='bbox 430 4844 560 4883; x_wconf 90' lang='lat' dir='ltr'><strong>mss.</strong></span> 
     </span>
    </p>
   </div>
   <div class='ocr_carea' id='block_1_62' title="bbox 413 4890 1944 4972">
    <p class='ocr_par' dir='ltr' id='par_1_62' title="bbox 413 4890 1944 4972">
     <span class='ocr_line' id='line_1_62' title="bbox 413 4890 1944 4972; baseline -0.007 -18"><span class='ocrx_word' id='word_1_429' title='bbox 413 4898 489 4972; x_wconf 88' lang='lat' dir='ltr'><strong>(b)</strong></span> <span class='ocrx_word' id='word_1_430' title='bbox 531 4898 658 4972; x_wconf 70' lang='lat' dir='ltr'><strong>Mss.</strong></span> <span class='ocrx_word' id='word_1_431' title='bbox 687 4909 914 4972; x_wconf 80' lang='lat' dir='ltr'><strong>summo</strong></span> <span class='ocrx_word' id='word_1_432' title='bbox 955 4908 1259 4972; x_wconf 81' lang='lat' dir='ltr'><strong>consensu,</strong></span> <span class='ocrx_word' id='word_1_433' title='bbox 1301 4893 1584 4958; x_wconf 79' lang='lat' dir='ltr'><strong>habituris;</strong></span> <span class='ocrx_word' id='word_1_434' title='bbox 1613 4890 1944 4972; x_wconf 70' lang='lat' dir='ltr'><strong>phrasiqui-</strong></span> 
     </span>
    </p>
   </div>
   <div class='ocr_carea' id='block_1_63' title="bbox 339 4964 1940 5039">
    <p class='ocr_par' dir='ltr' id='par_1_63' title="bbox 339 4964 1940 5039">
     <span class='ocr_line' id='line_1_63' title="bbox 339 4964 1940 5039; baseline -0.006 -11"><span class='ocrx_word' id='word_1_435' title='bbox 339 4964 628 5028; x_wconf 55' lang='lat' dir='ltr'><strong>tlet&#39;n&#39;satis</strong></span> <span class='ocrx_word' id='word_1_436' title='bbox 655 4966 1071 5039; x_wconf 79' lang='lat' dir='ltr'><strong>singulari,non</strong></span> <span class='ocrx_word' id='word_1_437' title='bbox 1098 4967 1244 5039; x_wconf 82' lang='lat' dir='ltr'><strong>omni</strong></span> <span class='ocrx_word' id='word_1_438' title='bbox 1271 4974 1451 5039; x_wconf 75' lang='lat' dir='ltr'><strong>tamen</strong></span> <span class='ocrx_word' id='word_1_439' title='bbox 1479 4979 1640 5039; x_wconf 90' lang='lat' dir='ltr'><strong>sensu</strong></span> <span class='ocrx_word' id='word_1_440' title='bbox 1663 4964 1940 5039; x_wconf 79' lang='lat' dir='ltr'><strong>destituta.</strong></span> 
     </span>
    </p>
   </div>
   <div class='ocr_carea' id='block_1_64' title="bbox 415 5035 1940 5110">
    <p class='ocr_par' dir='ltr' id='par_1_64' title="bbox 415 5035 1940 5110">
     <span class='ocr_line' id='line_1_64' title="bbox 415 5035 1940 5110; baseline -0.007 -14"><span class='ocrx_word' id='word_1_441' title='bbox 415 5041 488 5110; x_wconf 81' lang='grc' dir='ltr'><strong>(ε)</strong></span> <span class='ocrx_word' id='word_1_442' title='bbox 530 5040 644 5097; x_wconf 83' lang='lat' dir='ltr'><strong>Hoc</strong></span> <span class='ocrx_word' id='word_1_443' title='bbox 665 5039 734 5095; x_wconf 90' lang='lat' dir='ltr'><strong>de</strong></span> <span class='ocrx_word' id='word_1_444' title='bbox 747 5035 815 5094; x_wconf 71' lang='lat' dir='ltr'><strong>se</strong></span> <span class='ocrx_word' id='word_1_445' title='bbox 838 5035 1339 5110; x_wconf 75' lang='lat' dir='ltr'><strong>modesteinsinuat</strong></span> <span class='ocrx_word' id='word_1_446' title='bbox 1364 5035 1729 5110; x_wconf 77' lang='lat' dir='ltr'><strong>Hilarius,_qui</strong></span> <span class='ocrx_word' id='word_1_447' title='bbox 1750 5048 1940 5110; x_wconf 87' lang='lat' dir='ltr'><strong>pacem</strong></span> 
     </span>
    </p>
   </div>
   <div class='ocr_carea' id='block_1_65' title="bbox 343 5104 1944 5181">
    <p class='ocr_par' dir='ltr' id='par_1_65' title="bbox 343 5104 1944 5181">
     <span class='ocr_line' id='line_1_65' title="bbox 343 5104 1944 5181; baseline -0.007 -14"><span class='ocrx_word' id='word_1_448' title='bbox 343 5104 594 5168; x_wconf 58' lang='lat' dir='ltr'><strong>amissam</strong></span> <span class='ocrx_word' id='word_1_449' title='bbox 636 5126 879 5181; x_wconf 77' lang='lat' dir='ltr'><strong>qtnnrere</strong></span> <span class='ocrx_word' id='word_1_450' title='bbox 920 5125 1039 5181; x_wconf 83' lang='lat' dir='ltr'><strong>non</strong></span> <span class='ocrx_word' id='word_1_451' title='bbox 1069 5106 1274 5181; x_wconf 80' lang='lat' dir='ltr'><strong>destitit</strong></span> <span class='ocrx_word' id='word_1_452' title='bbox 1306 5116 1416 5161; x_wconf 86' lang='lat' dir='ltr'><strong>toto</strong></span> <span class='ocrx_word' id='word_1_453' title='bbox 1453 5104 1632 5181; x_wconf 50' lang='lat' dir='ltr'><strong>exsilii</strong></span> <span class='ocrx_word' id='word_1_454' title='bbox 1679 5107 1760 5160; x_wconf 92' lang='lat' dir='ltr'><strong>sui</strong></span> <span class='ocrx_word' id='word_1_455' title='bbox 1810 5113 1944 5181; x_wconf 84' lang='lat' dir='ltr'><strong>tem-</strong></span> 
     </span>
    </p>
   </div>
   <div class='ocr_carea' id='block_1_66' title="bbox 341 5173 1942 5254">
    <p class='ocr_par' dir='ltr' id='par_1_66' title="bbox 341 5173 1942 5254">
     <span class='ocr_line' id='line_1_66' title="bbox 341 5173 1942 5254; baseline -0.008 -15"><span class='ocrx_word' id='word_1_456' title='bbox 341 5200 496 5254; x_wconf 90' lang='lat' dir='ltr'><strong>pore,</strong></span> <span class='ocrx_word' id='word_1_457' title='bbox 515 5173 781 5238; x_wconf 73' lang='lat' dir='ltr'><strong>turbatam</strong></span> <span class='ocrx_word' id='word_1_458' title='bbox 808 5193 927 5250; x_wconf 82' lang='lat' dir='ltr'><strong>p05l</strong></span> <span class='ocrx_word' id='word_1_459' title='bbox 951 5179 1290 5232; x_wconf 79' lang='lat' dir='ltr'><strong>Ariminense</strong></span> <span class='ocrx_word' id='word_1_460' title='bbox 1312 5177 1597 5232; x_wconf 85' lang='lat' dir='ltr'><strong>concilium</strong></span> <span class='ocrx_word' id='word_1_461' title='bbox 1618 5173 1942 5254; x_wconf 77' lang='lat' dir='ltr'><strong>composuit,</strong></span> 
     </span>
    </p>
   </div>
   <div class='ocr_carea' id='block_1_67' title="bbox 341 5245 1944 5325">
    <p class='ocr_par' dir='ltr' id='par_1_67' title="bbox 341 5245 1944 5325">
     <span class='ocr_line' id='line_1_67' title="bbox 341 5245 1944 5325; baseline -0.006 -15"><span class='ocrx_word' id='word_1_462' title='bbox 341 5245 395 5310; x_wconf 75' lang='lat' dir='ltr'><strong>ct</strong></span> <span class='ocrx_word' id='word_1_463' title='bbox 426 5245 616 5325; x_wconf 76' lang='lat' dir='ltr'><strong>magna</strong></span> <span class='ocrx_word' id='word_1_464' title='bbox 649 5269 711 5308; x_wconf 78' lang='lat' dir='ltr'><strong>ex</strong></span> <span class='ocrx_word' id='word_1_465' title='bbox 761 5245 913 5322; x_wconf 79' lang='lat' dir='ltr'><strong>parte</strong></span> <span class='ocrx_word' id='word_1_466' title='bbox 953 5260 1225 5325; x_wconf 80' lang='lat' dir='ltr'><strong>repertam</strong></span> <span class='ocrx_word' id='word_1_467' title='bbox 1270 5246 1706 5325; x_wconf 78' lang='lat' dir='ltr'><strong>Sttmmo_s_tt_tdio</strong></span> <span class='ocrx_word' id='word_1_468' title='bbox 1753 5245 1944 5325; x_wconf 71' lang='lat' dir='ltr'><strong>tenuit.</strong></span> 
     </span>
    </p>
   </div>
   <div class='ocr_carea' id='block_1_68' title="bbox 342 5315 1948 5395">
    <p class='ocr_par' dir='ltr' id='par_1_68' title="bbox 342 5315 1948 5395">
     <span class='ocr_line' id='line_1_68' title="bbox 342 5315 1948 5395; baseline -0.007 -14"><span class='ocrx_word' id='word_1_469' title='bbox 342 5326 451 5381; x_wconf 88' lang='lat' dir='ltr'><strong>Sed</strong></span> <span class='ocrx_word' id='word_1_470' title='bbox 481 5315 600 5395; x_wconf 68' lang='lat' dir='ltr'><strong>qua:</strong></span> <span class='ocrx_word' id='word_1_471' title='bbox 643 5315 790 5395; x_wconf 76' lang='lat' dir='ltr'><strong>retro</strong></span> <span class='ocrx_word' id='word_1_472' title='bbox 834 5315 1210 5395; x_wconf 79' lang='lat' dir='ltr'><strong>sun_t_oblitus.</strong></span> <span class='ocrx_word' id='word_1_473' title='bbox 1243 5318 1396 5395; x_wconf 73' lang='lat' dir='ltr'><strong>quasi</strong></span> <span class='ocrx_word' id='word_1_474' title='bbox 1437 5317 1698 5395; x_wconf 72' lang='lat' dir='ltr'><strong>nihildum</strong></span> <span class='ocrx_word' id='word_1_475' title='bbox 1742 5315 1948 5385; x_wconf 67' lang='lat' dir='ltr'><strong>praesti-</strong></span> 
     </span>
    </p>
   </div>
   <div class='ocr_carea' id='block_1_69' title="bbox 346 5389 1955 5468">
    <p class='ocr_par' dir='ltr' id='par_1_69' title="bbox 346 5389 1955 5468">
     <span class='ocr_line' id='line_1_69' title="bbox 346 5389 1955 5468; baseline -0.006 -16"><span class='ocrx_word' id='word_1_476' title='bbox 346 5389 519 5458; x_wconf 58' lang='lat' dir='ltr'><strong>tisset,</strong></span> <span class='ocrx_word' id='word_1_477' title='bbox 565 5397 690 5468; x_wconf 86' lang='lat' dir='ltr'><strong>quia</strong></span> <span class='ocrx_word' id='word_1_478' title='bbox 745 5393 884 5449; x_wconf 86' lang='lat' dir='ltr'><strong>hanc</strong></span> <span class='ocrx_word' id='word_1_479' title='bbox 929 5390 1558 5468; x_wconf 76' lang='lat' dir='ltr'><strong>Mediolanensi__c_ivitati</strong></span> <span class='ocrx_word' id='word_1_480' title='bbox 1586 5389 1792 5444; x_wconf 83' lang='lat' dir='ltr'><strong>frustra</strong></span> <span class='ocrx_word' id='word_1_481' title='bbox 1839 5399 1955 5442; x_wconf 88' lang='lat' dir='ltr'><strong>ten-</strong></span> 
     </span>
    </p>
   </div>
   <div class='ocr_carea' id='block_1_70' title="bbox 348 5461 1442 5536">
    <p class='ocr_par' dir='ltr' id='par_1_70' title="bbox 348 5461 1442 5536">
     <span class='ocr_line' id='line_1_70' title="bbox 348 5461 1442 5536; baseline -0.008 -13"><span class='ocrx_word' id='word_1_482' title='bbox 348 5480 515 5523; x_wconf 87' lang='lat' dir='ltr'><strong>tasset</strong></span> <span class='ocrx_word' id='word_1_483' title='bbox 546 5461 865 5536; x_wconf 71' lang='lat' dir='ltr'><strong>procurare,</strong></span> <span class='ocrx_word' id='word_1_484' title='bbox 885 5463 1177 5536; x_wconf 75' lang='lat' dir='ltr'><strong>sequentia</strong></span> <span class='ocrx_word' id='word_1_485' title='bbox 1209 5461 1442 5536; x_wconf 75' lang='lat' dir='ltr'><strong>subjicit.</strong></span> 
     </span>
    </p>
   </div>
   <div class='ocr_carea' id='block_1_71' title="bbox 419 5528 1953 5610">
    <p class='ocr_par' dir='ltr' id='par_1_71' title="bbox 419 5528 1953 5610">
     <span class='ocr_line' id='line_1_71' title="bbox 419 5528 1953 5610; baseline -0.005 -19"><span class='ocrx_word' id='word_1_486' title='bbox 419 5538 502 5610; x_wconf 78' lang='grc' dir='ltr'><strong>(ιι)</strong></span> <span class='ocrx_word' id='word_1_487' title='bbox 544 5528 829 5610; x_wconf 76' lang='lat' dir='ltr'><strong>Facundos</strong></span> <span class='ocrx_word' id='word_1_488' title='bbox 854 5528 858 5530; x_wconf 73' lang='grc'><em>’</em></span> <span class='ocrx_word' id='word_1_489' title='bbox 881 5528 1185 5610; x_wconf 46' lang='lat' dir='ltr'><strong>Hermian,</strong></span> <span class='ocrx_word' id='word_1_490' title='bbox 1233 5528 1494 5610; x_wconf 34' lang='lat' dir='ltr'><strong>Spicilz‘t‘.</strong></span> <span class='ocrx_word' id='word_1_491' title='bbox 1530 5545 1586 5610; x_wconf 77' lang='lat' dir='ltr'><strong>nt</strong></span> <span class='ocrx_word' id='word_1_492' title='bbox 1609 5571 1624 5595; x_wconf 90' lang='lat'><strong>,</strong></span> <span class='ocrx_word' id='word_1_493' title='bbox 1659 5545 1780 5610; x_wconf 74' lang='lat' dir='ltr'><strong>pag.</strong></span> <span class='ocrx_word' id='word_1_494' title='bbox 1816 5528 1953 5595; x_wconf 85' lang='grc'><strong>118,</strong></span> 
     </span>
    </p>
   </div>
   <div class='ocr_carea' id='block_1_72' title="bbox 345 5601 1956 5671">
    <p class='ocr_par' dir='ltr' id='par_1_72' title="bbox 345 5601 1956 5671">
     <span class='ocr_line' id='line_1_72' title="bbox 345 5601 1956 5671; baseline -0.007 -6"><span class='ocrx_word' id='word_1_495' title='bbox 345 5601 494 5665; x_wconf 64' lang='grc' dir='ltr'><strong>ιΙιιίπί</strong></span> <span class='ocrx_word' id='word_1_496' title='bbox 526 5613 642 5664; x_wconf 72' lang='lat' dir='ltr'><strong>hmo</strong></span> <span class='ocrx_word' id='word_1_497' title='bbox 693 5610 765 5663; x_wconf 81' lang='lat' dir='ltr'><strong>ita</strong></span> <span class='ocrx_word' id='word_1_498' title='bbox 819 5605 1003 5661; x_wconf 89' lang='lat' dir='ltr'><strong>laudat</strong></span> <span class='ocrx_word' id='word_1_499' title='bbox 1049 5620 1060 5655; x_wconf 90' lang='lat'><strong>:</strong></span> <span class='ocrx_word' id='word_1_500' title='bbox 1115 5604 1337 5657; x_wconf 82' lang='lat' dir='ltr'><strong>Sanctus</strong></span> <span class='ocrx_word' id='word_1_501' title='bbox 1380 5601 1616 5655; x_wconf 83' lang='lat' dir='ltr'><strong>Hilarius</strong></span> <span class='ocrx_word' id='word_1_502' title='bbox 1662 5603 1956 5671; x_wconf 85' lang='lat' dir='ltr'><strong>episc0pus,</strong></span> 
     </span>
    </p>
   </div>
   <div class='ocr_carea' id='block_1_73' title="bbox 345 5672 1959 5750">
    <p class='ocr_par' dir='ltr' id='par_1_73' title="bbox 345 5672 1959 5750">
     <span class='ocr_line' id='line_1_73' title="bbox 345 5672 1959 5750; baseline -0.007 -14"><span class='ocrx_word' id='word_1_503' title='bbox 345 5681 615 5750; x_wconf 72' lang='lat' dir='ltr'><strong>confessor</strong></span> <span class='ocrx_word' id='word_1_504' title='bbox 645 5690 690 5733; x_wconf 87' lang='lat' dir='ltr'><strong>et</strong></span> <span class='ocrx_word' id='word_1_505' title='bbox 721 5679 898 5732; x_wconf 82' lang='lat' dir='ltr'><strong>doctor</strong></span> <span class='ocrx_word' id='word_1_506' title='bbox 926 5675 1180 5750; x_wconf 75' lang='lat' dir='ltr'><strong>egregius,</strong></span> <span class='ocrx_word' id='word_1_507' title='bbox 1211 5672 1516 5750; x_wconf 78' lang='lat' dir='ltr'><strong>qttibustlant</strong></span> <span class='ocrx_word' id='word_1_508' title='bbox 1546 5673 1799 5750; x_wconf 76' lang='lat' dir='ltr'><strong>episcopis</strong></span> <span class='ocrx_word' id='word_1_509' title='bbox 1829 5679 1959 5750; x_wconf 79' lang='lat' dir='ltr'><strong>tem-</strong></span> 
     </span>
    </p>
   </div>
   <div class='ocr_carea' id='block_1_74' title="bbox 346 5743 1960 5824">
    <p class='ocr_par' dir='ltr' id='par_1_74' title="bbox 346 5743 1960 5824">
     <span class='ocr_line' id='line_1_74' title="bbox 346 5743 1960 5824; baseline -0.007 -15"><span class='ocrx_word' id='word_1_510' title='bbox 346 5743 478 5824; x_wconf 77' lang='lat' dir='ltr'><strong>pore</strong></span> <span class='ocrx_word' id='word_1_511' title='bbox 531 5750 818 5808; x_wconf 81' lang='lat' dir='ltr'><strong>Constantii</strong></span> <span class='ocrx_word' id='word_1_512' title='bbox 862 5743 1350 5820; x_wconf 14' lang='lat' dir='ltr'><strong>intpm&#39;tt—toris,7quo</strong></span> <span class='ocrx_word' id='word_1_513' title='bbox 1394 5743 1582 5799; x_wconf 79' lang='lat' dir='ltr'><strong>Ariani</strong></span> <span class='ocrx_word' id='word_1_514' title='bbox 1615 5743 1726 5801; x_wconf 69' lang='grc' dir='ltr'><strong>διώ</strong></span> <span class='ocrx_word' id='word_1_515' title='bbox 1757 5743 1960 5800; x_wconf 86' lang='lat' dir='ltr'><strong>nomine</strong></span> 
     </span>
    </p>
   </div>
   <div class='ocr_carea' id='block_1_75' title="bbox 2039 3223 3640 3297">
    <p class='ocr_par' dir='ltr' id='par_1_75' title="bbox 2039 3223 3640 3297">
     <span class='ocr_line' id='line_1_75' title="bbox 2039 3223 3640 3297; baseline 0.002 -21"><span class='ocrx_word' id='word_1_516' title='bbox 2039 3231 2297 3278; x_wconf 91' lang='lat' dir='ltr'><strong>tacemus.</strong></span> <span class='ocrx_word' id='word_1_517' title='bbox 2348 3223 2709 3279; x_wconf 82' lang='lat' dir='ltr'><strong>Antichristos</strong></span> <span class='ocrx_word' id='word_1_518' title='bbox 2761 3225 2942 3295; x_wconf 89' lang='lat' dir='ltr'><strong>plures</strong></span> <span class='ocrx_word' id='word_1_519' title='bbox 2991 3240 3132 3293; x_wconf 90' lang='lat' dir='ltr'><strong>esse,</strong></span> <span class='ocrx_word' id='word_1_520' title='bbox 3171 3224 3333 3282; x_wconf 90' lang='lat' dir='ltr'><strong>etiam</strong></span> <span class='ocrx_word' id='word_1_521' title='bbox 3388 3227 3640 3297; x_wconf 87' lang='lat' dir='ltr'><strong>apostolo</strong></span> 
     </span>
    </p>
   </div>
   <div class='ocr_carea' id='block_1_76' title="bbox 2037 3314 3640 3390">
    <p class='ocr_par' dir='ltr' id='par_1_76' title="bbox 2037 3314 3640 3390">
     <span class='ocr_line' id='line_1_76' title="bbox 2037 3314 3640 3390; baseline 0.002 -20"><span class='ocrx_word' id='word_1_522' title='bbox 2037 3314 2247 3372; x_wconf 83' lang='lat' dir='ltr'><strong>Joanne</strong></span> <span class='ocrx_word' id='word_1_523' title='bbox 2305 3315 2654 3386; x_wconf 68' lang='lat' dir='ltr'><strong>medicante,</strong></span> <span class='ocrx_word' id='word_1_524' title='bbox 2698 3316 3049 3388; x_wconf 79' lang='lat' dir='ltr'><strong>cognovimus</strong></span> <span class='ocrx_word' id='word_1_525' title='bbox 3105 3318 3149 3389; x_wconf 95' lang='lat' dir='ltr'><strong>(l</strong></span> <span class='ocrx_word' id='word_1_526' title='bbox 3197 3316 3356 3374; x_wconf 80' lang='lat' dir='ltr'><strong>Joan.</strong></span> <span class='ocrx_word' id='word_1_527' title='bbox 3403 3333 3472 3386; x_wconf 84' lang='grc' dir='ltr'><strong>ιι,</strong></span> <span class='ocrx_word' id='word_1_528' title='bbox 3524 3317 3640 3390; x_wconf 87' lang='grc'><strong>18).</strong></span> 
     </span>
    </p>
   </div>
   <div class='ocr_carea' id='block_1_77' title="bbox 2039 3407 3635 3480">
    <p class='ocr_par' dir='ltr' id='par_1_77' title="bbox 2039 3407 3635 3480">
     <span class='ocr_line' id='line_1_77' title="bbox 2039 3407 3635 3480; baseline 0.003 -18"><span class='ocrx_word' id='word_1_529' title='bbox 2039 3407 2294 3478; x_wconf 85' lang='lat' dir='ltr'><strong>Quisquis</strong></span> <span class='ocrx_word' id='word_1_530' title='bbox 2343 3407 2484 3463; x_wconf 91' lang='lat' dir='ltr'><strong>enim</strong></span> <span class='ocrx_word' id='word_1_531' title='bbox 2531 3408 2845 3476; x_wconf 86' lang='lat' dir='ltr'><strong>Christum,</strong></span> <span class='ocrx_word' id='word_1_532' title='bbox 2903 3409 3078 3480; x_wconf 90' lang='lat' dir='ltr'><strong>qualis</strong></span> <span class='ocrx_word' id='word_1_533' title='bbox 3120 3409 3190 3467; x_wconf 90' lang='lat' dir='ltr'><strong>ab</strong></span> <span class='ocrx_word' id='word_1_534' title='bbox 3240 3411 3498 3480; x_wconf 86' lang='lat' dir='ltr'><strong>apostolis</strong></span> <span class='ocrx_word' id='word_1_535' title='bbox 3549 3420 3635 3467; x_wconf 91' lang='lat' dir='ltr'><strong>est</strong></span> 
     </span>
    </p>
   </div>
   <div class='ocr_carea' id='block_1_78' title="bbox 2041 3505 3644 3576">
    <p class='ocr_par' dir='ltr' id='par_1_78' title="bbox 2041 3505 3644 3576">
     <span class='ocr_line' id='line_1_78' title="bbox 2041 3505 3644 3576; baseline 0.002 -18"><span class='ocrx_word' id='word_1_536' title='bbox 2041 3505 2390 3573; x_wconf 65' lang='lat' dir='ltr'><strong>praedicatus,</strong></span> <span class='ocrx_word' id='word_1_537' title='bbox 2425 3506 2666 3576; x_wconf 83' lang='lat' dir='ltr'><strong>negavit,</strong></span> <span class='ocrx_word' id='word_1_538' title='bbox 2707 3506 3056 3562; x_wconf 89' lang='lat' dir='ltr'><strong>antichristus</strong></span> <span class='ocrx_word' id='word_1_539' title='bbox 3092 3516 3196 3562; x_wconf 86' lang='lat' dir='ltr'><strong>est.</strong></span> <span class='ocrx_word' id='word_1_540' title='bbox 3224 3505 3470 3562; x_wconf 88' lang='lat' dir='ltr'><strong>Nominis</strong></span> <span class='ocrx_word' id='word_1_541' title='bbox 3500 3506 3644 3562; x_wconf 88' lang='lat' dir='ltr'><strong>anti-</strong></span> 
     </span>
    </p>
   </div>
   <div class='ocr_carea' id='block_1_79' title="bbox 2038 3597 3644 3668">
    <p class='ocr_par' dir='ltr' id='par_1_79' title="bbox 2038 3597 3644 3668">
     <span class='ocr_line' id='line_1_79' title="bbox 2038 3597 3644 3668; baseline 0.002 -15"><span class='ocrx_word' id='word_1_542' title='bbox 2038 3597 2223 3654; x_wconf 90' lang='lat' dir='ltr'><strong>christi</strong></span> <span class='ocrx_word' id='word_1_543' title='bbox 2269 3599 2572 3668; x_wconf 87' lang='lat' dir='ltr'><strong>proprietas</strong></span> <span class='ocrx_word' id='word_1_544' title='bbox 2608 3608 2711 3665; x_wconf 89' lang='lat' dir='ltr'><strong>est,</strong></span> <span class='ocrx_word' id='word_1_545' title='bbox 2742 3599 2958 3655; x_wconf 73' lang='lat' dir='ltr'><strong>Cln-iSto</strong></span> <span class='ocrx_word' id='word_1_546' title='bbox 2987 3615 3109 3656; x_wconf 89' lang='lat' dir='ltr'><strong>esse</strong></span> <span class='ocrx_word' id='word_1_547' title='bbox 3139 3600 3491 3656; x_wconf 89' lang='lat' dir='ltr'><strong>contrarium.</strong></span> <span class='ocrx_word' id='word_1_548' title='bbox 3528 3598 3644 3656; x_wconf 91' lang='lat' dir='ltr'><strong>Hoc</strong></span> 
     </span>
    </p>
   </div>
   <div class='ocr_carea' id='block_1_80' title="bbox 2041 3689 3646 3760">
    <p class='ocr_par' dir='ltr' id='par_1_80' title="bbox 2041 3689 3646 3760">
     <span class='ocr_line' id='line_1_80' title="bbox 2041 3689 3646 3760; baseline 0.001 -16"><span class='ocrx_word' id='word_1_549' title='bbox 2041 3705 2183 3745; x_wconf 91' lang='lat' dir='ltr'><strong>nunc</strong></span> <span class='ocrx_word' id='word_1_550' title='bbox 2222 3690 2322 3745; x_wconf 92' lang='lat' dir='ltr'><strong>sub</strong></span> <span class='ocrx_word' id='word_1_551' title='bbox 2363 3690 2618 3760; x_wconf 89' lang='lat' dir='ltr'><strong>opinione</strong></span> <span class='ocrx_word' id='word_1_552' title='bbox 2662 3691 2808 3745; x_wconf 69' lang='lat' dir='ltr'><strong>falsa:</strong></span> <span class='ocrx_word' id='word_1_553' title='bbox 2854 3690 3070 3760; x_wconf 84' lang='lat' dir='ltr'><strong>pietatis</strong></span> <span class='ocrx_word' id='word_1_554' title='bbox 3108 3689 3364 3756; x_wconf 83' lang='lat' dir='ltr'><strong>el‘licitur,</strong></span> <span class='ocrx_word' id='word_1_555' title='bbox 3404 3690 3508 3744; x_wconf 92' lang='lat' dir='ltr'><strong>hoc</strong></span> <span class='ocrx_word' id='word_1_556' title='bbox 3542 3689 3646 3746; x_wconf 85' lang='lat' dir='ltr'><strong>sub</strong></span> 
     </span>
    </p>
   </div>
   <div class='ocr_carea' id='block_1_81' title="bbox 2037 3778 3646 3851">
    <p class='ocr_par' dir='ltr' id='par_1_81' title="bbox 2037 3778 3646 3851">
     <span class='ocr_line' id='line_1_81' title="bbox 2037 3778 3646 3851; baseline -0.001 -16"><span class='ocrx_word' id='word_1_557' title='bbox 2037 3781 2218 3851; x_wconf 89' lang='lat' dir='ltr'><strong>specie</strong></span> <span class='ocrx_word' id='word_1_558' title='bbox 2237 3781 2632 3851; x_wconf 71' lang='lat' dir='ltr'><strong>prmdicationis</strong></span> <span class='ocrx_word' id='word_1_559' title='bbox 2645 3780 2972 3851; x_wconf 77' lang='lat' dir='ltr'><strong>evangelica:</strong></span> <span class='ocrx_word' id='word_1_560' title='bbox 2987 3781 3283 3847; x_wconf 87' lang='lat' dir='ltr'><strong>laboratur,</strong></span> <span class='ocrx_word' id='word_1_561' title='bbox 3302 3788 3360 3834; x_wconf 92' lang='lat' dir='ltr'><strong>ut</strong></span> <span class='ocrx_word' id='word_1_562' title='bbox 3387 3778 3646 3834; x_wconf 89' lang='lat' dir='ltr'><strong>Dominus</strong></span> 
     </span>
    </p>
   </div>
   <div class='ocr_carea' id='block_1_82' title="bbox 2037 3869 3644 3942">
    <p class='ocr_par' dir='ltr' id='par_1_82' title="bbox 2037 3869 3644 3942">
     <span class='ocr_line' id='line_1_82' title="bbox 2037 3869 3644 3942; baseline -0.002 -15"><span class='ocrx_word' id='word_1_563' title='bbox 2037 3871 2196 3927; x_wconf 81' lang='lat' dir='ltr'><strong>Jesus</strong></span> <span class='ocrx_word' id='word_1_564' title='bbox 2230 3871 2500 3936; x_wconf 88' lang='lat' dir='ltr'><strong>Christus,</strong></span> <span class='ocrx_word' id='word_1_565' title='bbox 2538 3871 2664 3926; x_wconf 89' lang='lat' dir='ltr'><strong>dum</strong></span> <span class='ocrx_word' id='word_1_566' title='bbox 2713 3871 2991 3942; x_wconf 83' lang='lat' dir='ltr'><strong>praedicari</strong></span> <span class='ocrx_word' id='word_1_567' title='bbox 3023 3869 3284 3935; x_wconf 88' lang='lat' dir='ltr'><strong>creditur,</strong></span> <span class='ocrx_word' id='word_1_568' title='bbox 3326 3869 3644 3940; x_wconf 80' lang='lat' dir='ltr'><strong>denegetur.</strong></span> 
     </span>
    </p>
   </div>
   <div class='ocr_carea' id='block_1_83' title="bbox 2109 3962 3650 4035">
    <p class='ocr_par' dir='ltr' id='par_1_83' title="bbox 2109 3962 3650 4035">
     <span class='ocr_line' id='line_1_83' title="bbox 2109 3962 3650 4035; baseline -0.003 -15"><span class='ocrx_word' id='word_1_569' title='bbox 2109 3965 2160 4020; x_wconf 82' lang='grc'><strong>5.</strong></span> <span class='ocrx_word' id='word_1_570' title='bbox 2202 3962 2438 4018; x_wconf 80' lang='lat' dir='ltr'><strong>Ecclesia</strong></span> <span class='ocrx_word' id='word_1_571' title='bbox 2479 3963 2720 4018; x_wconf 76' lang='lat' dir='ltr'><strong>subsidiis</strong></span> <span class='ocrx_word' id='word_1_572' title='bbox 2751 3963 2989 4017; x_wconf 87' lang='lat' dir='ltr'><strong>humanis</strong></span> <span class='ocrx_word' id='word_1_573' title='bbox 3031 3963 3249 4033; x_wconf 78' lang='lat' dir='ltr'><strong>fundata</strong></span> <span class='ocrx_word' id='word_1_574' title='bbox 3288 3979 3392 4018; x_wconf 86' lang='lat' dir='ltr'><strong>non</strong></span> <span class='ocrx_word' id='word_1_575' title='bbox 3441 3967 3650 4035; x_wconf 75' lang='lat' dir='ltr'><strong>fuit.—</strong></span> 
     </span>
    </p>
   </div>
   <div class='ocr_carea' id='block_1_84' title="bbox 2043 4053 3643 4125">
    <p class='ocr_par' dir='ltr' id='par_1_84' title="bbox 2043 4053 3643 4125">
     <span class='ocr_line' id='line_1_84' title="bbox 2043 4053 3643 4125; baseline 0 -15"><span class='ocrx_word' id='word_1_576' title='bbox 2043 4056 2124 4111; x_wconf 84' lang='lat' dir='ltr'><strong>Ac</strong></span> <span class='ocrx_word' id='word_1_577' title='bbox 2157 4055 2386 4125; x_wconf 90' lang='lat' dir='ltr'><strong>primum</strong></span> <span class='ocrx_word' id='word_1_578' title='bbox 2416 4055 2662 4112; x_wconf 89' lang='lat' dir='ltr'><strong>miserari</strong></span> <span class='ocrx_word' id='word_1_579' title='bbox 2726 4053 2855 4110; x_wconf 84' lang='lat' dir='ltr'><strong>licet</strong></span> <span class='ocrx_word' id='word_1_580' title='bbox 2906 4066 3105 4110; x_wconf 78' lang='lat' dir='ltr'><strong>nostra:</strong></span> <span class='ocrx_word' id='word_1_581' title='bbox 3156 4054 3330 4110; x_wconf 62' lang='lat' dir='ltr'><strong>rotatis</strong></span> <span class='ocrx_word' id='word_1_582' title='bbox 3380 4055 3643 4124; x_wconf 91' lang='lat' dir='ltr'><strong>laborem,</strong></span> 
     </span>
    </p>
   </div>
   <div class='ocr_carea' id='block_1_85' title="bbox 2041 4147 3655 4220">
    <p class='ocr_par' dir='ltr' id='par_1_85' title="bbox 2041 4147 3655 4220">
     <span class='ocr_line' id='line_1_85' title="bbox 2041 4147 3655 4220; baseline -0.001 -17"><span class='ocrx_word' id='word_1_583' title='bbox 2041 4157 2097 4203; x_wconf 88' lang='lat' dir='ltr'><strong>et</strong></span> <span class='ocrx_word' id='word_1_584' title='bbox 2123 4148 2467 4218; x_wconf 78' lang='lat' dir='ltr'><strong>praesentium</strong></span> <span class='ocrx_word' id='word_1_585' title='bbox 2495 4159 2798 4220; x_wconf 92' lang='lat' dir='ltr'><strong>temporum</strong></span> <span class='ocrx_word' id='word_1_586' title='bbox 2817 4147 3014 4202; x_wconf 90' lang='lat' dir='ltr'><strong>stultas</strong></span> <span class='ocrx_word' id='word_1_587' title='bbox 3041 4149 3328 4219; x_wconf 85' lang='lat' dir='ltr'><strong>opiniones</strong></span> <span class='ocrx_word' id='word_1_588' title='bbox 3350 4148 3655 4217; x_wconf 78' lang='lat' dir='ltr'><strong>congemis-</strong></span> 
     </span>
    </p>
   </div>
   <div class='ocr_carea' id='block_1_86' title="bbox 2043 4237 3658 4311">
    <p class='ocr_par' dir='ltr' id='par_1_86' title="bbox 2043 4237 3658 4311">
     <span class='ocr_line' id='line_1_86' title="bbox 2043 4237 3658 4311; baseline -0.002 -16"><span class='ocrx_word' id='word_1_589' title='bbox 2043 4255 2188 4308; x_wconf 88' lang='lat' dir='ltr'><strong>cere,</strong></span> <span class='ocrx_word' id='word_1_590' title='bbox 2231 4239 2428 4311; x_wconf 87' lang='lat' dir='ltr'><strong>quibus</strong></span> <span class='ocrx_word' id='word_1_591' title='bbox 2465 4239 2795 4311; x_wconf 88' lang='lat' dir='ltr'><strong>patrocinari</strong></span> <span class='ocrx_word' id='word_1_592' title='bbox 2841 4239 2952 4295; x_wconf 90' lang='lat' dir='ltr'><strong>Deo</strong></span> <span class='ocrx_word' id='word_1_593' title='bbox 2984 4241 3215 4292; x_wconf 89' lang='lat' dir='ltr'><strong>humana</strong></span> <span class='ocrx_word' id='word_1_594' title='bbox 3246 4237 3559 4302; x_wconf 87' lang='lat' dir='ltr'><strong>creduntur,</strong></span> <span class='ocrx_word' id='word_1_595' title='bbox 3600 4244 3658 4294; x_wconf 89' lang='lat' dir='ltr'><strong>et</strong></span> 
     </span>
    </p>
   </div>
   <div class='ocr_carea' id='block_1_87' title="bbox 2045 4329 3654 4386">
    <p class='ocr_par' dir='ltr' id='par_1_87' title="bbox 2045 4329 3654 4386">
     <span class='ocr_line' id='line_1_87' title="bbox 2045 4329 3654 4386; baseline -0.001 -1"><span class='ocrx_word' id='word_1_596' title='bbox 2045 4331 2110 4386; x_wconf 89' lang='lat' dir='ltr'><strong>ad</strong></span> <span class='ocrx_word' id='word_1_597' title='bbox 2157 4331 2411 4386; x_wconf 83' lang='lat' dir='ltr'><strong>tuendam</strong></span> <span class='ocrx_word' id='word_1_598' title='bbox 2461 4330 2664 4386; x_wconf 88' lang='lat' dir='ltr'><strong>Christi</strong></span> <span class='ocrx_word' id='word_1_599' title='bbox 2717 4331 3015 4386; x_wconf 87' lang='lat' dir='ltr'><strong>Ecclesiam</strong></span> <span class='ocrx_word' id='word_1_600' title='bbox 3068 4331 3365 4386; x_wconf 88' lang='lat' dir='ltr'><strong>ambitione</strong></span> <span class='ocrx_word' id='word_1_601' title='bbox 3406 4329 3654 4386; x_wconf 73' lang='lat' dir='ltr'><strong>szcculari</strong></span> 
     </span>
    </p>
   </div>
   <div class='ocr_carea' id='block_1_88' title="bbox 2052 4421 3658 4494">
    <p class='ocr_par' dir='ltr' id='par_1_88' title="bbox 2052 4421 3658 4494">
     <span class='ocr_line' id='line_1_88' title="bbox 2052 4421 3658 4494; baseline -0.001 -16"><span class='ocrx_word' id='word_1_602' title='bbox 2052 4423 2181 4493; x_wconf 80' lang='lat' dir='ltr'><strong>(Ms.</strong></span> <span class='ocrx_word' id='word_1_603' title='bbox 2219 4421 2378 4479; x_wconf 84' lang='lat' dir='ltr'><strong>Corn.</strong></span> <span class='ocrx_word' id='word_1_604' title='bbox 2410 4423 2618 4494; x_wconf 77' lang='lat' dir='ltr'><strong>stecnli)</strong></span> <span class='ocrx_word' id='word_1_605' title='bbox 2653 4423 2929 4478; x_wconf 88' lang='lat' dir='ltr'><strong>laboratur</strong></span> <span class='ocrx_word' id='word_1_606' title='bbox 2974 4422 3077 4494; x_wconf 79' lang='grc' dir='ltr'><strong>(ά).</strong></span> <span class='ocrx_word' id='word_1_607' title='bbox 3117 4422 3225 4478; x_wconf 92' lang='lat' dir='ltr'><strong>Oro</strong></span> <span class='ocrx_word' id='word_1_608' title='bbox 3260 4437 3378 4490; x_wconf 85' lang='lat' dir='ltr'><strong>vos,</strong></span> <span class='ocrx_word' id='word_1_609' title='bbox 3415 4422 3658 4493; x_wconf 89' lang='lat' dir='ltr'><strong>episcopi</strong></span> 
     </span>
    </p>
   </div>
   <div class='ocr_carea' id='block_1_89' title="bbox 2045 4511 3654 4585">
    <p class='ocr_par' dir='ltr' id='par_1_89' title="bbox 2045 4511 3654 4585">
     <span class='ocr_line' id='line_1_89' title="bbox 2045 4511 3654 4585; baseline 0 -17"><span class='ocrx_word' id='word_1_610' title='bbox 2045 4513 2140 4585; x_wconf 90' lang='lat' dir='ltr'><strong>qui</strong></span> <span class='ocrx_word' id='word_1_611' title='bbox 2188 4513 2292 4570; x_wconf 93' lang='lat' dir='ltr'><strong>hoc</strong></span> <span class='ocrx_word' id='word_1_612' title='bbox 2335 4530 2460 4570; x_wconf 91' lang='lat' dir='ltr'><strong>esse</strong></span> <span class='ocrx_word' id='word_1_613' title='bbox 2484 4529 2580 4570; x_wconf 91' lang='lat' dir='ltr'><strong>vos</strong></span> <span class='ocrx_word' id='word_1_614' title='bbox 2622 4513 2881 4579; x_wconf 89' lang='lat' dir='ltr'><strong>creditis,</strong></span> <span class='ocrx_word' id='word_1_615' title='bbox 2923 4515 3244 4584; x_wconf 88' lang='lat' dir='ltr'><strong>quibusnam</strong></span> <span class='ocrx_word' id='word_1_616' title='bbox 3282 4513 3550 4584; x_wconf 70' lang='lat' dir='ltr'><strong>suffragiis</strong></span> <span class='ocrx_word' id='word_1_617' title='bbox 3585 4511 3654 4568; x_wconf 87' lang='lat' dir='ltr'><strong>ad</strong></span> 
     </span>
    </p>
   </div>
   <div class='ocr_carea' id='block_1_90' title="bbox 1963 4600 3654 4677">
    <p class='ocr_par' dir='ltr' id='par_1_90' title="bbox 1963 4600 3654 4677">
     <span class='ocr_line' id='line_1_90' title="bbox 1963 4600 3654 4677; baseline -0.002 -16"><span class='ocrx_word' id='word_1_618' title='bbox 1963 4600 2016 4661; x_wconf 93' lang='lat' dir='ltr'><strong>D</strong></span> <span class='ocrx_word' id='word_1_619' title='bbox 2043 4605 2446 4677; x_wconf 81' lang='lat' dir='ltr'><strong>praedicandum</strong></span> <span class='ocrx_word' id='word_1_620' title='bbox 2479 4605 2842 4677; x_wconf 78' lang='lat' dir='ltr'><strong>Evangelium</strong></span> <span class='ocrx_word' id='word_1_621' title='bbox 2880 4604 3110 4676; x_wconf 91' lang='lat' dir='ltr'><strong>apostoli</strong></span> <span class='ocrx_word' id='word_1_622' title='bbox 3150 4605 3234 4659; x_wconf 89' lang='lat' dir='ltr'><strong>usi</strong></span> <span class='ocrx_word' id='word_1_623' title='bbox 3265 4604 3431 4660; x_wconf 89' lang='lat' dir='ltr'><strong>sunt?</strong></span> <span class='ocrx_word' id='word_1_624' title='bbox 3457 4603 3654 4674; x_wconf 87' lang='lat' dir='ltr'><strong>quibus</strong></span> 
     </span>
    </p>
   </div>
   <div class='ocr_carea' id='block_1_91' title="bbox 2043 4739 3661 4818">
    <p class='ocr_par' dir='ltr' id='par_1_91' title="bbox 2043 4739 3661 4818">
     <span class='ocr_line' id='line_1_91' title="bbox 2043 4739 3661 4818; baseline -0.004 -18"><span class='ocrx_word' id='word_1_625' title='bbox 2043 4746 2184 4816; x_wconf 83' lang='lat' dir='ltr'><strong>pacis</strong></span> <span class='ocrx_word' id='word_1_626' title='bbox 2209 4754 2257 4802; x_wconf 87' lang='lat' dir='ltr'><strong>et</strong></span> <span class='ocrx_word' id='word_1_627' title='bbox 2294 4746 2431 4818; x_wconf 86' lang='lat' dir='ltr'><strong>regis</strong></span> <span class='ocrx_word' id='word_1_628' title='bbox 2469 4754 2796 4818; x_wconf 82' lang='lat' dir='ltr'><strong>pervaserant</strong></span> <span class='ocrx_word' id='word_1_629' title='bbox 2844 4745 3109 4799; x_wconf 84' lang='lat' dir='ltr'><strong>universas</strong></span> <span class='ocrx_word' id='word_1_630' title='bbox 3153 4759 3278 4814; x_wconf 88' lang='lat' dir='ltr'><strong>pene</strong></span> <span class='ocrx_word' id='word_1_631' title='bbox 3317 4741 3472 4796; x_wconf 86' lang='lat' dir='ltr'><strong>totius</strong></span> <span class='ocrx_word' id='word_1_632' title='bbox 3510 4739 3661 4818; x_wconf 67' lang='lat' dir='ltr'><strong>Qrbi8</strong></span> 
     </span>
    </p>
   </div>
   <div class='ocr_carea' id='block_1_92' title="bbox 2044 4813 3665 4884">
    <p class='ocr_par' dir='ltr' id='par_1_92' title="bbox 2044 4813 3665 4884">
     <span class='ocr_line' id='line_1_92' title="bbox 2044 4813 3665 4884; baseline -0.002 -12"><span class='ocrx_word' id='word_1_633' title='bbox 2044 4813 2230 4872; x_wconf 86' lang='lat' dir='ltr'><strong>locales</strong></span> <span class='ocrx_word' id='word_1_634' title='bbox 2253 4813 2514 4884; x_wconf 73' lang='lat' dir='ltr'><strong>ecclesias,</strong></span> <span class='ocrx_word' id='word_1_635' title='bbox 2542 4817 2692 4880; x_wconf 69' lang='lat' dir='ltr'><strong>dixit,</strong></span> <span class='ocrx_word' id='word_1_636' title='bbox 2719 4828 2851 4879; x_wconf 86' lang='lat' dir='ltr'><strong>etc.,</strong></span> <span class='ocrx_word' id='word_1_637' title='bbox 2886 4831 3068 4871; x_wconf 90' lang='lat' dir='ltr'><strong>rerum</strong></span> <span class='ocrx_word' id='word_1_638' title='bbox 3095 4813 3160 4869; x_wconf 90' lang='lat' dir='ltr'><strong>ac</strong></span> <span class='ocrx_word' id='word_1_639' title='bbox 3183 4824 3486 4884; x_wconf 86' lang='lat' dir='ltr'><strong>temporum</strong></span> <span class='ocrx_word' id='word_1_640' title='bbox 3513 4813 3665 4884; x_wconf 77' lang='lat' dir='ltr'><strong>igno&#39;</strong></span> 
     </span>
    </p>
   </div>
   <div class='ocr_carea' id='block_1_93' title="bbox 2046 4882 3659 4958">
    <p class='ocr_par' dir='ltr' id='par_1_93' title="bbox 2046 4882 3659 4958">
     <span class='ocr_line' id='line_1_93' title="bbox 2046 4882 3659 4958; baseline -0.004 -14"><span class='ocrx_word' id='word_1_641' title='bbox 2046 4890 2220 4944; x_wconf 87' lang='lat' dir='ltr'><strong>rantia</strong></span> <span class='ocrx_word' id='word_1_642' title='bbox 2277 4882 2741 4958; x_wconf 41' lang='lat' dir='ltr'><strong>videtur&#39;lapsus.</strong></span> <span class='ocrx_word' id='word_1_643' title='bbox 2797 4888 2913 4943; x_wconf 89' lang='lat' dir='ltr'><strong>Non</strong></span> <span class='ocrx_word' id='word_1_644' title='bbox 2969 4885 3114 4943; x_wconf 89' lang='lat' dir='ltr'><strong>enim</strong></span> <span class='ocrx_word' id='word_1_645' title='bbox 3163 4882 3505 4958; x_wconf 84' lang='lat' dir='ltr'><strong>Constantio,</strong></span> <span class='ocrx_word' id='word_1_646' title='bbox 3545 4882 3659 4939; x_wconf 83' lang='lat' dir='ltr'><strong>sed</strong></span> 
     </span>
    </p>
   </div>
   <div class='ocr_carea' id='block_1_94' title="bbox 2050 4955 3658 5029">
    <p class='ocr_par' dir='ltr' id='par_1_94' title="bbox 2050 4955 3658 5029">
     <span class='ocr_line' id='line_1_94' title="bbox 2050 4955 3658 5029; baseline 0 -19"><span class='ocrx_word' id='word_1_647' title='bbox 2050 4960 2429 5015; x_wconf 76' lang='lat' dir='ltr'><strong>Valentiniano</strong></span> <span class='ocrx_word' id='word_1_648' title='bbox 2473 4955 2776 5029; x_wconf 85' lang='lat' dir='ltr'><strong>imperante</strong></span> <span class='ocrx_word' id='word_1_649' title='bbox 2818 4958 3037 5028; x_wconf 89' lang='lat' dir='ltr'><strong>scripsit</strong></span> <span class='ocrx_word' id='word_1_650' title='bbox 3082 4959 3195 5012; x_wconf 67' lang='lat' dir='ltr'><strong>haec</strong></span> <span class='ocrx_word' id='word_1_651' title='bbox 3241 4955 3514 5029; x_wconf 73' lang='lat' dir='ltr'><strong>Hilarius;</strong></span> <span class='ocrx_word' id='word_1_652' title='bbox 3549 4969 3658 5029; x_wconf 84' lang='lat' dir='ltr'><strong>quo</strong></span> 
     </span>
    </p>
   </div>
   <div class='ocr_carea' id='block_1_95' title="bbox 2049 5024 3664 5098">
    <p class='ocr_par' dir='ltr' id='par_1_95' title="bbox 2049 5024 3664 5098">
     <span class='ocr_line' id='line_1_95' title="bbox 2049 5024 3664 5098; baseline -0.001 -15"><span class='ocrx_word' id='word_1_653' title='bbox 2049 5038 2294 5098; x_wconf 89' lang='lat' dir='ltr'><strong>tempore</strong></span> <span class='ocrx_word' id='word_1_654' title='bbox 2322 5032 2387 5084; x_wconf 88' lang='lat' dir='ltr'><strong>ad</strong></span> <span class='ocrx_word' id='word_1_655' title='bbox 2411 5024 2672 5087; x_wconf 80' lang='lat' dir='ltr'><strong>ecclesias</strong></span> <span class='ocrx_word' id='word_1_656' title='bbox 2697 5045 2822 5086; x_wconf 88' lang='lat' dir='ltr'><strong>suas</strong></span> <span class='ocrx_word' id='word_1_657' title='bbox 2848 5024 3137 5091; x_wconf 82' lang='lat' dir='ltr'><strong>Eusebius.</strong></span> <span class='ocrx_word' id='word_1_658' title='bbox 3164 5026 3399 5090; x_wconf 82' lang='lat' dir='ltr'><strong>Lucifer,</strong></span> <span class='ocrx_word' id='word_1_659' title='bbox 3428 5024 3664 5098; x_wconf 82' lang='lat' dir='ltr'><strong>Hilarius</strong></span> 
     </span>
    </p>
   </div>
   <div class='ocr_carea' id='block_1_96' title="bbox 2052 5095 3663 5173">
    <p class='ocr_par' dir='ltr' id='par_1_96' title="bbox 2052 5095 3663 5173">
     <span class='ocr_line' id='line_1_96' title="bbox 2052 5095 3663 5173; baseline -0.004 -17"><span class='ocrx_word' id='word_1_660' title='bbox 2052 5095 2189 5173; x_wconf 70' lang='lat' dir='ltr'><strong>ipse,</strong></span> <span class='ocrx_word' id='word_1_661' title='bbox 2223 5103 2422 5171; x_wconf 89' lang='lat' dir='ltr'><strong>aliique</strong></span> <span class='ocrx_word' id='word_1_662' title='bbox 2453 5104 2752 5157; x_wconf 78' lang='lat' dir='ltr'><strong>redierant.</strong></span> <span class='ocrx_word' id='word_1_663' title='bbox 2782 5099 2938 5173; x_wconf 87' lang='lat' dir='ltr'><strong>Unde</strong></span> <span class='ocrx_word' id='word_1_664' title='bbox 2965 5100 3152 5173; x_wconf 78' lang='lat' dir='ltr'><strong>Ariani</strong></span> <span class='ocrx_word' id='word_1_665' title='bbox 3193 5101 3385 5173; x_wconf 83' lang='lat' dir='ltr'><strong>saltent</strong></span> <span class='ocrx_word' id='word_1_666' title='bbox 3414 5099 3472 5173; x_wconf 91' lang='lat' dir='ltr'><strong>_in</strong></span> <span class='ocrx_word' id='word_1_667' title='bbox 3500 5095 3663 5173; x_wconf 69' lang='lat' dir='ltr'><strong>Occi-</strong></span> 
     </span>
    </p>
   </div>
   <div class='ocr_carea' id='block_1_97' title="bbox 2054 5168 3659 5242">
    <p class='ocr_par' dir='ltr' id='par_1_97' title="bbox 2054 5168 3659 5242">
     <span class='ocr_line' id='line_1_97' title="bbox 2054 5168 3659 5242; baseline -0.004 -15"><span class='ocrx_word' id='word_1_668' title='bbox 2054 5168 2215 5242; x_wconf 81' lang='lat' dir='ltr'><strong>dente</strong></span> <span class='ocrx_word' id='word_1_669' title='bbox 2249 5168 2352 5227; x_wconf 84' lang='lat' dir='ltr'><strong>non</strong></span> <span class='ocrx_word' id='word_1_670' title='bbox 2383 5187 2570 5227; x_wconf 87' lang='lat' dir='ltr'><strong>omnes</strong></span> <span class='ocrx_word' id='word_1_671' title='bbox 2607 5189 2743 5242; x_wconf 90' lang='lat' dir='ltr'><strong>pene</strong></span> <span class='ocrx_word' id='word_1_672' title='bbox 2781 5172 3040 5242; x_wconf 79' lang='lat' dir='ltr'><strong>ecclesias</strong></span> <span class='ocrx_word' id='word_1_673' title='bbox 3072 5171 3273 5242; x_wconf 84' lang='lat' dir='ltr'><strong>locales</strong></span> <span class='ocrx_word' id='word_1_674' title='bbox 3315 5168 3659 5242; x_wconf 84' lang='lat' dir='ltr'><strong>obtinebant.</strong></span> 
     </span>
    </p>
   </div>
   <div class='ocr_carea' id='block_1_98' title="bbox 2054 5238 3663 5309">
    <p class='ocr_par' dir='ltr' id='par_1_98' title="bbox 2054 5238 3663 5309">
     <span class='ocr_line' id='line_1_98' title="bbox 2054 5238 3663 5309; baseline -0.002 -12"><span class='ocrx_word' id='word_1_675' title='bbox 2054 5241 2189 5297; x_wconf 90' lang='lat' dir='ltr'><strong>Cum</strong></span> <span class='ocrx_word' id='word_1_676' title='bbox 2214 5251 2394 5297; x_wconf 89' lang='lat' dir='ltr'><strong>tamen</strong></span> <span class='ocrx_word' id='word_1_677' title='bbox 2417 5238 2757 5309; x_wconf 79' lang='lat' dir='ltr'><strong>subsequens</strong></span> <span class='ocrx_word' id='word_1_678' title='bbox 2777 5242 2964 5297; x_wconf 82' lang='lat' dir='ltr'><strong>Hilarii</strong></span> <span class='ocrx_word' id='word_1_679' title='bbox 2983 5240 3304 5296; x_wconf 87' lang='lat' dir='ltr'><strong>declamatio</strong></span> <span class='ocrx_word' id='word_1_680' title='bbox 3328 5239 3381 5293; x_wconf 89' lang='lat' dir='ltr'><strong>in</strong></span> <span class='ocrx_word' id='word_1_681' title='bbox 3408 5238 3457 5293; x_wconf 90' lang='lat' dir='ltr'><strong>id</strong></span> <span class='ocrx_word' id='word_1_682' title='bbox 3484 5239 3663 5308; x_wconf 88' lang='lat' dir='ltr'><strong>potius</strong></span> 
     </span>
    </p>
   </div>
   <div class='ocr_carea' id='block_1_99' title="bbox 2056 5311 3664 5384">
    <p class='ocr_par' dir='ltr' id='par_1_99' title="bbox 2056 5311 3664 5384">
     <span class='ocr_line' id='line_1_99' title="bbox 2056 5311 3664 5384; baseline -0.004 -14"><span class='ocrx_word' id='word_1_683' title='bbox 2056 5314 2215 5370; x_wconf 87' lang='lat' dir='ltr'><strong>cadat</strong></span> <span class='ocrx_word' id='word_1_684' title='bbox 2256 5315 2400 5384; x_wconf 84' lang='lat' dir='ltr'><strong>quod</strong></span> <span class='ocrx_word' id='word_1_685' title='bbox 2443 5315 2628 5369; x_wconf 85' lang='lat' dir='ltr'><strong>Ariani</strong></span> <span class='ocrx_word' id='word_1_686' title='bbox 2673 5315 2773 5370; x_wconf 89' lang='lat' dir='ltr'><strong>sub</strong></span> <span class='ocrx_word' id='word_1_687' title='bbox 2812 5311 3132 5369; x_wconf 84' lang='lat' dir='ltr'><strong>Constantio</strong></span> <span class='ocrx_word' id='word_1_688' title='bbox 3177 5313 3470 5384; x_wconf 80' lang='lat' dir='ltr'><strong>egissent,_</strong></span> <span class='ocrx_word' id='word_1_689' title='bbox 3504 5325 3664 5382; x_wconf 90' lang='lat' dir='ltr'><strong>quam</strong></span> 
     </span>
    </p>
   </div>
   <div class='ocr_carea' id='block_1_100' title="bbox 2059 5381 3668 5455">
    <p class='ocr_par' dir='ltr' id='par_1_100' title="bbox 2059 5381 3668 5455">
     <span class='ocr_line' id='line_1_100' title="bbox 2059 5381 3668 5455; baseline -0.004 -15"><span class='ocrx_word' id='word_1_690' title='bbox 2059 5387 2112 5440; x_wconf 88' lang='lat' dir='ltr'><strong>in</strong></span> <span class='ocrx_word' id='word_1_691' title='bbox 2145 5384 2195 5439; x_wconf 91' lang='lat' dir='ltr'><strong>id</strong></span> <span class='ocrx_word' id='word_1_692' title='bbox 2227 5381 2368 5455; x_wconf 84' lang='lat' dir='ltr'><strong>quod</strong></span> <span class='ocrx_word' id='word_1_693' title='bbox 2397 5387 2496 5439; x_wconf 90' lang='lat' dir='ltr'><strong>sub</strong></span> <span class='ocrx_word' id='word_1_694' title='bbox 2525 5384 2905 5440; x_wconf 86' lang='lat' dir='ltr'><strong>Valentiniano</strong></span> <span class='ocrx_word' id='word_1_695' title='bbox 2934 5394 3200 5455; x_wconf 63' lang='lat' dir='ltr'><strong>agerent:</strong></span> <span class='ocrx_word' id='word_1_696' title='bbox 3221 5381 3668 5455; x_wconf 69' lang='lat' dir='ltr'><strong>commodepos-</strong></span> 
     </span>
    </p>
   </div>
   <div class='ocr_carea' id='block_1_101' title="bbox 2060 5452 3669 5523">
    <p class='ocr_par' dir='ltr' id='par_1_101' title="bbox 2060 5452 3669 5523">
     <span class='ocr_line' id='line_1_101' title="bbox 2060 5452 3669 5523; baseline -0.003 -12"><span class='ocrx_word' id='word_1_697' title='bbox 2060 5466 2188 5511; x_wconf 87' lang='lat' dir='ltr'><strong>sunt</strong></span> <span class='ocrx_word' id='word_1_698' title='bbox 2217 5452 2332 5511; x_wconf 54' lang='lat' dir='ltr'><strong>hinc</strong></span> <span class='ocrx_word' id='word_1_699' title='bbox 2376 5455 2614 5512; x_wconf 87' lang='lat' dir='ltr'><strong>Facundi</strong></span> <span class='ocrx_word' id='word_1_700' title='bbox 2655 5458 2823 5511; x_wconf 87' lang='lat' dir='ltr'><strong>verba</strong></span> <span class='ocrx_word' id='word_1_701' title='bbox 2867 5454 3113 5523; x_wconf 81' lang='lat' dir='ltr'><strong>intelligi.</strong></span> <span class='ocrx_word' id='word_1_702' title='bbox 3148 5453 3281 5522; x_wconf 87' lang='lat' dir='ltr'><strong>Quia</strong></span> <span class='ocrx_word' id='word_1_703' title='bbox 3311 5468 3440 5509; x_wconf 91' lang='lat' dir='ltr'><strong>vero</strong></span> <span class='ocrx_word' id='word_1_704' title='bbox 3467 5452 3669 5508; x_wconf 83' lang='lat' dir='ltr'><strong>Valen-</strong></span> 
     </span>
    </p>
   </div>
   <div class='ocr_carea' id='block_1_102' title="bbox 2063 5524 3668 5596">
    <p class='ocr_par' dir='ltr' id='par_1_102' title="bbox 2063 5524 3668 5596">
     <span class='ocr_line' id='line_1_102' title="bbox 2063 5524 3668 5596; baseline -0.004 -14"><span class='ocrx_word' id='word_1_705' title='bbox 2063 5528 2296 5582; x_wconf 90' lang='lat' dir='ltr'><strong>tinianus</strong></span> <span class='ocrx_word' id='word_1_706' title='bbox 2321 5527 2486 5582; x_wconf 87' lang='lat' dir='ltr'><strong>nimio</strong></span> <span class='ocrx_word' id='word_1_707' title='bbox 2511 5527 2657 5596; x_wconf 86' lang='lat' dir='ltr'><strong>pacis</strong></span> <span class='ocrx_word' id='word_1_708' title='bbox 2680 5527 2882 5591; x_wconf 91' lang='lat' dir='ltr'><strong>studio,</strong></span> <span class='ocrx_word' id='word_1_709' title='bbox 2909 5534 2964 5581; x_wconf 91' lang='lat' dir='ltr'><strong>et</strong></span> <span class='ocrx_word' id='word_1_710' title='bbox 2989 5539 3174 5580; x_wconf 87' lang='lat' dir='ltr'><strong>amore</strong></span> <span class='ocrx_word' id='word_1_711' title='bbox 3205 5526 3390 5580; x_wconf 90' lang='lat' dir='ltr'><strong>localis</strong></span> <span class='ocrx_word' id='word_1_712' title='bbox 3421 5524 3668 5596; x_wconf 71' lang='lat' dir='ltr'><strong>ecclesiae</strong></span> 
     </span>
    </p>
   </div>
   <div class='ocr_carea' id='block_1_103' title="bbox 2061 5593 3673 5669">
    <p class='ocr_par' dir='ltr' id='par_1_103' title="bbox 2061 5593 3673 5669">
     <span class='ocr_line' id='line_1_103' title="bbox 2061 5593 3673 5669; baseline -0.002 -17"><span class='ocrx_word' id='word_1_713' title='bbox 2061 5614 2222 5669; x_wconf 91' lang='lat' dir='ltr'><strong>quam</strong></span> <span class='ocrx_word' id='word_1_714' title='bbox 2270 5593 2569 5654; x_wconf 82' lang='lat' dir='ltr'><strong>Auxentius</strong></span> <span class='ocrx_word' id='word_1_715' title='bbox 2613 5600 2953 5669; x_wconf 86' lang='lat' dir='ltr'><strong>occupabat,_</strong></span> <span class='ocrx_word' id='word_1_716' title='bbox 2981 5596 3184 5652; x_wconf 89' lang='lat' dir='ltr'><strong>versuti</strong></span> <span class='ocrx_word' id='word_1_717' title='bbox 3224 5598 3384 5669; x_wconf 85' lang='lat' dir='ltr'><strong>hujus</strong></span> <span class='ocrx_word' id='word_1_718' title='bbox 3429 5593 3673 5650; x_wconf 64' lang='lat' dir='ltr'><strong>haeretici</strong></span> 
     </span>
    </p>
   </div>
   <div class='ocr_carea' id='block_1_104' title="bbox 2064 5667 3674 5740">
    <p class='ocr_par' dir='ltr' id='par_1_104' title="bbox 2064 5667 3674 5740">
     <span class='ocr_line' id='line_1_104' title="bbox 2064 5667 3674 5740; baseline -0.001 -18"><span class='ocrx_word' id='word_1_719' title='bbox 2064 5667 2226 5725; x_wconf 75' lang='lat' dir='ltr'><strong>fidem</strong></span> <span class='ocrx_word' id='word_1_720' title='bbox 2253 5670 2471 5739; x_wconf 91' lang='lat' dir='ltr'><strong>propius</strong></span> <span class='ocrx_word' id='word_1_721' title='bbox 2496 5669 2786 5740; x_wconf 81' lang='lat' dir='ltr'><strong>explorare</strong></span> <span class='ocrx_word' id='word_1_722' title='bbox 2809 5667 3005 5740; x_wconf 82' lang='lat' dir='ltr'><strong>timuit,</strong></span> <span class='ocrx_word' id='word_1_723' title='bbox 3035 5677 3090 5722; x_wconf 90' lang='lat' dir='ltr'><strong>et</strong></span> <span class='ocrx_word' id='word_1_724' title='bbox 3115 5667 3450 5740; x_wconf 78' lang='lat' dir='ltr'><strong>professione</strong></span> <span class='ocrx_word' id='word_1_725' title='bbox 3477 5682 3674 5722; x_wconf 85' lang='lat' dir='ltr'><strong>secun-</strong></span> 
     </span>
    </p>
   </div>
   <div class='ocr_carea' id='block_1_105' title="bbox 2064 5737 3672 5798">
    <p class='ocr_par' dir='ltr' id='par_1_105' title="bbox 2064 5737 3672 5798">
     <span class='ocr_line' id='line_1_105' title="bbox 2064 5737 3672 5798; baseline -0.002 0"><span class='ocrx_word' id='word_1_726' title='bbox 2064 5742 2192 5798; x_wconf 87' lang='lat' dir='ltr'><strong>dum</strong></span> <span class='ocrx_word' id='word_1_727' title='bbox 2231 5737 2419 5797; x_wconf 79' lang='lat' dir='ltr'><strong>vocum</strong></span> <span class='ocrx_word' id='word_1_728' title='bbox 2448 5737 2612 5798; x_wconf 84' lang='lat' dir='ltr'><strong>sonos</strong></span> <span class='ocrx_word' id='word_1_729' title='bbox 2639 5737 2907 5798; x_wconf 88' lang='lat' dir='ltr'><strong>catholica</strong></span> <span class='ocrx_word' id='word_1_730' title='bbox 2937 5737 3228 5798; x_wconf 82' lang='lat' dir='ltr'><strong>contentus</strong></span> <span class='ocrx_word' id='word_1_731' title='bbox 3259 5739 3400 5797; x_wconf 91' lang='lat' dir='ltr'><strong>illius</strong></span> <span class='ocrx_word' id='word_1_732' title='bbox 3427 5752 3672 5795; x_wconf 83' lang='lat' dir='ltr'><strong>commu-</strong></span> 
     </span>
    </p>
   </div>
  </div>
