4270 6264
654 244 754 314 sit
1854 232 2100 305 sanari
2136 232 2395 302 HlLARll
2443 228 2755 303 EPISCOPI
3849 242 3964 306 διε

652 369 819 438 adjuti
859 367 1215 439 potestatibus
1236 364 1510 422 Christum
1542 363 2007 435 praedicaverunt,
2035 372 2251 433 gentes—
2275 368 2325 428 Α
2354 361 2451 417 tris
2487 362 2543 418 in
2574 362 2708 419 lucis
2753 375 2813 418 se
2848 359 3096 432 angelum
3143 360 3686 433 transformantibus,
3726 364 3796 420 ab
3840 380 3967 420 om-

651 480 758 535 qne
806 465 921 521 fere
968 479 1157 519 omnes
1204 477 1270 517 ex
1314 460 1473 515 idolis
1510 459 1577 514 ad
1625 460 1793 514 Deum
1832 457 2252 514 transtulerunt?
2355 456 2502 509 nium
2544 455 2656 511 lere
2702 464 2864 510 sensu
2903 463 2958 509 et
2992 453 3326 511 conscientia
3368 457 3415 512 is
3458 459 3550 530 qui
3587 466 3673 515 est
3709 458 3965 516 Christus

652 555 808 612 Anne
851 555 1083 626 aliquam
1128 554 1229 609 sibi
1260 551 1338 625 (α)
1367 552 1721 608 assumebant
1763 566 1796 607 e
1839 549 2043 623 palatio
2079 549 2255 621 digni-
2354 545 2623 602 aboletur.
2668 544 2739 603 Ut
2779 547 2924 602 enim
2967 549 3170 603 erroris
3212 546 3504 605 aﬂirmatio
3548 565 3699 607 certa
3732 552 3822 614 sit,
3872 553 3967 607 in-

570 634 583 649 “
649 657 849 714 tatem,
880 649 1136 720 hymnum
1172 648 1283 703 Deo
1310 649 1363 703 in
1393 662 1613 706 carcere
1637 647 1780 706 inter
1808 655 2027 704 catenas
2054 656 2109 702 et
2134 654 2254 716 post

649 741 862 811 ﬂagella
899 749 1215 806 cantantes;
1260 739 1563 812 edictisque
1602 741 1747 811 regis
1777 739 1997 805 Paulus,
2033 752 2157 793 cum
2196 737 2252 792 in

650 834 865 889 theatro
910 833 1278 901 spectaculum
1319 833 1438 905 ipse
1473 841 1638 901 esset,
1693 833 1914 888 Christo
1954 829 2251 888 Ecclesiam

649 925 1046 997 congregabat?
1095 924 1310 980 Nerone
1356 940 1446 991 se,
1499 924 1704 991 credo,
1757 933 1850 979 aut
1891 921 2250 990 VeSpasiano,

650 1029 741 1072 aut
773 1018 850 1089 (b)
882 1018 1043 1074 Decio
1086 1017 1547 1089 patrocinantibus
1591 1017 1879 1072 tuebatur?
1919 1028 2148 1086 quorum
2198 1013 2252 1067 in

650 1124 755 1165 nos
797 1110 939 1166 odiis
985 1110 1256 1167 confessio
1307 1110 1501 1167 divina:
1552 1110 1952 1181 praedicationis
1993 1106 2249 1164 eiiiorult.

648 1203 729 1260 llli
775 1214 939 1259 manu
991 1214 1156 1275 atque
1209 1219 1375 1275 opere
1417 1218 1477 1259 se
1512 1205 1741 1271 alentes,
1786 1203 1926 1258 intra
1972 1199 2253 1259 coenacula

650 1308 969 1369 secretaque
1020 1305 1316 1363 coeuntes,
1377 1296 1526 1353 vicos
1577 1304 1634 1352 et
1680 1296 1904 1352 castella
1957 1306 2255 1366 gentesque

648 1389 765 1446 fere
792 1406 981 1447 omnes
1027 1399 1168 1446 terra
1211 1405 1274 1447 ac
1312 1390 1449 1445 mari
1474 1397 1661 1444 contra
1702 1386 2170 1444 senatusconsulta
2200 1391 2256 1441 et

647 1498 837 1556 regum
862 1484 1037 1540 edicta
1068 1494 1433 1554 peragrantes,
1464 1483 1665 1550 claves,
1695 1482 1881 1548 credo,
1910 1481 2060 1553 regni
2089 1478 2254 1536 creto-

651 1592 775 1632 rum
820 1594 926 1633 non
955 1577 1270 1633 habebant?
1296 1578 1403 1632 Aut
1443 1593 1548 1631 non
1592 1574 1880 1631 manifesta
1910 1588 1972 1630 se
2018 1584 2127 1628 tum
2161 1570 2255 1626 Dei

656 1670 832 1725 virtus
883 1678 1072 1725 contra
1128 1670 1251 1725 odia
1310 1669 1545 1725 humana
1600 1667 1876 1740 porrexit,
1922 1682 2044 1724 cum
2101 1674 2255 1721 tanto

2354 648 2501 694 certa
2554 638 2626 711 (ί)
2667 639 2781 696 veri
2821 640 3007 709 opinio
3044 638 3348 697 antefertur
3377 659 3391 696 :
3419 644 3598 714 sitque
3635 643 3966 701 antichristo

2348 730 2460 800 jam
2512 723 3111 802 pervium,‘Cbristum
3165 748 3290 790 eum
3337 750 3461 792 esse
3507 751 3570 793 se
3616 738 3838 805 fallere,
3888 739 3968 796 de

2354 839 2463 897 quo
2488 841 2632 882 nunc
2665 840 2838 898 usque
2873 826 3181 883 dissensum
3212 829 3302 883 sit.
3336 828 3473 886 illnc
3514 830 3620 886 illa:
3650 833 3816 887 varia:
3840 834 3967 903 opi-

2355 917 2566 984 itiones,
2613 916 2741 973 hinc
2780 919 2884 974 sub
2928 919 3085 975 unius
3136 918 3212 990 (g)
3247 918 3453 976 Christi
3497 920 3609 977 fide
3649 922 3967 991 praedicatio

2357 1012 2736 1084 plurimorum,
2770 1011 2896 1070 hinc
2925 1028 3099 1083 nuper
3125 1013 3245 1068 Arii
3273 1014 3495 1085 spiritus
3524 1030 3591 1071 ex
3618 1016 3816 1087 angelo
3844 1016 3968 1072 dia-

2353 1106 2467 1163 boli
2492 1106 2548 1162 in
2572 1106 2707 1165 lucis
2731 1106 2982 1179 angelum
3013 1105 3092 1180 (It)
3125 1108 3538 1178 transﬁguratus
3568 1125 3582 1166 :
3609 1110 3766 1178 cujus
3784 1109 3966 1167 baste-

2355 1198 2495 1254 ditas
2526 1197 2591 1271 (ὅ)
2610 1200 2786 1256 omnis
2826 1199 2893 1254 ad
2922 1198 3205 1255 Valentem
3225 1241 3241 1267 ,
3271 1198 3575 1269 Ursacium,
3603 1199 3962 1269 Auxentium,

2355 1290 2716 1359 Germinium,
2761 1290 2949 1348 Caium
3007 1292 3270 1348 successit
3319 1301 3481 1363 atque
3527 1292 3775 1348 deﬂuxit.
3824 1293 3962 1350 Nam

2355 1387 2457 1457 ipsi
2500 1401 2644 1443 nunc
2693 1386 2969 1443 Christum
3016 1402 3236 1455 novum,
3277 1401 3379 1458 per
3413 1402 3574 1459 quem
3611 1386 3965 1445 antichristus

2357 1482 2696 1552 subreperet,
2721 1479 3038 1537 intulerunt.

2427 1572 2481 1627 6.
2525 1573 2789 1641 Auxentii,
2844 1572 3093 1640 Valentis,
3140 1581 3273 1640 etc.,
3320 1573 3387 1628 de
3428 1572 3633 1629 Christo
3672 1574 3963 1646 opiniones.

2358 1667 2505 1722 Plebi
2523 1668 2750 1722 nondum
2770 1675 2917 1723 nocet
2928 1668 3137 1723 nteresis
3155 1668 3337 1724 latens.
3356 1666 3629 1724 —-Volunt
3650 1668 3794 1724 enim
3819 1669 3970 1725 hunc

651 1762 822 1831 magis
846 1759 1094 1817 Christus
1120 1761 1528 1832 praedicaretur,
1552 1768 1755 1832 quanto
1777 1760 1947 1830 magis
1976 1755 2256 1830 praedicari
2287 1755 2337 1818 Β
2362 1773 2520 1815 suum
2539 1761 2815 1816 Christum
2835 1776 2942 1816 non
2966 1760 3085 1832 ejus
3099 1760 3396 1817 divinitatis
3413 1775 3537 1816 esse
3558 1760 3711 1831 cujus
3728 1771 3778 1817 et
3804 1760 3971 1817 Pater

648 1852 1021 1909 inhiberetur?

722 1945 777 1999 4.
823 1944 977 2015 Fidei
1026 1948 1099 2001 vis
1143 1947 1292 2001 illata
1336 1946 1677 2018 improbatur.
1707 1975 1778 1986 —
1808 1945 1877 2015 At
1906 1958 2067 2011 nunc,
2116 1941 2255 2013 prob

646 2036 832 2093 dolor!
861 2036 1096 2092 divinam
1127 2036 1286 2092 fidem
1320 2035 1570 2108 suliragia
1605 2048 1816 2099 terrena
1844 2035 2248 2101 commendant,

649 2129 913 2199 in0psque
943 2130 1157 2186 virtutis
1197 2129 1359 2205 595
1406 2147 1518 2185 sua:
1547 2130 1831 2197 Christus,
1864 2129 1992 2185 dum
2028 2128 2252 2183 ambitio

648 2218 853 2274 nomini
873 2235 972 2276 suo
991 2223 1333 2290 conciliatur,
1355 2222 1620 2291 arguitur.
1637 2221 1831 2279 Terret
1847 2219 2054 2279 exsiliis
2071 2228 2126 2277 et
2142 2235 2254 2277 car-

648 2312 864 2366 ceribus
885 2311 1126 2367 Ecclesia
1157 2329 1172 2367 :
1198 2311 1457 2383 credique
1486 2312 1590 2367 sibi
1616 2312 1791 2381 cogit,
1816 2326 1938 2381 quae
1959 2310 2165 2366 exsiliis
2198 2321 2253 2366 ct

647 2404 957 2461 carceribus
1000 2413 1087 2461 est
1128 2406 1360 2463 credita.
1411 2406 1621 2461 Pendet
1666 2405 1738 2475 (ε)
1775 2402 1843 2460 ad
1883 2404 2253 2476 dignationem

648 2499 1190 2567 communicantium,
1222 2515 1343 2570 quae
1370 2500 1809 2579 persequentium
1834 2506 1919 2555 est
1937 2505 2252 2555 consecrata

648 2598 877 2647 terrore.
916 2591 1086 2661 Fugat
1127 2591 1457 2655 sacerdotes,
1491 2606 1610 2660 qua:
1652 2587 1850 2660 fugatis
1875 2588 1957 2645 est
1998 2586 2254 2644 sacerdo-

646 2683 793 2737 tibus
838 2691 1149 2753 propagata.
1198 2682 1358 2752 Diligi
1403 2698 1463 2738 se
1504 2685 1769 2750 gloriatur
1800 2698 1832 2738 a
1868 2681 2091 2744 mundo,
2130 2694 2253 2750 qua

646 2771 853 2828 Christi
893 2788 1015 2830 esse
1052 2789 1159 2829 non
1202 2774 1397 2843 potuit,
1439 2774 1543 2829 nisi
1575 2790 1701 2830 eam
1747 2775 1977 2833 mundus
2025 2774 2250 2832 odisset.

650 2863 778 2918 llaec
796 2863 877 2935 (ά)
896 2864 963 2918 de
982 2865 1390 2932 comparatione
1413 2864 1621 2919 traditae
1644 2865 1801 2919 nobis
1819 2865 1945 2919 olim
1975 2865 2251 2932 Ecclesiae,

648 2970 898 3025 nuncque
925 2955 1242 3025 deperditte,
1282 2970 1369 3011 res
1408 2956 1525 3024 ipsa
1560 2973 1680 3027 quae
1720 2960 1775 3011 in
1803 2957 1977 3013 oculis
2009 2956 2253 3012 omnium

649 3056 735 3101 est
760 3057 920 3115 atque
948 3061 1065 3113 ore,
1094 3047 1371 3102 clamavit.

2355 1860 2470 1917 est;
2495 1851 2589 1907 sed
2618 1850 2691 1925 (j)
2717 1866 2840 1908 esse
2863 1860 3135 1923 potentem
3157 1863 3213 1908 et
3233 1861 3581 1924 praestantem
3603 1853 3817 1909 caeteris
3843 1852 3970 1907 aliis

2356 1943 2521 2021 596
2551 1945 2816 2003 creaturis
2849 1954 3193 2013 creaturam.
3220 1961 3461 2019 eumque
3496 1962 3595 2016 per
3627 1946 3966 2002 voluntatem

2356 2037 2453 2094 Dei
2482 2053 2550 2093 ex
2581 2035 2748 2092 nihilo
2780 2037 3088 2093 substitisse
3112 2056 3125 2093 :
3151 2048 3204 2093 et
3232 2053 3356 2094 eum
3386 2048 3512 2093 ante
3534 2038 3717 2093 omnia
3738 2037 3962 2109 quidem

2355 2131 2586 2197 saecula,
2614 2141 2666 2186 et
2701 2142 2827 2188 ante
2845 2146 3009 2187 omne
3037 2131 3261 2188 omnino
3292 2142 3507 2203 tempus
3538 2139 3721 2187 uatum
3750 2147 3818 2188 ex
3848 2130 3969 2187 Deo

2356 2223 2526 2281 Deum
2564 2238 2721 2291 esse;
2752 2224 2850 2281 sed
2882 2239 2988 2279 non
3017 2240 3085 2280 ex
3120 2224 3425 2285 substantia
3467 2224 3563 2280 Dei
3600 2239 3745 2290 esse,
3786 2238 3970 2294 neque

2354 2313 2549 2370 divinae
2573 2315 2625 2369 in
2639 2331 2704 2369 eo
2719 2315 3030 2381 nativitatis,
3055 2314 3463 2386 majestatisque
3481 2315 3620 2385 ejus,
3645 2313 3853 2386 (k)quze
3872 2315 3969 2371 Dei

2355 2417 2438 2462 est
2467 2406 2874 2477 intelligendam
2899 2406 3181 2462 veritatem
3208 2421 3223 2472 ;
3248 2421 3318 2462 ne
3338 2421 3498 2477 quam
3527 2420 3690 2461 verus
3717 2406 3790 2461 sit
3821 2407 3966 2461 Deus

2355 2494 2450 2567 qui
2482 2506 2631 2565 pater
2652 2504 2757 2562 est,
2781 2507 2887 2552 tam
2905 2511 3070 2555 verus
3097 2496 3168 2552 sit
3191 2497 3333 2552 Deus
3361 2496 3457 2566 qui
3480 2496 3622 2552 [ilius
3650 2505 3768 2553 est:
3794 2505 3853 2552 ut
3882 2498 3958 2565 id,

2306 2590 2311 2595 ’
2356 2587 2499 2658 quod
2520 2603 2684 2643 unum
2705 2603 2825 2643 esse
2847 2587 3011 2644 Filius
3029 2598 3084 2643 et
3099 2587 3257 2643 Pater
3271 2588 3327 2643 in
3347 2589 3651 2660 Evangeliis
3667 2588 3966 2659 praedican-

2355 2685 2444 2734 tur
2478 2677 2661 2750 (Joan.
2689 2695 2745 2746 x,
2769 2680 2882 2752 50),
2910 2680 2962 2734 in
2996 2679 3286 2734 voluntatis
3307 2688 3507 2735 tantum
3526 2681 3597 2735 sit
3614 2689 3671 2736 et
3689 2679 3970 2735 cbaritatis

2356 2772 2647 2837 societate,
2674 2787 2780 2829 non
2815 2772 2871 2826 in
2895 2770 3191 2828 divinitatis
3222 2771 3628 2840 veritate..Qo:e
3668 2773 3713 2827 si
3740 2773 3792 2826 in
3818 2772 3966 2827 Filio

2358 2882 2466 2921 non
2492 2865 2681 2923 eadem
2704 2871 2789 2920 est
2815 2863 2927 2936 ipsa
2959 2865 3047 2919 illa
3070 2881 3188 2935 quae
3212 2864 3308 2920 Dei
3332 2874 3435 2929 est,
3462 2866 3598 2923 utin
3621 2865 3968 2924 confessione

2360 2958 2482 3013 lidei
2534 2958 2676 3014 Deus
2722 2973 2861 3013 unus
2909 2956 3008 3026 sit;
3063 2973 3158 3013 cur
3208 2956 3374 3013 Deum
3425 2957 3641 3021 Filium.
3691 2974 3789 3014 cur
3835 2970 3969 3015 ante

2358 3056 2602 3121 tempora
2648 3058 2703 3105 et
2730 3050 2926 3105 saecula
2957 3050 3309 3118 conﬁtentur,
3346 3050 3451 3106 nisi
3477 3051 3604 3122 quia
3630 3049 3727 3106 Dei
3762 3066 3967 3107 nomen

723 3137 777 3193 5.
817 3139 1123 3195 Antichristi
1161 3149 1358 3208 tempus
1399 3142 1515 3213 jam
1561 3139 1853 3194 adesse.—
1880 3137 2018 3208 Quid
2068 3146 2248 3195 autem
2279 3146 2325 3212 C
2355 3151 2544 3199 sancto
2588 3142 2781 3213 cuique
2827 3159 2921 3210 per
2979 3142 3368 3217 indulgentiam
3412 3142 3479 3214 (Ι)
3524 3142 3843 3200 aeternitatis
3884 3153 3971 3200 est

647 3230 781 3286 illud
820 3230 911 3297 sit,
965 3230 1107 3303 quod
1156 3233 1514 3303 ignorandum
1562 3233 1706 3288 ultra
1755 3246 1859 3287 non
1910 3234 1981 3287 sit
2016 3232 2255 3290 breviter

651 3338 947 3394 exponam.
1006 3325 1318 3381 Secundum
1385 3326 1635 3396 placitam
1698 3324 1805 3382 Deo
1864 3326 2253 3396 plenitudinem

649 3424 922 3472 coarctata
992 3422 1119 3472 sunt
1172 3428 1439 3487 tempora.
1496 3413 1564 3487 (e)
1618 3415 2038 3488 Circumscri‘pta
2109 3420 2254 3474 enim

651 3509 792 3565 ratio
835 3523 1024 3564 eorum
1069 3508 1384 3566 caelestibus
1425 3508 1580 3565 libris
1620 3510 1847 3564 docetur
1879 3527 1892 3564 :
1929 3524 1993 3565 ac
2031 3503 2256 3568 necesse

655 3592 742 3658 est
808 3603 864 3658 in
923 3603 1093 3673 ipsam
1150 3618 1251 3659 nos
1314 3612 1527 3657 aetatem
1597 3601 1899 3657 antichristi
1958 3602 2251 3673 incidisse,

655 3695 841 3767 cujus,
871 3696 1165 3753 secundum
1196 3696 1518 3768 Apostolum
1552 3695 1621 3770 (ll
1659 3695 1780 3751 Cor.
1806 3712 1881 3764 χι,
1915 3696 2028 3769 li),
2061 3701 2251 3757 minis-

653 3834 874 3891 nionem
902 3834 1173 3905 suscepit;
1199 3834 1539 3905 postmodum
1563 3836 1620 3892 in
1646 3836 1874 3895 nimium
1904 3837 2057 3895 illum
2083 3840 2257 3905 parie-

655 3913 766 3959 tum
797 3906 1039 3960 ecclesiac
1067 3921 1306 3961 aumrem
1335 3907 1605 3963 invehitur
1631 3924 1645 3959 :
1674 3909 1877 3963 veritus
1904 3908 2045 3965 haud
2065 3911 2252 3977 dubie,

656 3990 725 4030 ne
751 3976 1027 4049 episcopi,
1059 3976 1149 4049 qui
1180 3977 1232 4031 in
1271 3978 1612 4049 imperatoris
1643 3980 1903 4033 comitatu
1943 3976 2255 4049 frequentes

655 4055 832 4118 erant.
865 4046 917 4100 in
948 4048 1190 4102 eamdem
1219 4048 1707 4105 dissimulationem
1733 4051 1966 4118 abirent,
1999 4046 2056 4106 et
2083 4053 2258 4109 haere-

664 4116 769 4189 tica
797 4120 1181 4175 communione
1220 4120 1613 4189 polluerentur.

733 4188 811 4258 (ιι)
849 4189 954 4245 Sex
986 4204 1115 4247 mss.
1147 4201 1481 4248 assumereut.

734 4257 811 4333 (b)
851 4257 911 4333 lu
949 4262 1340 4332 antiquioribus
1389 4278 1517 4319 mss.
1573 4260 1690 4319 Vat.
1736 4263 1877 4333 bas,
1926 4262 2150 4321 Carnut.
2205 4274 2261 4322 et

658 4328 838 4394 Colb.,
870 4328 1061 4386 Deciis.

721 4400 799 4476 (ei
811 4401 953 4476 Lips.
971 4413 1027 4459 et
1041 4403 1183 4467 Par.,
1199 4422 1231 4459 a
1244 4404 1537 4476 dignatione
1551 4421 1570 4459 :
1586 4405 1940 4462 renitentibus
1950 4407 2071 4463 aliis
2085 4408 2256 4464 libris.

729 4471 903 4548 (d)_lu
934 4489 1073 4548 mss.
1112 4476 1183 4531 Ac
1206 4471 1320 4541 def
1345 4492 1452 4531 non
1502 4478 1612 4534 haec
1657 4478 1739 4533 de.
1773 4478 1893 4541 Mox
1927 4479 2071 4548 apud
2098 4480 2256 4545 Bad.,

2361 3236 2729 3293 destinatum?
2759 3238 2865 3293 Aut
2894 3236 3196 3308 regenerati
3229 3250 3420 3292 omnes
3450 3250 3556 3292 non
3588 3251 3716 3291 vere
3748 3234 3841 3291 Dei
3872 3236 3972 3292 ﬁlii

2362 3340 2510 3398 sunt,
2557 3339 2652 3385 aut
2681 3329 2860 3401 angeli
2902 3344 3112 3396 omnes,
3158 3344 3257 3400 per
3294 3326 3571 3385 Christum
3613 3327 3797 3399 utique
3834 3344 3971 3385 con-

2362 3422 2484 3489 diti,
2519 3437 2626 3476 non
2672 3430 2797 3477 ante
2821 3421 3002 3478 omnia
3032 3429 3275 3492 tempora
3302 3433 3359 3477 et
3385 3431 3511 3478 ante
3536 3423 3716 3478 omnia
3743 3422 3971 3477 omnino

2361 3515 2560 3571 saecula
2572 3525 2698 3570 sunt
2716 3515 2920 3571 creati?
2942 3513 3037 3588 (in)
3060 3514 3261 3571 Verum
3285 3514 3353 3569 ad
3374 3514 3750 3571 antichristum
3770 3515 3970 3570 minori

2362 3608 2562 3667 invidia
2594 3608 3046 3664 introducendum
3069 3649 3085 3674 ,
3113 3607 3440 3678 miserisque
3466 3606 3799 3663 credendum
3822 3648 3837 3671 .
3869 3607 3966 3663 tri-

2361 3700 2532 3758 buunt
2575 3702 2789 3760 Christo
2837 3700 2931 3756 Dei
2973 3716 3211 3767 nomen;
3253 3700 3378 3772 quia
3416 3699 3520 3757 hoc
3566 3708 3621 3756 et
3661 3700 3969 3757 hominibus

2364 3851 2537 3915 artem
2583 3842 2641 3898 in
2669 3842 2999 3915 Ariminensi
3043 3841 3257 3915 synodo
3296 3840 3438 3912 apud
3466 3839 3753 3915 Albanas;
3778 3839 3870 3896 lib.
3898 3840 3969 3897 de

2363 3912 2595 3997 Synod?
2636 3913 2870 3997 p.“876,
2919 3910 3649 3997 conclamabantcatholici,
3697 3910 3814 3966 Nos
3862 3928 3967 3966 non

2364 3987 2484 4057 quia
2499 3984 2612 4057 ﬁde
2633 3984 3000 4054 indigerentus,
3027 3985 3128 4057 line
3139 3984 3511 4057 convenimus,
3536 3992 3644 4038 etc.

2440 4050 2522 4127 (ῃ)
2559 4056 2680 4110 Par.
2711 4050 2833 4111 cum
2882 4050 2995 4112 ms.
3030 4055 3189 4112 Colb.
3233 4071 3262 4109 a
3310 4055 3513 4111 recenti
3559 4068 3743 4120 manu,
3773 4050 3969 4110 Christi

2365 4142 2583 4182 nomine.

2440 4197 2520 4268 (Ιι)
2560 4198 2689 4257 Mss.
2721 4198 2996 4269 ﬁguratus.
3030 4198 3202 4254 Aliter
3223 4196 3420 4269 legitur
3447 4196 3605 4268 paulo
3633 4196 3883 4269 superius
3910 4204 3967 4252 ct

2365 4269 2522 4324 initio
2552 4268 2671 4323 libri
2704 4268 3064 4325 itiCOttstant.

2442 4338 2620 4410 (i)7lta
2664 4355 2795 4396 mss.
2843 4340 2913 4395 At
2945 4340 3106 4407 editi,
3146 4339 3422 4395 han‘editas
3452 4336 3672 4393 nominis
3700 4353 3719 4393 :
3745 4344 3801 4394 et
3838 4352 3962 4392 mox

2366 4409 2489 4480 post
2513 4409 2755 4480 Lipsium
2798 4411 2949 4477 Pan,
2993 4412 3341 4482 successioun
3385 4410 3623 4481 deﬂuxit.
3656 4410 3780 4482 Huic
3823 4418 3880 4463 Il
3911 4415 3966 4462 ct

2364 4479 2653 4551 Superiora
2683 4483 2749 4543 ad
2781 4482 3136 4541 Ariminetuis
3177 4479 3391 4537 concilii
3435 4479 3584 4551 gestet
3631 4479 3958 4537 referuntur.

659 4541 931 4631 Erl:;bijr.
960 4542 1019 4631 εἰ
1063 4546 1116 4601 in
1152 4548 1392 4631 quinque
1429 4565 1585 4631 mss:,
1636 4565 1912 4617 numquam
1954 4541 2252 4631 deperditus.
2281 4560 2334 4623 Β
2366 4541 3089 4631 Taintuntomittitﬂilarius
3118 4541 3527 4631 Demophilu't'tb
3563 4567 3726 4631 quem
3755 4566 3964 4631 mentuq-

656 4612 716 4669 In
758 4610 1075 4671 Michaelino
1120 4610 1315 4673 autem'
1344 4620 1412 4673 ab
1463 4610 1650 4673 eadem
1690 4610 1851 4673 manu
1881 4632 1933 4673 et
1977 4610 2032 4675 in
2059 4624 2249 4675 eodem

656 4698 911 4769 contextu
953 4688 1220 4769 adjicitur,
1268 4690 1367 4754 vel,
1414 4706 1549 4769 nunc
1586 4707 1736 4769 quam
1768 4693 2045 4761 deperdita:
2070 4707 2254 4769 quo-

658 4754 820 4811 modo
851 4756 1134 4828 legendum
1168 4760 1425 4814 Erasmus
1466 4759 1534 4823 ad
1566 4754 1858 4830 marginem
1901 4754 2160 4825 asseruit",
2192 4778 2255 4818 ac

658 4836 782 4897 post
824 4843 945 4903 eum
992 4830 1169 4903 legere
1206 4831 1352 4903 Lips.
1393 4843 1447 4886 et
1473 4831 1595 4903 Eur.
1627 4830 1797 4889 liabet
1827 4849 1926 4886 ms.
1962 4833 2076 4888 bas.
2107 4833 2250 4901 νειμ,

656 4900 1202 4974 mmcpaldeperditw
1225 4918 1244 4956 :
1267 4901 1358 4958 ubi
1388 4916 1453 4957 ex
1477 4902 1695 4957 Carnut.
1726 4903 2059 4974 reponimus,
2088 4921 2253 4959 nunc-

654 4985 753 5041 que
779 4970 1075 5041 deperdittc.
1789 4970 1804 4974 ⁷
2048 4970 2075 4993 ’“

727 5036 799 5115 (e)
838 5036 979 5115 ﬁditi
999 5083 1015 5108 ,
1048 5044 1491 5114 incircumscripta
1518 5059 1537 5097 :
1566 5044 1922 5101 emendantur
1947 5059 2015 5101 ex
2048 5059 2178 5102 mss.

730 5110 800 5186 (Ῑ)
838 5110 1017 5187 Mirmo
1047 5116 1214 5185 magis
1263 5110 1459 5187 placuit
1486 5130 1631 5187 vero,
1666 5116 2051 5173 reluctantibus
2077 5119 2254 5174 omni-

646 5183 1077 5258 bus—veteribus
1114 5183 1278 5242 libris
1308 5205 1321 5241 :
1366 5201 1467 5258 nec
1495 5186 1750 5256 deinceps
1792 5189 2082 5258 castigatus
2114 5188 2254 5258 fuit;

659 5255 906 5331 quamvis
926 5257 1009 5312 hic
1031 5248 1216 5323 llilarii
1235 5256 1497 5331 sententia
1522 5273 1625 5313 non
1646 5248 1707 5313 ea
1731 5258 1821 5325 sit,
1843 5270 1894 5312 ut
1914 5248 2115 5316 incerta
2140 5248 2258 5331 Opi:-

658 5329 750 5380 nio
766 5337 1119 5396 anteponatur
1145 5329 1380 5393 veritati,
1404 5329 1497 5385 sed
1524 5340 1581 5384 ut
1596 5331 1739 5398 quod
1762 5345 1944 5385 verum
1961 5346 2023 5386 ac
2042 5329 2251 5388 certum

658 5403 776 5464 est,
806 5399 1119 5484 ab..srianis
1153 5410 1482 5484 proponatur
1508 5402 1657 5483 velut
1696 5405 1900 5484 incerta
1942 5404 2144 5473 Opinio.
2178 5403 2254 5484 De

697 5470 1010 5543 cneratione
1037 5475 1179 5529 enim
1210 5470 1488 5543 Filii,quia
1512 5472 1886 5539 inenarrabilis
1912 5470 2073 5543 eSSet.
2107 5477 2255 5535 nole-

678 5547 792 5614 iant
834 5540 1123 5614 quidquam
1169 5538 1404 5609 deliniri}
1453 5544 1598 5611 Quos
1647 5544 1887 5613 sigillans
1931 5538 2254 5603 thbadius

658 5611 863 5687 Agen.,
881 5611 1029 5687 Illud
1051 5614 1445 5687 autem,_inquit,
1472 5614 1583 5687 quis
1609 5611 1743 5687 ferre
1762 5615 2114 5687 wquanimiter
2136 5633 2257 5686 pos-

654 5682 742 5758 sit,
768 5693 821 5736 ut
839 5701 987 5758 quem
1007 5684 1209 5758 initium
1228 5682 1411 5742 habere
1437 5682 1689 5758 progce'rto
1710 5682 1925 5758 ponunt,
1944 5684 2100 5758 hujus
2122 5682 2257 5742 nati-

656 5753 863 5808 m’tatem'
882 5757 1100 5811 habeant
1120 5756 1173 5811 in
1194 5753 1457 5812 incertum'.
1478 5753 1752 5816 Adversus
1766 5753 2022 5817 eamdem
2039 5758 2253 5816 illorum

2361 4622 2490 4694 ratis
2535 4625 2774 4694 adjuugit
2827 4623 3174 4688 Athanasius,
3222 4618 3317 4679 lib'.
3363 4618 3712 4694 deHSyn'odq
3756 4618 3958 4694 p.874.

2368 4692 2647 4765 Venerunt.
2676 4692 2865 4765 inquit,
2886 4696 2953 4750 ad
2980 4695 3220 4748 eumdum
3243 4694 3409 4765 locum
3421 4692 3740 4765 Carminius,
3761 4693 3962 4765 Auxeng

2360 4764 2481 4837 (ius,
2526 4763 2728 4825 Valens.
2752 4763 3128 4837 Demophilus,
3175 4772 3222 4837 et
3275 4763 3455 4820 Gaius.
3504 4763 3587 4818 lbi
3632 4764 3963 4837 cumdcazteri

2360 4835 2581 4911 episcopi
2607 4838 2852 4911 coroneris
2885 4834 3064 4892 litteris
3084 4836 3234 4911 verba
3250 4854 3344 4892 sua
3370 4842 3672 4908 formarent,
3701 4834 3780 4911 illi
3807 4836 3961 4888 citar-

2359 4906 2540 4961 tutam'
2568 4906 2939 4975 exhibuerunl,
2986 4918 3090 4964 etc.
3144 4907 3204 4962 lii
3257 4906 3447 4965 omnes
3495 4921 3614 4964 eam
3668 4908 3738 4967 ob
3774 4921 3891 4962 rem
3930 4920 3961 4960 a

2359 4980 2567 5048 synodo
2593 4980 3040 5037 excrimtnuniCati
3076 4979 3345 5049 leguntur.

2435 5050 2512 5123 (j)
2556 5049 2936 5123 Excusi,_esse
2984 5066 3097 5105 eum
3146 5048 3497 5120 praestantem,
3547 5048 3751 5105 omisso
3797 5048 3960 5105 verbo

2362 5121 2635 5191 potentem,
2670 5121 2812 5190 quod
2841 5122 3039 5177 habent
3067 5135 3261 5177 omnes
3289 5139 3422 5179 mss.

2433 5189 2510 5266 (lt)
2540 5191 2596 5266 in
2618 5189 2719 5249 ms.
2749 5192 2942 5266 Colb.,
2959 5209 3072 5262 qua:
3097 5192 3236 5249 Deus
3260 5204 3353 5249 est.

2363 5270 2376 5334 ί
2435 5256 2503 5334 (ιὶ
2539 5262 2654 5320 Vox
2677 5256 2992 5330 wternitaiis',
3010 5272 3063 5319 et
3086 5279 3209 5318 mox
3240 5266 3499 5334 particula
3525 5281 3650 5330 non,
3680 5256 3957 5318 desidera-

2363 5330 2557 5406 bantur
2572 5338 2761 5406 inanle
2778 5335 3104 5406 vulgatis.De
3116 5330 3428 5406 angelorum
3444 5345 3569 5406 ante
3585 5347 3821 5406 tempora
3837 5348 3959 5406 con-

2363 5403 2567 5479 ditione
2578 5404 2800 5479 videsis,
2823 5403 3026 5479 p.1429,
3042 5414 3154 5460 not.
3174 5403 3214 5479 7b
3227 5406 3355 5479 (not.
3374 5422 3405 5462 c
3417 5407 3519 5463 col.
3535 5405 3645 5479 455
3662 5403 3794 5460 nost.
3810 5403 3956 5479 edit.)

2435 5474 2530 5547 (ut)
2573 5477 2787 5541 Excusi,
2825 5474 3045 5535 ’Verum
3073 5474 3434 5532 antichristum
3489 5478 3713 5532 arbitror
3769 5474 3954 5531 minori

2358 5545 2574 5614 invidia,
2601 5561 2903 5620 suppresso
2925 5549 3014 5615 ad,
3037 5558 3092 5604 et
3109 5548 3290 5603 addito
3319 5551 3542 5604 arbitror
3571 5558 3768 5620 praeter
3801 5547 3955 5620 [idem

2364 5631 2495 5673 mss.
2512 5626 2577 5689 et
2599 5614 2788 5673 Hilarii
2806 5620 3126 5677 sententiam
3154 5636 3168 5673 :
3200 5635 3358 5689 quam
3375 5628 3433 5676 ut
3451 5614 3769 5677 conciliaret
3791 5614 3958 5674 Geor-

2361 5689 2482 5763 gius
2509 5688 2710 5763 Bullus,
2745 5704 2841 5759 pro
2869 5688 3402 5763 invidia,_legendum
3431 5706 3557 5751 esse
3594 5689 3817 5763 perﬁdia
3843 5691 3957 5759 ουδ’

2364 5761 2614 5817 nubatur.
2647 5760 2846 5831 Aperta
2872 5770 3052 5820 autem
3079 5761 3141 5818 lit
3168 5760 3273 5833 ope
3300 5777 3431 5821 mss.
