4270 6264
638 247 744 304 ﬁlii

1812 247 2054 303 SANCTI
2101 243 2360 302 l-llLARll
2402 244 2712 304 EPISCOPI

3844 246 3951 303 616

631 367 717 421 nis
743 367 1060 434 exsisteret,
1092 363 1394 435 subjicitur,
1449 362 1534 419 Ea:
1567 378 1684 418 vero
1711 361 1821 418 Deo
1869 363 2066 444 Patre:
2098 371 2155 419 nt
2180 364 2232 419 in
2261 363 2314 424 A
2341 379 2425 419 nte
2455 372 2569 420 arte
2613 362 3007 421 circumvenis?
3069 360 3346 419 Christum
3375 361 3542 420 Deum
3590 362 3727 420 dicis
3762 381 3775 418 :
3819 365 3952 434 quid

631 460 792 516 Patre
821 461 1016 517 veritas
1047 459 1140 513 Dei
1180 466 1352 523 esset,
1387 459 1440 511 in
1464 455 1682 512 Christo
1710 457 1910 512 veritas
1935 465 2142 512 tantum
2178 457 2240 511 fi—

631 555 691 612 lii
735 555 1090 610 scriberetur.
1135 551 1340 606 Dehinc
1372 549 1698 621 procedente
1727 566 2004 620 sermone,
2038 567 2142 606 una
2172 551 2241 607 ab

631 649 900 704 Auxentio
928 644 1185 700 divinitas
1211 643 1561 714 praedicatur,
1608 653 1662 700 et
1692 645 1746 700 in
1781 660 1844 701 ea
1877 660 1982 700 non
2009 644 2239 700 confite-

634 748 723 795 tnr
751 748 806 795 et
836 736 910 810 (α)
945 737 1141 793 Filium
1173 754 1186 791 :
1222 747 1278 792 ut
1305 737 1358 792 in
1385 737 1504 793 solo
1528 737 1710 803 Patre,
1742 753 1847 794 non
1871 737 2033 794 etiam
2067 737 2120 791 in
2148 736 2241 792 Fi-

633 831 730 897 lio,
760 839 908 887 esset
940 830 1056 886 sola
1089 845 1194 885 una
1227 829 1506 886 divinitas.

705 924 758 981 9.
805 924 962 991 Quasi
981 934 1112 980 recte
1141 925 1364 980 sentiens
1387 924 1696 998 diuulgatur.
1731 922 1966 978 Hilarius
2000 922 2240 996 fraudem

635 1026 865 1090 relegens
886 1015 1099 1090 jubelur
1141 1018 1301 1071 exire.
1334 1047 1404 1057 —
1432 1001 1719 1089 Spargitur
1743 1031 1872 1072 vero
1894 1031 1992 1087 per
2017 1016 2246 1086 populos

637 1108 964 1166 Auxentium
1014 1123 1201 1164 verum
1243 1109 1413 1165 Deum
1464 1108 1760 1172 Christum,
1814 1117 1870 1164 et
1913 1106 2074 1161 unius
2122 1120 2245 1161 cum

636 1200 799 1256 Patre
825 1199 1124 1255 divinitatis
1153 1214 1217 1254 ac
1245 1199 1561 1254 substantiae
1590 1200 1873 1270 scripsisse
1895 1239 1910 1265 ,
1961 1212 2138 1269 neque
2178 1195 2247 1252 ab

639 1293 899 1364 expositae
930 1307 1025 1362 per
1051 1306 1137 1346 me
1163 1290 1290 1345 ﬁdei
1320 1291 1586 1347 dissidere
1614 1291 1884 1346 sententia
1913 1307 1925 1342 :
1958 1300 2079 1359 post
2125 1303 2246 1358 quas

641 1384 711 1440 ad
742 1383 1176 1440 communionem
1209 1385 1326 1453 ejus
1348 1400 1444 1440 rex
1478 1398 1574 1454 pro
1593 1382 1714 1439 fidei
1745 1382 2059 1438 sinceritate
2084 1381 2251 1436 adve-

643 1479 743 1535 nit.
777 1478 882 1535 Sed
913 1493 1035 1533 cum
1069 1477 1171 1533 hoc
1200 1478 1524 1547 mysterium
1556 1476 1849 1546 impietatis
1887 1475 1981 1530 diu
2011 1474 2253 1530 occulta-

645 1582 757 1628 tum
781 1570 893 1641 jam
937 1584 1042 1625 non
1071 1557 1359 1634 taceretur,
1391 1567 1738 1638 diceremque
1769 1568 1892 1638 fingi
1931 1565 2006 1639 (b)
2033 1567 2213 1622 omnia
2234 1607 2250 1634 ,

655 1664 817 1720 fidem
846 1662 1122 1734 denegari,
1159 1663 1326 1718 Deum
1357 1671 1517 1732 atque
1547 1660 1794 1717 homines
1837 1659 1990 1716 illudi
2018 1678 2032 1724 ;
2062 1661 2256 1730 jubeor

2344 458 2482 514 fallis
2507 459 2560 513 in
2597 459 2856 514 nomine?
2895 458 3039 529 Nega
3075 457 3296 528 Moysen
3342 457 3614 513 Pharaoni
3645 457 3806 513 deum
3833 456 3952 512 dic-

2346 561 2456 608 tum
2505 551 2702 625 (Exod.
2739 567 2843 619 vn,
2875 551 2953 625 1).
3000 550 3277 606 Christum
3307 549 3478 606 filium
3519 561 3574 607 et
3616 550 3952 622 primogeni-

2346 652 2456 698 tum
2509 643 2601 700 Dei
2636 644 2871 714 loqueris
2907 660 2918 697 :
2963 658 3096 714 nega
3127 643 3546 715 primogenitum
3586 643 3759 698 filium
3783 642 3952 699 Israel

2344 735 2456 791 Deo
2487 751 2608 791 esse
2633 734 2806 806 (Esai.
2839 751 2856 789 ι
2881 776 2896 802 ,
2920 734 3000 808 2).
3032 733 3306 790 Christum
3337 745 3464 790 ante
3494 743 3739 805 tempora
3769 743 3956 790 natum

2351 828 2554 884 asseris
2581 827 2735 899 (Vid.
2769 828 2803 882 ι.
2837 844 2911 886 xit
2936 829 3000 884 de
3019 828 3171 884 Trin.
3196 846 3250 884 η.
3283 827 3374 900 55)
3412 846 3424 882 :
3457 839 3511 885 et
3545 839 3788 885 creatum
3819 845 3956 900 nega

2347 920 2620 976 diabolum
2652 930 2776 976 ante
2809 930 3049 991 tempora
3079 930 3131 976 et
3174 921 3371 977 saecula
3409 921 3737 978 substitisse.
3767 920 3980 977 Christ

2349 1022 2461 1068 tum
2494 1013 2724 1069 similem
2767 1013 2915 1068 Patri
2948 1027 3217 1068 memoras
3246 1030 3258 1067 :
3302 1027 3434 1083 nega
3464 1013 3530 1066 ad
3579 1011 3870 1082 imaginem
3902 1021 3962 1068 et

2348 1107 2756 1164 similitudinem
2812 1107 2907 1163 Dei
2955 1107 3233 1163 hominem
3287 1122 3408 1164 esse
3455 1108 3708 1176 coepisse.
3768 1107 3960 1165 Solum

2349 1198 2564 1254 Christo
2615 1199 2758 1270 quod
2809 1210 2892 1255 est
2938 1199 3196 1270 denegas;
3231 1215 3298 1256 ne
3328 1199 3470 1256 Deus
3510 1215 3670 1255 verus
3714 1208 3772 1255 et
3803 1202 3961 1256 unius

2352 1304 2473 1346 cum
2507 1291 2666 1346 Patre
2709 1290 3005 1346 divinitatis
3036 1302 3198 1361 atque
3246 1291 3564 1346 substantiae
3609 1291 3700 1346 sit.
3734 1291 3804 1346 Et
3831 1293 3965 1348 soli-

2357 1393 2440 1438 tus
2467 1398 2527 1439 es
2576 1398 2685 1439 una
2728 1398 2851 1439 cum
2903 1383 3173 1454 magistris
3220 1383 3326 1438 tuis
3371 1400 3458 1440 me
3510 1383 3822 1440 lmreticum
3873 1401 3966 1441 ar-

2355 1491 2520 1545 guere
2550 1493 2564 1530 :
2594 1490 2828 1546 expone,
2858 1475 3054 1548 quibus
3075 1485 3228 1547 potes
3256 1476 3472 1542 litteris,
3503 1476 3800 1547 impietatis
3826 1493 3964 1534 mea:

2357 1584 2597 1637 causam,
2625 1579 2680 1626 et
2703 1568 3157 1640 blasphemiarum
3182 1585 3427 1624 mearum
3456 1569 3668 1624 titulum
3697 1585 3965 1641 preponc.

2359 1660 2484 1714 Mihi
2513 1672 2690 1716 autem
2722 1663 3068 1718 antichristus
3089 1673 3173 1717 est
3200 1661 3310 1729 ille,
3353 1663 3443 1732 qui
3475 1661 3631 1717 unius
3660 1661 3964 1719 divinitatis

650 1757 719 1814 de
752 1758 1057 1814 Mediolano
1089 1756 1379 1828 proficisci,
1411 1770 1534 1812 cum
1563 1753 1900 1812 consistendi
1939 1753 2069 1810 mihi
2110 1754 2163 1809 in
2194 1768 2256 1809 ea
2285 1756 2334 1818 B
2361 1767 2481 1809 esse
2509 1753 2707 1810 Filium
2737 1769 2858 1810 cum
2907 1754 3067 1809 Patre
3109 1769 3214 1810 non
3243 1754 3536 1810 conﬁtetur
3566 1773 3579 1808 :
3610 1755 3809 1824 quique
3855 1773 3964 1810 non

651 1848 822 1906 invito
844 1865 971 1921 rege
995 1849 1145 1904 nulla
1173 1857 1320 1905 esset
1347 1849 1600 1905 libertas.

725 1942 812 2000 10.
856 1942 984 1998 Haec
1013 1942 1195 2014 igitur,
1237 1941 1479 2008 Fratres,
1517 1940 1712 2011 quibus
1754 1940 1850 1995 Dei
1891 1938 2162 2009 judicium
2205 1938 2258 1994 in

655 2044 805 2093 metu
835 2044 941 2102 est,
987 2035 1060 2090 ita
1106 2042 1258 2106 gesta
1304 2037 1426 2090 esse
1454 2033 1720 2104 significo.
1773 2032 2074 2088 Auxentius
2117 2032 2262 2103 quod

657 2144 858 2201 negare
882 2129 1083 2194 timuit,
1116 2127 1288 2181 noluit
1325 2126 1570 2182 confiteri
1603 2143 1616 2181 :
1649 2141 1773 2182 nam
1801 2125 2157 2197 expositionis
2183 2125 2264 2196 ip-

654 2223 769 2277 sius
797 2221 1047 2291 exempla
1090 2219 1317 2290 subieci.
1369 2219 1425 2276 Si
1460 2220 1602 2276 idem
1649 2220 1886 2290 scripsit,
1926 2219 2136 2290 arguite
2167 2217 2266 2272 fal-

663 2313 912 2369 lentem:
967 2313 1013 2368 si
1069 2327 1201 2368 vero
1250 2310 1396 2367 aliud
1423 2311 1552 2385 (Ms.
1608 2309 1766 2367 Corn.
1818 2312 1999 2383 aliter)
2047 2311 2267 2383 scripsit

656 2421 818 2477 quam
861 2406 1140 2477 professus
1189 2416 1294 2472 est,
1345 2405 1637 2475 intelligite
1673 2407 1786 2476 jam
1835 2406 2114 2461 Christum
2168 2421 2267 2476 per

655 2514 779 2556 eum
807 2498 995 2567 alium,
1022 2499 1076 2555 id
1097 2509 1201 2566 est,
1229 2498 1600 2554 antichristum
1630 2497 1933 2569 praedicari.
1966 2497 2118 2553 Lusit
2147 2497 2268 2568 qui-

659 2591 785 2649 dem
815 2592 906 2648 ille
936 2591 1141 2658 verbis,
1169 2591 1367 2663 quibus
1396 2593 1565 2660 possit
1612 2591 1798 2648 fallere
1825 2601 1880 2649 et
1905 2592 2141 2661 electos;
2171 2591 2267 2649 sed

661 2692 812 2755 patet
838 2683 1134 2755 impietatis
1165 2692 1328 2739 tantae
1358 2683 1648 2754 professio.

635 2765 638 2768 ’
732 2777 820 2833 11.
864 2776 1107 2833 Auxentii
1140 2777 1361 2848 perﬁdia
1403 2777 1699 2849 exponitur.
1742 2775 2005 2849 «Negat
2044 2793 2104 2835 se
2131 2777 2269 2836 duos

661 2869 794 2926 deos
822 2871 1142 2941 prmdicare,
1171 2871 1295 2941 quia
1344 2884 1451 2925 non
1479 2868 1587 2925 duo
1634 2877 1816 2939 patres
1855 2879 1999 2926 sunt.
2030 2870 2162 2939 Quis
2190 2885 2270 2926 se-

661 2962 900 3017 cundum
923 2963 1039 3018 haec
1085 2976 1191 3017 non
1219 2961 1404 3028 ,videt,
1439 2967 1596 3017 unius
1629 2961 1723 3018 Dei
1769 2962 2162 3018 confessionem
2191 2962 2272 3017 id-

659 3055 807 3108 circo
834 3063 1041 3110 tantum
1071 3053 1221 3108 Patri
1251 3056 1526 3125 propriam
1565 3069 1708 3120 esse,
1740 3055 1864 3125 quia
1893 3055 2040 3110 solus
2081 3054 2271 3110 esset?

2365 1846 2438 1900 ita
2485 1862 2653 1902 unum
2693 1863 2884 1902 verum
2914 1847 3082 1902 Deum
3129 1848 3342 1903 Patrem
3377 1847 3654 1918 praedicat,
3685 1859 3742 1903 ut
3770 1849 3972 1904 veritas

2362 1954 2574 2010 quoque
2599 1939 2894 1995 divinitatis
2921 1955 3026 1995 non
3074 1940 3405 2010 intelligatur
3431 1941 3484 1994 in
3515 1940 3676 1995 Filio.
3724 1941 3784 1998 Si
3809 1942 3973 1998 unius

2365 2031 2660 2087 divinitatis
2691 2032 2941 2089 Christus
2984 2043 3038 2088 et
3069 2033 3212 2088 Deus
3239 2041 3386 2100 sunt,
3416 2047 3515 2088 cur
3547 2032 3650 2089 hoc
3681 2050 3787 2089 non
3839 2035 3976 2090 sim-

2365 2124 2577 2194 pliciter
2601 2124 2903 2195 scripsisti?
2927 2123 2984 2180 Si
3014 2125 3106 2180 tibi
3139 2139 3245 2180 non
3277 2131 3423 2190 sunt,
3450 2138 3546 2179 cur
3570 2124 3675 2181 hoc
3703 2142 3808 2182 non
3834 2125 3974 2182 sitn-

2367 2217 2580 2288 pliciter
2600 2215 2876 2287 denegasti
2898 2215 2922 2268 ?

2441 2307 2526 2362 12.
2571 2306 2822 2364 Ecclesia:
2865 2309 3117 2380 parietum
3160 2327 3223 2365 ne
3265 2311 3454 2367 nimius
3496 2312 3561 2366 sit
3591 2325 3752 2366 amor.
3782 2309 3984 2366 —Ar-

2369 2415 2564 2456 canum
2598 2401 2758 2472 igitur
2803 2411 2912 2457 tam
2959 2402 3200 2472 pestiferi
3248 2403 3489 2475 mysterii
3516 2413 3810 2474 Optassem,
3844 2403 3985 2458 Fra-

2371 2502 2500 2559 tres,
2533 2493 2648 2565 ipse
2675 2495 2855 2564 potius
2897 2509 3057 2565 quam
3087 2510 3184 2564 per
3224 2495 3436 2552 litteras
3464 2496 3710 2552 revelare
3733 2538 3747 2562 ,
3775 2505 3832 2551 et
3858 2511 3946 2550 om
3965 2526 3982 2536 -

2370 2602 2466 2642 nes
2495 2585 2858 2657 blasphemias
2909 2587 3162 2642 Auxentii
3195 2588 3378 2644 verbis
3423 2588 3648 2659 singulis
3677 2588 3977 2659 explicare.

2371 2679 2572 2737 Verum
2602 2681 2727 2751 quia
2768 2681 2820 2735 id
2859 2695 2966 2736 non
2997 2681 3156 2748 licet,
3199 2681 3393 2737 saltem
3433 2680 3802 2752 unusquisque
3830 2679 3979 2751 quod

2373 2772 2474 2828 sibi
2501 2773 2657 2829 liceat
2687 2771 2969 2842 intelligat.
3005 2771 3167 2826 Multa
3191 2771 3292 2825 alia
3323 2770 3570 2842 proferre
3599 2771 3861 2827 Ecclesia:
3887 2787 3978 2827 me

2374 2865 2548 2935 pudor
2595 2864 2822 2932 inhibet,
2872 2873 2929 2920 et
2973 2865 3314 2920 committere
3360 2863 3606 2934 epistolae
3647 2865 3982 2920 Arianorum

2374 2959 2830 3029 blasphemiarum
2861 2958 3131 3013 dedecora
3161 2957 3504 3027 pertimesco.
3542 2957 3715 3013 Unum
3745 2971 3979 3011 moneo:

2374 3061 2558 3108 cavete
2587 3051 2960 3108 antichristum
2986 3052 3151 3123 600
3181 3069 3193 3104 :
3227 3051 3367 3106 male
3396 3051 3540 3106 enim
3574 3067 3668 3104 vos
3711 3049 3981 3119 parietum

663 3146 826 3220 599
853 3147 1002 3204 Unde
1029 3156 1083 3203 et
1115 3147 1205 3202 ille
1219 3156 1423 3202 satanas
1448 3147 1523 3218 (ε)
1553 3147 1723 3217 stylus
1749 3147 1955 3202 exstitit
1983 3145 2270 3202 :Novintus
2297 3136 2342 3199 C
2375 3159 2528 3199 amor
2547 3145 2706 3213 cepit,
2729 3144 2868 3201 male
2913 3144 3210 3199 Ecclesium
3241 3142 3335 3198 Dei
3367 3143 3418 3197 in
3450 3142 3603 3198 tectis
3631 3141 3986 3212 aedificiisque

662 3255 821 3294 unum
851 3237 1018 3293 solum
1041 3254 1213 3293 verum
1252 3236 1416 3291 Deum
1461 3247 1676 3308 patrem.
1711 3235 1780 3291 Et
1824 3247 1946 3307 post
1975 3237 2266 3294 malevolus

663 3328 1106 3400 significationes,
1140 3327 1399 3396 Similem,
1439 3328 1629 3400 inquit,
1663 3330 1944 3384 secundum
1966 3330 2268 3401 Scripturas

664 3419 863 3477 Filium
892 3423 1110 3494 genitori
1139 3439 1233 3478 suo
1258 3424 1414 3494 patri.
1450 3423 1505 3480 Si
1547 3439 1770 3493 usquam
1807 3424 1860 3479 in
1889 3425 2087 3481 sanctis
2110 3425 2266 3480 volu-

665 3512 901 3568 minibus
932 3515 1034 3568 hoc
1076 3514 1330 3586 scriptum
1361 3524 1463 3581 est,
1513 3513 1677 3570 habet
1701 3515 2025 3570 innocentia:
2063 3516 2272 3586 profes-

665 3609 898 3664 sionem.
929 3607 982 3664 Si
1013 3608 1090 3681 (ά)
1123 3624 1250 3664 vero
1279 3608 1507 3664 veritate
1550 3608 1843 3665 divinitatis
1872 3609 2039 3664 Filius
2079 3620 2132 3666 et
2170 3612 2272 3666 Pa-

665 3711 748 3759 ter
776 3719 942 3758 unum
987 3711 1132 3772 sunt,
1181 3703 1307 3775 quid
1352 3702 1721 3759 similitudinis
1751 3703 2061 3775 imperfecta
2088 3705 2271 3775 opinio

663 3795 1002 3852 antefertur?
1036 3795 1214 3867 Imago
1244 3795 1460 3866 quidem
1493 3796 1586 3851 Dei
1607 3795 1851 3851 Christus
1877 3806 1960 3852 est
1991 3796 2139 3871 (Vid.
2177 3797 2268 3852 lib.

668 3888 723 3941 in
751 3885 1020 3942 Constant.
1065 3905 1118 3942 η.
1149 3886 1244 3958 20)
1281 3905 1294 3940 :
1327 3887 1422 3943 sed
1453 3898 1506 3943 et
1537 3887 1811 3943 hominem
1858 3887 2146 3957 imaginem
2176 3889 2271 3946 Dei

669 3996 794 4036 esse
819 3996 926 4036 non
956 3980 1177 4037 dubium
1218 3991 1298 4037 est
1324 4023 1339 4048 ,
1369 3996 1492 4037 cum
1522 3981 1588 4037 ad
1619 3981 1907 4053 imaginem
1939 3992 1994 4038 et
2022 3982 2274 4039 similitu-

665 4070 848 4128 dinem
895 4072 986 4127 Dei
1045 4071 1216 4128 Adam
1262 4072 1435 4128 factus
1487 4075 1576 4129 sit.
1629 4073 1770 4141 Quid
1819 4086 1893 4140 tu,
1930 4074 2105 4130 haeres
2131 4076 2269 4142 Arii,

667 4161 886 4220 Christo
913 4174 1120 4221 tantum
1152 4176 1336 4221 nostra
1381 4167 1678 4224 concedis?
1704 4167 1845 4235 Quid
1887 4167 2111 4241 Regem,
2143 4169 2270 4240 quid

668 4257 932 4325 Comites,
965 4259 1093 4330 quid
1124 4258 1221 4315 Dei
1253 4260 1573 4328 Ecclesium,
1599 4263 1766 4334 patris
1798 4263 1893 4330 tui,
1921 4264 1973 4318 id
1993 4273 2094 4331 est,
2127 4276 2274 4320 sata-

743 4395 825 4469 (a)
891 4394 1057 4469 Carn.
1105 4407 1166 4469 et
1217 4398 1397 4466 Colh.,

671 4467 946 4534 Auxentii,
975 4485 1030 4549 ηε
1057 4468 1416 4549 14-ευξνοριεν
1428 4467 1635 4549 quodet
1652 4491 1819 4549 unam,
1831 4475 2070 4549 deitatem
2087 4480 2276 4549 prtuli-

671 4555 848 4594 eamus
877 4553 895 4594 :
919 4541 1110 4610 quibus
1139 4540 1330 4597 Filium
1361 4561 1390 4597 a
1415 4543 1694 4601 divinitate
1722 4546 1916 4603 callide
1943 4540 2201 4606 excludit.

744 4633 819 4707 (b)
845 4633 916 4707 _ln
953 4633 1172 4707 duobus,
1190 4649 1321 4690 mss.
1359 4638 1605 4702 nomina;
1632 4654 1695 4694 ac
1723 4639 2151 4699 deindetlarnut.
2180 4660 2276 4700 co-

674 4703 807 4772 defx,
833 4704 944 4760 Deo
963 4715 1117 4774 atque
1153 4706 1442 4762 hominibus
1479 4709 1632 4762 illudi
1663 4727 1681 4764 :
1711 4720 1820 4765 tum
1870 4728 1992 4768 cum
2023 4730 2126 4771 ms.
2154 4717 2274 4774 bas.

675 4774 796 4832 Vat.
815 4818 830 4844 ,
859 4778 922 4831 de
952 4775 1288 4843 Mediolanio,
1323 4793 1429 4832 non
1453 4777 1516 4832 de
1546 4778 1864 4837 Mediolano.

748 4865 820 4937 (c)
853 4866 907 4921 In
930 4868 1173 4949 quinque
1229 4883 1360 4949 mss.
1414 4869 1554 4937 ﬁlius
1611 4874 1821 4949 exstitit.
1875 4874 2101 4932 Satanas
2152 4879 2275 4949 qui-

675 4935 824 5016 dem,
854 4935 980 5016 quia
1015 4935 1282 4995 mendacii
1311 4935 1500 5016 auctor
1537 4951 1592 4996 et
1623 4943 1889 5016 fallacium
1924 4963 2118 5015 parens
2159 4935 2272 5016 ést,

676 5007 930 5088 Auxeniii
953 5020 1106 5088 pater
1132 5025 1255 5065 mox
1283 5013 1605 5088 praedicatur
1622 5031 1635 5068 :
1652 5015 1751 5088 sed,
1777 5017 1864 5088 hic
1880 5007 1983 5072 vox
1995 5020 2136 5088 [ilius
2149 5007 2272 5076 cum

675 5079 1129 5160 subsequentibus
1155 5079 1430 5160 nonsatis
1458 5083 1716 5160 cohaeret.
1728 5087 1877 5160 _Tum
1920 5088 1977 5143 in
1995 5079 2236 5160 'vulgatis
2255 5134 2269 5156 ,

678 5148 818 5206 Novi
848 5148 1027 5207 unum.
1077 5153 1294 5210 Rectius
1338 5155 1392 5209 in
1440 5157 1825 5214 vetustioribus
1851 5174 1984 5216 mss.
2021 5148 2275 5216 Nobimus

677 5237 834 5302 unum
860 5239 878 5276 :
906 5223 1021 5302 haec
1049 5226 1379 5302 enimverba
1397 5266 1415 5294 ,
1444 5227 1581 5282 sicut
1611 5237 1665 5283 et
1692 5231 2093 5302 subsequentia.
2127 5234 2274 5287 simi-

678 5293 779 5348 lent
797 5295 1076 5368 secundum
1100 5293 1424 5368 Scripturas,
1448 5307 1555 5353 etc.
1583 5340 1597 5364 ,
1622 5311 1746 5355 sunt
1771 5293 2014 5358 formulae
2045 5293 2275 5359 Arimini

679 5374 774 5442 seu
799 5364 996 5442 Nicaeae
1024 5367 1078 5423 in
1120 5364 1358 5442 _Tltracia
1383 5369 1577 5437 editae,
1627 5371 1782 5442 cujus
1827 5389 1886 5430 se
1935 5373 2275 5432 defensorem

679 5438 981 5493 Auxentius
1009 5439 1315 5509 profitetur.

752 5525 834 5610 _(d)
873 5527 1130 5611 lix-Iussi
1148 5541 1433 5611 revocatur
1470 5534 1729 5611 particula
1758 5551 1895 5602 vero,
1930 5539 2282 5611 qua‘perspi-

679 5599 834 5680 cpio!
857 5600 927 5656 sit
948 5599 1427 5680 Hilarjisententia
1458 5599 1647 5680 :'_puta,
1673 5608 1717 5662 si
1746 5599 1930 5663 contra
1947 5599 2011 5665 in
2039 5599 2282 5680 S'cript'u-

680 5670 757 5725 ris
787 5670 959 5755 Ρειιθς⁸
985 5683 1038 5728 et
1082 5672 1442 5755 Filius_unu_m
1471 5670 1724 5755 dicuntur
1773 5687 1980 5738 naturae
2030 5670 2281 5752 veritate,

683 5758 789 5799 non
819 5743 1196 5815 qualicumque
1224 5746 1611 5804 similitudine.

1467 4401 1585 4470 ﬁlii.
1658 4402 1755 4458 Hic
1805 4413 2063 4461 notantur
2110 4405 2351 4468 verbaD

2375 3236 2714 3290 veneramini
2733 3275 2749 3302 ,
2771 3236 2909 3290 male
2931 3235 3034 3290 sub
3059 3233 3142 3290 his
3175 3233 3322 3304 pacis
3348 3249 3543 3290 nomen
3577 3234 3820 3305 ingeritis
3851 3235 3985 3302 (luce

2374 3330 2494 3383 citat
2526 3326 2830 3395 Facundos,
2864 3329 3053 3400 Spieil.
3106 3338 3142 3382 t.
3181 3344 3272 3394 ιιι,
3306 3345 3358 3397 p.
3414 3327 3561 3396 118).
3611 3327 3765 3383 Anne
3810 3326 3988 3381 ainbi-

2372 3437 2535 3493 guum
2560 3430 2662 3489 est,
2692 3423 2743 3476 in
2776 3421 2861 3476 his
2884 3420 3260 3476 antichristum
3291 3434 3411 3475 esse
3431 3418 3744 3475 sessui-nm?
3771 3417 3984 3474 Montes

2374 3515 2528 3581 mihi,
2561 3525 2617 3572 et
2644 3515 2831 3587 sylvae,
2861 3524 2915 3571 et
2943 3513 3016 3585 (ε)
3046 3515 3212 3580 lacus,
3237 3523 3292 3569 et
3314 3529 3583 3582 carceres,
3614 3523 3669 3567 et
3696 3514 3984 3584 voragines

2373 3617 2501 3662 sunt
2541 3609 2768 3663 tutiores
2803 3624 2815 3660 :
2849 3608 2901 3661 in
2928 3607 3012 3661 his
3039 3606 3182 3661 enim
3216 3605 3512 3675 prophetae,
3543 3613 3635 3659 aut
3663 3615 3943 3660 manentes
3965 3646 3982 3672 ,

2373 3711 2466 3756 aut
2491 3700 2752 3768 demersi,
2784 3700 2878 3756 Dei
2905 3699 3117 3770 spiritu
3149 3698 3561 3770 prephetabant.
3593 3697 3853 3753 Absistite
3885 3697 3986 3751 ita-

2371 3808 2476 3864 que
2504 3793 2571 3850 ab
2593 3792 2867 3849 Auxentio
2892 3799 3094 3846 satanze
3115 3792 3326 3860 angelo,
3361 3789 3517 3845 hoste
3545 3787 3773 3858 Christi,
3803 3798 3985 3844 vasta-

2379 3895 2498 3942 tore
2528 3885 2758 3955 perdito,
2796 3885 2920 3940 fidei
2954 3893 3210 3955 negatore
3239 3904 3251 3938 :
3284 3899 3444 3953 quam
3491 3883 3570 3937 sic
3596 3891 3676 3937 est
3705 3881 3818 3952 regi
3859 3896 3986 3952 pro-

2378 3979 2572 4047 fessus,
2607 3989 2664 4033 ut
2685 3977 2931 4043 falleret;
2964 3977 3042 4032 sic
3060 3976 3272 4042 fefellit,
3303 3985 3360 4030 ut
3391 3974 3809 4046 blasphemaret.
3841 3973 3986 4029 Con-

2375 4083 2561 4145 greget
2597 4088 2741 4130 nunc
2770 4071 2862 4127 ille
2889 4085 3022 4142 quas
3052 4071 3195 4126 volet
3233 4068 3286 4123 in
3320 4085 3404 4124 me
3433 4067 3693 4140 synodos,
3726 4077 3780 4124 et
3809 4068 3986 4123 haere-

2378 4170 2540 4226 ticum
2572 4185 2680 4236 me,
2714 4177 2772 4224 ut
2813 4181 2965 4237 stcpe
2990 4166 3102 4237 jam
3132 4165 3278 4231 fecit,
3325 4163 3542 4234 publico
3574 4163 3727 4218 titulo
3748 4163 3988 4235 proscri-

2374 4264 2486 4330 bat,
2519 4270 2575 4318 et
2599 4269 2852 4332 quantam
2876 4259 3027 4315 volet
3056 4259 3188 4312 iram
3237 4257 3290 4311 in
3337 4271 3425 4312 me
3450 4255 3753 4326 potentium
3791 4253 3987 4309 molia-

2459 4405 2535 4476 (e)
2573 4403 2702 4459 Mss.
2746 4416 2959 4476 summo
2988 4414 3289 4476 consensu,
3342 4399 3490 4453 lucus
3518 4413 3717 4467 :quam
3768 4412 3983 4476 vocem,

2379 4470 2484 4533 nisi
2518 4470 2633 4530 luci
2682 4489 2786 4530 non
2825 4475 2968 4528 lucus
3019 4474 3290 4527 obtineret
3325 4481 3501 4526 rectus
3550 4484 3707 4524 casus
3737 4470 3981 4538 pluralis,

2420 4546 2639 4603 rmferre
2658 4546 2898 4601 licuisset
2927 4562 2942 4599 :
2967 4545 3119 4614 quasi
3147 4542 3451 4597 affectasset
3475 4540 3708 4614 illlarius
3735 4539 3986 4595 ecclesiis

2420 4565 2639 4603 rwterre
2660 4565 2898 4601 licuisset.
2927 4565 2942 4599 :
2967 4565 3119 4614 quuSI
3147 4565 3451 4597 allCClHSSCl
3475 4565 3708 4595 nuarlus
3735 4565 3986 4595 cucwsus

2380 4565 2762 4675 Raereticorum
2793 4617 3036 4686 ingressu
3081 4614 3300 4685 pollutis
3339 4612 3615 4686 gentilium
3659 4611 3810 4686 lucos
3847 4625 3986 4665 con-

2382 4689 2549 4754 ferre,
2603 4691 2712 4743 imo
2755 4682 3043 4742 anteferre.
3083 4682 3422 4753 Quamquam
3480 4683 3529 4738 si
3559 4697 3680 4754 cum
3717 4682 3797 4737 his
3827 4697 3983 4734 com-

2385 4752 2796 4832 paremusillud
2823 4756 3016 4832 capitis
3044 4773 3074 4812 ν
3101 4752 3151 4812 in
3181 4752 3367 4811 Matth.
3401 4771 3456 4809 n.
3495 4755 3519 4808 1
3556 4752 3665 4807 :ln
3704 4754 3842 4832 enini
3858 4754 3987 4832 loco

2386 4825 2585 4902 precem
2627 4830 2844 4900 fundere
2871 4825 3157 4902 educentur
3185 4843 3202 4880 :
3234 4837 3281 4902 et
3309 4836 3605 4902 sanctorum
3639 4825 3808 4902 oratio
3851 4829 3987 4902 inter

2383 4893 2539 4973 feras,
2569 4893 2817 4966 carceres,
2850 4901 3110 4969 ﬂammas,
3142 4908 3189 4951 et
3211 4898 3274 4951 de
3299 4897 3557 4973 profundo
3596 4896 3757 4948 maris
3783 4893 3987 4973 ac_bes-

2388 4965 2473 5027 lia:
2503 4965 2674 5027 uentre
2698 4965 2935 5041 suscepta
2962 4980 3072 5036 est;
3100 4965 3264 5041 patet
3299 4965 3646 5041 retinendum
3679 4981 3798 5021 esse
3828 4965 3987 5041 locus

2380 5044 2725 5118 vocabulum,
2755 5034 2927 5118 eoque
2953 5034 3227 5096 alludi'vei
3260 5039 3328 5118 ad
3356 5037 3679 5118 profundum
3705 5037 3893 5101 maris,
3929 5039 3983 5118 in

2381 5115 2522 5186 quod
2551 5115 2716 5170 Jonas
2744 5107 3025 5186 demersus
3050 5122 3182 5186 est;
3211 5111 3295 5166 vel
3313 5107 3394 5186 ad
3424 5107 3907 5186 lacum_leonuni1
3928 5108 3985 5163 in

2382 5179 2541 5257 quem
2587 5186 2833 5257 dejectns
2856 5183 3093 5257 _Daniel,
3120 5199 3184 5257 ac
3212 5183 3418 5257 positus
3445 5179 3987 5257 inter_feras_,_a_Deo

2383 5250 2579 5328 respici
2612 5250 2830 5328 meruit.
2855 5254 2970 5310 Huc
3010 5250 3261 5328 conferre
3292 5254 3437 5328 licet,
3466 5250 3610 5328 quod
3639 5250 3821 5328 scribit
3842 5251 3985 5328 _[_)_io-

2388 5320 2571 5400 nysius
2593 5327 2912 5400 Alexandr,
2943 5327 3084 5400 apud
3109 5324 3300 5400 Euseb.
3323 5321 3678 5400 edit.Y_ales.,
3703 5320 3776 5375 lib
3800 5337 3813 5374 I
3841 5321 3984 5376 Hist.

2389 5396 2610 5455 E'ccl.c.
2642 5399 2753 5452 2'2:
2787 5396 2913 5453 Cum
2959 5396 3056 5452 s'oli
3099 5397 3160 5450 ob
3204 5397 3434 5451 omnibus
3481 5397 3782 5463 [agerentur
3835 5403 3988 5461 atque

2387 5473 2832 5543 opprimerentur,
2893 5469 3224 5543 nihilominus
3274 5477 3392 5543 tunc
3433 5481 3628 5535 quoque
3663 5465 3840 5543 .[eslos
3874 5465 3988 5535 egi-

2388 5536 2501 5596 mus
2548 5542 2674 5594 dies.
2725 5540 2902 5605 Quivis
2929 5541 3146 5611 denique
3169 5539 3332 5605 locus,
3369 5540 3422 5591 in
3449 5553 3551 5611 quo
3599 5536 3766 5589 varias
3792 5551 3992 5611 ternm-

2389 5630 2482 5667 nas
2525 5611 2824 5684 singillatim
2871 5607 3207 5684 pertulimus;
3257 5627 3399 5682 ager,
3437 5609 3677 5684 inquam,
3726 5607 3988 5671 solitudo,

2390 5685 2552 5752 navis,
2574 5682 2852 5750 stabulum,
2871 5680 3075 5753 carcer,
3102 5685 3266 5740 instar
3289 5680 3466 5753 templi
3481 5681 3550 5736 ad
3573 5693 3745 5735 saeros
3770 5693 3995 5734 conven-

2391 5764 2470 5810 tus
2500 5755 2816 5829 peragendos
2847 5755 2967 5826 fuit.
