  <div class='ocr_page' id='page_1' title='image "/cluster/home/n/w/nwhite01/storage/ocr_20150623/10/hvd.32044096580386/314.png"; bbox 0 0 4270 6264; ppageno 0'>
   <div class='ocr_carea' id='block_1_1' title="bbox 426 276 531 330">
    <p class='ocr_par' dir='ltr' id='par_1_1' title="bbox 426 276 531 330">
     <span class='ocr_line' id='line_1_1' title="bbox 426 276 531 330; baseline 0 -1"><span class='ocrx_word' id='word_1_1' title='bbox 426 276 531 330; x_wconf 74' lang='grc'><strong>617</strong></span> 
     </span>
    </p>
   </div>
   <div class='ocr_carea' id='block_1_2' title="bbox 1620 271 2606 334">
    <p class='ocr_par' dir='ltr' id='par_1_2' title="bbox 1620 271 2606 334">
     <span class='ocr_line' id='line_1_2' title="bbox 1620 271 2606 334; baseline 0.003 -6"><span class='ocrx_word' id='word_1_2' title='bbox 1620 272 1825 329; x_wconf 72' lang='lat' dir='ltr'><strong>LIBER</strong></span> <span class='ocrx_word' id='word_1_3' title='bbox 1861 271 2136 329; x_wconf 77' lang='lat' dir='ltr'><strong>CONTRA</strong></span> <span class='ocrx_word' id='word_1_4' title='bbox 2176 272 2606 334; x_wconf 81' lang='lat' dir='ltr'><strong>AUXENTIUM.</strong></span> 
     </span>
    </p>
   </div>
   <div class='ocr_carea' id='block_1_3' title="bbox 3630 289 3736 348">
    <p class='ocr_par' dir='ltr' id='par_1_3' title="bbox 3630 289 3736 348">
     <span class='ocr_line' id='line_1_3' title="bbox 3630 289 3736 348; baseline 0.019 -3"><span class='ocrx_word' id='word_1_5' title='bbox 3630 289 3736 348; x_wconf 79' lang='grc'><strong>618</strong></span> 
     </span>
    </p>
   </div>
   <div class='ocr_carea' id='block_1_4' title="bbox 425 388 3734 469">
    <p class='ocr_par' dir='ltr' id='par_1_4' title="bbox 425 388 3734 469">
     <span class='ocr_line' id='line_1_4' title="bbox 425 388 3734 469; baseline 0.002 -21"><span class='ocrx_word' id='word_1_6' title='bbox 425 404 511 450; x_wconf 90' lang='lat' dir='ltr'><strong>tur</strong></span> <span class='ocrx_word' id='word_1_7' title='bbox 545 410 558 446; x_wconf 88' lang='lat'>:</span> <span class='ocrx_word' id='word_1_8' title='bbox 593 391 723 446; x_wconf 90' lang='lat' dir='ltr'><strong>mihi</strong></span> <span class='ocrx_word' id='word_1_9' title='bbox 770 399 917 445; x_wconf 89' lang='lat' dir='ltr'><strong>certe</strong></span> <span class='ocrx_word' id='word_1_10' title='bbox 944 388 1038 445; x_wconf 92' lang='lat' dir='ltr'><strong>ille</strong></span> <span class='ocrx_word' id='word_1_11' title='bbox 1069 405 1359 460; x_wconf 89' lang='lat' dir='ltr'><strong>numquam</strong></span> <span class='ocrx_word' id='word_1_12' title='bbox 1400 388 1546 444; x_wconf 89' lang='lat' dir='ltr'><strong>aliud</strong></span> <span class='ocrx_word' id='word_1_13' title='bbox 1582 406 1741 458; x_wconf 89' lang='lat' dir='ltr'><strong>quam</strong></span> <span class='ocrx_word' id='word_1_14' title='bbox 1773 390 2021 446; x_wconf 80' lang='lat' dir='ltr'><strong>diabolus</strong></span> <span class='ocrx_word' id='word_1_15' title='bbox 2049 395 2103 456; x_wconf 77' lang='grc' dir='ltr'><strong>Α</strong></span> <span class='ocrx_word' id='word_1_16' title='bbox 2127 391 2385 461; x_wconf 90' lang='lat' dir='ltr'><strong>scriptum</strong></span> <span class='ocrx_word' id='word_1_17' title='bbox 2410 399 2492 447; x_wconf 87' lang='lat' dir='ltr'><strong>est</strong></span> <span class='ocrx_word' id='word_1_18' title='bbox 2517 392 2568 446; x_wconf 92' lang='lat' dir='ltr'><strong>in</strong></span> <span class='ocrx_word' id='word_1_19' title='bbox 2600 392 2891 462; x_wconf 80' lang='lat' dir='ltr'><strong>Evangelia</strong></span> <span class='ocrx_word' id='word_1_20' title='bbox 2919 410 2931 445; x_wconf 91' lang='lat'><strong>:</strong></span> <span class='ocrx_word' id='word_1_21' title='bbox 2958 391 3090 448; x_wconf 61' lang='lat' dir='ltr'><strong>Haec</strong></span> <span class='ocrx_word' id='word_1_22' title='bbox 3110 402 3182 449; x_wconf 85' lang='lat' dir='ltr'><strong>est</strong></span> <span class='ocrx_word' id='word_1_23' title='bbox 3203 406 3372 450; x_wconf 85' lang='lat' dir='ltr'><strong>autem</strong></span> <span class='ocrx_word' id='word_1_24' title='bbox 3396 396 3499 453; x_wconf 84' lang='lat' dir='ltr'><strong>vita</strong></span> <span class='ocrx_word' id='word_1_25' title='bbox 3519 411 3734 469; x_wconf 77' lang='grc' dir='ltr'><strong>ωιρνηα,</strong></span> 
     </span>
    </p>
   </div>
   <div class='ocr_carea' id='block_1_5' title="bbox 424 482 2031 554">
    <p class='ocr_par' dir='ltr' id='par_1_5' title="bbox 424 482 2031 554">
     <span class='ocr_line' id='line_1_5' title="bbox 424 482 2031 554; baseline -0.002 -14"><span class='ocrx_word' id='word_1_26' title='bbox 424 486 563 552; x_wconf 90' lang='lat' dir='ltr'><strong>erit,</strong></span> <span class='ocrx_word' id='word_1_27' title='bbox 610 483 732 554; x_wconf 91' lang='lat' dir='ltr'><strong>quia</strong></span> <span class='ocrx_word' id='word_1_28' title='bbox 784 483 1018 537; x_wconf 84' lang='lat' dir='ltr'><strong>Arianus</strong></span> <span class='ocrx_word' id='word_1_29' title='bbox 1043 491 1126 537; x_wconf 87' lang='lat' dir='ltr'><strong>est</strong></span> <span class='ocrx_word' id='word_1_30' title='bbox 1162 499 1174 534; x_wconf 90' lang='lat'><strong>:</strong></span> <span class='ocrx_word' id='word_1_31' title='bbox 1206 497 1380 552; x_wconf 85' lang='lat' dir='ltr'><strong>neque</strong></span> <span class='ocrx_word' id='word_1_32' title='bbox 1414 497 1515 552; x_wconf 78' lang='lat' dir='ltr'><strong>pax</strong></span> <span class='ocrx_word' id='word_1_33' title='bbox 1562 482 1867 550; x_wconf 88' lang='lat' dir='ltr'><strong>aliquorum</strong></span> <span class='ocrx_word' id='word_1_34' title='bbox 1910 499 2031 537; x_wconf 91' lang='lat' dir='ltr'><strong>um-</strong></span> 
     </span>
    </p>
   </div>
   <div class='ocr_carea' id='block_1_6' title="bbox 422 575 2028 649">
    <p class='ocr_par' dir='ltr' id='par_1_6' title="bbox 422 575 2028 649">
     <span class='ocr_line' id='line_1_6' title="bbox 422 575 2028 649; baseline -0.001 -16"><span class='ocrx_word' id='word_1_35' title='bbox 422 593 584 649; x_wconf 91' lang='lat' dir='ltr'><strong>quam</strong></span> <span class='ocrx_word' id='word_1_36' title='bbox 630 576 923 646; x_wconf 76' lang='lat' dir='ltr'><strong>optabitur,</strong></span> <span class='ocrx_word' id='word_1_37' title='bbox 959 575 1058 631; x_wconf 84' lang='lat' dir='ltr'><strong>nisi</strong></span> <span class='ocrx_word' id='word_1_38' title='bbox 1089 590 1301 643; x_wconf 89' lang='lat' dir='ltr'><strong>eorum,</strong></span> <span class='ocrx_word' id='word_1_39' title='bbox 1352 577 1440 646; x_wconf 87' lang='lat' dir='ltr'><strong>qui</strong></span> <span class='ocrx_word' id='word_1_40' title='bbox 1471 576 1768 632; x_wconf 89' lang='lat' dir='ltr'><strong>secundum</strong></span> <span class='ocrx_word' id='word_1_41' title='bbox 1821 587 2028 647; x_wconf 89' lang='lat' dir='ltr'><strong>patrum</strong></span> 
     </span>
    </p>
   </div>
   <div class='ocr_carea' id='block_1_7' title="bbox 422 668 2031 741">
    <p class='ocr_par' dir='ltr' id='par_1_7' title="bbox 422 668 2031 741">
     <span class='ocr_line' id='line_1_7' title="bbox 422 668 2031 741; baseline -0.002 -13"><span class='ocrx_word' id='word_1_42' title='bbox 422 682 731 728; x_wconf 88' lang='lat' dir='ltr'><strong>nostrorum</strong></span> <span class='ocrx_word' id='word_1_43' title='bbox 761 670 904 741; x_wconf 90' lang='lat' dir='ltr'><strong>apud</strong></span> <span class='ocrx_word' id='word_1_44' title='bbox 931 669 1167 726; x_wconf 60' lang='lat' dir='ltr'><strong>Nicaeam</strong></span> <span class='ocrx_word' id='word_1_45' title='bbox 1216 678 1525 734; x_wconf 90' lang='lat' dir='ltr'><strong>tractatum,</strong></span> <span class='ocrx_word' id='word_1_46' title='bbox 1554 668 2031 725; x_wconf 86' lang='lat' dir='ltr'><strong>anathematizatis</strong></span> 
     </span>
    </p>
   </div>
   <div class='ocr_carea' id='block_1_8' title="bbox 422 761 1920 836">
    <p class='ocr_par' dir='ltr' id='par_1_8' title="bbox 422 761 1920 836">
     <span class='ocr_line' id='line_1_8' title="bbox 422 761 1920 836; baseline -0.005 -12"><span class='ocrx_word' id='word_1_47' title='bbox 422 767 674 835; x_wconf 84' lang='lat' dir='ltr'><strong>Arianis,</strong></span> <span class='ocrx_word' id='word_1_48' title='bbox 696 765 972 822; x_wconf 78' lang='lat' dir='ltr'><strong>Christum</strong></span> <span class='ocrx_word' id='word_1_49' title='bbox 1002 765 1174 822; x_wconf 92' lang='lat' dir='ltr'><strong>Deum</strong></span> <span class='ocrx_word' id='word_1_50' title='bbox 1206 780 1393 821; x_wconf 90' lang='lat' dir='ltr'><strong>verum</strong></span> <span class='ocrx_word' id='word_1_51' title='bbox 1422 762 1813 836; x_wconf 67' lang='lat' dir='ltr'><strong>prmdicabunt.</strong></span> <span class='ocrx_word' id='word_1_52' title='bbox 1845 761 1920 835; x_wconf 91' lang='lat' dir='ltr'><strong>(a)</strong></span> 
     </span>
    </p>
   </div>
   <div class='ocr_carea' id='block_1_9' title="bbox 532 899 1929 980">
    <p class='ocr_par' dir='ltr' id='par_1_9' title="bbox 532 899 1929 980">
     <span class='ocr_line' id='line_1_9' title="bbox 532 899 1929 980; baseline -0.004 -20"><span class='ocrx_word' id='word_1_53' title='bbox 532 906 611 980; x_wconf 72' lang='grc' dir='ltr'><strong>(ὁ)</strong></span> <span class='ocrx_word' id='word_1_54' title='bbox 653 903 1038 962; x_wconf 80' lang='lat' dir='ltr'><strong>EXEMPLUM</strong></span> <span class='ocrx_word' id='word_1_55' title='bbox 1074 900 1534 960; x_wconf 70' lang='lat' dir='ltr'><strong>BLASPHEMUE</strong></span> <span class='ocrx_word' id='word_1_56' title='bbox 1573 899 1929 958; x_wconf 82' lang='lat' dir='ltr'><strong>AUXENTII.</strong></span> 
     </span>
    </p>
   </div>
   <div class='ocr_carea' id='block_1_10' title="bbox 422 1017 2027 1096">
    <p class='ocr_par' dir='ltr' id='par_1_10' title="bbox 422 1017 2027 1096">
     <span class='ocr_line' id='line_1_10' title="bbox 422 1017 2027 1096; baseline -0.004 -18"><span class='ocrx_word' id='word_1_57' title='bbox 422 1021 755 1079; x_wconf 87' lang='lat' dir='ltr'><strong>Beatissimis</strong></span> <span class='ocrx_word' id='word_1_58' title='bbox 808 1020 1303 1096; x_wconf 17' lang='lat' dir='ltr'><strong>etvgloriosissimis</strong></span> <span class='ocrx_word' id='word_1_59' title='bbox 1357 1019 1771 1091; x_wconf 82' lang='lat' dir='ltr'><strong>imperatoribus</strong></span> <span class='ocrx_word' id='word_1_60' title='bbox 1829 1017 2027 1073; x_wconf 80' lang='lat' dir='ltr'><strong>Valen-</strong></span> 
     </span>
    </p>
   </div>
   <div class='ocr_carea' id='block_1_11' title="bbox 497 1111 2028 1185">
    <p class='ocr_par' dir='ltr' id='par_1_11' title="bbox 497 1111 2028 1185">
     <span class='ocr_line' id='line_1_11' title="bbox 497 1111 2028 1185; baseline -0.003 -14"><span class='ocrx_word' id='word_1_61' title='bbox 497 1116 702 1171; x_wconf 83' lang='lat' dir='ltr'><strong>tiniano</strong></span> <span class='ocrx_word' id='word_1_62' title='bbox 739 1124 794 1171; x_wconf 90' lang='lat' dir='ltr'><strong>et</strong></span> <span class='ocrx_word' id='word_1_63' title='bbox 821 1113 1038 1170; x_wconf 79' lang='lat' dir='ltr'><strong>Valenti</strong></span> <span class='ocrx_word' id='word_1_64' title='bbox 1077 1113 1359 1185; x_wconf 76' lang='lat' dir='ltr'><strong>Augustis,</strong></span> <span class='ocrx_word' id='word_1_65' title='bbox 1401 1112 1713 1170; x_wconf 82' lang='lat' dir='ltr'><strong>Auxentius</strong></span> <span class='ocrx_word' id='word_1_66' title='bbox 1740 1111 2028 1183; x_wconf 88' lang='lat' dir='ltr'><strong>episcopus</strong></span> 
     </span>
    </p>
   </div>
   <div class='ocr_carea' id='block_1_12' title="bbox 494 1206 1675 1279">
    <p class='ocr_par' dir='ltr' id='par_1_12' title="bbox 494 1206 1675 1279">
     <span class='ocr_line' id='line_1_12' title="bbox 494 1206 1675 1279; baseline -0.006 -12"><span class='ocrx_word' id='word_1_67' title='bbox 494 1210 738 1267; x_wconf 70' lang='lat' dir='ltr'><strong>ecclesia:</strong></span> <span class='ocrx_word' id='word_1_68' title='bbox 770 1210 841 1279; x_wconf 77' lang='grc' dir='ltr'><strong>(ε)</strong></span> <span class='ocrx_word' id='word_1_69' title='bbox 864 1208 1146 1264; x_wconf 64' lang='lat' dir='ltr'><strong>catholicae</strong></span> <span class='ocrx_word' id='word_1_70' title='bbox 1170 1206 1675 1264; x_wconf 85' lang='lat' dir='ltr'><strong>Mediolanensium.</strong></span> 
     </span>
    </p>
   </div>
   <div class='ocr_carea' id='block_1_13' title="bbox 492 1320 2031 1393">
    <p class='ocr_par' dir='ltr' id='par_1_13' title="bbox 492 1320 2031 1393">
     <span class='ocr_line' id='line_1_13' title="bbox 492 1320 2031 1393; baseline -0.003 -12"><span class='ocrx_word' id='word_1_71' title='bbox 492 1327 582 1381; x_wconf 79' lang='grc'><strong>13.</strong></span> <span class='ocrx_word' id='word_1_72' title='bbox 624 1324 911 1380; x_wconf 70' lang='grc' dir='ltr'><strong>Αυπεηιὶιιε</strong></span> <span class='ocrx_word' id='word_1_73' title='bbox 942 1324 1209 1379; x_wconf 72' lang='grc' dir='ltr'><strong>Ιιίενειὶεηδ</strong></span> <span class='ocrx_word' id='word_1_74' title='bbox 1237 1322 1549 1393; x_wconf 77' lang='lat' dir='ltr'><strong>appellatus.</strong></span> <span class='ocrx_word' id='word_1_75' title='bbox 1598 1352 1671 1363; x_wconf 90' lang='lat'><strong>—-</strong></span> <span class='ocrx_word' id='word_1_76' title='bbox 1712 1339 1731 1373; x_wconf 82' lang='lat' dir='ltr'><strong>s</strong></span> <span class='ocrx_word' id='word_1_77' title='bbox 1768 1320 1882 1392; x_wconf 86' lang='lat' dir='ltr'><strong>Ego</strong></span> <span class='ocrx_word' id='word_1_78' title='bbox 1909 1321 2031 1392; x_wconf 89' lang='lat' dir='ltr'><strong>qui-</strong></span> 
     </span>
    </p>
   </div>
   <div class='ocr_carea' id='block_1_14' title="bbox 418 1416 2028 1487">
    <p class='ocr_par' dir='ltr' id='par_1_14' title="bbox 418 1416 2028 1487">
     <span class='ocr_line' id='line_1_14' title="bbox 418 1416 2028 1487; baseline -0.004 -14"><span class='ocrx_word' id='word_1_79' title='bbox 418 1417 564 1482; x_wconf 85' lang='lat' dir='ltr'><strong>dem,</strong></span> <span class='ocrx_word' id='word_1_80' title='bbox 589 1417 813 1487; x_wconf 89' lang='lat' dir='ltr'><strong>piissimi</strong></span> <span class='ocrx_word' id='word_1_81' title='bbox 843 1416 1222 1485; x_wconf 86' lang='lat' dir='ltr'><strong>Imperatores,</strong></span> <span class='ocrx_word' id='word_1_82' title='bbox 1256 1416 1467 1469; x_wconf 66' lang='lat' dir='ltr'><strong>aestimo</strong></span> <span class='ocrx_word' id='word_1_83' title='bbox 1482 1428 1591 1469; x_wconf 93' lang='lat' dir='ltr'><strong>non</strong></span> <span class='ocrx_word' id='word_1_84' title='bbox 1622 1420 1875 1485; x_wconf 83' lang='lat' dir='ltr'><strong>oportere</strong></span> <span class='ocrx_word' id='word_1_85' title='bbox 1905 1429 2028 1469; x_wconf 86' lang='lat' dir='ltr'><strong>sex-</strong></span> 
     </span>
    </p>
   </div>
   <div class='ocr_carea' id='block_1_15' title="bbox 416 1507 2028 1582">
    <p class='ocr_par' dir='ltr' id='par_1_15' title="bbox 416 1507 2028 1582">
     <span class='ocr_line' id='line_1_15' title="bbox 416 1507 2028 1582; baseline -0.004 -14"><span class='ocrx_word' id='word_1_86' title='bbox 416 1522 699 1569; x_wconf 89' lang='lat' dir='ltr'><strong>centorum</strong></span> <span class='ocrx_word' id='word_1_87' title='bbox 730 1512 1108 1582; x_wconf 88' lang='lat' dir='ltr'><strong>episcoporum</strong></span> <span class='ocrx_word' id='word_1_88' title='bbox 1139 1510 1401 1564; x_wconf 88' lang='lat' dir='ltr'><strong>unitatem</strong></span> <span class='ocrx_word' id='word_1_89' title='bbox 1435 1517 1559 1579; x_wconf 88' lang='lat' dir='ltr'><strong>post</strong></span> <span class='ocrx_word' id='word_1_90' title='bbox 1601 1516 1780 1562; x_wconf 82' lang='lat' dir='ltr'><strong>tantos</strong></span> <span class='ocrx_word' id='word_1_91' title='bbox 1810 1507 2028 1562; x_wconf 86' lang='lat' dir='ltr'><strong>labores</strong></span> 
     </span>
    </p>
   </div>
   <div class='ocr_carea' id='block_1_16' title="bbox 417 1598 2027 1674">
    <p class='ocr_par' dir='ltr' id='par_1_16' title="bbox 417 1598 2027 1674">
     <span class='ocr_line' id='line_1_16' title="bbox 417 1598 2027 1674; baseline -0.006 -12"><span class='ocrx_word' id='word_1_92' title='bbox 417 1621 485 1662; x_wconf 82' lang='lat' dir='ltr'><strong>ex</strong></span> <span class='ocrx_word' id='word_1_93' title='bbox 522 1604 871 1664; x_wconf 83' lang='lat' dir='ltr'><strong>contentione</strong></span> <span class='ocrx_word' id='word_1_94' title='bbox 901 1616 1195 1674; x_wconf 90' lang='lat' dir='ltr'><strong>paucorum</strong></span> <span class='ocrx_word' id='word_1_95' title='bbox 1235 1600 1514 1656; x_wconf 88' lang='lat' dir='ltr'><strong>hominum</strong></span> <span class='ocrx_word' id='word_1_96' title='bbox 1561 1599 1810 1656; x_wconf 86' lang='lat' dir='ltr'><strong>refricari</strong></span> <span class='ocrx_word' id='word_1_97' title='bbox 1840 1600 1921 1669; x_wconf 91' lang='lat' dir='ltr'><strong>(d)</strong></span> <span class='ocrx_word' id='word_1_98' title='bbox 1957 1598 2027 1653; x_wconf 89' lang='lat' dir='ltr'><strong>ab</strong></span> 
     </span>
    </p>
   </div>
   <div class='ocr_carea' id='block_1_17' title="bbox 418 1690 2028 1769">
    <p class='ocr_par' dir='ltr' id='par_1_17' title="bbox 418 1690 2028 1769">
     <span class='ocr_line' id='line_1_17' title="bbox 418 1690 2028 1769; baseline -0.004 -18"><span class='ocrx_word' id='word_1_99' title='bbox 418 1697 639 1769; x_wconf 76' lang='lat' dir='ltr'><strong>objectis</strong></span> <span class='ocrx_word' id='word_1_100' title='bbox 666 1705 793 1752; x_wconf 90' lang='lat' dir='ltr'><strong>ante</strong></span> <span class='ocrx_word' id='word_1_101' title='bbox 833 1710 1005 1750; x_wconf 90' lang='lat' dir='ltr'><strong>annos</strong></span> <span class='ocrx_word' id='word_1_102' title='bbox 1030 1695 1242 1760; x_wconf 88' lang='lat' dir='ltr'><strong>decem,</strong></span> <span class='ocrx_word' id='word_1_103' title='bbox 1272 1694 1415 1749; x_wconf 89' lang='lat' dir='ltr'><strong>sicut</strong></span> <span class='ocrx_word' id='word_1_104' title='bbox 1440 1704 1495 1748; x_wconf 89' lang='lat' dir='ltr'><strong>et</strong></span> <span class='ocrx_word' id='word_1_105' title='bbox 1537 1693 1739 1763; x_wconf 89' lang='lat' dir='ltr'><strong>scripta</strong></span> <span class='ocrx_word' id='word_1_106' title='bbox 1769 1690 2028 1747; x_wconf 83' lang='lat' dir='ltr'><strong>manifes-</strong></span> 
     </span>
    </p>
   </div>
   <div class='ocr_carea' id='block_1_18' title="bbox 2135 478 3736 559">
    <p class='ocr_par' dir='ltr' id='par_1_18' title="bbox 2135 478 3736 559">
     <span class='ocr_line' id='line_1_18' title="bbox 2135 478 3736 559; baseline 0.009 -26"><span class='ocrx_word' id='word_1_107' title='bbox 2135 478 2528 554; x_wconf 25' lang='lat' dir='ltr'><strong>ttt‘tognoscant</strong></span> <span class='ocrx_word' id='word_1_108' title='bbox 2555 494 2601 537; x_wconf 85' lang='lat' dir='ltr'><strong>te</strong></span> <span class='ocrx_word' id='word_1_109' title='bbox 2630 485 2797 538; x_wconf 82' lang='lat' dir='ltr'><strong>solum</strong></span> <span class='ocrx_word' id='word_1_110' title='bbox 2822 501 2993 538; x_wconf 84' lang='lat' dir='ltr'><strong>verum</strong></span> <span class='ocrx_word' id='word_1_111' title='bbox 3026 484 3192 539; x_wconf 88' lang='lat' dir='ltr'><strong>Deum</strong></span> <span class='ocrx_word' id='word_1_112' title='bbox 3219 529 3233 551; x_wconf 95' lang='lat'><strong>,</strong></span> <span class='ocrx_word' id='word_1_113' title='bbox 3282 499 3327 542; x_wconf 81' lang='lat' dir='ltr'><strong>ct</strong></span> <span class='ocrx_word' id='word_1_114' title='bbox 3357 506 3504 559; x_wconf 84' lang='lat' dir='ltr'><strong>quem</strong></span> <span class='ocrx_word' id='word_1_115' title='bbox 3552 494 3736 548; x_wconf 85' lang='lat' dir='ltr'><strong>misisti</strong></span> 
     </span>
    </p>
   </div>
   <div class='ocr_carea' id='block_1_19' title="bbox 2130 575 3731 652">
    <p class='ocr_par' dir='ltr' id='par_1_19' title="bbox 2130 575 3731 652">
     <span class='ocr_line' id='line_1_19' title="bbox 2130 575 3731 652; baseline 0.007 -23"><span class='ocrx_word' id='word_1_116' title='bbox 2130 575 2308 632; x_wconf 83' lang='lat' dir='ltr'><strong>Jesum</strong></span> <span class='ocrx_word' id='word_1_117' title='bbox 2367 577 2625 633; x_wconf 76' lang='lat' dir='ltr'><strong>Christum</strong></span> <span class='ocrx_word' id='word_1_118' title='bbox 2672 575 2849 650; x_wconf 83' lang='lat' dir='ltr'><strong>(Joan.</strong></span> <span class='ocrx_word' id='word_1_119' title='bbox 2909 595 3041 646; x_wconf 84' lang='lat' dir='ltr'><strong>xvn,</strong></span> <span class='ocrx_word' id='word_1_120' title='bbox 3087 580 3163 651; x_wconf 79' lang='grc'><strong>5).</strong></span> <span class='ocrx_word' id='word_1_121' title='bbox 3207 581 3311 637; x_wconf 88' lang='lat' dir='ltr'><strong>Per</strong></span> <span class='ocrx_word' id='word_1_122' title='bbox 3364 582 3540 652; x_wconf 87' lang='lat' dir='ltr'><strong>ipsum</strong></span> <span class='ocrx_word' id='word_1_123' title='bbox 3588 586 3731 641; x_wconf 89' lang='lat' dir='ltr'><strong>cnim</strong></span> 
     </span>
    </p>
   </div>
   <div class='ocr_carea' id='block_1_20' title="bbox 2133 670 3735 745">
    <p class='ocr_par' dir='ltr' id='par_1_20' title="bbox 2133 670 3735 745">
     <span class='ocr_line' id='line_1_20' title="bbox 2133 670 3735 745; baseline 0.007 -23"><span class='ocrx_word' id='word_1_124' title='bbox 2133 670 2310 725; x_wconf 84' lang='lat' dir='ltr'><strong>omnia</strong></span> <span class='ocrx_word' id='word_1_125' title='bbox 2344 670 2481 726; x_wconf 87' lang='lat' dir='ltr'><strong>facta</strong></span> <span class='ocrx_word' id='word_1_126' title='bbox 2514 680 2659 737; x_wconf 89' lang='lat' dir='ltr'><strong>sunt,</strong></span> <span class='ocrx_word' id='word_1_127' title='bbox 2690 671 2924 727; x_wconf 89' lang='lat' dir='ltr'><strong>visibilia</strong></span> <span class='ocrx_word' id='word_1_128' title='bbox 2952 681 3001 727; x_wconf 90' lang='lat' dir='ltr'><strong>et</strong></span> <span class='ocrx_word' id='word_1_129' title='bbox 3035 672 3344 730; x_wconf 83' lang='lat' dir='ltr'><strong>invisibilia.</strong></span> <span class='ocrx_word' id='word_1_130' title='bbox 3374 676 3477 745; x_wconf 84' lang='lat' dir='ltr'><strong>Qui</strong></span> <span class='ocrx_word' id='word_1_131' title='bbox 3506 678 3735 735; x_wconf 85' lang='lat' dir='ltr'><strong>descen-</strong></span> 
     </span>
    </p>
   </div>
   <div class='ocr_carea' id='block_1_21' title="bbox 2132 762 3737 839">
    <p class='ocr_par' dir='ltr' id='par_1_21' title="bbox 2132 762 3737 839">
     <span class='ocr_line' id='line_1_21' title="bbox 2132 762 3737 839; baseline 0.007 -21"><span class='ocrx_word' id='word_1_132' title='bbox 2132 762 2210 818; x_wconf 85' lang='lat' dir='ltr'><strong>dit</strong></span> <span class='ocrx_word' id='word_1_133' title='bbox 2255 762 2324 819; x_wconf 91' lang='lat' dir='ltr'><strong>de</strong></span> <span class='ocrx_word' id='word_1_134' title='bbox 2351 764 2506 820; x_wconf 70' lang='lat' dir='ltr'><strong>caelis</strong></span> <span class='ocrx_word' id='word_1_135' title='bbox 2534 764 2811 820; x_wconf 90' lang='lat' dir='ltr'><strong>voluntate</strong></span> <span class='ocrx_word' id='word_1_136' title='bbox 2842 764 3014 821; x_wconf 86' lang='lat' dir='ltr'><strong>Patris</strong></span> <span class='ocrx_word' id='word_1_137' title='bbox 3047 778 3269 839; x_wconf 87' lang='lat' dir='ltr'><strong>propter</strong></span> <span class='ocrx_word' id='word_1_138' title='bbox 3310 781 3551 828; x_wconf 89' lang='lat' dir='ltr'><strong>nostram</strong></span> <span class='ocrx_word' id='word_1_139' title='bbox 3592 775 3737 829; x_wconf 85' lang='lat' dir='ltr'><strong>salu-</strong></span> 
     </span>
    </p>
   </div>
   <div class='ocr_carea' id='block_1_22' title="bbox 2134 857 3735 935">
    <p class='ocr_par' dir='ltr' id='par_1_22' title="bbox 2134 857 3735 935">
     <span class='ocr_line' id='line_1_22' title="bbox 2134 857 3735 935; baseline 0.007 -23"><span class='ocrx_word' id='word_1_140' title='bbox 2134 866 2264 924; x_wconf 87' lang='lat' dir='ltr'><strong>tem,</strong></span> <span class='ocrx_word' id='word_1_141' title='bbox 2292 866 2448 913; x_wconf 91' lang='lat' dir='ltr'><strong>natus</strong></span> <span class='ocrx_word' id='word_1_142' title='bbox 2472 857 2542 914; x_wconf 91' lang='lat' dir='ltr'><strong>de</strong></span> <span class='ocrx_word' id='word_1_143' title='bbox 2571 857 2776 928; x_wconf 87' lang='lat' dir='ltr'><strong>Spiritu</strong></span> <span class='ocrx_word' id='word_1_144' title='bbox 2803 864 2994 914; x_wconf 87' lang='lat' dir='ltr'><strong>sancto</strong></span> <span class='ocrx_word' id='word_1_145' title='bbox 3020 868 3074 914; x_wconf 91' lang='lat' dir='ltr'><strong>et</strong></span> <span class='ocrx_word' id='word_1_146' title='bbox 3101 860 3268 916; x_wconf 81' lang='lat' dir='ltr'><strong>Maria</strong></span> <span class='ocrx_word' id='word_1_147' title='bbox 3292 862 3510 935; x_wconf 79' lang='lat' dir='ltr'><strong>Virgine</strong></span> <span class='ocrx_word' id='word_1_148' title='bbox 3534 880 3735 922; x_wconf 91' lang='lat' dir='ltr'><strong>secun-</strong></span> 
     </span>
    </p>
   </div>
   <div class='ocr_carea' id='block_1_23' title="bbox 2131 950 3735 1024">
    <p class='ocr_par' dir='ltr' id='par_1_23' title="bbox 2131 950 3735 1024">
     <span class='ocr_line' id='line_1_23' title="bbox 2131 950 3735 1024; baseline 0.009 -19"><span class='ocrx_word' id='word_1_149' title='bbox 2131 950 2258 1006; x_wconf 90' lang='lat' dir='ltr'><strong>dum</strong></span> <span class='ocrx_word' id='word_1_150' title='bbox 2299 966 2543 1020; x_wconf 89' lang='lat' dir='ltr'><strong>carnem,</strong></span> <span class='ocrx_word' id='word_1_151' title='bbox 2577 953 2718 1008; x_wconf 87' lang='lat' dir='ltr'><strong>sicut</strong></span> <span class='ocrx_word' id='word_1_152' title='bbox 2752 954 3014 1024; x_wconf 90' lang='lat' dir='ltr'><strong>scriptum</strong></span> <span class='ocrx_word' id='word_1_153' title='bbox 3051 965 3166 1019; x_wconf 89' lang='lat' dir='ltr'><strong>est,</strong></span> <span class='ocrx_word' id='word_1_154' title='bbox 3197 967 3247 1014; x_wconf 89' lang='lat' dir='ltr'><strong>et</strong></span> <span class='ocrx_word' id='word_1_155' title='bbox 3279 958 3595 1018; x_wconf 82' lang='lat' dir='ltr'><strong>crncilixum</strong></span> <span class='ocrx_word' id='word_1_156' title='bbox 3632 964 3735 1019; x_wconf 88' lang='lat' dir='ltr'><strong>sub</strong></span> 
     </span>
    </p>
   </div>
   <div class='ocr_carea' id='block_1_24' title="bbox 2131 1044 3737 1121">
    <p class='ocr_par' dir='ltr' id='par_1_24' title="bbox 2131 1044 3737 1121">
     <span class='ocr_line' id='line_1_24' title="bbox 2131 1044 3737 1121; baseline 0.008 -22"><span class='ocrx_word' id='word_1_157' title='bbox 2131 1044 2323 1101; x_wconf 90' lang='lat' dir='ltr'><strong>Pontio</strong></span> <span class='ocrx_word' id='word_1_158' title='bbox 2350 1045 2546 1113; x_wconf 89' lang='lat' dir='ltr'><strong>Pilato,</strong></span> <span class='ocrx_word' id='word_1_159' title='bbox 2576 1048 2871 1117; x_wconf 90' lang='lat' dir='ltr'><strong>sepultum,</strong></span> <span class='ocrx_word' id='word_1_160' title='bbox 2904 1049 3059 1104; x_wconf 90' lang='lat' dir='ltr'><strong>tertia</strong></span> <span class='ocrx_word' id='word_1_161' title='bbox 3083 1049 3170 1106; x_wconf 89' lang='lat' dir='ltr'><strong>die</strong></span> <span class='ocrx_word' id='word_1_162' title='bbox 3196 1053 3564 1111; x_wconf 81' lang='lat' dir='ltr'><strong>resurrexisse</strong></span> <span class='ocrx_word' id='word_1_163' title='bbox 3585 1098 3599 1121; x_wconf 92' lang='lat'><strong>,</strong></span> <span class='ocrx_word' id='word_1_164' title='bbox 3638 1057 3737 1111; x_wconf 83' lang='lat' dir='ltr'><strong>ad-</strong></span> 
     </span>
    </p>
   </div>
   <div class='ocr_carea' id='block_1_25' title="bbox 2130 1138 3738 1215">
    <p class='ocr_par' dir='ltr' id='par_1_25' title="bbox 2130 1138 3738 1215">
     <span class='ocr_line' id='line_1_25' title="bbox 2130 1138 3738 1215; baseline 0.009 -24"><span class='ocrx_word' id='word_1_165' title='bbox 2130 1138 2408 1195; x_wconf 85' lang='lat' dir='ltr'><strong>scendisse</strong></span> <span class='ocrx_word' id='word_1_166' title='bbox 2435 1139 2487 1193; x_wconf 88' lang='lat' dir='ltr'><strong>in</strong></span> <span class='ocrx_word' id='word_1_167' title='bbox 2519 1140 2707 1206; x_wconf 76' lang='lat' dir='ltr'><strong>ctelis,</strong></span> <span class='ocrx_word' id='word_1_168' title='bbox 2736 1141 2926 1197; x_wconf 88' lang='lat' dir='ltr'><strong>sedere</strong></span> <span class='ocrx_word' id='word_1_169' title='bbox 2955 1142 3021 1197; x_wconf 91' lang='lat' dir='ltr'><strong>ad</strong></span> <span class='ocrx_word' id='word_1_170' title='bbox 3059 1143 3336 1199; x_wconf 82' lang='lat' dir='ltr'><strong>dexteram</strong></span> <span class='ocrx_word' id='word_1_171' title='bbox 3373 1146 3570 1215; x_wconf 73' lang='lat' dir='ltr'><strong>Panis,</strong></span> <span class='ocrx_word' id='word_1_172' title='bbox 3603 1165 3738 1206; x_wconf 85' lang='lat' dir='ltr'><strong>ven-</strong></span> 
     </span>
    </p>
   </div>
   <div class='ocr_carea' id='block_1_26' title="bbox 2133 1231 3732 1309">
    <p class='ocr_par' dir='ltr' id='par_1_26' title="bbox 2133 1231 3732 1309">
     <span class='ocr_line' id='line_1_26' title="bbox 2133 1231 3732 1309; baseline 0.009 -25"><span class='ocrx_word' id='word_1_173' title='bbox 2133 1238 2309 1285; x_wconf 91' lang='lat' dir='ltr'><strong>turum</strong></span> <span class='ocrx_word' id='word_1_174' title='bbox 2356 1231 2601 1302; x_wconf 87' lang='lat' dir='ltr'><strong>judicare</strong></span> <span class='ocrx_word' id='word_1_175' title='bbox 2651 1233 2802 1288; x_wconf 85' lang='lat' dir='ltr'><strong>vivos</strong></span> <span class='ocrx_word' id='word_1_176' title='bbox 2841 1242 2897 1289; x_wconf 88' lang='lat' dir='ltr'><strong>et</strong></span> <span class='ocrx_word' id='word_1_177' title='bbox 2943 1244 3204 1291; x_wconf 80' lang='lat' dir='ltr'><strong>mortuos.</strong></span> <span class='ocrx_word' id='word_1_178' title='bbox 3254 1237 3321 1291; x_wconf 89' lang='lat' dir='ltr'><strong>Et</strong></span> <span class='ocrx_word' id='word_1_179' title='bbox 3371 1238 3421 1292; x_wconf 91' lang='lat' dir='ltr'><strong>in</strong></span> <span class='ocrx_word' id='word_1_180' title='bbox 3472 1239 3732 1309; x_wconf 62' lang='lat' dir='ltr'><strong>Spiritum</strong></span> 
     </span>
    </p>
   </div>
   <div class='ocr_carea' id='block_1_27' title="bbox 2130 1325 3735 1396">
    <p class='ocr_par' dir='ltr' id='par_1_27' title="bbox 2130 1325 3735 1396">
     <span class='ocr_line' id='line_1_27' title="bbox 2130 1325 3735 1396; baseline 0.007 -19"><span class='ocrx_word' id='word_1_181' title='bbox 2130 1333 2378 1381; x_wconf 90' lang='lat' dir='ltr'><strong>sanctum</strong></span> <span class='ocrx_word' id='word_1_182' title='bbox 2424 1325 2789 1395; x_wconf 88' lang='lat' dir='ltr'><strong>paracletum,</strong></span> <span class='ocrx_word' id='word_1_183' title='bbox 2819 1343 2979 1396; x_wconf 89' lang='lat' dir='ltr'><strong>quem</strong></span> <span class='ocrx_word' id='word_1_184' title='bbox 3022 1327 3169 1382; x_wconf 89' lang='lat' dir='ltr'><strong>misit</strong></span> <span class='ocrx_word' id='word_1_185' title='bbox 3205 1330 3466 1386; x_wconf 87' lang='lat' dir='ltr'><strong>Dominus</strong></span> <span class='ocrx_word' id='word_1_186' title='bbox 3503 1344 3555 1387; x_wconf 90' lang='lat' dir='ltr'><strong>et</strong></span> <span class='ocrx_word' id='word_1_187' title='bbox 3593 1334 3735 1390; x_wconf 91' lang='lat' dir='ltr'><strong>Deus</strong></span> 
     </span>
    </p>
   </div>
   <div class='ocr_carea' id='block_1_28' title="bbox 2131 1420 3737 1497">
    <p class='ocr_par' dir='ltr' id='par_1_28' title="bbox 2131 1420 3737 1497">
     <span class='ocr_line' id='line_1_28' title="bbox 2131 1420 3737 1497; baseline 0.007 -25"><span class='ocrx_word' id='word_1_188' title='bbox 2131 1428 2315 1475; x_wconf 90' lang='lat' dir='ltr'><strong>noster</strong></span> <span class='ocrx_word' id='word_1_189' title='bbox 2343 1420 2582 1475; x_wconf 83' lang='lat' dir='ltr'><strong>salvator</strong></span> <span class='ocrx_word' id='word_1_190' title='bbox 2608 1420 2769 1476; x_wconf 88' lang='lat' dir='ltr'><strong>Jesus</strong></span> <span class='ocrx_word' id='word_1_191' title='bbox 2800 1422 2965 1494; x_wconf 76' lang='lat'><strong>602</strong></span> <span class='ocrx_word' id='word_1_192' title='bbox 2999 1423 3247 1478; x_wconf 89' lang='lat' dir='ltr'><strong>Christus</strong></span> <span class='ocrx_word' id='word_1_193' title='bbox 3281 1423 3581 1495; x_wconf 88' lang='lat' dir='ltr'><strong>discipulis,</strong></span> <span class='ocrx_word' id='word_1_194' title='bbox 3615 1427 3737 1497; x_wconf 86' lang='lat' dir='ltr'><strong>Spi-</strong></span> 
     </span>
    </p>
   </div>
   <div class='ocr_carea' id='block_1_29' title="bbox 2130 1513 3735 1582">
    <p class='ocr_par' dir='ltr' id='par_1_29' title="bbox 2130 1513 3735 1582">
     <span class='ocr_line' id='line_1_29' title="bbox 2130 1513 3735 1582; baseline 0.004 -15"><span class='ocrx_word' id='word_1_195' title='bbox 2130 1513 2290 1568; x_wconf 86' lang='lat' dir='ltr'><strong>ritum</strong></span> <span class='ocrx_word' id='word_1_196' title='bbox 2320 1514 2585 1570; x_wconf 87' lang='lat' dir='ltr'><strong>veritatis.</strong></span> <span class='ocrx_word' id='word_1_197' title='bbox 2610 1514 2701 1569; x_wconf 90' lang='lat' dir='ltr'><strong>Sic</strong></span> <span class='ocrx_word' id='word_1_198' title='bbox 2722 1515 2949 1577; x_wconf 85' lang='lat' dir='ltr'><strong>credidi.</strong></span> <span class='ocrx_word' id='word_1_199' title='bbox 2976 1525 3029 1571; x_wconf 92' lang='lat' dir='ltr'><strong>et</strong></span> <span class='ocrx_word' id='word_1_200' title='bbox 3048 1515 3234 1582; x_wconf 90' lang='lat' dir='ltr'><strong>credo,</strong></span> <span class='ocrx_word' id='word_1_201' title='bbox 3250 1516 3409 1574; x_wconf 88' lang='lat' dir='ltr'><strong>sicuti</strong></span> <span class='ocrx_word' id='word_1_202' title='bbox 3430 1530 3485 1575; x_wconf 90' lang='lat' dir='ltr'><strong>et</strong></span> <span class='ocrx_word' id='word_1_203' title='bbox 3510 1519 3735 1577; x_wconf 87' lang='lat' dir='ltr'><strong>adscen-</strong></span> 
     </span>
    </p>
   </div>
   <div class='ocr_carea' id='block_1_30' title="bbox 2127 1604 3736 1681">
    <p class='ocr_par' dir='ltr' id='par_1_30' title="bbox 2127 1604 3736 1681">
     <span class='ocr_line' id='line_1_30' title="bbox 2127 1604 3736 1681; baseline 0.006 -21"><span class='ocrx_word' id='word_1_204' title='bbox 2127 1604 2261 1661; x_wconf 88' lang='lat' dir='ltr'><strong>dens</strong></span> <span class='ocrx_word' id='word_1_205' title='bbox 2291 1607 2344 1661; x_wconf 92' lang='lat' dir='ltr'><strong>in</strong></span> <span class='ocrx_word' id='word_1_206' title='bbox 2374 1607 2545 1663; x_wconf 65' lang='lat' dir='ltr'><strong>caelos</strong></span> <span class='ocrx_word' id='word_1_207' title='bbox 2568 1609 2758 1663; x_wconf 91' lang='lat' dir='ltr'><strong>unicus</strong></span> <span class='ocrx_word' id='word_1_208' title='bbox 2790 1606 2930 1662; x_wconf 86' lang='lat' dir='ltr'><strong>[ilius</strong></span> <span class='ocrx_word' id='word_1_209' title='bbox 2955 1607 3048 1664; x_wconf 90' lang='lat' dir='ltr'><strong>Dei</strong></span> <span class='ocrx_word' id='word_1_210' title='bbox 3080 1609 3297 1664; x_wconf 88' lang='lat' dir='ltr'><strong>tradidit</strong></span> <span class='ocrx_word' id='word_1_211' title='bbox 3325 1610 3629 1681; x_wconf 85' lang='lat' dir='ltr'><strong>discipulis,</strong></span> <span class='ocrx_word' id='word_1_212' title='bbox 3654 1615 3736 1669; x_wconf 90' lang='lat' dir='ltr'><strong>di-</strong></span> 
     </span>
    </p>
   </div>
   <div class='ocr_carea' id='block_1_31' title="bbox 2127 1699 3737 1776">
    <p class='ocr_par' dir='ltr' id='par_1_31' title="bbox 2127 1699 3737 1776">
     <span class='ocr_line' id='line_1_31' title="bbox 2127 1699 3737 1776; baseline 0.006 -22"><span class='ocrx_word' id='word_1_213' title='bbox 2127 1713 2256 1755; x_wconf 86' lang='lat' dir='ltr'><strong>cens</strong></span> <span class='ocrx_word' id='word_1_214' title='bbox 2292 1718 2305 1754; x_wconf 88' lang='lat'><strong>:</strong></span> <span class='ocrx_word' id='word_1_215' title='bbox 2336 1699 2536 1756; x_wconf 83' lang='lat' dir='ltr'><strong>Euntes</strong></span> <span class='ocrx_word' id='word_1_216' title='bbox 2566 1702 2742 1756; x_wconf 84' lang='lat' dir='ltr'><strong>docete</strong></span> <span class='ocrx_word' id='word_1_217' title='bbox 2769 1718 2943 1757; x_wconf 86' lang='lat' dir='ltr'><strong>omnes</strong></span> <span class='ocrx_word' id='word_1_218' title='bbox 2973 1714 3169 1774; x_wconf 80' lang='lat' dir='ltr'><strong>gentes,</strong></span> <span class='ocrx_word' id='word_1_219' title='bbox 3199 1705 3523 1776; x_wconf 80' lang='lat' dir='ltr'><strong>baptizantes</strong></span> <span class='ocrx_word' id='word_1_220' title='bbox 3562 1724 3648 1764; x_wconf 91' lang='lat' dir='ltr'><strong>eos</strong></span> <span class='ocrx_word' id='word_1_221' title='bbox 3681 1710 3737 1764; x_wconf 86' lang='lat' dir='ltr'><strong>in</strong></span> 
     </span>
    </p>
   </div>
   <div class='ocr_carea' id='block_1_32' title="bbox 418 1785 3733 1870">
    <p class='ocr_par' dir='ltr' id='par_1_32' title="bbox 418 1785 3733 1870">
     <span class='ocr_line' id='line_1_32' title="bbox 418 1785 3733 1870; baseline 0.003 -24"><span class='ocrx_word' id='word_1_222' title='bbox 418 1798 551 1846; x_wconf 84' lang='lat' dir='ltr'><strong>tant.</strong></span> <span class='ocrx_word' id='word_1_223' title='bbox 575 1789 681 1848; x_wconf 89' lang='lat' dir='ltr'><strong>Sed</strong></span> <span class='ocrx_word' id='word_1_224' title='bbox 707 1789 751 1844; x_wconf 88' lang='lat' dir='ltr'><strong>si</strong></span> <span class='ocrx_word' id='word_1_225' title='bbox 779 1788 945 1859; x_wconf 78' lang='lat' dir='ltr'><strong>aliqui</strong></span> <span class='ocrx_word' id='word_1_226' title='bbox 970 1804 1033 1844; x_wconf 79' lang='lat' dir='ltr'><strong>ex</strong></span> <span class='ocrx_word' id='word_1_227' title='bbox 1061 1788 1237 1858; x_wconf 87' lang='lat' dir='ltr'><strong>plebe,</strong></span> <span class='ocrx_word' id='word_1_228' title='bbox 1272 1787 1362 1858; x_wconf 90' lang='lat' dir='ltr'><strong>qui</strong></span> <span class='ocrx_word' id='word_1_229' title='bbox 1388 1801 1676 1857; x_wconf 89' lang='lat' dir='ltr'><strong>numquam</strong></span> <span class='ocrx_word' id='word_1_230' title='bbox 1713 1785 2017 1842; x_wconf 87' lang='lat' dir='ltr'><strong>communi-</strong></span> <span class='ocrx_word' id='word_1_231' title='bbox 2047 1798 2096 1859; x_wconf 81' lang='grc' dir='ltr'><strong>Β</strong></span> <span class='ocrx_word' id='word_1_232' title='bbox 2124 1794 2329 1847; x_wconf 80' lang='lat' dir='ltr'><strong>nomine</strong></span> <span class='ocrx_word' id='word_1_233' title='bbox 2354 1793 2533 1848; x_wconf 87' lang='lat' dir='ltr'><strong>Patris</strong></span> <span class='ocrx_word' id='word_1_234' title='bbox 2560 1804 2609 1849; x_wconf 89' lang='lat' dir='ltr'><strong>et</strong></span> <span class='ocrx_word' id='word_1_235' title='bbox 2636 1791 2765 1849; x_wconf 90' lang='lat' dir='ltr'><strong>Filii</strong></span> <span class='ocrx_word' id='word_1_236' title='bbox 2784 1804 2837 1850; x_wconf 87' lang='lat' dir='ltr'><strong>et</strong></span> <span class='ocrx_word' id='word_1_237' title='bbox 2858 1795 3091 1867; x_wconf 73' lang='lat' dir='ltr'><strong>Spiritus</strong></span> <span class='ocrx_word' id='word_1_238' title='bbox 3112 1798 3275 1853; x_wconf 90' lang='lat' dir='ltr'><strong>sancti</strong></span> <span class='ocrx_word' id='word_1_239' title='bbox 3300 1798 3514 1870; x_wconf 80' lang='lat' dir='ltr'><strong>(Matth.</strong></span> <span class='ocrx_word' id='word_1_240' title='bbox 3540 1816 3733 1870; x_wconf 83' lang='lat' dir='ltr'><strong>xxvm,</strong></span> 
     </span>
    </p>
   </div>
   <div class='ocr_carea' id='block_1_33' title="bbox 416 1880 2017 1954">
    <p class='ocr_par' dir='ltr' id='par_1_33' title="bbox 416 1880 2017 1954">
     <span class='ocr_line' id='line_1_33' title="bbox 416 1880 2017 1954; baseline -0.004 -13"><span class='ocrx_word' id='word_1_241' title='bbox 416 1894 688 1952; x_wconf 86' lang='lat' dir='ltr'><strong>caverant,</strong></span> <span class='ocrx_word' id='word_1_242' title='bbox 714 1899 814 1940; x_wconf 89' lang='lat' dir='ltr'><strong>nec</strong></span> <span class='ocrx_word' id='word_1_243' title='bbox 842 1883 926 1938; x_wconf 88' lang='lat' dir='ltr'><strong>his</strong></span> <span class='ocrx_word' id='word_1_244' title='bbox 945 1884 1033 1954; x_wconf 91' lang='lat' dir='ltr'><strong>qui</strong></span> <span class='ocrx_word' id='word_1_245' title='bbox 1059 1890 1185 1938; x_wconf 85' lang='lat' dir='ltr'><strong>ante</strong></span> <span class='ocrx_word' id='word_1_246' title='bbox 1212 1880 1529 1937; x_wconf 82' lang='lat' dir='ltr'><strong>mcfueruut</strong></span> <span class='ocrx_word' id='word_1_247' title='bbox 1547 1880 1844 1952; x_wconf 88' lang='lat' dir='ltr'><strong>episcopis,</strong></span> <span class='ocrx_word' id='word_1_248' title='bbox 1874 1896 2017 1936; x_wconf 76' lang='lat' dir='ltr'><strong>nunc</strong></span> 
     </span>
    </p>
   </div>
   <div class='ocr_carea' id='block_1_34' title="bbox 413 1975 2017 2049">
    <p class='ocr_par' dir='ltr' id='par_1_34' title="bbox 413 1975 2017 2049">
     <span class='ocr_line' id='line_1_34' title="bbox 413 1975 2017 2049; baseline -0.001 -16"><span class='ocrx_word' id='word_1_249' title='bbox 413 1980 646 2049; x_wconf 89' lang='lat' dir='ltr'><strong>amplius</strong></span> <span class='ocrx_word' id='word_1_250' title='bbox 673 1980 890 2035; x_wconf 79' lang='lat' dir='ltr'><strong>excitati</strong></span> <span class='ocrx_word' id='word_1_251' title='bbox 920 1978 989 2033; x_wconf 90' lang='lat' dir='ltr'><strong>ab</strong></span> <span class='ocrx_word' id='word_1_252' title='bbox 1032 1975 1234 2032; x_wconf 83' lang='lat' dir='ltr'><strong>Hilario</strong></span> <span class='ocrx_word' id='word_1_253' title='bbox 1261 1985 1313 2031; x_wconf 86' lang='lat' dir='ltr'><strong>et</strong></span> <span class='ocrx_word' id='word_1_254' title='bbox 1342 1976 1599 2041; x_wconf 86' lang='lat' dir='ltr'><strong>Eusebio,</strong></span> <span class='ocrx_word' id='word_1_255' title='bbox 1632 1976 2017 2046; x_wconf 87' lang='lat' dir='ltr'><strong>perturbantes</strong></span> 
     </span>
    </p>
   </div>
   <div class='ocr_carea' id='block_1_35' title="bbox 412 2068 2017 2141">
    <p class='ocr_par' dir='ltr' id='par_1_35' title="bbox 412 2068 2017 2141">
     <span class='ocr_line' id='line_1_35' title="bbox 412 2068 2017 2141; baseline -0.002 -14"><span class='ocrx_word' id='word_1_256' title='bbox 412 2073 695 2141; x_wconf 90' lang='lat' dir='ltr'><strong>quosdam,</strong></span> <span class='ocrx_word' id='word_1_257' title='bbox 750 2070 1066 2126; x_wconf 68' lang='lat' dir='ltr'><strong>hmreticum</strong></span> <span class='ocrx_word' id='word_1_258' title='bbox 1118 2084 1206 2125; x_wconf 90' lang='lat' dir='ltr'><strong>me</strong></span> <span class='ocrx_word' id='word_1_259' title='bbox 1253 2077 1624 2124; x_wconf 86' lang='lat' dir='ltr'><strong>vocaverunt:</strong></span> <span class='ocrx_word' id='word_1_260' title='bbox 1670 2068 1839 2139; x_wconf 86' lang='lat' dir='ltr'><strong>jussit</strong></span> <span class='ocrx_word' id='word_1_261' title='bbox 1885 2083 2017 2124; x_wconf 90' lang='lat' dir='ltr'><strong>vero</strong></span> 
     </span>
    </p>
   </div>
   <div class='ocr_carea' id='block_1_36' title="bbox 411 2161 2014 2235">
    <p class='ocr_par' dir='ltr' id='par_1_36' title="bbox 411 2161 2014 2235">
     <span class='ocr_line' id='line_1_36' title="bbox 411 2161 2014 2235; baseline -0.002 -14"><span class='ocrx_word' id='word_1_262' title='bbox 411 2166 583 2235; x_wconf 85' lang='lat' dir='ltr'><strong>pietas</strong></span> <span class='ocrx_word' id='word_1_263' title='bbox 630 2175 812 2221; x_wconf 86' lang='lat' dir='ltr'><strong>vestra</strong></span> <span class='ocrx_word' id='word_1_264' title='bbox 862 2177 1192 2234; x_wconf 86' lang='lat' dir='ltr'><strong>cognoscere</strong></span> <span class='ocrx_word' id='word_1_265' title='bbox 1247 2162 1315 2219; x_wconf 91' lang='lat' dir='ltr'><strong>de</strong></span> <span class='ocrx_word' id='word_1_266' title='bbox 1370 2162 1452 2216; x_wconf 91' lang='lat' dir='ltr'><strong>his</strong></span> <span class='ocrx_word' id='word_1_267' title='bbox 1495 2163 1642 2216; x_wconf 89' lang='lat' dir='ltr'><strong>viros</strong></span> <span class='ocrx_word' id='word_1_268' title='bbox 1692 2161 2014 2230; x_wconf 80' lang='lat' dir='ltr'><strong>laudabiles,</strong></span> 
     </span>
    </p>
   </div>
   <div class='ocr_carea' id='block_1_37' title="bbox 416 2258 2017 2334">
    <p class='ocr_par' dir='ltr' id='par_1_37' title="bbox 416 2258 2017 2334">
     <span class='ocr_line' id='line_1_37' title="bbox 416 2258 2017 2334; baseline -0.004 -14"><span class='ocrx_word' id='word_1_269' title='bbox 416 2262 752 2332; x_wconf 62' lang='lat' dir='ltr'><strong>Quaestorem</strong></span> <span class='ocrx_word' id='word_1_270' title='bbox 778 2273 833 2319; x_wconf 91' lang='lat' dir='ltr'><strong>et</strong></span> <span class='ocrx_word' id='word_1_271' title='bbox 867 2263 1179 2334; x_wconf 78' lang='lat' dir='ltr'><strong>Magistrum</strong></span> <span class='ocrx_word' id='word_1_272' title='bbox 1214 2278 1228 2314; x_wconf 93' lang='lat'><strong>:</strong></span> <span class='ocrx_word' id='word_1_273' title='bbox 1254 2268 1310 2316; x_wconf 90' lang='lat' dir='ltr'><strong>et</strong></span> <span class='ocrx_word' id='word_1_274' title='bbox 1338 2260 1478 2315; x_wconf 88' lang='lat' dir='ltr'><strong>sicut</strong></span> <span class='ocrx_word' id='word_1_275' title='bbox 1503 2258 1754 2331; x_wconf 71' lang='lat' dir='ltr'><strong>prtedixi,</strong></span> <span class='ocrx_word' id='word_1_276' title='bbox 1785 2274 1892 2313; x_wconf 91' lang='lat' dir='ltr'><strong>non</strong></span> <span class='ocrx_word' id='word_1_277' title='bbox 1922 2272 2017 2313; x_wconf 87' lang='lat' dir='ltr'><strong>eos</strong></span> 
     </span>
    </p>
   </div>
   <div class='ocr_carea' id='block_1_38' title="bbox 420 2351 2022 2427">
    <p class='ocr_par' dir='ltr' id='par_1_38' title="bbox 420 2351 2022 2427">
     <span class='ocr_line' id='line_1_38' title="bbox 420 2351 2022 2427; baseline -0.004 -15"><span class='ocrx_word' id='word_1_278' title='bbox 420 2371 709 2427; x_wconf 86' lang='lat' dir='ltr'><strong>personam</strong></span> <span class='ocrx_word' id='word_1_279' title='bbox 741 2355 939 2411; x_wconf 84' lang='lat' dir='ltr'><strong>habere</strong></span> <span class='ocrx_word' id='word_1_280' title='bbox 969 2364 1342 2410; x_wconf 87' lang='lat' dir='ltr'><strong>accusatorum</strong></span> <span class='ocrx_word' id='word_1_281' title='bbox 1366 2363 1455 2407; x_wconf 90' lang='lat' dir='ltr'><strong>aut</strong></span> <span class='ocrx_word' id='word_1_282' title='bbox 1475 2351 1723 2422; x_wconf 87' lang='lat' dir='ltr'><strong>judicare</strong></span> <span class='ocrx_word' id='word_1_283' title='bbox 1743 2351 1833 2422; x_wconf 89' lang='lat' dir='ltr'><strong>qui</strong></span> <span class='ocrx_word' id='word_1_284' title='bbox 1853 2351 2022 2406; x_wconf 91' lang='lat' dir='ltr'><strong>semel</strong></span> 
     </span>
    </p>
   </div>
   <div class='ocr_carea' id='block_1_39' title="bbox 420 2444 2025 2521">
    <p class='ocr_par' dir='ltr' id='par_1_39' title="bbox 420 2444 2025 2521">
     <span class='ocr_line' id='line_1_39' title="bbox 420 2444 2025 2521; baseline -0.006 -15"><span class='ocrx_word' id='word_1_285' title='bbox 420 2451 648 2521; x_wconf 89' lang='lat' dir='ltr'><strong>depositi</strong></span> <span class='ocrx_word' id='word_1_286' title='bbox 673 2460 799 2506; x_wconf 88' lang='lat' dir='ltr'><strong>sunt</strong></span> <span class='ocrx_word' id='word_1_287' title='bbox 835 2448 978 2521; x_wconf 93' lang='lat' dir='ltr'><strong>(dico</strong></span> <span class='ocrx_word' id='word_1_288' title='bbox 1019 2457 1199 2505; x_wconf 92' lang='lat' dir='ltr'><strong>autem</strong></span> <span class='ocrx_word' id='word_1_289' title='bbox 1231 2446 1491 2503; x_wconf 86' lang='lat' dir='ltr'><strong>Hilarium</strong></span> <span class='ocrx_word' id='word_1_290' title='bbox 1525 2456 1579 2501; x_wconf 90' lang='lat' dir='ltr'><strong>et</strong></span> <span class='ocrx_word' id='word_1_291' title='bbox 1603 2444 1694 2515; x_wconf 90' lang='lat' dir='ltr'><strong>qui</strong></span> <span class='ocrx_word' id='word_1_292' title='bbox 1719 2445 1768 2499; x_wconf 88' lang='lat' dir='ltr'><strong>ei</strong></span> <span class='ocrx_word' id='word_1_293' title='bbox 1793 2458 2025 2499; x_wconf 74' lang='lat' dir='ltr'><strong>consen-</strong></span> 
     </span>
    </p>
   </div>
   <div class='ocr_carea' id='block_1_40' title="bbox 423 2537 2023 2615">
    <p class='ocr_par' dir='ltr' id='par_1_40' title="bbox 423 2537 2023 2615">
     <span class='ocr_line' id='line_1_40' title="bbox 423 2537 2023 2615; baseline -0.005 -17"><span class='ocrx_word' id='word_1_294' title='bbox 423 2541 582 2615; x_wconf 89' lang='lat' dir='ltr'><strong>tiunt)</strong></span> <span class='ocrx_word' id='word_1_295' title='bbox 607 2561 619 2596; x_wconf 89' lang='lat'>:</span> <span class='ocrx_word' id='word_1_296' title='bbox 655 2554 835 2599; x_wconf 89' lang='lat' dir='ltr'><strong>tamen</strong></span> <span class='ocrx_word' id='word_1_297' title='bbox 860 2542 1119 2598; x_wconf 87' lang='lat' dir='ltr'><strong>obedieus</strong></span> <span class='ocrx_word' id='word_1_298' title='bbox 1145 2540 1434 2596; x_wconf 90' lang='lat' dir='ltr'><strong>Serenitati</strong></span> <span class='ocrx_word' id='word_1_299' title='bbox 1460 2546 1678 2603; x_wconf 81' lang='lat' dir='ltr'><strong>vestrae,</strong></span> <span class='ocrx_word' id='word_1_300' title='bbox 1706 2537 1868 2609; x_wconf 72' lang='grc' dir='ltr'><strong>θοι</strong></span> <span class='ocrx_word' id='word_1_301' title='bbox 1896 2549 2023 2603; x_wconf 87' lang='lat' dir='ltr'><strong>pro-</strong></span> 
     </span>
    </p>
   </div>
   <div class='ocr_carea' id='block_1_41' title="bbox 420 2627 2022 2707">
    <p class='ocr_par' dir='ltr' id='par_1_41' title="bbox 420 2627 2022 2707">
     <span class='ocr_line' id='line_1_41' title="bbox 420 2627 2022 2707; baseline -0.008 -14"><span class='ocrx_word' id='word_1_302' title='bbox 420 2638 558 2694; x_wconf 91' lang='lat' dir='ltr'><strong>cessi</strong></span> <span class='ocrx_word' id='word_1_303' title='bbox 597 2638 942 2693; x_wconf 79' lang='lat' dir='ltr'><strong>manifestare</strong></span> <span class='ocrx_word' id='word_1_304' title='bbox 986 2635 1118 2690; x_wconf 78' lang='lat' dir='ltr'><strong>falsa</strong></span> <span class='ocrx_word' id='word_1_305' title='bbox 1164 2630 1247 2707; x_wconf 89' lang='lat' dir='ltr'><strong>(e)</strong></span> <span class='ocrx_word' id='word_1_306' title='bbox 1296 2631 1620 2699; x_wconf 89' lang='lat' dir='ltr'><strong>dicentibus,</strong></span> <span class='ocrx_word' id='word_1_307' title='bbox 1661 2637 1717 2685; x_wconf 91' lang='lat' dir='ltr'><strong>et</strong></span> <span class='ocrx_word' id='word_1_308' title='bbox 1766 2627 2022 2698; x_wconf 83' lang='lat' dir='ltr'><strong>blasphe-</strong></span> 
     </span>
    </p>
   </div>
   <div class='ocr_carea' id='block_1_42' title="bbox 418 2723 2019 2797">
    <p class='ocr_par' dir='ltr' id='par_1_42' title="bbox 418 2723 2019 2797">
     <span class='ocr_line' id='line_1_42' title="bbox 418 2723 2019 2797; baseline -0.006 -11"><span class='ocrx_word' id='word_1_309' title='bbox 418 2732 710 2797; x_wconf 84' lang='lat' dir='ltr'><strong>mantibus,</strong></span> <span class='ocrx_word' id='word_1_310' title='bbox 743 2739 799 2786; x_wconf 91' lang='lat' dir='ltr'><strong>et</strong></span> <span class='ocrx_word' id='word_1_311' title='bbox 823 2729 1143 2786; x_wconf 87' lang='lat' dir='ltr'><strong>vocantibus</strong></span> <span class='ocrx_word' id='word_1_312' title='bbox 1184 2742 1270 2782; x_wconf 91' lang='lat' dir='ltr'><strong>me</strong></span> <span class='ocrx_word' id='word_1_313' title='bbox 1300 2728 1592 2793; x_wconf 85' lang='lat' dir='ltr'><strong>Arianum,</strong></span> <span class='ocrx_word' id='word_1_314' title='bbox 1639 2733 1697 2780; x_wconf 90' lang='lat' dir='ltr'><strong>et</strong></span> <span class='ocrx_word' id='word_1_315' title='bbox 1728 2723 1883 2796; x_wconf 88' lang='lat' dir='ltr'><strong>quasi</strong></span> <span class='ocrx_word' id='word_1_316' title='bbox 1910 2737 2019 2777; x_wconf 92' lang='lat' dir='ltr'><strong>non</strong></span> 
     </span>
    </p>
   </div>
   <div class='ocr_carea' id='block_1_43' title="bbox 398 2818 1764 2879">
    <p class='ocr_par' dir='ltr' id='par_1_43' title="bbox 398 2818 1764 2879">
     <span class='ocr_line' id='line_1_43' title="bbox 398 2818 1764 2879; baseline -0.007 0"><span class='ocrx_word' id='word_1_317' title='bbox 398 2823 765 2879; x_wconf 55' lang='lat' dir='ltr'><strong>.coulitentem</strong></span> <span class='ocrx_word' id='word_1_318' title='bbox 787 2820 1062 2878; x_wconf 87' lang='lat' dir='ltr'><strong>Christum</strong></span> <span class='ocrx_word' id='word_1_319' title='bbox 1094 2819 1261 2876; x_wconf 85' lang='lat' dir='ltr'><strong>filium</strong></span> <span class='ocrx_word' id='word_1_320' title='bbox 1291 2819 1386 2875; x_wconf 91' lang='lat' dir='ltr'><strong>Dei</strong></span> <span class='ocrx_word' id='word_1_321' title='bbox 1421 2818 1591 2873; x_wconf 91' lang='lat' dir='ltr'><strong>Deum</strong></span> <span class='ocrx_word' id='word_1_322' title='bbox 1620 2830 1764 2872; x_wconf 91' lang='lat' dir='ltr'><strong>esse.</strong></span> 
     </span>
    </p>
   </div>
   <div class='ocr_carea' id='block_1_44' title="bbox 489 2903 2019 2987">
    <p class='ocr_par' dir='ltr' id='par_1_44' title="bbox 489 2903 2019 2987">
     <span class='ocr_line' id='line_1_44' title="bbox 489 2903 2019 2987; baseline -0.003 -18"><span class='ocrx_word' id='word_1_323' title='bbox 489 2913 579 2969; x_wconf 71' lang='grc'><strong>14.</strong></span> <span class='ocrx_word' id='word_1_324' title='bbox 612 2903 796 2969; x_wconf 81' lang='lat' dir='ltr'><strong>Fidem</strong></span> <span class='ocrx_word' id='word_1_325' title='bbox 836 2931 985 2970; x_wconf 87' lang='lat' dir='ltr'><strong>suam</strong></span> <span class='ocrx_word' id='word_1_326' title='bbox 1027 2914 1253 2987; x_wconf 68' lang='lat' dir='ltr'><strong>exponit.</strong></span> <span class='ocrx_word' id='word_1_327' title='bbox 1288 2940 1361 2953; x_wconf 91' lang='lat'><strong>—-</strong></span> <span class='ocrx_word' id='word_1_328' title='bbox 1393 2929 1411 2962; x_wconf 80' lang='lat' dir='ltr'><strong>s</strong></span> <span class='ocrx_word' id='word_1_329' title='bbox 1458 2910 1699 2979; x_wconf 82' lang='lat' dir='ltr'><strong>Exposui</strong></span> <span class='ocrx_word' id='word_1_330' title='bbox 1730 2907 1797 2981; x_wconf 69' lang='grc' dir='ltr'><strong>(Γ)</strong></span> <span class='ocrx_word' id='word_1_331' title='bbox 1829 2907 2019 2965; x_wconf 84' lang='lat' dir='ltr'><strong>amicis</strong></span> 
     </span>
    </p>
   </div>
   <div class='ocr_carea' id='block_1_45' title="bbox 414 3001 2019 3080">
    <p class='ocr_par' dir='ltr' id='par_1_45' title="bbox 414 3001 2019 3080">
     <span class='ocr_line' id='line_1_45' title="bbox 414 3001 2019 3080; baseline -0.004 -16"><span class='ocrx_word' id='word_1_332' title='bbox 414 3010 626 3080; x_wconf 88' lang='lat' dir='ltr'><strong>pietatis</strong></span> <span class='ocrx_word' id='word_1_333' title='bbox 648 3020 845 3065; x_wconf 66' lang='lat' dir='ltr'><strong>vestrae</strong></span> <span class='ocrx_word' id='word_1_334' title='bbox 873 3023 1050 3065; x_wconf 87' lang='lat' dir='ltr'><strong>meam</strong></span> <span class='ocrx_word' id='word_1_335' title='bbox 1074 3006 1499 3073; x_wconf 80' lang='lat' dir='ltr'><strong>confessionem,</strong></span> <span class='ocrx_word' id='word_1_336' title='bbox 1529 3006 1761 3075; x_wconf 92' lang='lat' dir='ltr'><strong>primum</strong></span> <span class='ocrx_word' id='word_1_337' title='bbox 1801 3001 2019 3059; x_wconf 86' lang='lat' dir='ltr'><strong>satisfa—</strong></span> 
     </span>
    </p>
   </div>
   <div class='ocr_carea' id='block_1_46' title="bbox 411 3095 2020 3175">
    <p class='ocr_par' dir='ltr' id='par_1_46' title="bbox 411 3095 2020 3175">
     <span class='ocr_line' id='line_1_46' title="bbox 411 3095 2020 3175; baseline -0.005 -18"><span class='ocrx_word' id='word_1_338' title='bbox 411 3101 585 3171; x_wconf 88' lang='lat' dir='ltr'><strong>ciens,</strong></span> <span class='ocrx_word' id='word_1_339' title='bbox 618 3102 743 3172; x_wconf 88' lang='lat' dir='ltr'><strong>quia</strong></span> <span class='ocrx_word' id='word_1_340' title='bbox 772 3117 1064 3173; x_wconf 86' lang='lat' dir='ltr'><strong>numquam</strong></span> <span class='ocrx_word' id='word_1_341' title='bbox 1096 3102 1174 3175; x_wconf 89' lang='lat' dir='ltr'><strong>(g)</strong></span> <span class='ocrx_word' id='word_1_342' title='bbox 1202 3099 1335 3156; x_wconf 90' lang='lat' dir='ltr'><strong>scivi</strong></span> <span class='ocrx_word' id='word_1_343' title='bbox 1362 3098 1576 3162; x_wconf 88' lang='lat' dir='ltr'><strong>Arium,</strong></span> <span class='ocrx_word' id='word_1_344' title='bbox 1609 3112 1717 3151; x_wconf 92' lang='lat' dir='ltr'><strong>non</strong></span> <span class='ocrx_word' id='word_1_345' title='bbox 1753 3095 1863 3150; x_wconf 94' lang='lat' dir='ltr'><strong>vidi</strong></span> <span class='ocrx_word' id='word_1_346' title='bbox 1891 3109 2020 3150; x_wconf 90' lang='lat' dir='ltr'><strong>ocu-</strong></span> 
     </span>
    </p>
   </div>
   <div class='ocr_carea' id='block_1_47' title="bbox 2123 1882 2344 1957">
    <p class='ocr_par' dir='ltr' id='par_1_47' title="bbox 2123 1882 2344 1957">
     <span class='ocr_line' id='line_1_47' title="bbox 2123 1882 2344 1957; baseline 0 -18"><span class='ocrx_word' id='word_1_347' title='bbox 2123 1884 2216 1955; x_wconf 77' lang='lat' dir='ltr'><strong>l9)</strong></span> <span class='ocrx_word' id='word_1_348' title='bbox 2257 1882 2344 1957; x_wconf 70' lang='grc' dir='ltr'><strong>(ε).</strong></span> 
     </span>
    </p>
   </div>
   <div class='ocr_carea' id='block_1_48' title="bbox 2196 1978 3733 2050">
    <p class='ocr_par' dir='ltr' id='par_1_48' title="bbox 2196 1978 3733 2050">
     <span class='ocr_line' id='line_1_48' title="bbox 2196 1978 3733 2050; baseline 0.008 -18"><span class='ocrx_word' id='word_1_349' title='bbox 2196 1978 2283 2033; x_wconf 82' lang='grc'><strong>15.</strong></span> <span class='ocrx_word' id='word_1_350' title='bbox 2316 1979 2630 2036; x_wconf 83' lang='lat' dir='ltr'><strong>Ariminensi</strong></span> <span class='ocrx_word' id='word_1_351' title='bbox 2652 1981 2776 2050; x_wconf 82' lang='lat' dir='ltr'><strong>ﬁdei</strong></span> <span class='ocrx_word' id='word_1_352' title='bbox 2795 1982 3045 2037; x_wconf 80' lang='lat' dir='ltr'><strong>adhwret.</strong></span> <span class='ocrx_word' id='word_1_353' title='bbox 3064 2014 3136 2023; x_wconf 97' lang='lat'><em>—</em></span> <span class='ocrx_word' id='word_1_354' title='bbox 3159 2002 3177 2035; x_wconf 78' lang='grc' dir='ltr'>ι</span> <span class='ocrx_word' id='word_1_355' title='bbox 3218 1984 3360 2041; x_wconf 90' lang='lat' dir='ltr'><strong>Duos</strong></span> <span class='ocrx_word' id='word_1_356' title='bbox 3387 1996 3569 2043; x_wconf 89' lang='lat' dir='ltr'><strong>autem</strong></span> <span class='ocrx_word' id='word_1_357' title='bbox 3598 1988 3733 2045; x_wconf 87' lang='lat' dir='ltr'><strong>deos</strong></span> 
     </span>
    </p>
   </div>
   <div class='ocr_carea' id='block_1_49' title="bbox 2121 2074 3735 2151">
    <p class='ocr_par' dir='ltr' id='par_1_49' title="bbox 2121 2074 3735 2151">
     <span class='ocr_line' id='line_1_49' title="bbox 2121 2074 3735 2151; baseline 0.007 -25"><span class='ocrx_word' id='word_1_358' title='bbox 2121 2087 2415 2143; x_wconf 89' lang='lat' dir='ltr'><strong>numquam</strong></span> <span class='ocrx_word' id='word_1_359' title='bbox 2446 2074 2734 2143; x_wconf 85' lang='lat' dir='ltr'><strong>praedicavi</strong></span> <span class='ocrx_word' id='word_1_360' title='bbox 2767 2094 2781 2129; x_wconf 90' lang='lat'><strong>:</strong></span> <span class='ocrx_word' id='word_1_361' title='bbox 2813 2091 2916 2151; x_wconf 89' lang='lat' dir='ltr'><strong>nec</strong></span> <span class='ocrx_word' id='word_1_362' title='bbox 2943 2078 3089 2132; x_wconf 92' lang='lat' dir='ltr'><strong>enim</strong></span> <span class='ocrx_word' id='word_1_363' title='bbox 3122 2087 3249 2132; x_wconf 90' lang='lat' dir='ltr'><strong>sunt</strong></span> <span class='ocrx_word' id='word_1_364' title='bbox 3286 2077 3396 2133; x_wconf 90' lang='lat' dir='ltr'><strong>duo</strong></span> <span class='ocrx_word' id='word_1_365' title='bbox 3437 2091 3641 2150; x_wconf 88' lang='lat' dir='ltr'><strong>patres,</strong></span> <span class='ocrx_word' id='word_1_366' title='bbox 3662 2090 3735 2139; x_wconf 39' lang='lat' dir='ltr'><strong>-ut</strong></span> 
     </span>
    </p>
   </div>
   <div class='ocr_carea' id='block_1_50' title="bbox 2120 2163 3731 2232">
    <p class='ocr_par' dir='ltr' id='par_1_50' title="bbox 2120 2163 3731 2232">
     <span class='ocr_line' id='line_1_50' title="bbox 2120 2163 3731 2232; baseline 0.006 -13"><span class='ocrx_word' id='word_1_367' title='bbox 2120 2163 2331 2221; x_wconf 86' lang='lat' dir='ltr'><strong>duodii</strong></span> <span class='ocrx_word' id='word_1_368' title='bbox 2358 2164 2629 2231; x_wconf 88' lang='lat' dir='ltr'><strong>dicantur,</strong></span> <span class='ocrx_word' id='word_1_369' title='bbox 2654 2181 2755 2222; x_wconf 88' lang='lat' dir='ltr'><strong>nec</strong></span> <span class='ocrx_word' id='word_1_370' title='bbox 2780 2166 2889 2223; x_wconf 92' lang='lat' dir='ltr'><strong>duo</strong></span> <span class='ocrx_word' id='word_1_371' title='bbox 2918 2167 3043 2232; x_wconf 81' lang='lat' dir='ltr'><strong>lilii;</strong></span> <span class='ocrx_word' id='word_1_372' title='bbox 3073 2169 3167 2224; x_wconf 89' lang='lat' dir='ltr'><strong>sed</strong></span> <span class='ocrx_word' id='word_1_373' title='bbox 3199 2185 3337 2225; x_wconf 92' lang='lat' dir='ltr'><strong>unus</strong></span> <span class='ocrx_word' id='word_1_374' title='bbox 3360 2170 3501 2228; x_wconf 84' lang='lat' dir='ltr'><strong>ﬁlius</strong></span> <span class='ocrx_word' id='word_1_375' title='bbox 3526 2187 3593 2229; x_wconf 83' lang='lat' dir='ltr'><strong>ex</strong></span> <span class='ocrx_word' id='word_1_376' title='bbox 3621 2188 3731 2229; x_wconf 89' lang='lat' dir='ltr'><strong>uno</strong></span> 
     </span>
    </p>
   </div>
   <div class='ocr_carea' id='block_1_51' title="bbox 2121 2259 3732 2335">
    <p class='ocr_par' dir='ltr' id='par_1_51' title="bbox 2121 2259 3732 2335">
     <span class='ocr_line' id='line_1_51' title="bbox 2121 2259 3732 2335; baseline 0.007 -24"><span class='ocrx_word' id='word_1_377' title='bbox 2121 2267 2295 2329; x_wconf 88' lang='lat' dir='ltr'><strong>patre,</strong></span> <span class='ocrx_word' id='word_1_378' title='bbox 2324 2259 2473 2314; x_wconf 90' lang='lat' dir='ltr'><strong>solus</strong></span> <span class='ocrx_word' id='word_1_379' title='bbox 2501 2275 2531 2315; x_wconf 90' lang='lat' dir='ltr'><strong>a</strong></span> <span class='ocrx_word' id='word_1_380' title='bbox 2553 2260 2694 2326; x_wconf 91' lang='lat' dir='ltr'><strong>solo,</strong></span> <span class='ocrx_word' id='word_1_381' title='bbox 2722 2260 2866 2316; x_wconf 86' lang='lat' dir='ltr'><strong>Deus</strong></span> <span class='ocrx_word' id='word_1_382' title='bbox 2887 2277 2953 2316; x_wconf 86' lang='lat' dir='ltr'><strong>ex</strong></span> <span class='ocrx_word' id='word_1_383' title='bbox 2984 2261 3116 2327; x_wconf 85' lang='lat' dir='ltr'><strong>Deo,</strong></span> <span class='ocrx_word' id='word_1_384' title='bbox 3144 2265 3285 2319; x_wconf 87' lang='lat' dir='ltr'><strong>sicut</strong></span> <span class='ocrx_word' id='word_1_385' title='bbox 3310 2263 3577 2335; x_wconf 79' lang='lat' dir='ltr'><strong>scriptum</strong></span> <span class='ocrx_word' id='word_1_386' title='bbox 3608 2275 3732 2322; x_wconf 88' lang='lat' dir='ltr'><strong>est:</strong></span> 
     </span>
    </p>
   </div>
   <div class='ocr_carea' id='block_1_52' title="bbox 2129 2349 3737 2424">
    <p class='ocr_par' dir='ltr' id='par_1_52' title="bbox 2129 2349 3737 2424">
     <span class='ocr_line' id='line_1_52' title="bbox 2129 2349 3737 2424; baseline 0.004 -18"><span class='ocrx_word' id='word_1_387' title='bbox 2129 2349 2275 2406; x_wconf 88' lang='lat' dir='ltr'><strong>Unus</strong></span> <span class='ocrx_word' id='word_1_388' title='bbox 2327 2350 2484 2406; x_wconf 85' lang='lat' dir='ltr'><strong>Pater</strong></span> <span class='ocrx_word' id='word_1_389' title='bbox 2535 2351 2675 2407; x_wconf 81' lang='lat' dir='ltr'><strong>Deus</strong></span> <span class='ocrx_word' id='word_1_390' title='bbox 2713 2369 2777 2407; x_wconf 80' lang='lat' dir='ltr'><strong>ea:</strong></span> <span class='ocrx_word' id='word_1_391' title='bbox 2822 2370 2922 2424; x_wconf 89' lang='lat' dir='ltr'><strong>quo</strong></span> <span class='ocrx_word' id='word_1_392' title='bbox 2966 2354 3160 2417; x_wconf 83' lang='lat' dir='ltr'><strong>omnia.</strong></span> <span class='ocrx_word' id='word_1_393' title='bbox 3204 2366 3253 2410; x_wconf 89' lang='lat' dir='ltr'><strong>et</strong></span> <span class='ocrx_word' id='word_1_394' title='bbox 3302 2373 3435 2410; x_wconf 82' lang='lat' dir='ltr'><strong>unus</strong></span> <span class='ocrx_word' id='word_1_395' title='bbox 3480 2355 3737 2415; x_wconf 75' lang='lat' dir='ltr'><strong>Dominus</strong></span> 
     </span>
    </p>
   </div>
   <div class='ocr_carea' id='block_1_53' title="bbox 2121 2441 3736 2520">
    <p class='ocr_par' dir='ltr' id='par_1_53' title="bbox 2121 2441 3736 2520">
     <span class='ocr_line' id='line_1_53' title="bbox 2121 2441 3736 2520; baseline 0.006 -23"><span class='ocrx_word' id='word_1_396' title='bbox 2121 2441 2281 2499; x_wconf 75' lang='lat' dir='ltr'><strong>Iesus</strong></span> <span class='ocrx_word' id='word_1_397' title='bbox 2302 2442 2538 2500; x_wconf 82' lang='lat' dir='ltr'><strong>Christus</strong></span> <span class='ocrx_word' id='word_1_398' title='bbox 2557 2462 2647 2517; x_wconf 84' lang='lat' dir='ltr'><strong>per</strong></span> <span class='ocrx_word' id='word_1_399' title='bbox 2666 2462 2818 2515; x_wconf 78' lang='lat' dir='ltr'><strong>quem</strong></span> <span class='ocrx_word' id='word_1_400' title='bbox 2838 2447 3010 2501; x_wconf 86' lang='lat' dir='ltr'><strong>omnia</strong></span> <span class='ocrx_word' id='word_1_401' title='bbox 3030 2447 3070 2519; x_wconf 89' lang='grc' dir='ltr'><strong>(Ι</strong></span> <span class='ocrx_word' id='word_1_402' title='bbox 3096 2444 3217 2502; x_wconf 83' lang='lat' dir='ltr'><strong>Cor.</strong></span> <span class='ocrx_word' id='word_1_403' title='bbox 3243 2464 3357 2509; x_wconf 85' lang='lat' dir='ltr'><strong>vm.</strong></span> <span class='ocrx_word' id='word_1_404' title='bbox 3388 2446 3443 2519; x_wconf 87' lang='lat'><strong>6)</strong></span> <span class='ocrx_word' id='word_1_405' title='bbox 3472 2469 3484 2502; x_wconf 86' lang='lat'><strong>:</strong></span> <span class='ocrx_word' id='word_1_406' title='bbox 3514 2462 3736 2520; x_wconf 82' lang='lat' dir='ltr'><strong>prOptcr</strong></span> 
     </span>
    </p>
   </div>
   <div class='ocr_carea' id='block_1_54' title="bbox 2122 2537 3733 2614">
    <p class='ocr_par' dir='ltr' id='par_1_54' title="bbox 2122 2537 3733 2614">
     <span class='ocr_line' id='line_1_54' title="bbox 2122 2537 3733 2614; baseline 0.006 -24"><span class='ocrx_word' id='word_1_407' title='bbox 2122 2537 2270 2606; x_wconf 90' lang='lat' dir='ltr'><strong>quod</strong></span> <span class='ocrx_word' id='word_1_408' title='bbox 2312 2546 2370 2593; x_wconf 89' lang='lat' dir='ltr'><strong>et</strong></span> <span class='ocrx_word' id='word_1_409' title='bbox 2413 2554 2573 2593; x_wconf 90' lang='lat' dir='ltr'><strong>unam</strong></span> <span class='ocrx_word' id='word_1_410' title='bbox 2625 2539 2882 2594; x_wconf 88' lang='lat' dir='ltr'><strong>deitatem</strong></span> <span class='ocrx_word' id='word_1_411' title='bbox 2931 2542 3308 2609; x_wconf 60' lang='lat' dir='ltr'><strong>praedicamus.</strong></span> <span class='ocrx_word' id='word_1_412' title='bbox 3352 2541 3557 2598; x_wconf 88' lang='lat' dir='ltr'><strong>Omnes</strong></span> <span class='ocrx_word' id='word_1_413' title='bbox 3601 2558 3733 2614; x_wconf 88' lang='lat' dir='ltr'><strong>ergo</strong></span> 
     </span>
    </p>
   </div>
   <div class='ocr_carea' id='block_1_55' title="bbox 2126 2631 3733 2704">
    <p class='ocr_par' dir='ltr' id='par_1_55' title="bbox 2126 2631 3733 2704">
     <span class='ocr_line' id='line_1_55' title="bbox 2126 2631 3733 2704; baseline 0.004 -19"><span class='ocrx_word' id='word_1_414' title='bbox 2126 2631 2387 2699; x_wconf 80' lang='lat' dir='ltr'><strong>haereses,</strong></span> <span class='ocrx_word' id='word_1_415' title='bbox 2429 2647 2553 2702; x_wconf 73' lang='lat' dir='ltr'><strong>qua:</strong></span> <span class='ocrx_word' id='word_1_416' title='bbox 2595 2632 2857 2687; x_wconf 86' lang='lat' dir='ltr'><strong>adversus</strong></span> <span class='ocrx_word' id='word_1_417' title='bbox 2900 2632 3225 2687; x_wconf 86' lang='lat' dir='ltr'><strong>catholicam</strong></span> <span class='ocrx_word' id='word_1_418' title='bbox 3276 2632 3435 2688; x_wconf 87' lang='lat' dir='ltr'><strong>fidem</strong></span> <span class='ocrx_word' id='word_1_419' title='bbox 3484 2633 3733 2704; x_wconf 83' lang='lat' dir='ltr'><strong>veniunt,</strong></span> 
     </span>
    </p>
   </div>
   <div class='ocr_carea' id='block_1_56' title="bbox 2124 2723 3734 2796">
    <p class='ocr_par' dir='ltr' id='par_1_56' title="bbox 2124 2723 3734 2796">
     <span class='ocr_line' id='line_1_56' title="bbox 2124 2723 3734 2796; baseline 0.002 -17"><span class='ocrx_word' id='word_1_420' title='bbox 2124 2738 2343 2793; x_wconf 86' lang='lat' dir='ltr'><strong>semper</strong></span> <span class='ocrx_word' id='word_1_421' title='bbox 2383 2723 2602 2794; x_wconf 90' lang='lat' dir='ltr'><strong>quidem</strong></span> <span class='ocrx_word' id='word_1_422' title='bbox 2647 2725 2958 2794; x_wconf 74' lang='lat' dir='ltr'><strong>congregati</strong></span> <span class='ocrx_word' id='word_1_423' title='bbox 3011 2723 3250 2796; x_wconf 90' lang='lat' dir='ltr'><strong>episcopi</strong></span> <span class='ocrx_word' id='word_1_424' title='bbox 3300 2725 3552 2781; x_wconf 85' lang='lat' dir='ltr'><strong>catholici</strong></span> <span class='ocrx_word' id='word_1_425' title='bbox 3595 2742 3734 2782; x_wconf 86' lang='lat' dir='ltr'><strong>con-</strong></span> 
     </span>
    </p>
   </div>
   <div class='ocr_carea' id='block_1_57' title="bbox 2122 2814 3730 2887">
    <p class='ocr_par' dir='ltr' id='par_1_57' title="bbox 2122 2814 3730 2887">
     <span class='ocr_line' id='line_1_57' title="bbox 2122 2814 3730 2887; baseline 0.002 -16"><span class='ocrx_word' id='word_1_426' title='bbox 2122 2814 2522 2871; x_wconf 88' lang='lat' dir='ltr'><strong>demnaverunt</strong></span> <span class='ocrx_word' id='word_1_427' title='bbox 2546 2824 2601 2871; x_wconf 90' lang='lat' dir='ltr'><strong>et</strong></span> <span class='ocrx_word' id='word_1_428' title='bbox 2630 2816 3247 2881; x_wconf 88' lang='lat' dir='ltr'><strong>anathematizaverunt,</strong></span> <span class='ocrx_word' id='word_1_429' title='bbox 3281 2819 3590 2887; x_wconf 88' lang='lat' dir='ltr'><strong>specialiter</strong></span> <span class='ocrx_word' id='word_1_430' title='bbox 3628 2834 3730 2875; x_wconf 91' lang='lat' dir='ltr'><strong>au-</strong></span> 
     </span>
    </p>
   </div>
   <div class='ocr_carea' id='block_1_58' title="bbox 2125 2908 3727 2977">
    <p class='ocr_par' dir='ltr' id='par_1_58' title="bbox 2125 2908 3727 2977">
     <span class='ocr_line' id='line_1_58' title="bbox 2125 2908 3727 2977; baseline 0.004 -14"><span class='ocrx_word' id='word_1_431' title='bbox 2125 2917 2232 2964; x_wconf 92' lang='lat' dir='ltr'><strong>tem</strong></span> <span class='ocrx_word' id='word_1_432' title='bbox 2262 2908 2653 2964; x_wconf 86' lang='lat' dir='ltr'><strong>convenientes</strong></span> <span class='ocrx_word' id='word_1_433' title='bbox 2678 2908 2948 2977; x_wconf 86' lang='lat' dir='ltr'><strong>Arimino,</strong></span> <span class='ocrx_word' id='word_1_434' title='bbox 2985 2920 3040 2965; x_wconf 90' lang='lat' dir='ltr'><strong>et</strong></span> <span class='ocrx_word' id='word_1_435' title='bbox 3066 2909 3191 2967; x_wconf 90' lang='lat' dir='ltr'><strong>inde</strong></span> <span class='ocrx_word' id='word_1_436' title='bbox 3219 2911 3727 2970; x_wconf 86' lang='lat' dir='ltr'><strong>condemnavimus.</strong></span> 
     </span>
    </p>
   </div>
   <div class='ocr_carea' id='block_1_59' title="bbox 2123 3000 3734 3075">
    <p class='ocr_par' dir='ltr' id='par_1_59' title="bbox 2123 3000 3734 3075">
     <span class='ocr_line' id='line_1_59' title="bbox 2123 3000 3734 3075; baseline 0.003 -17"><span class='ocrx_word' id='word_1_437' title='bbox 2123 3002 2457 3058; x_wconf 87' lang='lat' dir='ltr'><strong>Catholicam</strong></span> <span class='ocrx_word' id='word_1_438' title='bbox 2491 3010 2669 3057; x_wconf 88' lang='lat' dir='ltr'><strong>autem</strong></span> <span class='ocrx_word' id='word_1_439' title='bbox 2708 3013 2764 3057; x_wconf 91' lang='lat' dir='ltr'><strong>et</strong></span> <span class='ocrx_word' id='word_1_440' title='bbox 2810 3000 3258 3073; x_wconf 85' lang='lat' dir='ltr'><strong>Evangeliorum,</strong></span> <span class='ocrx_word' id='word_1_441' title='bbox 3289 3020 3449 3075; x_wconf 88' lang='lat' dir='ltr'><strong>quam</strong></span> <span class='ocrx_word' id='word_1_442' title='bbox 3491 3006 3734 3063; x_wconf 82' lang='lat' dir='ltr'><strong>tradide-</strong></span> 
     </span>
    </p>
   </div>
   <div class='ocr_carea' id='block_1_60' title="bbox 2122 3094 3730 3165">
    <p class='ocr_par' dir='ltr' id='par_1_60' title="bbox 2122 3094 3730 3165">
     <span class='ocr_line' id='line_1_60' title="bbox 2122 3094 3730 3165; baseline 0.004 -15"><span class='ocrx_word' id='word_1_443' title='bbox 2122 3104 2251 3151; x_wconf 90' lang='lat' dir='ltr'><strong>runt</strong></span> <span class='ocrx_word' id='word_1_444' title='bbox 2278 3094 2546 3165; x_wconf 80' lang='lat' dir='ltr'><strong>Apostoli,</strong></span> <span class='ocrx_word' id='word_1_445' title='bbox 2569 3095 2713 3150; x_wconf 87' lang='lat' dir='ltr'><strong>hanc</strong></span> <span class='ocrx_word' id='word_1_446' title='bbox 2741 3095 2975 3151; x_wconf 83' lang='lat' dir='ltr'><strong>fideliter</strong></span> <span class='ocrx_word' id='word_1_447' title='bbox 3004 3095 3422 3153; x_wconf 90' lang='lat' dir='ltr'><strong>custodivimus.</strong></span> <span class='ocrx_word' id='word_1_448' title='bbox 3450 3098 3521 3154; x_wconf 88' lang='lat' dir='ltr'><strong>Ut</strong></span> <span class='ocrx_word' id='word_1_449' title='bbox 3546 3109 3730 3157; x_wconf 90' lang='lat' dir='ltr'><strong>autem</strong></span> 
     </span>
    </p>
   </div>
   <div class='ocr_carea' id='block_1_61' title="bbox 411 3188 3731 3279">
    <p class='ocr_par' dir='ltr' id='par_1_61' title="bbox 411 3188 3731 3279">
     <span class='ocr_line' id='line_1_61' title="bbox 411 3188 3731 3279; baseline 0.001 -31"><span class='ocrx_word' id='word_1_450' title='bbox 411 3192 512 3261; x_wconf 89' lang='lat' dir='ltr'><strong>lis,</strong></span> <span class='ocrx_word' id='word_1_451' title='bbox 555 3208 666 3250; x_wconf 91' lang='lat' dir='ltr'><strong>non</strong></span> <span class='ocrx_word' id='word_1_452' title='bbox 705 3195 934 3266; x_wconf 77' lang='lat' dir='ltr'><strong>cognovi</strong></span> <span class='ocrx_word' id='word_1_453' title='bbox 971 3194 1089 3264; x_wconf 87' lang='lat' dir='ltr'><strong>ejus</strong></span> <span class='ocrx_word' id='word_1_454' title='bbox 1131 3191 1432 3247; x_wconf 89' lang='lat' dir='ltr'><strong>doctrinam</strong></span> <span class='ocrx_word' id='word_1_455' title='bbox 1465 3207 1479 3242; x_wconf 90' lang='lat'><strong>:</strong></span> <span class='ocrx_word' id='word_1_456' title='bbox 1509 3188 1604 3246; x_wconf 90' lang='lat' dir='ltr'><strong>sed</strong></span> <span class='ocrx_word' id='word_1_457' title='bbox 1649 3204 1719 3245; x_wconf 79' lang='lat' dir='ltr'><strong>ex</strong></span> <span class='ocrx_word' id='word_1_458' title='bbox 1759 3188 2013 3253; x_wconf 89' lang='lat' dir='ltr'><strong>infantia,</strong></span> <span class='ocrx_word' id='word_1_459' title='bbox 2046 3215 2091 3279; x_wconf 67' lang='grc' dir='ltr'><strong>ρ</strong></span> <span class='ocrx_word' id='word_1_460' title='bbox 2125 3190 2296 3259; x_wconf 89' lang='lat' dir='ltr'><strong>pietas</strong></span> <span class='ocrx_word' id='word_1_461' title='bbox 2325 3199 2505 3245; x_wconf 82' lang='lat' dir='ltr'><strong>vestra</strong></span> <span class='ocrx_word' id='word_1_462' title='bbox 2532 3189 2715 3245; x_wconf 91' lang='lat' dir='ltr'><strong>verius</strong></span> <span class='ocrx_word' id='word_1_463' title='bbox 2753 3198 3110 3260; x_wconf 79' lang='lat' dir='ltr'><strong>cognosceret</strong></span> <span class='ocrx_word' id='word_1_464' title='bbox 3136 3205 3223 3256; x_wconf 87' lang='lat' dir='ltr'><strong>ea,</strong></span> <span class='ocrx_word' id='word_1_465' title='bbox 3251 3207 3375 3262; x_wconf 73' lang='lat' dir='ltr'><strong>qua:</strong></span> <span class='ocrx_word' id='word_1_466' title='bbox 3414 3203 3566 3262; x_wconf 85' lang='lat' dir='ltr'><strong>gesta</strong></span> <span class='ocrx_word' id='word_1_467' title='bbox 3604 3204 3731 3250; x_wconf 86' lang='lat' dir='ltr'><strong>sunt</strong></span> 
     </span>
    </p>
   </div>
   <div class='ocr_carea' id='block_1_62' title="bbox 410 3281 2016 3361">
    <p class='ocr_par' dir='ltr' id='par_1_62' title="bbox 410 3281 2016 3361">
     <span class='ocr_line' id='line_1_62' title="bbox 410 3281 2016 3361; baseline -0.006 -17"><span class='ocrx_word' id='word_1_468' title='bbox 410 3288 862 3361; x_wconf 89' lang='lat' dir='ltr'><strong>quemadmodum</strong></span> <span class='ocrx_word' id='word_1_469' title='bbox 893 3288 1085 3344; x_wconf 88' lang='lat' dir='ltr'><strong>doctus</strong></span> <span class='ocrx_word' id='word_1_470' title='bbox 1116 3303 1256 3351; x_wconf 91' lang='lat' dir='ltr'><strong>sum,</strong></span> <span class='ocrx_word' id='word_1_471' title='bbox 1295 3285 1437 3342; x_wconf 91' lang='lat' dir='ltr'><strong>sicut</strong></span> <span class='ocrx_word' id='word_1_472' title='bbox 1476 3283 1660 3355; x_wconf 87' lang='lat' dir='ltr'><strong>accepi</strong></span> <span class='ocrx_word' id='word_1_473' title='bbox 1706 3282 1774 3338; x_wconf 90' lang='lat' dir='ltr'><strong>de</strong></span> <span class='ocrx_word' id='word_1_474' title='bbox 1812 3281 2016 3337; x_wconf 89' lang='lat' dir='ltr'><strong>sanctis</strong></span> 
     </span>
    </p>
   </div>
   <div class='ocr_carea' id='block_1_63' title="bbox 412 3378 2011 3452">
    <p class='ocr_par' dir='ltr' id='par_1_63' title="bbox 412 3378 2011 3452">
     <span class='ocr_line' id='line_1_63' title="bbox 412 3378 2011 3452; baseline -0.003 -16"><span class='ocrx_word' id='word_1_475' title='bbox 412 3380 728 3452; x_wconf 89' lang='lat' dir='ltr'><strong>Scripturis.</strong></span> <span class='ocrx_word' id='word_1_476' title='bbox 762 3380 991 3447; x_wconf 88' lang='lat' dir='ltr'><strong>credidi,</strong></span> <span class='ocrx_word' id='word_1_477' title='bbox 1024 3390 1080 3437; x_wconf 91' lang='lat' dir='ltr'><strong>et</strong></span> <span class='ocrx_word' id='word_1_478' title='bbox 1103 3380 1268 3436; x_wconf 89' lang='lat' dir='ltr'><strong>credo</strong></span> <span class='ocrx_word' id='word_1_479' title='bbox 1304 3380 1357 3435; x_wconf 93' lang='lat' dir='ltr'><strong>in</strong></span> <span class='ocrx_word' id='word_1_480' title='bbox 1399 3394 1563 3434; x_wconf 92' lang='lat' dir='ltr'><strong>unum</strong></span> <span class='ocrx_word' id='word_1_481' title='bbox 1604 3378 1778 3434; x_wconf 83' lang='lat' dir='ltr'><strong>solum</strong></span> <span class='ocrx_word' id='word_1_482' title='bbox 1822 3391 2011 3432; x_wconf 90' lang='lat' dir='ltr'><strong>verum</strong></span> 
     </span>
    </p>
   </div>
   <div class='ocr_carea' id='block_1_64' title="bbox 412 3471 2013 3548">
    <p class='ocr_par' dir='ltr' id='par_1_64' title="bbox 412 3471 2013 3548">
     <span class='ocr_line' id='line_1_64' title="bbox 412 3471 2013 3548; baseline -0.002 -17"><span class='ocrx_word' id='word_1_483' title='bbox 412 3476 584 3531; x_wconf 90' lang='lat' dir='ltr'><strong>Deum</strong></span> <span class='ocrx_word' id='word_1_484' title='bbox 614 3485 817 3546; x_wconf 88' lang='lat' dir='ltr'><strong>patrem</strong></span> <span class='ocrx_word' id='word_1_485' title='bbox 849 3476 1296 3548; x_wconf 86' lang='lat' dir='ltr'><strong>omnipotentem,</strong></span> <span class='ocrx_word' id='word_1_486' title='bbox 1329 3475 1677 3539; x_wconf 87' lang='lat' dir='ltr'><strong>invisibilem,</strong></span> <span class='ocrx_word' id='word_1_487' title='bbox 1708 3471 2013 3543; x_wconf 76' lang='lat' dir='ltr'><strong>impossibi-</strong></span> 
     </span>
    </p>
   </div>
   <div class='ocr_carea' id='block_1_65' title="bbox 408 3566 2011 3639">
    <p class='ocr_par' dir='ltr' id='par_1_65' title="bbox 408 3566 2011 3639">
     <span class='ocr_line' id='line_1_65' title="bbox 408 3566 2011 3639; baseline -0.002 -17"><span class='ocrx_word' id='word_1_488' title='bbox 408 3566 540 3635; x_wconf 89' lang='lat' dir='ltr'><strong>lem,</strong></span> <span class='ocrx_word' id='word_1_489' title='bbox 575 3568 930 3625; x_wconf 82' lang='lat' dir='ltr'><strong>immortalem</strong></span> <span class='ocrx_word' id='word_1_490' title='bbox 963 3588 977 3623; x_wconf 89' lang='lat'>:</span> <span class='ocrx_word' id='word_1_491' title='bbox 1006 3580 1060 3625; x_wconf 88' lang='lat' dir='ltr'><strong>et</strong></span> <span class='ocrx_word' id='word_1_492' title='bbox 1103 3571 1155 3625; x_wconf 92' lang='lat' dir='ltr'><strong>in</strong></span> <span class='ocrx_word' id='word_1_493' title='bbox 1186 3569 1353 3624; x_wconf 83' lang='lat' dir='ltr'><strong>filium</strong></span> <span class='ocrx_word' id='word_1_494' title='bbox 1383 3569 1498 3639; x_wconf 88' lang='lat' dir='ltr'><strong>ejus</strong></span> <span class='ocrx_word' id='word_1_495' title='bbox 1533 3566 1866 3638; x_wconf 90' lang='lat' dir='ltr'><strong>unigenitum</strong></span> <span class='ocrx_word' id='word_1_496' title='bbox 1907 3566 2011 3620; x_wconf 85' lang='lat' dir='ltr'><strong>Do-</strong></span> 
     </span>
    </p>
   </div>
   <div class='ocr_carea' id='block_1_66' title="bbox 410 3658 2012 3727">
    <p class='ocr_par' dir='ltr' id='par_1_66' title="bbox 410 3658 2012 3727">
     <span class='ocr_line' id='line_1_66' title="bbox 410 3658 2012 3727; baseline -0.001 -14"><span class='ocrx_word' id='word_1_497' title='bbox 410 3660 614 3716; x_wconf 90' lang='lat' dir='ltr'><strong>minum</strong></span> <span class='ocrx_word' id='word_1_498' title='bbox 646 3672 886 3716; x_wconf 90' lang='lat' dir='ltr'><strong>nostrum</strong></span> <span class='ocrx_word' id='word_1_499' title='bbox 913 3660 1097 3718; x_wconf 84' lang='lat' dir='ltr'><strong>Jestun</strong></span> <span class='ocrx_word' id='word_1_500' title='bbox 1125 3661 1419 3727; x_wconf 83' lang='lat' dir='ltr'><strong>Chrismm,</strong></span> <span class='ocrx_word' id='word_1_501' title='bbox 1451 3668 1579 3715; x_wconf 89' lang='lat' dir='ltr'><strong>ante</strong></span> <span class='ocrx_word' id='word_1_502' title='bbox 1604 3660 1781 3713; x_wconf 91' lang='lat' dir='ltr'><strong>omnia</strong></span> <span class='ocrx_word' id='word_1_503' title='bbox 1812 3658 2012 3714; x_wconf 67' lang='lat' dir='ltr'><strong>saecula</strong></span> 
     </span>
    </p>
   </div>
   <div class='ocr_carea' id='block_1_67' title="bbox 409 3750 2015 3823">
    <p class='ocr_par' dir='ltr' id='par_1_67' title="bbox 409 3750 2015 3823">
     <span class='ocr_line' id='line_1_67' title="bbox 409 3750 2015 3823; baseline -0.001 -16"><span class='ocrx_word' id='word_1_504' title='bbox 409 3757 469 3807; x_wconf 86' lang='lat' dir='ltr'><strong>et</strong></span> <span class='ocrx_word' id='word_1_505' title='bbox 508 3759 636 3805; x_wconf 86' lang='lat' dir='ltr'><strong>ante</strong></span> <span class='ocrx_word' id='word_1_506' title='bbox 678 3767 841 3810; x_wconf 88' lang='lat' dir='ltr'><strong>omne</strong></span> <span class='ocrx_word' id='word_1_507' title='bbox 894 3753 1214 3823; x_wconf 88' lang='lat' dir='ltr'><strong>principium</strong></span> <span class='ocrx_word' id='word_1_508' title='bbox 1279 3763 1464 3809; x_wconf 89' lang='lat' dir='ltr'><strong>natum</strong></span> <span class='ocrx_word' id='word_1_509' title='bbox 1518 3767 1586 3808; x_wconf 78' lang='lat' dir='ltr'><strong>ex</strong></span> <span class='ocrx_word' id='word_1_510' title='bbox 1650 3752 1807 3806; x_wconf 88' lang='lat' dir='ltr'><strong>Patre</strong></span> <span class='ocrx_word' id='word_1_511' title='bbox 1861 3750 2015 3809; x_wconf 66' lang='lat' dir='ltr'><strong>Deum</strong></span> 
     </span>
    </p>
   </div>
   <div class='ocr_carea' id='block_1_68' title="bbox 413 3841 2017 3917">
    <p class='ocr_par' dir='ltr' id='par_1_68' title="bbox 413 3841 2017 3917">
     <span class='ocr_line' id='line_1_68' title="bbox 413 3841 2017 3917; baseline 0.002 -21"><span class='ocrx_word' id='word_1_512' title='bbox 413 3841 492 3914; x_wconf 77' lang='lat' dir='ltr'><strong>(It)</strong></span> <span class='ocrx_word' id='word_1_513' title='bbox 520 3859 701 3902; x_wconf 71' lang='lat' dir='ltr'><strong>vannis</strong></span> <span class='ocrx_word' id='word_1_514' title='bbox 728 3862 918 3903; x_wconf 75' lang='lat' dir='ltr'><strong>l‘lLlUl</strong></span> <span class='ocrx_word' id='word_1_515' title='bbox 946 3862 1013 3903; x_wconf 84' lang='lat' dir='ltr'><strong>ex</strong></span> <span class='ocrx_word' id='word_1_516' title='bbox 1042 3862 1173 3904; x_wconf 84' lang='lat' dir='ltr'><strong>vero</strong></span> <span class='ocrx_word' id='word_1_517' title='bbox 1200 3847 1310 3903; x_wconf 90' lang='lat' dir='ltr'><strong>Deo</strong></span> <span class='ocrx_word' id='word_1_518' title='bbox 1335 3853 1506 3917; x_wconf 88' lang='lat' dir='ltr'><strong>patre,</strong></span> <span class='ocrx_word' id='word_1_519' title='bbox 1530 3844 1826 3902; x_wconf 88' lang='lat' dir='ltr'><strong>secundum</strong></span> <span class='ocrx_word' id='word_1_520' title='bbox 1871 3844 2017 3915; x_wconf 91' lang='lat' dir='ltr'><strong>quod</strong></span> 
     </span>
    </p>
   </div>
   <div class='ocr_carea' id='block_1_69' title="bbox 484 4023 1733 4168">
    <p class='ocr_par' dir='ltr' id='par_1_69' title="bbox 484 4023 1733 4168">
     <span class='ocr_line' id='line_1_69' title="bbox 484 4023 1733 4168; baseline 0.001 -90"><span class='ocrx_word' id='word_1_521' title='bbox 484 4023 561 4168; x_wconf 50' lang='grc' dir='ltr'><strong>ξα)</strong></span> <span class='ocrx_word' id='word_1_522' title='bbox 605 4026 661 4080; x_wconf 87' lang='grc' dir='ltr'><strong>1η</strong></span> <span class='ocrx_word' id='word_1_523' title='bbox 683 4039 786 4081; x_wconf 91' lang='lat' dir='ltr'><strong>ms.</strong></span> <span class='ocrx_word' id='word_1_524' title='bbox 809 4026 972 4083; x_wconf 88' lang='lat' dir='ltr'><strong>Carn.</strong></span> <span class='ocrx_word' id='word_1_525' title='bbox 1004 4027 1255 4098; x_wconf 88' lang='lat' dir='ltr'><strong>adjicitur</strong></span> <span class='ocrx_word' id='word_1_526' title='bbox 1278 4027 1516 4083; x_wconf 88' lang='lat' dir='ltr'><strong>clausula</strong></span> <span class='ocrx_word' id='word_1_527' title='bbox 1550 4026 1733 4083; x_wconf 86' lang='lat' dir='ltr'><strong>Amen.</strong></span> 
     </span>
     <span class='ocr_line' id='line_1_70' title="bbox 511 4097 1707 4166; baseline -0.003 -12"><span class='ocrx_word' id='word_1_528' title='bbox 511 4097 563 4166; x_wconf 71' lang='grc' dir='ltr'><strong>ὁ)</strong></span> <span class='ocrx_word' id='word_1_529' title='bbox 620 4098 695 4154; x_wconf 89' lang='lat' dir='ltr'><strong>lta</strong></span> <span class='ocrx_word' id='word_1_530' title='bbox 738 4112 891 4162; x_wconf 89' lang='lat' dir='ltr'><strong>mss.,</strong></span> <span class='ocrx_word' id='word_1_531' title='bbox 945 4114 1045 4155; x_wconf 90' lang='lat' dir='ltr'><strong>nec</strong></span> <span class='ocrx_word' id='word_1_532' title='bbox 1082 4100 1238 4156; x_wconf 91' lang='lat' dir='ltr'><strong>aliter</strong></span> <span class='ocrx_word' id='word_1_533' title='bbox 1284 4100 1425 4154; x_wconf 80' lang='lat' dir='ltr'><strong>Solet</strong></span> <span class='ocrx_word' id='word_1_534' title='bbox 1474 4099 1707 4154; x_wconf 88' lang='lat' dir='ltr'><strong>Hilarius</strong></span> 
     </span>
    </p>
   </div>
   <div class='ocr_carea' id='block_1_70' title="bbox 511 4096 2008 4166">
    <p class='ocr_par' dir='ltr' id='par_1_70' title="bbox 511 4096 2008 4166">
     <span class='ocr_line' id='line_1_71' title="bbox 511 4096 2008 4166; baseline 0.001 -16"><span class='ocrx_word' id='word_1_535' title='bbox 511 4097 563 4166; x_wconf 84' lang='lat' dir='ltr'><strong>b)</strong></span> <span class='ocrx_word' id='word_1_536' title='bbox 620 4098 695 4154; x_wconf 89' lang='lat' dir='ltr'><strong>lta</strong></span> <span class='ocrx_word' id='word_1_537' title='bbox 738 4112 891 4162; x_wconf 89' lang='lat' dir='ltr'><strong>mss.,</strong></span> <span class='ocrx_word' id='word_1_538' title='bbox 945 4114 1045 4155; x_wconf 90' lang='lat' dir='ltr'><strong>nec</strong></span> <span class='ocrx_word' id='word_1_539' title='bbox 1071 4096 1238 4156; x_wconf 80' lang='lat' dir='ltr'><strong>aliter</strong></span> <span class='ocrx_word' id='word_1_540' title='bbox 1284 4100 1425 4154; x_wconf 81' lang='lat' dir='ltr'><strong>solet</strong></span> <span class='ocrx_word' id='word_1_541' title='bbox 1474 4099 1707 4154; x_wconf 88' lang='lat' dir='ltr'><strong>Hilarius</strong></span> <span class='ocrx_word' id='word_1_542' title='bbox 1758 4096 2008 4153; x_wconf 55' lang='lat' dir='ltr'><strong>haeretica</strong></span> 
     </span>
    </p>
   </div>
   <div class='ocr_carea' id='block_1_71' title="bbox 408 4164 2011 4294">
    <p class='ocr_par' dir='ltr' id='par_1_71' title="bbox 408 4164 2011 4294">
     <span class='ocr_line' id='line_1_72' title="bbox 408 4164 2011 4294; baseline 0.002 -74"><span class='ocrx_word' id='word_1_543' title='bbox 408 4164 676 4294; x_wconf 58' lang='lat' dir='ltr'><strong>Opulsclula</strong></span> <span class='ocrx_word' id='word_1_544' title='bbox 705 4170 1021 4227; x_wconf 86' lang='lat' dir='ltr'><strong>inscribere.</strong></span> <span class='ocrx_word' id='word_1_545' title='bbox 1051 4173 1121 4226; x_wconf 86' lang='lat' dir='ltr'><strong>At</strong></span> <span class='ocrx_word' id='word_1_546' title='bbox 1142 4172 1294 4238; x_wconf 88' lang='lat' dir='ltr'><strong>editi,</strong></span> <span class='ocrx_word' id='word_1_547' title='bbox 1326 4171 1572 4226; x_wconf 74' lang='lat' dir='ltr'><strong>Auxentii</strong></span> <span class='ocrx_word' id='word_1_548' title='bbox 1606 4168 2011 4226; x_wconf 78' lang='lat' dir='ltr'><strong>Mediolanensis</strong></span> 
     </span>
     <span class='ocr_line' id='line_1_73' title="bbox 409 4253 643 4294; baseline 0.017 -4"><span class='ocrx_word' id='word_1_549' title='bbox 409 4253 517 4294; x_wconf 75' lang='lat' dir='ltr'><strong>em</strong></span> <span class='ocrx_word' id='word_1_550' title='bbox 543 4258 574 4294; x_wconf 89' lang='grc' dir='ltr'><strong><em>ο</em></strong></span> <span class='ocrx_word' id='word_1_551' title='bbox 593 4260 643 4294; x_wconf 90' lang='lat' dir='ltr'><strong>a.</strong></span> 
     </span>
    </p>
   </div>
   <div class='ocr_carea' id='block_1_72' title="bbox 409 4252 643 4307">
    <p class='ocr_par' dir='ltr' id='par_1_72' title="bbox 409 4252 643 4307">
     <span class='ocr_line' id='line_1_74' title="bbox 409 4252 643 4307; baseline 0.026 -17"><span class='ocrx_word' id='word_1_552' title='bbox 409 4252 643 4307; x_wconf 72' lang='lat' dir='ltr'><strong>epistola.</strong></span> 
     </span>
    </p>
   </div>
   <div class='ocr_carea' id='block_1_73' title="bbox 486 4312 1420 4437">
    <p class='ocr_par' dir='ltr' id='par_1_73' title="bbox 486 4312 1420 4437">
     <span class='ocr_line' id='line_1_75' title="bbox 486 4312 1420 4437; baseline 0 -69"><span class='ocrx_word' id='word_1_553' title='bbox 486 4312 559 4437; x_wconf 55' lang='grc' dir='ltr'><strong>(ἓ)</strong></span> <span class='ocrx_word' id='word_1_554' title='bbox 587 4314 1047 4398; x_wconf 40' lang='grc' dir='ltr'><strong>Αιιθξιοοαιιιοιὶςω</strong></span> <span class='ocrx_word' id='word_1_555' title='bbox 1071 4329 1102 4397; x_wconf 77' lang='lat' dir='ltr'><strong>a</strong></span> <span class='ocrx_word' id='word_1_556' title='bbox 1126 4330 1228 4398; x_wconf 60' lang='lat' dir='ltr'><strong>ms.</strong></span> <span class='ocrx_word' id='word_1_557' title='bbox 1260 4314 1420 4399; x_wconf 78' lang='lat' dir='ltr'><strong>Mich.</strong></span> 
     </span>
     <span class='ocr_line' id='line_1_76' title="bbox 486 4385 1420 4437; baseline 0 0"><span class='ocrx_word' id='word_1_558' title='bbox 486 4385 504 4437; x_wconf 85' lang='lat'><strong><em>(</em></strong></span> <span class='ocrx_word' id='word_1_559' title='bbox 552 4390 566 4437; x_wconf 86' lang='lat' dir='ltr'><strong>l</strong></span> <span class='ocrx_word' id='word_1_560' title='bbox 627 4385 804 4437; x_wconf 83' lang='lat' dir='ltr'><strong>Editi.</strong></span> <span class='ocrx_word' id='word_1_561' title='bbox 861 4386 1098 4437; x_wconf 75' lang='lat' dir='ltr'><strong>refricart</strong></span> <span class='ocrx_word' id='word_1_562' title='bbox 1140 4385 1352 4437; x_wconf 76' lang='lat' dir='ltr'><strong>abiectis</strong></span> <span class='ocrx_word' id='word_1_563' title='bbox 1392 4386 1420 4437; x_wconf 78' lang='grc' dir='ltr'><em>ἁ</em></span> 
     </span>
    </p>
   </div>
   <div class='ocr_carea' id='block_1_74' title="bbox 485 4384 2013 4457">
    <p class='ocr_par' dir='ltr' id='par_1_74' title="bbox 485 4384 2013 4457">
     <span class='ocr_line' id='line_1_77' title="bbox 485 4384 2013 4457; baseline 0.001 -20"><span class='ocrx_word' id='word_1_564' title='bbox 485 4384 566 4457; x_wconf 82' lang='lat' dir='ltr'><strong>(d)</strong></span> <span class='ocrx_word' id='word_1_565' title='bbox 627 4385 804 4448; x_wconf 89' lang='lat' dir='ltr'><strong>Editi,</strong></span> <span class='ocrx_word' id='word_1_566' title='bbox 861 4386 1099 4457; x_wconf 74' lang='lat' dir='ltr'><strong>refricari</strong></span> <span class='ocrx_word' id='word_1_567' title='bbox 1140 4385 1352 4454; x_wconf 76' lang='lat' dir='ltr'><strong>abiectis</strong></span> <span class='ocrx_word' id='word_1_568' title='bbox 1392 4386 1625 4441; x_wconf 76' lang='lat' dir='ltr'><strong>decretis.</strong></span> <span class='ocrx_word' id='word_1_569' title='bbox 1673 4384 1752 4441; x_wconf 86' lang='lat' dir='ltr'><strong>Ne</strong></span> <span class='ocrx_word' id='word_1_570' title='bbox 1798 4385 1853 4440; x_wconf 88' lang='lat' dir='ltr'><strong>in</strong></span> <span class='ocrx_word' id='word_1_571' title='bbox 1906 4398 2013 4439; x_wconf 86' lang='lat' dir='ltr'><strong>uno</strong></span> 
     </span>
    </p>
   </div>
   <div class='ocr_carea' id='block_1_75' title="bbox 413 4457 2011 4528">
    <p class='ocr_par' dir='ltr' id='par_1_75' title="bbox 413 4457 2011 4528">
     <span class='ocr_line' id='line_1_78' title="bbox 413 4457 2011 4528; baseline -0.003 -15"><span class='ocrx_word' id='word_1_572' title='bbox 413 4457 626 4527; x_wconf 88' lang='lat' dir='ltr'><strong>quidem</strong></span> <span class='ocrx_word' id='word_1_573' title='bbox 657 4472 760 4511; x_wconf 85' lang='lat' dir='ltr'><strong>ms.</strong></span> <span class='ocrx_word' id='word_1_574' title='bbox 790 4467 968 4513; x_wconf 80' lang='lat' dir='ltr'><strong>exstat</strong></span> <span class='ocrx_word' id='word_1_575' title='bbox 994 4458 1314 4511; x_wconf 80' lang='lat' dir='ltr'><strong>voeabulum</strong></span> <span class='ocrx_word' id='word_1_576' title='bbox 1360 4458 1577 4512; x_wconf 77' lang='lat' dir='ltr'><strong>decretis</strong></span> <span class='ocrx_word' id='word_1_577' title='bbox 1612 4475 1625 4511; x_wconf 89' lang='lat'><strong>:</strong></span> <span class='ocrx_word' id='word_1_578' title='bbox 1653 4459 1794 4528; x_wconf 90' lang='lat' dir='ltr'><strong>quod</strong></span> <span class='ocrx_word' id='word_1_579' title='bbox 1822 4472 1852 4509; x_wconf 92' lang='lat' dir='ltr'><strong>a</strong></span> <span class='ocrx_word' id='word_1_580' title='bbox 1902 4457 2011 4528; x_wconf 83' lang='lat' dir='ltr'><strong>pri-</strong></span> 
     </span>
    </p>
   </div>
   <div class='ocr_carea' id='block_1_76' title="bbox 413 4527 2009 4596">
    <p class='ocr_par' dir='ltr' id='par_1_76' title="bbox 413 4527 2009 4596">
     <span class='ocr_line' id='line_1_79' title="bbox 413 4527 2009 4596; baseline -0.001 -13"><span class='ocrx_word' id='word_1_581' title='bbox 413 4530 514 4583; x_wconf 90' lang='lat' dir='ltr'><strong>mis</strong></span> <span class='ocrx_word' id='word_1_582' title='bbox 556 4528 853 4584; x_wconf 86' lang='lat' dir='ltr'><strong>editoribus</strong></span> <span class='ocrx_word' id='word_1_583' title='bbox 901 4528 1042 4583; x_wconf 87' lang='lat' dir='ltr'><strong>haud</strong></span> <span class='ocrx_word' id='word_1_584' title='bbox 1084 4528 1247 4584; x_wconf 88' lang='lat' dir='ltr'><strong>dubie</strong></span> <span class='ocrx_word' id='word_1_585' title='bbox 1297 4529 1566 4596; x_wconf 89' lang='lat' dir='ltr'><strong>adiectum</strong></span> <span class='ocrx_word' id='word_1_586' title='bbox 1610 4527 1716 4594; x_wconf 84' lang='lat' dir='ltr'><strong>est,</strong></span> <span class='ocrx_word' id='word_1_587' title='bbox 1749 4538 1807 4583; x_wconf 91' lang='lat' dir='ltr'><strong>ut</strong></span> <span class='ocrx_word' id='word_1_588' title='bbox 1835 4527 2009 4581; x_wconf 90' lang='lat' dir='ltr'><strong>oratio</strong></span> 
     </span>
    </p>
   </div>
   <div class='ocr_carea' id='block_1_77' title="bbox 410 4598 2008 4669">
    <p class='ocr_par' dir='ltr' id='par_1_77' title="bbox 410 4598 2008 4669">
     <span class='ocr_line' id='line_1_80' title="bbox 410 4598 2008 4669; baseline 0 -15"><span class='ocrx_word' id='word_1_589' title='bbox 410 4600 522 4655; x_wconf 86' lang='lat' dir='ltr'><strong>suis</strong></span> <span class='ocrx_word' id='word_1_590' title='bbox 551 4601 787 4655; x_wconf 67' lang='lat' dir='ltr'><strong>numeris</strong></span> <span class='ocrx_word' id='word_1_591' title='bbox 830 4600 1226 4655; x_wconf 85' lang='lat' dir='ltr'><strong>absolveretur.</strong></span> <span class='ocrx_word' id='word_1_592' title='bbox 1268 4598 1374 4655; x_wconf 86' lang='lat' dir='ltr'><strong>Sed</strong></span> <span class='ocrx_word' id='word_1_593' title='bbox 1407 4600 1717 4669; x_wconf 74' lang='lat' dir='ltr'><strong>praepositio</strong></span> <span class='ocrx_word' id='word_1_594' title='bbox 1744 4600 1837 4662; x_wconf 82' lang='lat' dir='ltr'><strong>ab,</strong></span> <span class='ocrx_word' id='word_1_595' title='bbox 1882 4608 2008 4654; x_wconf 89' lang='lat' dir='ltr'><strong>ante</strong></span> 
     </span>
    </p>
   </div>
   <div class='ocr_carea' id='block_1_78' title="bbox 2120 3282 3730 3354">
    <p class='ocr_par' dir='ltr' id='par_1_78' title="bbox 2120 3282 3730 3354">
     <span class='ocr_line' id='line_1_81' title="bbox 2120 3282 3730 3354; baseline 0.002 -15"><span class='ocrx_word' id='word_1_596' title='bbox 2120 3284 2174 3339; x_wconf 91' lang='lat' dir='ltr'><strong>iu</strong></span> <span class='ocrx_word' id='word_1_597' title='bbox 2203 3283 2440 3339; x_wconf 89' lang='lat' dir='ltr'><strong>concilio</strong></span> <span class='ocrx_word' id='word_1_598' title='bbox 2455 3282 2808 3350; x_wconf 86' lang='lat' dir='ltr'><strong>Ariminensi,</strong></span> <span class='ocrx_word' id='word_1_599' title='bbox 2831 3283 3126 3350; x_wconf 87' lang='lat' dir='ltr'><strong>transmisi,</strong></span> <span class='ocrx_word' id='word_1_600' title='bbox 3147 3291 3204 3339; x_wconf 91' lang='lat' dir='ltr'><strong>et</strong></span> <span class='ocrx_word' id='word_1_601' title='bbox 3229 3291 3355 3354; x_wconf 90' lang='lat' dir='ltr'><strong>peto</strong></span> <span class='ocrx_word' id='word_1_602' title='bbox 3386 3294 3443 3340; x_wconf 91' lang='lat' dir='ltr'><strong>ut</strong></span> <span class='ocrx_word' id='word_1_603' title='bbox 3469 3301 3532 3340; x_wconf 89' lang='lat' dir='ltr'><strong>ea</strong></span> <span class='ocrx_word' id='word_1_604' title='bbox 3557 3287 3730 3343; x_wconf 89' lang='lat' dir='ltr'><strong>liben-</strong></span> 
     </span>
    </p>
   </div>
   <div class='ocr_carea' id='block_1_79' title="bbox 2117 3375 3731 3449">
    <p class='ocr_par' dir='ltr' id='par_1_79' title="bbox 2117 3375 3731 3449">
     <span class='ocr_line' id='line_1_82' title="bbox 2117 3375 3731 3449; baseline 0.006 -19"><span class='ocrx_word' id='word_1_605' title='bbox 2117 3385 2202 3432; x_wconf 89' lang='lat' dir='ltr'><strong>ter</strong></span> <span class='ocrx_word' id='word_1_606' title='bbox 2240 3376 2345 3448; x_wconf 81' lang='lat' dir='ltr'><strong>legi</strong></span> <span class='ocrx_word' id='word_1_607' title='bbox 2387 3376 2713 3447; x_wconf 65' lang='lat' dir='ltr'><strong>prmc‘piatis</strong></span> <span class='ocrx_word' id='word_1_608' title='bbox 2747 3394 2759 3431; x_wconf 91' lang='lat'>:</span> <span class='ocrx_word' id='word_1_609' title='bbox 2797 3375 2877 3433; x_wconf 91' lang='lat' dir='ltr'><strong>sic</strong></span> <span class='ocrx_word' id='word_1_610' title='bbox 2921 3376 3067 3431; x_wconf 91' lang='lat' dir='ltr'><strong>enim</strong></span> <span class='ocrx_word' id='word_1_611' title='bbox 3114 3387 3412 3449; x_wconf 85' lang='lat' dir='ltr'><strong>cognoscet</strong></span> <span class='ocrx_word' id='word_1_612' title='bbox 3455 3379 3731 3439; x_wconf 81' lang='lat' dir='ltr'><strong>Serenin</strong></span> 
     </span>
    </p>
   </div>
   <div class='ocr_carea' id='block_1_80' title="bbox 2115 3470 3731 3544">
    <p class='ocr_par' dir='ltr' id='par_1_80' title="bbox 2115 3470 3731 3544">
     <span class='ocr_line' id='line_1_83' title="bbox 2115 3470 3731 3544; baseline 0.006 -21"><span class='ocrx_word' id='word_1_613' title='bbox 2115 3478 2320 3534; x_wconf 86' lang='lat' dir='ltr'><strong>vestra,</strong></span> <span class='ocrx_word' id='word_1_614' title='bbox 2364 3470 2489 3539; x_wconf 91' lang='lat' dir='ltr'><strong>quia</strong></span> <span class='ocrx_word' id='word_1_615' title='bbox 2528 3470 2616 3539; x_wconf 87' lang='lat' dir='ltr'><strong>qui</strong></span> <span class='ocrx_word' id='word_1_616' title='bbox 2660 3472 2771 3538; x_wconf 88' lang='lat' dir='ltr'><strong>jam</strong></span> <span class='ocrx_word' id='word_1_617' title='bbox 2813 3470 3015 3526; x_wconf 92' lang='lat' dir='ltr'><strong>dudum</strong></span> <span class='ocrx_word' id='word_1_618' title='bbox 3050 3472 3125 3544; x_wconf 87' lang='lat' dir='ltr'><strong>(j)</strong></span> <span class='ocrx_word' id='word_1_619' title='bbox 3158 3471 3391 3540; x_wconf 86' lang='lat' dir='ltr'><strong>depositi</strong></span> <span class='ocrx_word' id='word_1_620' title='bbox 3432 3484 3581 3539; x_wconf 89' lang='lat' dir='ltr'><strong>sunt,</strong></span> <span class='ocrx_word' id='word_1_621' title='bbox 3626 3474 3731 3532; x_wconf 91' lang='lat' dir='ltr'><strong>hoc</strong></span> 
     </span>
    </p>
   </div>
   <div class='ocr_carea' id='block_1_81' title="bbox 2116 3562 3734 3638">
    <p class='ocr_par' dir='ltr' id='par_1_81' title="bbox 2116 3562 3734 3638">
     <span class='ocr_line' id='line_1_84' title="bbox 2116 3562 3734 3638; baseline 0.004 -19"><span class='ocrx_word' id='word_1_622' title='bbox 2116 3576 2221 3628; x_wconf 86' lang='lat' dir='ltr'><strong>eSt,</strong></span> <span class='ocrx_word' id='word_1_623' title='bbox 2257 3562 2494 3618; x_wconf 90' lang='lat' dir='ltr'><strong>Hilarius</strong></span> <span class='ocrx_word' id='word_1_624' title='bbox 2524 3573 2577 3617; x_wconf 88' lang='lat' dir='ltr'><strong>ct</strong></span> <span class='ocrx_word' id='word_1_625' title='bbox 2607 3563 2876 3618; x_wconf 87' lang='lat' dir='ltr'><strong>Eusebius</strong></span> <span class='ocrx_word' id='word_1_626' title='bbox 2896 3604 2912 3631; x_wconf 97' lang='lat'><strong>,</strong></span> <span class='ocrx_word' id='word_1_627' title='bbox 2943 3564 3284 3621; x_wconf 89' lang='lat' dir='ltr'><strong>contendunt</strong></span> <span class='ocrx_word' id='word_1_628' title='bbox 3320 3565 3520 3638; x_wconf 88' lang='lat' dir='ltr'><strong>ubique</strong></span> <span class='ocrx_word' id='word_1_629' title='bbox 3555 3567 3734 3626; x_wconf 88' lang='lat' dir='ltr'><strong>schis-</strong></span> 
     </span>
    </p>
   </div>
   <div class='ocr_carea' id='block_1_82' title="bbox 2117 3656 3731 3728">
    <p class='ocr_par' dir='ltr' id='par_1_82' title="bbox 2117 3656 3731 3728">
     <span class='ocr_line' id='line_1_85' title="bbox 2117 3656 3731 3728; baseline 0.002 -17"><span class='ocrx_word' id='word_1_630' title='bbox 2117 3668 2261 3712; x_wconf 89' lang='lat' dir='ltr'><strong>mata</strong></span> <span class='ocrx_word' id='word_1_631' title='bbox 2302 3656 2501 3711; x_wconf 84' lang='lat' dir='ltr'><strong>facere.</strong></span> <span class='ocrx_word' id='word_1_632' title='bbox 2544 3656 2674 3724; x_wconf 67' lang='lat' dir='ltr'><strong>Quae</strong></span> <span class='ocrx_word' id='word_1_633' title='bbox 2715 3656 2859 3711; x_wconf 91' lang='lat' dir='ltr'><strong>enim</strong></span> <span class='ocrx_word' id='word_1_634' title='bbox 2908 3656 3049 3713; x_wconf 87' lang='lat' dir='ltr'><strong>bene</strong></span> <span class='ocrx_word' id='word_1_635' title='bbox 3087 3656 3155 3712; x_wconf 88' lang='lat' dir='ltr'><strong>de</strong></span> <span class='ocrx_word' id='word_1_636' title='bbox 3194 3657 3398 3713; x_wconf 81' lang='lat' dir='ltr'><strong>sanctis</strong></span> <span class='ocrx_word' id='word_1_637' title='bbox 3435 3659 3731 3728; x_wconf 82' lang='lat' dir='ltr'><strong>Scripturis</strong></span> 
     </span>
    </p>
   </div>
   <div class='ocr_carea' id='block_1_83' title="bbox 2117 3747 3731 3821">
    <p class='ocr_par' dir='ltr' id='par_1_83' title="bbox 2117 3747 3731 3821">
     <span class='ocr_line' id='line_1_86' title="bbox 2117 3747 3731 3821; baseline 0.001 -16"><span class='ocrx_word' id='word_1_638' title='bbox 2117 3748 2400 3806; x_wconf 84' lang='lat' dir='ltr'><strong>catholicae</strong></span> <span class='ocrx_word' id='word_1_639' title='bbox 2430 3747 2555 3804; x_wconf 79' lang='lat' dir='ltr'><strong>fidei</strong></span> <span class='ocrx_word' id='word_1_640' title='bbox 2584 3750 2828 3818; x_wconf 78' lang='lat' dir='ltr'><strong>exposita</strong></span> <span class='ocrx_word' id='word_1_641' title='bbox 2858 3760 2984 3805; x_wconf 91' lang='lat' dir='ltr'><strong>sunt</strong></span> <span class='ocrx_word' id='word_1_642' title='bbox 3009 3792 3023 3814; x_wconf 89' lang='lat'><strong>,</strong></span> <span class='ocrx_word' id='word_1_643' title='bbox 3056 3751 3236 3820; x_wconf 89' lang='lat' dir='ltr'><strong>pietas</strong></span> <span class='ocrx_word' id='word_1_644' title='bbox 3263 3760 3442 3806; x_wconf 89' lang='lat' dir='ltr'><strong>vestra</strong></span> <span class='ocrx_word' id='word_1_645' title='bbox 3483 3751 3731 3821; x_wconf 80' lang='lat' dir='ltr'><strong>pervidet</strong></span> 
     </span>
    </p>
   </div>
   <div class='ocr_carea' id='block_1_84' title="bbox 2119 3840 3049 3912">
    <p class='ocr_par' dir='ltr' id='par_1_84' title="bbox 2119 3840 3049 3912">
     <span class='ocr_line' id='line_1_87' title="bbox 2119 3840 3049 3912; baseline -0.002 -16"><span class='ocrx_word' id='word_1_646' title='bbox 2119 3841 2237 3898; x_wconf 76' lang='lat' dir='ltr'><strong>haec</strong></span> <span class='ocrx_word' id='word_1_647' title='bbox 2267 3840 2553 3898; x_wconf 88' lang='lat' dir='ltr'><strong>retractari</strong></span> <span class='ocrx_word' id='word_1_648' title='bbox 2579 3856 2688 3896; x_wconf 93' lang='lat' dir='ltr'><strong>non</strong></span> <span class='ocrx_word' id='word_1_649' title='bbox 2715 3854 2990 3912; x_wconf 90' lang='lat' dir='ltr'><strong>oportere.</strong></span> <span class='ocrx_word' id='word_1_650' title='bbox 3029 3859 3049 3894; x_wconf 76' lang='grc' dir='ltr'><strong><em>ι</em></strong></span> 
     </span>
    </p>
   </div>
   <div class='ocr_carea' id='block_1_85' title="bbox 2117 4023 3727 4100">
    <p class='ocr_par' dir='ltr' id='par_1_85' title="bbox 2117 4023 3727 4100">
     <span class='ocr_line' id='line_1_88' title="bbox 2117 4023 3727 4100; baseline 0.005 -21"><span class='ocrx_word' id='word_1_651' title='bbox 2117 4025 2192 4100; x_wconf 89' lang='lat' dir='ltr'><strong>sis</strong></span> <span class='ocrx_word' id='word_1_652' title='bbox 2224 4041 2280 4100; x_wconf 77' lang='grc' dir='ltr'><strong>η.</strong></span> <span class='ocrx_word' id='word_1_653' title='bbox 2315 4023 2406 4090; x_wconf 76' lang='lat' dir='ltr'><strong>l4,</strong></span> <span class='ocrx_word' id='word_1_654' title='bbox 2434 4024 2577 4100; x_wconf 87' lang='lat' dir='ltr'><strong>apud</strong></span> <span class='ocrx_word' id='word_1_655' title='bbox 2620 4025 2970 4100; x_wconf 85' lang='lat' dir='ltr'><strong>Ambrosium</strong></span> <span class='ocrx_word' id='word_1_656' title='bbox 3012 4035 3054 4083; x_wconf 91' lang='lat' dir='ltr'><strong>t.</strong></span> <span class='ocrx_word' id='word_1_657' title='bbox 3084 4044 3144 4094; x_wconf 83' lang='grc' dir='ltr'><strong>ιι,</strong></span> <span class='ocrx_word' id='word_1_658' title='bbox 3176 4044 3229 4100; x_wconf 91' lang='lat' dir='ltr'><strong>p.</strong></span> <span class='ocrx_word' id='word_1_659' title='bbox 3262 4027 3391 4095; x_wconf 89' lang='lat'><strong>790,</strong></span> <span class='ocrx_word' id='word_1_660' title='bbox 3421 4045 3577 4087; x_wconf 65' lang='lat' dir='ltr'><strong>novre</strong></span> <span class='ocrx_word' id='word_1_661' title='bbox 3606 4029 3727 4087; x_wconf 89' lang='lat' dir='ltr'><strong>edi-</strong></span> 
     </span>
    </p>
   </div>
   <div class='ocr_carea' id='block_1_86' title="bbox 2118 4096 3728 4174">
    <p class='ocr_par' dir='ltr' id='par_1_86' title="bbox 2118 4096 3728 4174">
     <span class='ocr_line' id='line_1_89' title="bbox 2118 4096 3728 4174; baseline 0.006 -24"><span class='ocrx_word' id='word_1_662' title='bbox 2118 4098 2314 4174; x_wconf 61' lang='lat' dir='ltr'><strong>tionis,</strong></span> <span class='ocrx_word' id='word_1_663' title='bbox 2337 4098 2653 4174; x_wconf 73' lang='lat' dir='ltr'><strong>rogantibus</strong></span> <span class='ocrx_word' id='word_1_664' title='bbox 2681 4108 2741 4174; x_wconf 76' lang='lat' dir='ltr'><strong>ut</strong></span> <span class='ocrx_word' id='word_1_665' title='bbox 2759 4096 2874 4153; x_wconf 86' lang='lat' dir='ltr'><strong>Arii</strong></span> <span class='ocrx_word' id='word_1_666' title='bbox 2901 4096 3211 4174; x_wconf 84' lang='lat' dir='ltr'><strong>doctrinam</strong></span> <span class='ocrx_word' id='word_1_667' title='bbox 3231 4101 3473 4170; x_wconf 88' lang='lat' dir='ltr'><strong>damnet,</strong></span> <span class='ocrx_word' id='word_1_668' title='bbox 3502 4118 3728 4174; x_wconf 86' lang='lat' dir='ltr'><strong>respou-</strong></span> 
     </span>
    </p>
   </div>
   <div class='ocr_carea' id='block_1_87' title="bbox 2116 4166 3193 4242">
    <p class='ocr_par' dir='ltr' id='par_1_87' title="bbox 2116 4166 3193 4242">
     <span class='ocr_line' id='line_1_90' title="bbox 2116 4166 3193 4242; baseline 0.002 -20"><span class='ocrx_word' id='word_1_669' title='bbox 2116 4167 2258 4242; x_wconf 34' lang='grc' dir='ltr'><strong>ἀει-ε.</strong></span> <span class='ocrx_word' id='word_1_670' title='bbox 2280 4166 2464 4242; x_wconf 43' lang='lat' dir='ltr'><strong>Arium</strong></span> <span class='ocrx_word' id='word_1_671' title='bbox 2488 4169 2730 4242; x_wconf 15' lang='lat' dir='ltr'><strong>necruidi.</strong></span> <span class='ocrx_word' id='word_1_672' title='bbox 2755 4187 2847 4242; x_wconf 79' lang='lat' dir='ltr'><strong>nec</strong></span> <span class='ocrx_word' id='word_1_673' title='bbox 2868 4172 2974 4225; x_wconf 85' lang='lat' dir='ltr'><strong>scio</strong></span> <span class='ocrx_word' id='word_1_674' title='bbox 3000 4173 3090 4242; x_wconf 89' lang='lat' dir='ltr'><strong>qui</strong></span> <span class='ocrx_word' id='word_1_675' title='bbox 3108 4173 3193 4227; x_wconf 85' lang='lat' dir='ltr'><strong>sit.</strong></span> 
     </span>
    </p>
   </div>
   <div class='ocr_carea' id='block_1_88' title="bbox 2188 4236 3725 4312">
    <p class='ocr_par' dir='ltr' id='par_1_88' title="bbox 2188 4236 3725 4312">
     <span class='ocr_line' id='line_1_91' title="bbox 2188 4236 3725 4312; baseline 0.007 -21"><span class='ocrx_word' id='word_1_676' title='bbox 2188 4236 2269 4312; x_wconf 79' lang='lat' dir='ltr'><strong>(It)</strong></span> <span class='ocrx_word' id='word_1_677' title='bbox 2294 4239 2374 4293; x_wconf 85' lang='lat' dir='ltr'><strong>Ex</strong></span> <span class='ocrx_word' id='word_1_678' title='bbox 2404 4240 2779 4297; x_wconf 90' lang='lat' dir='ltr'><strong>vetustissimo</strong></span> <span class='ocrx_word' id='word_1_679' title='bbox 2801 4236 3073 4297; x_wconf 69' lang='lat' dir='ltr'><strong>Vaticana:</strong></span> <span class='ocrx_word' id='word_1_680' title='bbox 3091 4243 3328 4300; x_wconf 72' lang='lat' dir='ltr'><strong>basilica:</strong></span> <span class='ocrx_word' id='word_1_681' title='bbox 3348 4243 3538 4300; x_wconf 88' lang='lat' dir='ltr'><strong>codice</strong></span> <span class='ocrx_word' id='word_1_682' title='bbox 3581 4259 3725 4302; x_wconf 87' lang='lat' dir='ltr'><strong>nunc</strong></span> 
     </span>
    </p>
   </div>
   <div class='ocr_carea' id='block_1_89' title="bbox 2119 4311 3723 4383">
    <p class='ocr_par' dir='ltr' id='par_1_89' title="bbox 2119 4311 3723 4383">
     <span class='ocr_line' id='line_1_92' title="bbox 2119 4311 3723 4383; baseline 0.006 -21"><span class='ocrx_word' id='word_1_683' title='bbox 2119 4311 2352 4383; x_wconf 90' lang='lat' dir='ltr'><strong>primum</strong></span> <span class='ocrx_word' id='word_1_684' title='bbox 2380 4313 2743 4366; x_wconf 79' lang='lat' dir='ltr'><strong>restituuntur</strong></span> <span class='ocrx_word' id='word_1_685' title='bbox 2770 4315 2956 4374; x_wconf 82' lang='lat' dir='ltr'><strong>verba,</strong></span> <span class='ocrx_word' id='word_1_686' title='bbox 2988 4330 3162 4369; x_wconf 85' lang='lat' dir='ltr'><strong>verum</strong></span> <span class='ocrx_word' id='word_1_687' title='bbox 3189 4316 3373 4383; x_wconf 79' lang='lat' dir='ltr'><strong>lilium,</strong></span> <span class='ocrx_word' id='word_1_688' title='bbox 3403 4331 3633 4382; x_wconf 89' lang='lat' dir='ltr'><strong>quorum</strong></span> <span class='ocrx_word' id='word_1_689' title='bbox 3667 4318 3723 4372; x_wconf 92' lang='lat' dir='ltr'><strong>in</strong></span> 
     </span>
    </p>
   </div>
   <div class='ocr_carea' id='block_1_90' title="bbox 2116 4382 3719 4453">
    <p class='ocr_par' dir='ltr' id='par_1_90' title="bbox 2116 4382 3719 4453">
     <span class='ocr_line' id='line_1_93' title="bbox 2116 4382 3719 4453; baseline 0.004 -18"><span class='ocrx_word' id='word_1_690' title='bbox 2116 4382 2369 4453; x_wconf 87' lang='lat' dir='ltr'><strong>atnbiguo</strong></span> <span class='ocrx_word' id='word_1_691' title='bbox 2394 4383 2693 4438; x_wconf 82' lang='lat' dir='ltr'><strong>Auxentius</strong></span> <span class='ocrx_word' id='word_1_692' title='bbox 2715 4383 2935 4440; x_wconf 87' lang='lat' dir='ltr'><strong>ludebat</strong></span> <span class='ocrx_word' id='word_1_693' title='bbox 2957 4396 3013 4441; x_wconf 88' lang='lat' dir='ltr'><strong>et</strong></span> <span class='ocrx_word' id='word_1_694' title='bbox 3032 4382 3295 4442; x_wconf 84' lang='lat' dir='ltr'><strong>illudebat</strong></span> <span class='ocrx_word' id='word_1_695' title='bbox 3318 4399 3466 4443; x_wconf 89' lang='lat' dir='ltr'><strong>tanto</strong></span> <span class='ocrx_word' id='word_1_696' title='bbox 3487 4388 3719 4453; x_wconf 88' lang='lat' dir='ltr'><strong>facilius,</strong></span> 
     </span>
    </p>
   </div>
   <div class='ocr_carea' id='block_1_91' title="bbox 2114 4453 3717 4524">
    <p class='ocr_par' dir='ltr' id='par_1_91' title="bbox 2114 4453 3717 4524">
     <span class='ocr_line' id='line_1_94' title="bbox 2114 4453 3717 4524; baseline 0.006 -17"><span class='ocrx_word' id='word_1_697' title='bbox 2114 4453 2259 4521; x_wconf 90' lang='lat' dir='ltr'><strong>quod</strong></span> <span class='ocrx_word' id='word_1_698' title='bbox 2317 4453 2812 4524; x_wconf 88' lang='lat' dir='ltr'><strong>interpunctiomun</strong></span> <span class='ocrx_word' id='word_1_699' title='bbox 2865 4455 3143 4511; x_wconf 89' lang='lat' dir='ltr'><strong>distinctio</strong></span> <span class='ocrx_word' id='word_1_700' title='bbox 3187 4470 3296 4513; x_wconf 91' lang='lat' dir='ltr'><strong>tum</strong></span> <span class='ocrx_word' id='word_1_701' title='bbox 3352 4461 3717 4516; x_wconf 73' lang='lat' dir='ltr'><strong>nrsciebatur.</strong></span> 
     </span>
    </p>
   </div>
   <div class='ocr_carea' id='block_1_92' title="bbox 2113 4524 3718 4598">
    <p class='ocr_par' dir='ltr' id='par_1_92' title="bbox 2113 4524 3718 4598">
     <span class='ocr_line' id='line_1_95' title="bbox 2113 4524 3718 4598; baseline 0.004 -21"><span class='ocrx_word' id='word_1_702' title='bbox 2113 4524 2449 4598; x_wconf 81' lang='lat' dir='ltr'><strong>Quamquam</strong></span> <span class='ocrx_word' id='word_1_703' title='bbox 2479 4528 2525 4581; x_wconf 89' lang='lat' dir='ltr'><strong>si</strong></span> <span class='ocrx_word' id='word_1_704' title='bbox 2554 4540 2713 4581; x_wconf 89' lang='lat' dir='ltr'><strong>verus</strong></span> <span class='ocrx_word' id='word_1_705' title='bbox 2736 4538 2821 4581; x_wconf 91' lang='lat' dir='ltr'><strong>est</strong></span> <span class='ocrx_word' id='word_1_706' title='bbox 2853 4527 2995 4581; x_wconf 72' lang='lat' dir='ltr'><strong>Deus</strong></span> <span class='ocrx_word' id='word_1_707' title='bbox 3021 4530 3112 4598; x_wconf 92' lang='lat' dir='ltr'><strong>qui</strong></span> <span class='ocrx_word' id='word_1_708' title='bbox 3136 4545 3298 4585; x_wconf 84' lang='lat' dir='ltr'><strong>verus</strong></span> <span class='ocrx_word' id='word_1_709' title='bbox 3323 4541 3403 4585; x_wconf 77' lang='lat' dir='ltr'><strong>est</strong></span> <span class='ocrx_word' id='word_1_710' title='bbox 3432 4531 3525 4585; x_wconf 91' lang='lat' dir='ltr'><strong>Dei</strong></span> <span class='ocrx_word' id='word_1_711' title='bbox 3552 4531 3718 4596; x_wconf 88' lang='lat' dir='ltr'><strong>filius,</strong></span> 
     </span>
    </p>
   </div>
   <div class='ocr_carea' id='block_1_93' title="bbox 2115 4596 3719 4671">
    <p class='ocr_par' dir='ltr' id='par_1_93' title="bbox 2115 4596 3719 4671">
     <span class='ocr_line' id='line_1_96' title="bbox 2115 4596 3719 4671; baseline 0.005 -23"><span class='ocrx_word' id='word_1_712' title='bbox 2115 4598 2191 4671; x_wconf 81' lang='lat' dir='ltr'><strong>uti</strong></span> <span class='ocrx_word' id='word_1_713' title='bbox 2220 4596 2561 4671; x_wconf 72' lang='lat' dir='ltr'><strong>demonstrat</strong></span> <span class='ocrx_word' id='word_1_714' title='bbox 2588 4598 2823 4653; x_wconf 89' lang='lat' dir='ltr'><strong>Hilarius</strong></span> <span class='ocrx_word' id='word_1_715' title='bbox 2850 4599 2944 4653; x_wconf 90' lang='lat' dir='ltr'><strong>lib.</strong></span> <span class='ocrx_word' id='word_1_716' title='bbox 2976 4596 3057 4655; x_wconf 67' lang='lat' dir='ltr'><strong>vn</strong></span> <span class='ocrx_word' id='word_1_717' title='bbox 3091 4601 3157 4656; x_wconf 84' lang='lat' dir='ltr'><strong>de</strong></span> <span class='ocrx_word' id='word_1_718' title='bbox 3182 4599 3334 4656; x_wconf 86' lang='lat' dir='ltr'><strong>Trin.</strong></span> <span class='ocrx_word' id='word_1_719' title='bbox 3363 4619 3420 4655; x_wconf 91' lang='lat' dir='ltr'><strong>n.</strong></span> <span class='ocrx_word' id='word_1_720' title='bbox 3446 4603 3535 4661; x_wconf 74' lang='lat' dir='ltr'><strong>M.</strong></span> <span class='ocrx_word' id='word_1_721' title='bbox 3566 4602 3719 4671; x_wconf 89' lang='lat' dir='ltr'><strong>parvi</strong></span> 
     </span>
    </p>
   </div>
   <div class='ocr_carea' id='block_1_94' title="bbox 408 4645 3720 4742">
    <p class='ocr_par' dir='ltr' id='par_1_94' title="bbox 408 4645 3720 4742">
     <span class='ocr_line' id='line_1_97' title="bbox 408 4645 3720 4742; baseline 0 -16"><span class='ocrx_word' id='word_1_722' title='bbox 408 4645 639 4742; x_wconf 65' lang='grc' dir='ltr'><strong>ἷιιήἓσιεε,</strong></span> <span class='ocrx_word' id='word_1_723' title='bbox 671 4645 1374 4742; x_wconf 65' lang='grc' dir='ltr'><strong>ῤ’ἱιιῖριὲιῗ”ἷεοιῖἑ‹ἷαῆεηιὲἧῖ</strong></span> <span class='ocrx_word' id='word_1_724' title='bbox 1391 4645 1640 4738; x_wconf 68' lang='grc' dir='ltr'><strong>θἾιῖἔιῖειιῖ</strong></span> <span class='ocrx_word' id='word_1_725' title='bbox 1673 4673 1791 4725; x_wconf 87' lang='lat' dir='ltr'><strong>soni</strong></span> <span class='ocrx_word' id='word_1_726' title='bbox 1824 4645 2007 4739; x_wconf 65' lang='lat' dir='ltr'><strong>&#39;syuai</strong></span> <span class='ocrx_word' id='word_1_727' title='bbox 2032 4645 2086 4705; x_wconf 75' lang='grc' dir='ltr'>Β</span> <span class='ocrx_word' id='word_1_728' title='bbox 2115 4667 2381 4742; x_wconf 72' lang='lat' dir='ltr'><strong>interesse</strong></span> <span class='ocrx_word' id='word_1_729' title='bbox 2409 4668 2713 4742; x_wconf 61' lang='lat' dir='ltr'><strong>videbatur.</strong></span> <span class='ocrx_word' id='word_1_730' title='bbox 2744 4677 2921 4724; x_wconf 87' lang='lat' dir='ltr'><strong>utrutn</strong></span> <span class='ocrx_word' id='word_1_731' title='bbox 2952 4645 3535 4739; x_wconf 65' lang='grc' dir='ltr'><strong>υεὲράιὶῗιιᾶ’ὅὲεἱιὲἰί,ἐῖτί</strong></span> <span class='ocrx_word' id='word_1_732' title='bbox 3561 4645 3720 4727; x_wconf 58' lang='lat' dir='ltr'><strong>{alii</strong></span> 
     </span>
    </p>
   </div>
   <div class='ocr_carea' id='block_1_95' title="bbox 409 4741 2009 4812">
    <p class='ocr_par' dir='ltr' id='par_1_95' title="bbox 409 4741 2009 4812">
     <span class='ocr_line' id='line_1_98' title="bbox 409 4741 2009 4812; baseline -0.001 -15"><span class='ocrx_word' id='word_1_733' title='bbox 409 4744 532 4797; x_wconf 82' lang='lat' dir='ltr'><strong>bam</strong></span> <span class='ocrx_word' id='word_1_734' title='bbox 566 4741 774 4796; x_wconf 78' lang='lat' dir='ltr'><strong>facilius</strong></span> <span class='ocrx_word' id='word_1_735' title='bbox 820 4742 1071 4798; x_wconf 83' lang='lat' dir='ltr'><strong>excidere</strong></span> <span class='ocrx_word' id='word_1_736' title='bbox 1121 4741 1313 4811; x_wconf 82' lang='lat' dir='ltr'><strong>potuit,</strong></span> <span class='ocrx_word' id='word_1_737' title='bbox 1344 4759 1502 4812; x_wconf 86' lang='lat' dir='ltr'><strong>quam</strong></span> <span class='ocrx_word' id='word_1_738' title='bbox 1551 4742 1785 4808; x_wconf 83' lang='lat' dir='ltr'><strong>decretis,</strong></span> <span class='ocrx_word' id='word_1_739' title='bbox 1838 4756 2009 4806; x_wconf 86' lang='lat' dir='ltr'><strong>eaque</strong></span> 
     </span>
    </p>
   </div>
   <div class='ocr_carea' id='block_1_96' title="bbox 410 4812 2008 4879">
    <p class='ocr_par' dir='ltr' id='par_1_96' title="bbox 410 4812 2008 4879">
     <span class='ocr_line' id='line_1_99' title="bbox 410 4812 2008 4879; baseline -0.004 -10"><span class='ocrx_word' id='word_1_740' title='bbox 410 4816 657 4869; x_wconf 83' lang='lat' dir='ltr'><strong>restituta</strong></span> <span class='ocrx_word' id='word_1_741' title='bbox 688 4823 794 4867; x_wconf 91' lang='lat' dir='ltr'><strong>tam</strong></span> <span class='ocrx_word' id='word_1_742' title='bbox 836 4813 1073 4869; x_wconf 78' lang='lat' dir='ltr'><strong>efficitur</strong></span> <span class='ocrx_word' id='word_1_743' title='bbox 1115 4827 1309 4868; x_wconf 83' lang='lat' dir='ltr'><strong>sensus</strong></span> <span class='ocrx_word' id='word_1_744' title='bbox 1336 4812 1550 4869; x_wconf 87' lang='lat' dir='ltr'><strong>veritati</strong></span> <span class='ocrx_word' id='word_1_745' title='bbox 1588 4825 2008 4879; x_wconf 84' lang='lat' dir='ltr'><strong>consentaneus,</strong></span> 
     </span>
    </p>
   </div>
   <div class='ocr_carea' id='block_1_97' title="bbox 407 4883 2005 4954">
    <p class='ocr_par' dir='ltr' id='par_1_97' title="bbox 407 4883 2005 4954">
     <span class='ocr_line' id='line_1_100' title="bbox 407 4883 2005 4954; baseline 0.001 -18"><span class='ocrx_word' id='word_1_746' title='bbox 407 4901 569 4954; x_wconf 86' lang='lat' dir='ltr'><strong>quam</strong></span> <span class='ocrx_word' id='word_1_747' title='bbox 599 4885 935 4940; x_wconf 80' lang='lat' dir='ltr'><strong>efficiebatur</strong></span> <span class='ocrx_word' id='word_1_748' title='bbox 985 4884 1151 4940; x_wconf 85' lang='lat' dir='ltr'><strong>falsus</strong></span> <span class='ocrx_word' id='word_1_749' title='bbox 1198 4885 1508 4953; x_wconf 88' lang='lat' dir='ltr'><strong>adjectione</strong></span> <span class='ocrx_word' id='word_1_750' title='bbox 1563 4885 1713 4942; x_wconf 89' lang='lat' dir='ltr'><strong>verbi</strong></span> <span class='ocrx_word' id='word_1_751' title='bbox 1767 4883 2005 4939; x_wconf 84' lang='lat' dir='ltr'><strong>decretis.</strong></span> 
     </span>
    </p>
   </div>
   <div class='ocr_carea' id='block_1_98' title="bbox 410 4955 2007 5027">
    <p class='ocr_par' dir='ltr' id='par_1_98' title="bbox 410 4955 2007 5027">
     <span class='ocr_line' id='line_1_101' title="bbox 410 4955 2007 5027; baseline -0.001 -17"><span class='ocrx_word' id='word_1_752' title='bbox 410 4955 599 5011; x_wconf 83' lang='lat' dir='ltr'><strong>Hilarii</strong></span> <span class='ocrx_word' id='word_1_753' title='bbox 644 4958 789 5010; x_wconf 86' lang='lat' dir='ltr'><strong>enim</strong></span> <span class='ocrx_word' id='word_1_754' title='bbox 819 4965 981 5027; x_wconf 84' lang='lat' dir='ltr'><strong>atque</strong></span> <span class='ocrx_word' id='word_1_755' title='bbox 1021 4955 1240 5011; x_wconf 78' lang='lat' dir='ltr'><strong>Eusebii</strong></span> <span class='ocrx_word' id='word_1_756' title='bbox 1268 4957 1456 5011; x_wconf 78' lang='lat' dir='ltr'><strong>exsilia</strong></span> <span class='ocrx_word' id='word_1_757' title='bbox 1493 4956 1579 5012; x_wconf 90' lang='lat' dir='ltr'><strong>hic</strong></span> <span class='ocrx_word' id='word_1_758' title='bbox 1626 4956 1851 5011; x_wconf 78' lang='lat' dir='ltr'><strong>indicari</strong></span> <span class='ocrx_word' id='word_1_759' title='bbox 1893 4956 2007 5027; x_wconf 87' lang='lat' dir='ltr'><strong>jam</strong></span> 
     </span>
    </p>
   </div>
   <div class='ocr_carea' id='block_1_99' title="bbox 410 5025 2012 5098">
    <p class='ocr_par' dir='ltr' id='par_1_99' title="bbox 410 5025 2012 5098">
     <span class='ocr_line' id='line_1_102' title="bbox 410 5025 2012 5098; baseline -0.001 -17"><span class='ocrx_word' id='word_1_760' title='bbox 410 5030 854 5098; x_wconf 75' lang='lat' dir='ltr'><strong>prtemonuimus,</strong></span> <span class='ocrx_word' id='word_1_761' title='bbox 898 5025 952 5098; x_wconf 81' lang='lat' dir='ltr'><strong>et</strong></span> <span class='ocrx_word' id='word_1_762' title='bbox 991 5042 1058 5083; x_wconf 82' lang='lat' dir='ltr'><strong>ex</strong></span> <span class='ocrx_word' id='word_1_763' title='bbox 1096 5027 1246 5082; x_wconf 89' lang='lat' dir='ltr'><strong>calce</strong></span> <span class='ocrx_word' id='word_1_764' title='bbox 1278 5027 1433 5098; x_wconf 84' lang='lat' dir='ltr'><strong>hujus</strong></span> <span class='ocrx_word' id='word_1_765' title='bbox 1465 5027 1812 5098; x_wconf 68' lang='lat' dir='ltr'><strong>blasphemia:</strong></span> <span class='ocrx_word' id='word_1_766' title='bbox 1840 5025 2012 5080; x_wconf 90' lang='lat' dir='ltr'><strong>mani-</strong></span> 
     </span>
    </p>
   </div>
   <div class='ocr_carea' id='block_1_100' title="bbox 411 5097 1738 5168">
    <p class='ocr_par' dir='ltr' id='par_1_100' title="bbox 411 5097 1738 5168">
     <span class='ocr_line' id='line_1_103' title="bbox 411 5097 1738 5168; baseline 0 -16"><span class='ocrx_word' id='word_1_767' title='bbox 411 5097 606 5153; x_wconf 88' lang='lat' dir='ltr'><strong>festum</strong></span> <span class='ocrx_word' id='word_1_768' title='bbox 640 5107 741 5166; x_wconf 88' lang='lat' dir='ltr'><strong>est,</strong></span> <span class='ocrx_word' id='word_1_769' title='bbox 774 5099 862 5154; x_wconf 88' lang='lat' dir='ltr'><strong>ubi</strong></span> <span class='ocrx_word' id='word_1_770' title='bbox 888 5097 1120 5168; x_wconf 87' lang='lat' dir='ltr'><strong>idipsum</strong></span> <span class='ocrx_word' id='word_1_771' title='bbox 1147 5097 1388 5168; x_wconf 83' lang='lat' dir='ltr'><strong>apertius</strong></span> <span class='ocrx_word' id='word_1_772' title='bbox 1411 5097 1738 5154; x_wconf 79' lang='lat' dir='ltr'><strong>declaratur.</strong></span> 
     </span>
    </p>
   </div>
   <div class='ocr_carea' id='block_1_101' title="bbox 506 5168 1709 5241">
    <p class='ocr_par' dir='ltr' id='par_1_101' title="bbox 506 5168 1709 5241">
     <span class='ocr_line' id='line_1_104' title="bbox 506 5168 1709 5241; baseline -0.001 -17"><span class='ocrx_word' id='word_1_773' title='bbox 506 5169 557 5241; x_wconf 89' lang='lat' dir='ltr'><strong>e)</strong></span> <span class='ocrx_word' id='word_1_774' title='bbox 590 5170 678 5227; x_wconf 85' lang='lat' dir='ltr'><strong>Sic</strong></span> <span class='ocrx_word' id='word_1_775' title='bbox 706 5185 837 5225; x_wconf 89' lang='lat' dir='ltr'><strong>mss.</strong></span> <span class='ocrx_word' id='word_1_776' title='bbox 868 5168 1016 5225; x_wconf 86' lang='lat' dir='ltr'><strong>Editi</strong></span> <span class='ocrx_word' id='word_1_777' title='bbox 1042 5183 1197 5234; x_wconf 89' lang='lat' dir='ltr'><strong>vero,</strong></span> <span class='ocrx_word' id='word_1_778' title='bbox 1232 5170 1367 5241; x_wconf 81' lang='lat' dir='ltr'><strong>falsa</strong></span> <span class='ocrx_word' id='word_1_779' title='bbox 1392 5170 1709 5225; x_wconf 80' lang='lat' dir='ltr'><strong>docentibus.</strong></span> 
     </span>
    </p>
   </div>
   <div class='ocr_carea' id='block_1_102' title="bbox 507 5240 2009 5312">
    <p class='ocr_par' dir='ltr' id='par_1_102' title="bbox 507 5240 2009 5312">
     <span class='ocr_line' id='line_1_105' title="bbox 507 5240 2009 5312; baseline 0.001 -17"><span class='ocrx_word' id='word_1_780' title='bbox 507 5240 561 5311; x_wconf 57' lang='grc'><strong>[⁷)</strong></span> <span class='ocrx_word' id='word_1_781' title='bbox 614 5243 767 5297; x_wconf 86' lang='lat' dir='ltr'><strong>Hunc</strong></span> <span class='ocrx_word' id='word_1_782' title='bbox 811 5257 1050 5307; x_wconf 89' lang='lat' dir='ltr'><strong>versum,</strong></span> <span class='ocrx_word' id='word_1_783' title='bbox 1100 5240 1319 5311; x_wconf 43' lang='lat' dir='ltr'><strong>expo&#39;sui</strong></span> <span class='ocrx_word' id='word_1_784' title='bbox 1358 5241 1537 5296; x_wconf 76' lang='lat' dir='ltr'><strong>amicis</strong></span> <span class='ocrx_word' id='word_1_785' title='bbox 1581 5240 1781 5312; x_wconf 83' lang='lat' dir='ltr'><strong>pietatis</strong></span> <span class='ocrx_word' id='word_1_786' title='bbox 1825 5249 2009 5296; x_wconf 70' lang='lat' dir='ltr'><strong>vestra:</strong></span> 
     </span>
    </p>
   </div>
   <div class='ocr_carea' id='block_1_103' title="bbox 412 5312 1539 5440">
    <p class='ocr_par' dir='ltr' id='par_1_103' title="bbox 412 5312 1539 5440">
     <span class='ocr_line' id='line_1_106' title="bbox 412 5312 1539 5440; baseline 0.001 -74"><span class='ocrx_word' id='word_1_787' title='bbox 412 5328 579 5366; x_wconf 86' lang='lat' dir='ltr'><strong>meam</strong></span> <span class='ocrx_word' id='word_1_788' title='bbox 607 5314 978 5440; x_wconf 51' lang='lat' dir='ltr'><strong>conIessionem</strong></span> <span class='ocrx_word' id='word_1_789' title='bbox 996 5353 1011 5377; x_wconf 86' lang='lat'><strong>,</strong></span> <span class='ocrx_word' id='word_1_790' title='bbox 1043 5327 1148 5367; x_wconf 89' lang='lat' dir='ltr'><strong>non</strong></span> <span class='ocrx_word' id='word_1_791' title='bbox 1179 5312 1381 5368; x_wconf 88' lang='lat' dir='ltr'><strong>habent</strong></span> <span class='ocrx_word' id='word_1_792' title='bbox 1408 5327 1539 5367; x_wconf 89' lang='lat' dir='ltr'><strong>mss.</strong></span> 
     </span>
     <span class='ocr_line' id='line_1_107' title="bbox 482 5381 1539 5440; baseline -0.002 0"><span class='ocrx_word' id='word_1_793' title='bbox 482 5381 559 5440; x_wconf 84' lang='lat' dir='ltr'><strong>(al</strong></span> <span class='ocrx_word' id='word_1_794' title='bbox 589 5384 665 5440; x_wconf 87' lang='lat' dir='ltr'><strong>lta</strong></span> <span class='ocrx_word' id='word_1_795' title='bbox 716 5398 812 5440; x_wconf 86' lang='lat' dir='ltr'><strong>ere</strong></span> <span class='ocrx_word' id='word_1_796' title='bbox 850 5384 1125 5440; x_wconf 88' lang='lat' dir='ltr'><strong>Palladius</strong></span> <span class='ocrx_word' id='word_1_797' title='bbox 1153 5384 1207 5440; x_wconf 87' lang='lat' dir='ltr'><strong>in</strong></span> <span class='ocrx_word' id='word_1_798' title='bbox 1238 5385 1408 5440; x_wconf 72' lang='lat' dir='ltr'><strong>uestis</strong></span> <span class='ocrx_word' id='word_1_799' title='bbox 1444 5399 1539 5440; x_wconf 86' lang='lat' dir='ltr'><strong>con</strong></span> 
     </span>
    </p>
   </div>
   <div class='ocr_carea' id='block_1_104' title="bbox 482 5381 2005 5467">
    <p class='ocr_par' dir='ltr' id='par_1_104' title="bbox 482 5381 2005 5467">
     <span class='ocr_line' id='line_1_108' title="bbox 482 5381 2005 5467; baseline -0.001 -26"><span class='ocrx_word' id='word_1_800' title='bbox 482 5381 559 5457; x_wconf 84' lang='lat' dir='ltr'><strong>(g)</strong></span> <span class='ocrx_word' id='word_1_801' title='bbox 589 5384 665 5440; x_wconf 88' lang='lat' dir='ltr'><strong>lta</strong></span> <span class='ocrx_word' id='word_1_802' title='bbox 695 5381 812 5467; x_wconf 77' lang='lat' dir='ltr'><strong>fere</strong></span> <span class='ocrx_word' id='word_1_803' title='bbox 850 5384 1125 5440; x_wconf 87' lang='lat' dir='ltr'><strong>Palladius</strong></span> <span class='ocrx_word' id='word_1_804' title='bbox 1153 5384 1207 5440; x_wconf 87' lang='lat' dir='ltr'><strong>in</strong></span> <span class='ocrx_word' id='word_1_805' title='bbox 1238 5385 1408 5455; x_wconf 84' lang='lat' dir='ltr'><strong>gestis</strong></span> <span class='ocrx_word' id='word_1_806' title='bbox 1444 5382 1663 5440; x_wconf 87' lang='lat' dir='ltr'><strong>concilii</strong></span> <span class='ocrx_word' id='word_1_807' title='bbox 1687 5384 2005 5456; x_wconf 87' lang='lat' dir='ltr'><strong>Aquileien-</strong></span> 
     </span>
    </p>
   </div>
   <div class='ocr_carea' id='block_1_105' title="bbox 2114 4738 3718 4799">
    <p class='ocr_par' dir='ltr' id='par_1_105' title="bbox 2114 4738 3718 4799">
     <span class='ocr_line' id='line_1_109' title="bbox 2114 4738 3718 4799; baseline 0.004 -7"><span class='ocrx_word' id='word_1_808' title='bbox 2114 4738 2248 4793; x_wconf 92' lang='lat' dir='ltr'><strong>lium</strong></span> <span class='ocrx_word' id='word_1_809' title='bbox 2279 4742 2526 4795; x_wconf 87' lang='lat' dir='ltr'><strong>referret.</strong></span> <span class='ocrx_word' id='word_1_810' title='bbox 2561 4741 2634 4795; x_wconf 88' lang='lat' dir='ltr'><strong>Ea</strong></span> <span class='ocrx_word' id='word_1_811' title='bbox 2668 4750 2847 4797; x_wconf 89' lang='lat' dir='ltr'><strong>tamen</strong></span> <span class='ocrx_word' id='word_1_812' title='bbox 2879 4750 2996 4797; x_wconf 90' lang='lat' dir='ltr'><strong>arte</strong></span> <span class='ocrx_word' id='word_1_813' title='bbox 3023 4759 3084 4796; x_wconf 87' lang='lat' dir='ltr'><strong>ac</strong></span> <span class='ocrx_word' id='word_1_814' title='bbox 3113 4744 3327 4799; x_wconf 90' lang='lat' dir='ltr'><strong>dicendi</strong></span> <span class='ocrx_word' id='word_1_815' title='bbox 3366 4738 3576 4799; x_wconf 85' lang='lat' dir='ltr'><strong>ratione</strong></span> <span class='ocrx_word' id='word_1_816' title='bbox 3609 4758 3718 4798; x_wconf 90' lang='lat' dir='ltr'><strong>non</strong></span> 
     </span>
    </p>
   </div>
   <div class='ocr_carea' id='block_1_106' title="bbox 2112 4810 3720 4883">
    <p class='ocr_par' dir='ltr' id='par_1_106' title="bbox 2112 4810 3720 4883">
     <span class='ocr_line' id='line_1_110' title="bbox 2112 4810 3720 4883; baseline 0.004 -20"><span class='ocrx_word' id='word_1_817' title='bbox 2112 4810 2207 4883; x_wconf 81' lang='lat' dir='ltr'><strong>ille</strong></span> <span class='ocrx_word' id='word_1_818' title='bbox 2236 4812 2406 4871; x_wconf 85' lang='lat' dir='ltr'><strong>solus.</strong></span> <span class='ocrx_word' id='word_1_819' title='bbox 2441 4813 2536 4866; x_wconf 90' lang='lat' dir='ltr'><strong>sed</strong></span> <span class='ocrx_word' id='word_1_820' title='bbox 2567 4812 2663 4867; x_wconf 90' lang='lat' dir='ltr'><strong>alii</strong></span> <span class='ocrx_word' id='word_1_821' title='bbox 2687 4815 2851 4868; x_wconf 91' lang='lat' dir='ltr'><strong>etiam</strong></span> <span class='ocrx_word' id='word_1_822' title='bbox 2883 4814 2962 4867; x_wconf 85' lang='lat' dir='ltr'><strong>usi</strong></span> <span class='ocrx_word' id='word_1_823' title='bbox 2996 4824 3122 4870; x_wconf 88' lang='lat' dir='ltr'><strong>sunt</strong></span> <span class='ocrx_word' id='word_1_824' title='bbox 3155 4813 3378 4878; x_wconf 80' lang='lat' dir='ltr'><strong>Ariani,</strong></span> <span class='ocrx_word' id='word_1_825' title='bbox 3411 4816 3479 4870; x_wconf 90' lang='lat' dir='ltr'><strong>de</strong></span> <span class='ocrx_word' id='word_1_826' title='bbox 3521 4815 3720 4883; x_wconf 85' lang='lat' dir='ltr'><strong>quibus</strong></span> 
     </span>
    </p>
   </div>
   <div class='ocr_carea' id='block_1_107' title="bbox 2108 4879 3718 4952">
    <p class='ocr_par' dir='ltr' id='par_1_107' title="bbox 2108 4879 3718 4952">
     <span class='ocr_line' id='line_1_111' title="bbox 2108 4879 3718 4952; baseline 0.003 -16"><span class='ocrx_word' id='word_1_827' title='bbox 2108 4879 2449 4952; x_wconf 59' lang='lat' dir='ltr'><strong>Augustinus</strong></span> <span class='ocrx_word' id='word_1_828' title='bbox 2492 4885 2585 4939; x_wconf 91' lang='lat' dir='ltr'><strong>lib.</strong></span> <span class='ocrx_word' id='word_1_829' title='bbox 2629 4899 2647 4938; x_wconf 83' lang='grc' dir='ltr'>ι</span> <span class='ocrx_word' id='word_1_830' title='bbox 2704 4900 2895 4940; x_wconf 68' lang='grc' dir='ltr'><strong>εοητει</strong></span> <span class='ocrx_word' id='word_1_831' title='bbox 2936 4885 3215 4942; x_wconf 77' lang='lat' dir='ltr'><strong>Maximin.</strong></span> <span class='ocrx_word' id='word_1_832' title='bbox 3256 4903 3307 4942; x_wconf 92' lang='lat' dir='ltr'><strong>c.</strong></span> <span class='ocrx_word' id='word_1_833' title='bbox 3349 4887 3425 4942; x_wconf 89' lang='lat'><strong>6:</strong></span> <span class='ocrx_word' id='word_1_834' title='bbox 3460 4879 3718 4951; x_wconf 83' lang='lat' dir='ltr'><strong>Ejusdem</strong></span> 
     </span>
    </p>
   </div>
   <div class='ocr_carea' id='block_1_108' title="bbox 2112 4954 3712 5030">
    <p class='ocr_par' dir='ltr' id='par_1_108' title="bbox 2112 4954 3712 5030">
     <span class='ocr_line' id='line_1_112' title="bbox 2112 4954 3712 5030; baseline 0.003 -24"><span class='ocrx_word' id='word_1_835' title='bbox 2112 4964 2337 5030; x_wconf 67' lang='lat' dir='ltr'><strong>naturae,</strong></span> <span class='ocrx_word' id='word_1_836' title='bbox 2383 4957 2531 5026; x_wconf 86' lang='lat' dir='ltr'><strong>cujus</strong></span> <span class='ocrx_word' id='word_1_837' title='bbox 2562 4965 2636 5009; x_wconf 87' lang='lat' dir='ltr'><strong>est</strong></span> <span class='ocrx_word' id='word_1_838' title='bbox 2683 4954 2865 5030; x_wconf 70' lang='lat' dir='ltr'><strong>Pater,</strong></span> <span class='ocrx_word' id='word_1_839' title='bbox 2913 4960 3110 5030; x_wconf 76' lang='lat' dir='ltr'><strong>negatis</strong></span> <span class='ocrx_word' id='word_1_840' title='bbox 3151 4974 3263 5014; x_wconf 81' lang='lat' dir='ltr'><strong>esse</strong></span> <span class='ocrx_word' id='word_1_841' title='bbox 3305 4957 3471 5030; x_wconf 81' lang='lat' dir='ltr'><strong>Deum</strong></span> <span class='ocrx_word' id='word_1_842' title='bbox 3515 4960 3712 5030; x_wconf 78' lang='lat' dir='ltr'><strong>ﬁlium,</strong></span> 
     </span>
    </p>
   </div>
   <div class='ocr_carea' id='block_1_109' title="bbox 2116 5027 3717 5099">
    <p class='ocr_par' dir='ltr' id='par_1_109' title="bbox 2116 5027 3717 5099">
     <span class='ocr_line' id='line_1_113' title="bbox 2116 5027 3717 5099; baseline 0.003 -20"><span class='ocrx_word' id='word_1_843' title='bbox 2116 5027 2347 5099; x_wconf 80' lang='lat' dir='ltr'><strong>quamvis</strong></span> <span class='ocrx_word' id='word_1_844' title='bbox 2388 5042 2560 5080; x_wconf 83' lang='lat' dir='ltr'><strong>verum</strong></span> <span class='ocrx_word' id='word_1_845' title='bbox 2603 5043 2711 5081; x_wconf 89' lang='lat' dir='ltr'><strong>esse</strong></span> <span class='ocrx_word' id='word_1_846' title='bbox 2757 5029 2923 5096; x_wconf 81' lang='lat' dir='ltr'><strong>[ilium</strong></span> <span class='ocrx_word' id='word_1_847' title='bbox 2962 5027 3063 5083; x_wconf 79' lang='lat' dir='ltr'><strong>non</strong></span> <span class='ocrx_word' id='word_1_848' title='bbox 3112 5030 3325 5099; x_wconf 86' lang='lat' dir='ltr'><strong>negetis.</strong></span> <span class='ocrx_word' id='word_1_849' title='bbox 3368 5029 3568 5085; x_wconf 74' lang='lat' dir='ltr'><strong>Verum</strong></span> <span class='ocrx_word' id='word_1_850' title='bbox 3612 5027 3717 5084; x_wconf 89' lang='lat' dir='ltr'><strong>hoc</strong></span> 
     </span>
    </p>
   </div>
   <div class='ocr_carea' id='block_1_110' title="bbox 2115 5097 3716 5169">
    <p class='ocr_par' dir='ltr' id='par_1_110' title="bbox 2115 5097 3716 5169">
     <span class='ocr_line' id='line_1_114' title="bbox 2115 5097 3716 5169; baseline 0.006 -23"><span class='ocrx_word' id='word_1_851' title='bbox 2115 5097 2238 5169; x_wconf 83' lang='lat' dir='ltr'><strong>loco</strong></span> <span class='ocrx_word' id='word_1_852' title='bbox 2285 5098 2365 5150; x_wconf 91' lang='lat' dir='ltr'><strong>sic</strong></span> <span class='ocrx_word' id='word_1_853' title='bbox 2406 5107 2733 5163; x_wconf 84' lang='lat' dir='ltr'><strong>restaurato,</strong></span> <span class='ocrx_word' id='word_1_854' title='bbox 2780 5101 2958 5154; x_wconf 92' lang='lat' dir='ltr'><strong>omnis</strong></span> <span class='ocrx_word' id='word_1_855' title='bbox 2994 5101 3105 5169; x_wconf 89' lang='lat' dir='ltr'><strong>jam</strong></span> <span class='ocrx_word' id='word_1_856' title='bbox 3146 5097 3353 5156; x_wconf 79' lang='lat' dir='ltr'><strong>tollitur</strong></span> <span class='ocrx_word' id='word_1_857' title='bbox 3379 5100 3604 5156; x_wconf 89' lang='lat' dir='ltr'><strong>eruditis</strong></span> <span class='ocrx_word' id='word_1_858' title='bbox 3645 5099 3716 5156; x_wconf 87' lang='lat' dir='ltr'><strong>de</strong></span> 
     </span>
    </p>
   </div>
   <div class='ocr_carea' id='block_1_111' title="bbox 2115 5167 3308 5237">
    <p class='ocr_par' dir='ltr' id='par_1_111' title="bbox 2115 5167 3308 5237">
     <span class='ocr_line' id='line_1_115' title="bbox 2115 5167 3308 5237; baseline 0.005 -16"><span class='ocrx_word' id='word_1_859' title='bbox 2115 5167 2280 5237; x_wconf 88' lang='lat' dir='ltr'><strong>hujus</strong></span> <span class='ocrx_word' id='word_1_860' title='bbox 2308 5169 2555 5236; x_wconf 73' lang='lat' dir='ltr'><strong>epiStolm</strong></span> <span class='ocrx_word' id='word_1_861' title='bbox 2582 5172 2812 5225; x_wconf 88' lang='lat' dir='ltr'><strong>veritate</strong></span> <span class='ocrx_word' id='word_1_862' title='bbox 2837 5167 3119 5226; x_wconf 79' lang='lat' dir='ltr'><strong>dubitandi</strong></span> <span class='ocrx_word' id='word_1_863' title='bbox 3149 5171 3308 5227; x_wconf 90' lang='lat' dir='ltr'><strong>ratio.</strong></span> 
     </span>
    </p>
   </div>
   <div class='ocr_carea' id='block_1_112' title="bbox 2212 5238 3192 5298">
    <p class='ocr_par' dir='ltr' id='par_1_112' title="bbox 2212 5238 3192 5298">
     <span class='ocr_line' id='line_1_116' title="bbox 2212 5238 3192 5298; baseline 0.002 -5"><span class='ocrx_word' id='word_1_864' title='bbox 2212 5240 2261 5298; x_wconf 78' lang='grc' dir='ltr'><strong>ἱ)</strong></span> <span class='ocrx_word' id='word_1_865' title='bbox 2296 5238 2610 5295; x_wconf 81' lang='lat' dir='ltr'><strong>Subtexitnr</strong></span> <span class='ocrx_word' id='word_1_866' title='bbox 2629 5240 2791 5296; x_wconf 83' lang='lat' dir='ltr'><strong>Amen</strong></span> <span class='ocrx_word' id='word_1_867' title='bbox 2816 5242 2869 5295; x_wconf 92' lang='lat' dir='ltr'><strong>in</strong></span> <span class='ocrx_word' id='word_1_868' title='bbox 2898 5256 3000 5297; x_wconf 90' lang='lat' dir='ltr'><strong>ms.</strong></span> <span class='ocrx_word' id='word_1_869' title='bbox 3030 5241 3192 5298; x_wconf 77' lang='lat' dir='ltr'><strong>Mich.</strong></span> 
     </span>
    </p>
   </div>
   <div class='ocr_carea' id='block_1_113' title="bbox 2208 5240 3717 5387">
    <p class='ocr_par' dir='ltr' id='par_1_113' title="bbox 2208 5240 3717 5387">
     <span class='ocr_line' id='line_1_117' title="bbox 2212 5240 3192 5298; baseline 0.002 -5"><span class='ocrx_word' id='word_1_870' title='bbox 2212 5241 2229 5293; x_wconf 87' lang='lat' dir='ltr'><strong>i</strong></span> <span class='ocrx_word' id='word_1_871' title='bbox 2296 5240 2610 5295; x_wconf 81' lang='lat' dir='ltr'><strong>Subtexitnr</strong></span> <span class='ocrx_word' id='word_1_872' title='bbox 2629 5240 2791 5296; x_wconf 83' lang='lat' dir='ltr'><strong>Amen</strong></span> <span class='ocrx_word' id='word_1_873' title='bbox 2816 5242 2869 5295; x_wconf 92' lang='lat' dir='ltr'><strong>in</strong></span> <span class='ocrx_word' id='word_1_874' title='bbox 2898 5256 3000 5297; x_wconf 90' lang='lat' dir='ltr'><strong>ms.</strong></span> <span class='ocrx_word' id='word_1_875' title='bbox 3030 5241 3192 5298; x_wconf 77' lang='lat' dir='ltr'><strong>Mich.</strong></span> 
     </span>
     <span class='ocr_line' id='line_1_118' title="bbox 2208 5240 3717 5387; baseline 0.005 -23"><span class='ocrx_word' id='word_1_876' title='bbox 2208 5240 2261 5383; x_wconf 52' lang='lat' dir='ltr'><strong>ji</strong></span> <span class='ocrx_word' id='word_1_877' title='bbox 2296 5309 2460 5377; x_wconf 89' lang='lat' dir='ltr'><strong>Editi,</strong></span> <span class='ocrx_word' id='word_1_878' title='bbox 2493 5312 2616 5381; x_wconf 85' lang='lat' dir='ltr'><strong>quia</strong></span> <span class='ocrx_word' id='word_1_879' title='bbox 2648 5313 2765 5383; x_wconf 87' lang='lat' dir='ltr'><strong>jam</strong></span> <span class='ocrx_word' id='word_1_880' title='bbox 2796 5312 2991 5367; x_wconf 90' lang='lat' dir='ltr'><strong>dudum</strong></span> <span class='ocrx_word' id='word_1_881' title='bbox 3030 5312 3285 5383; x_wconf 86' lang='lat' dir='ltr'><strong>damnati,</strong></span> <span class='ocrx_word' id='word_1_882' title='bbox 3330 5313 3576 5387; x_wconf 83' lang='lat' dir='ltr'><strong>depositi,</strong></span> <span class='ocrx_word' id='word_1_883' title='bbox 3616 5313 3717 5371; x_wconf 81' lang='lat' dir='ltr'><strong>hoc</strong></span> 
     </span>
    </p>
   </div>
   <div class='ocr_carea' id='block_1_114' title="bbox 2112 5388 2988 5454">
    <p class='ocr_par' dir='ltr' id='par_1_114' title="bbox 2112 5388 2988 5454">
     <span class='ocr_line' id='line_1_119' title="bbox 2112 5388 2988 5454; baseline 0.003 -18"><span class='ocrx_word' id='word_1_884' title='bbox 2112 5391 2211 5449; x_wconf 89' lang='lat' dir='ltr'><strong>est,</strong></span> <span class='ocrx_word' id='word_1_885' title='bbox 2235 5390 2369 5449; x_wconf 89' lang='lat' dir='ltr'><strong>etc.;</strong></span> <span class='ocrx_word' id='word_1_886' title='bbox 2396 5388 2732 5454; x_wconf 80' lang='lat' dir='ltr'><strong>castigantur</strong></span> <span class='ocrx_word' id='word_1_887' title='bbox 2760 5399 2830 5441; x_wconf 76' lang='lat' dir='ltr'><strong>ex</strong></span> <span class='ocrx_word' id='word_1_888' title='bbox 2853 5398 2988 5439; x_wconf 88' lang='lat' dir='ltr'><strong>mss.</strong></span> 
     </span>
    </p>
   </div>
   <div class='ocr_carea' id='block_1_115' title="bbox 1924 5586 2195 5698">
    <p class='ocr_par' dir='ltr' id='par_1_115' title="bbox 1924 5586 2195 5698">
     <span class='ocr_line' id='line_1_120' title="bbox 1924 5586 2195 5698; baseline 0 0"><span class='ocrx_word' id='word_1_889' title='bbox 1924 5586 2195 5698; x_wconf 48' lang='lat' dir='ltr'><strong>manu“</strong></span> 
     </span>
    </p>
   </div>
   <div class='ocr_carea' id='block_1_116' title="bbox 932 5883 1324 5949">
    <p class='ocr_par' dir='ltr' id='par_1_116' title="bbox 932 5883 1324 5949">
     <span class='ocr_line' id='line_1_121' title="bbox 932 5883 1324 5949; baseline -0.003 -2"><span class='ocrx_word' id='word_1_890' title='bbox 932 5885 1206 5949; x_wconf 74' lang='grc' dir='ltr'><strong>ΡΑτιιοι..</strong></span> <span class='ocrx_word' id='word_1_891' title='bbox 1239 5883 1324 5947; x_wconf 87' lang='grc' dir='ltr'><strong>Χ.</strong></span> 
     </span>
    </p>
   </div>
   <div class='ocr_carea' id='block_1_117' title="bbox 2040 5713 2079 5740">
    <p class='ocr_par' dir='ltr' id='par_1_117' title="bbox 2040 5713 2079 5740">
     <span class='ocr_line' id='line_1_122' title="bbox 2040 5713 2079 5740; baseline 0 0"><span class='ocrx_word' id='word_1_892' title='bbox 2040 5713 2079 5740; x_wconf 67' lang='grc' dir='ltr'><strong>Ἠ</strong></span> 
     </span>
    </p>
   </div>
  </div>
