4270 6264
564 296 671 362 (illi

1471 286 1539 353 ΙΝ
1579 288 1827 354 SANCTI
1866 287 2121 347 lllLARll
2161 284 2468 347 EPISCOPI
2503 282 2935 344 FRAGMENTA

3769 268 3879 335 θεῖ)

578 416 3833 459 ________________________v_______._______.._._._.__.

846 552 1204 631 60m
1251 567 1374 651 IN
1448 559 2183 651 FRAGMENTA
2254 561 2346 646 S.
2424 556 2883 642 HILARII
2959 552 3606 640 PR/EFATIO.

637 874 679 932 Ι.
712 874 793 930 An
837 872 934 928 hoc
974 886 1103 943 opus
1135 866 1334 925 Hilarii
1371 866 1456 922 sit.
1494 863 1749 934 Quintam
1783 860 2054 918 dubitandi
2088 874 2166 912 ra-
2199 854 2255 920 Α
2280 856 2464 916 siense
2503 866 2738 929 peruetus
2766 865 2957 926 vocat;
2987 857 3043 915 in
3067 873 3177 931 quo
3217 857 3365 915 idem
3401 872 3588 916 rerum
3632 856 3792 922 ordo,
3825 865 3883 912 et

563 972 748 1027 tiones.
781 997 855 1011 --
878 967 1207 1023 Praeclarum
1255 964 1358 1019 hoc
1396 960 1736 1031 antiquitatis
1781 958 2174 1014 monimentum

560 1064 775 1123 Nicolai
816 1062 978 1119 Fabri
1023 1074 1187 1131 opera
1219 1074 1283 1113 ex
1328 1055 1659 1112 bibliotheca
1698 1054 1761 1109 P.
1801 1049 1998 1108 Pithoei
2031 1063 2176 1104 anno

564 1158 707 1215 1598
747 1156 1206 1227 Fragmentorum
1249 1150 1468 1205 nomine
1524 1147 1756 1211 editum,
1795 1158 2009 1200 smnmo
2050 1156 2174 1197 om-

561 1253 714 1309 nium
738 1251 931 1322 plausu
954 1255 1242 1316 exceptum
1279 1243 1397 1299 l'uit.
1431 1242 1572 1298 Nulli
1608 1242 1782 1310 palam
1804 1280 1818 1304 ,
1847 1235 1990 1309 quod
2028 1237 2172 1290 scia-

569 1362 713 1411 mus,
750 1355 922 1401 totum
970 1349 1300 1415 respuerant
1338 1339 1494 1410 quasi
1537 1334 1742 1391 Hilario
1780 1332 1921 1388 male
1965 1328 2175 1386 adscri-

564 1451 748 1514 ptum:
781 1439 852 1495 de
902 1437 1045 1492 illius
1092 1444 1277 1490 tamen
1326 1429 1651 1487 auctoritate
1687 1425 2036 1483 subdubitare
2062 1438 2173 1478 non

560 1531 701 1590 nulli
742 1531 993 1586 videntur
1027 1536 1190 1598 atque
1231 1533 1423 1581 contra
1473 1521 1781 1578 mussitare.
1856 1517 1958 1589 Ipsi
2007 1516 2171 1572 etiam

562 1626 719 1684 initio
794 1621 1044 1680 nonnihil
1128 1618 1482 1676 movebamur
1547 1616 1726 1687 primo
1758 1654 1776 1681 ,
1849 1611 1993 1684 quod
2058 1609 2174 1681 epi-

561 1720 704 1777 stola
776 1718 970 1792 synodi
1048 1712 1389 1773 Sardicensis
1448 1710 1516 1766 ad
1566 1711 1848 1765 universas
1914 1702 2171 1762 ecclesias

558 1813 896 1885 Fragmenta
931 1826 970 1867 ιι
1009 1817 1299 1876 contenta,
1344 1813 1399 1863 ct
1440 1801 1804 1860 Ariminensis
1844 1798 2061 1856 concilii
2100 1796 2169 1852 ad

561 1905 940 1962 Constantium
994 1902 1220 1967 litteras,
1266 1914 1387 1969 quae
1422 1897 1651 1969 primam
1706 1892 2019 1964 Fragmenti
2071 1904 2168 1945 vus

554 2008 766 2072 partem
814 1995 1131 2060 coniiciunt,
1178 2006 1302 2048 cum
1348 1991 1512 2045 latine
1554 1988 1772 2057 scriptae
1816 1985 1956 2051 sint,
2006 1983 2169 2052 longe

551 2098 739 2148 tamen
770 2088 1179 2161 castigatiores,
1223 2085 1501 2156 pleniores
1539 2096 1603 2137 ac
1640 2089 1831 2135 mutuo
1870 2075 2169 2133 sententia-

2280 950 2486 1005 eaedem
2535 958 2692 1006 erant
2729 950 3130 1022 inscriptiones.
3180 950 3297 1007 Hoc
3339 950 3559 1022 quidem
3600 951 3882 1021 exemplar

2278 1041 2477 1098 frustra
2508 1044 2855 1114 quaesivimus
2885 1062 2897 1097 :
2927 1043 3022 1100 sed
3059 1043 3373 1114 Stephanus
3400 1043 3653 1098 Baluzius
3685 1042 3882 1098 litteris

2273 1132 2525 1204 juvandis
2566 1142 2746 1202 natus,
2799 1135 2972 1191 varias
3010 1133 3287 1191 Sirmondi
3332 1131 3593 1191 lectiones
3621 1134 3882 1206 suppedi-

2280 1226 2475 1294 tando,
2513 1227 2781 1298 jacturam
2826 1238 3066 1284 nostram
3110 1236 3399 1300 utcumque
3444 1230 3744 1285 resarcivit.
3786 1229 3881 1285 His

2276 1319 2510 1381 accedit.
2543 1320 2686 1391 quod
2710 1336 2833 1376 cum
2864 1319 3130 1377 Baronins
3165 1322 3233 1376 ad
3275 1336 3365 1377 an.
3392 1321 3520 1390 557,
3557 1338 3623 1378 ex
3653 1321 3883 1378 Cresco-

2276 1414 2438 1467 niana
2486 1409 2821 1469 Collectione
2860 1428 2924 1469 ac
2953 1412 3164 1469 duobus
3194 1427 3328 1469 mss.
3355 1454 3371 1480 ,
3415 1411 3618 1469 Liberii
3669 1413 3882 1469 litteras

2276 1505 2601 1576 Fragmento
2638 1520 2691 1562 vt
2739 1507 2971 1585 insertas
3000 1507 3301 1572 describat,
3340 1506 3394 1561 in
3435 1507 3881 1564 novissimaedi-

2273 1600 2422 1657 tione
2461 1601 2661 1657 fatetur
2701 1614 2761 1658 se
2801 1602 2853 1657 in
2905 1602 3020 1657 suis
3062 1615 3196 1658 mss.
3246 1601 3464 1658 easdem
3508 1615 3647 1673 quas
3690 1602 3743 1657 in
3795 1601 3880 1658 bis

2272 1694 2616 1765 Fragmentis
2652 1696 2924 1767 reperisse
2957 1695 3409 1766 interpolationes
3443 1695 3649 1751 Hilario
3679 1695 3881 1767 pariter

2229 1872 2237 1877 .
2275 1789 2599 1860 adscriptas.

2346 1900 2433 1956 Ill.
2463 1900 2770 1974 Hieronymi
2798 1901 3105 1957 testimonio.
3131 1931 3204 1943 -ο
3231 1900 3361 1957 Mss.
3393 1901 3723 1974 suffragatur
3754 1902 3882 1960 Hie-

2270 1995 2672 2067 ronymus.Qui
2693 1996 2838 2052 enim
2867 1995 3046 2052 abillo
3082 1996 3150 2052 de
3189 1996 3452 2067 Scriptor.
3494 1998 3689 2053 eccies.
3743 1998 3885 2055 inter

2268 2087 2624 2161 605-606
2643 2102 2811 2159 opera
2850 2087 3034 2145 Hilarii
3074 2100 3410 2156 recensetur,
3437 2086 3595 2144 Liber
3641 2089 3882 2145 adversus

552 2196 674 2242 rum
699 2199 842 2240 nexu
865 2181 1226 2253 elegantiores
1251 2178 1301 2232 in
1329 2175 1522 2248 griccis
1544 2170 1976 2242 exemplaribus,
2001 2181 2165 2239 quam

2280 2179 2542 2236 Valentem
2573 2193 2620 2236 et
2653 2181 2946 2250 Ursacium,
2970 2182 3238 2237 historiam
3268 2182 3606 2237 Ariminensis
3630 2193 3676 2237 et
3704 2182 3884 2238 Seleu-

551 2274 610 2332 in
646 2275 730 2330 his
758 2247 1093 2344 Fragmentis
1120 2247 1461 2339 reperiantur
1491 2283 1504 2319 :
1535 2263 1732 2320 deinde
1757 2261 1901 2333 quod
1941 2259 2047 2315 alia
2090 2259 2161 2314 sit

2276 2275 2454 2329 riensis
2468 2276 2652 2346 synodi
2667 2247 2954 2342 continens,
2977 2276 3118 2332 haud
3135 2276 3364 2331 obscure
3379 2274 3710 2346 promittitur
3723 2276 3883 2332 titulo

552 2366 696 2424 libro
727 2366 796 2421 de
822 2364 1046 2437 synodis
1074 2378 1222 2417 num.
1253 2359 1345 2427 54,
1379 2358 1480 2414 alia
1509 2357 1840 2427 Fragmento
1867 2368 1949 2421 ιιι,
1982 2366 2039 2407 ιι.
2062 2349 2159 2416 ‘29,

550 2455 1131 2533 pseudoSardicensis
1177 2453 1299 2507 ﬁdei
1361 2448 1666 2505 translatio.
1698 2447 1886 2502 Tertio
1934 2456 2059 2499 cum
2095 2455 2163 2497 ee

555 2558 827 2623 tempore,
853 2565 961 2622 quo
992 2548 1093 2605 sibi
1127 2547 1411 2603 restitutus
1435 2543 1685 2600 Liberius
1714 2540 1975 2598 Ecclesia:
2001 2538 2161 2593 (idem

554 2645 781 2719 egregie
818 2652 1083 2708 tueretur,
1122 2639 1226 2694 hoc
1256 2652 1390 2709 opus
1429 2636 1688 2706 scriptum
1731 2632 1901 2689 fuisse
1936 2643 2165 2687 necesse

553 2742 660 2809 sit;
693 2738 1018 2798 incredibile
1048 2735 1355 2800 videbatur,
1390 2740 1449 2787 ut
1492 2732 1543 2788 ei
1587 2730 1697 2801 jam
1727 2737 2007 2789 correcta,
2050 2725 2165 2780 imo

553 2836 719 2892 etiam
738 2832 1009 2889 acerrimo
1032 2829 1153 2885 lidei
1175 2839 1427 2898 patrono.
1449 2833 1525 2879 tot
1543 2823 1890 2877 anathemata
1906 2818 2068 2889 Frag.
2085 2831 2162 2884 Vl,

556 2941 706 2982 num.
747 2924 803 2991 6,
846 2922 1055 2978 diceret
1093 2918 1351 2984 Hilarius,
1396 2917 1485 2987 qui
1525 2912 1891 2970 Orientalibus
1931 2909 2165 2966 necdum

552 3029 703 3076 recte
728 3015 1112 3080 sentientibus,
1140 3012 1267 3083 quia
1296 3023 1476 3065 tamen
1516 3009 1583 3063 ad
1626 3011 1908 3062 veritatem
1944 3004 2164 3075 prOpius

554 3108 904 3171 accederent,
958 3106 1097 3161 libro
1137 3102 1205 3159 de
1248 3099 1486 3172 Synodis
1524 3100 1598 3153 ita
1644 3097 1903 3168 pepercit,
1954 3104 2015 3150 ut
2063 3107 2167 3149 nec

554 3201 747 3260 laudes
770 3199 999 3271 negarit.
1030 3194 1348 3251 Deterrebat
1371 3200 1635 3263 praeterea
1658 3198 2003 3244 monstruosa
2025 3201 2164 3257 quas-

559 3296 685 3353 dam
716 3307 899 3349 rerum
946 3290 1137 3354 facies,
1180 3296 1236 3344 et
1275 3284 1582 3342 inordinata
1614 3281 1947 3351 confusaque
1982 3281 2163 3336 varia-

555 3400 679 3444 rum
708 3382 1062 3455 epistularum
1091 3377 1403 3451 congeries,
1441 3376 1650 3431 Hilario
1688 3373 1824 3429 alias
1853 3379 2004 3428 tattto
2040 3387 2163 3427 cum

557 3480 752 3536 ordine
778 3476 986 3548 singula
1023 3480 1317 3530 enarrante
1346 3469 1586 3540 indigna.
1630 3466 1976 3538 Augebantur
2005 3464 2162 3519 deni-

554 3585 685 3645 que,
732 3568 875 3642 quod
916 3568 1099 3623 omnia
1150 3566 1269 3620 haec
1309 3562 1633 3634 Fragmenta
1670 3574 1779 3614 non
1827 3573 1896 3614 eo
1934 3558 1988 3613 in
2031 3571 2161 3612 mss.

2271 2368 2326 2424 in
2358 2368 2533 2426 fronte
2572 2366 2787 2441 Fragm.
2822 2387 2837 2426 ι
2868 2380 3166 2441 ριέειιοιτιῐο
3191 2388 3204 2425 :
3232 2369 3427 2442 Incipit
3444 2370 3570 2425 liber
3597 2368 3658 2427 S.
3684 2370 3883 2425 Hilarii

2266 2460 2592 2519 Pictavensis
2617 2465 2904 2536 prouinciae
2952 2465 3263 2536 Aquitania,
3306 2466 3361 2520 in
3398 2482 3500 2538 quo
3536 2476 3658 2521 sunt
3685 2468 3876 2535 omnia,

2264 2570 2383 2625 qute
2401 2542 2678 2611 ostendunt
2711 2555 2788 2611 vel
2825 2557 3104 2627 quomodo,
3136 2557 3438 2628 quibusnam
3469 2558 3670 2624 causis,
3697 2559 3882 2629 quibus

2262 2645 2575 2702 instantibus
2605 2648 2697 2704 sub
2740 2649 2867 2721 imp.
2901 2648 3201 2704 Constantio
3240 2654 3434 2723 factum
3461 2662 3535 2706 est
3561 2650 3882 2705 Ariminense

2266 2741 2566 2807 concilium,
2595 2750 2701 2796 etc.
2734 2739 3058 2812 Expressius
3095 2752 3302 2798 tantum
3330 2742 3467 2798 dixit
3504 2741 3874 2816 Hieronymus

2267 2834 2510 2889 adversus
2543 2832 2814 2889 Ursacium
2844 2843 2894 2889 et
2931 2831 3221 2902 Valentem,
3259 2835 3405 2904 quod
3444 2835 3533 2890 hic
3563 2835 3875 2906 generalius

2271 2930 2611 2983 enuntiatum
2654 2937 2738 2983 est
2780 2928 3075 2999 quomodo,
3109 2928 3422 3000 quibusnam
3465 2930 3655 2997 causis,
3693 2928 3879 3001 quibus

2268 3020 2599 3076 instantibus.
2643 3019 2777 3076 Nam
2818 3022 2961 3094 quod
3002 3023 3118 3079 haec
3167 3022 3493 3095 Fragmenta
3537 3024 3646 3078 sint
3696 3025 3882 3093 operis

2269 3113 2532 3169 adversus
2566 3113 2845 3170 Valentem
2874 3125 2931 3171 et
2954 3113 3237 3173 Ursacium
3264 3114 3473 3187 scripti.
3497 3130 3620 3172 cum
3641 3129 3707 3172 ex
3728 3116 3876 3184 aliis,

2272 3214 2385 3260 tum
2419 3208 2654 3263 maxime
2679 3223 2743 3263 ex
2775 3208 3040 3275 secundo,
3070 3208 3303 3275 decimo,
3333 3224 3397 3266 ac
3425 3208 3639 3266 duobus
3668 3217 3884 3279 postre-

2271 3299 2376 3354 mis
2401 3308 2484 3354 est
2512 3300 2877 3356 manifestum.
2907 3299 3119 3358 Titulus
3144 3303 3362 3375 quidem
3390 3308 3576 3361 noster
3598 3303 3664 3359 de
3690 3302 3890 3360 Seleu-

2271 3391 2442 3449 ciensi
2468 3393 2699 3449 concilio
2726 3394 2863 3451 nihil
2894 3396 3148 3467 spondet,
3181 3400 3336 3468 cujus
3362 3407 3543 3454 tamen
3577 3397 3880 3462 historiam,

2272 3485 2569 3542 secundum
2620 3487 3034 3561 Hieronymum,
3079 3489 3269 3546 Hilarii
3316 3491 3456 3548 liber
3504 3489 3669 3547 debet
3718 3491 3887 3547 conti-

2273 3594 2423 3635 nere.
2457 3578 2528 3634 At
2548 3578 2934 3654 Hieronymus,
2968 3584 3091 3654 qui.
3120 3590 3179 3639 ut
3203 3584 3273 3639 ad
3312 3580 3483 3640 libros
3510 3583 3580 3640 de
3618 3580 3888 3639 Trinitate

558 3632 764 3732 ἱιιοειοξ
781 3677 890 3735 quo
916 3660 1011 3717 tua
1037 3657 1293 3752 Nicotaus
1321 3632 1501 3712 Faber
1524 3652 1715 3752 edidit.
1736 3651 1979 3752 suam
2007 3650 2170 3752 ιίιξικξ
2192 3632 2240 3696 ο
2276 3632 2436 3733 si.
2459 3632 2707 3750 gyan;
2719 3632 3091 3736 tanta};
3121 3632 3887 3752 ξέιξᾏιᾷἐεῖυἷιζιζεῖιειζὲιῷὶὶῖἷιζῖ

558 3766 725 3827 atque
767 3752 958 3810 Hilarii
990 3751 1212 3806 nomine
1249 3757 1574 3812 occurrant;
1602 3745 1699 3802 sed
1738 3745 1791 3800 in
1823 3743 1958 3800 duas
2002 3742 2175 3799 veluti

561 3861 748 3924 partes
776 3846 1110 3914 dividantur,
1151 3858 1380 3915 quarum
1428 3842 1626 3914 prima,
1669 3854 1790 3909 «tum
1826 3837 2171 3911 Fragmentis

566 3959 649 4006 ιιι,
682 3957 799 4003 xm.
836 3957 914 4007 ιιι,
942 3954 1056 4005 vin,
1083 3953 1160 4004 ις,
1188 3952 1220 3989 v
1255 3943 1311 3989 ct
1336 3951 1430 4001 vn,
1464 3942 1697 3999 constat,
1731 3947 1831 3988 nec
1860 3930 2046 3985 Hilarii
2072 3946 2172 3985 nec

566 4034 810 4105 Cujusvis
855 4029 1093 4086 alterius
1130 4029 1348 4083 nomine
1393 4026 1749 4092 inscribatur;
1792 4025 2045 4095 quamvis
2095 4022 2173 4078 illi

567 4144 691 4184 cmn
719 4126 774 4182 in
797 4124 977 4181 fronte
1006 4131 1117 4176 tum
1146 4121 1213 4174 ad
1241 4119 1444 4175 calcem
1470 4118 1812 4172 adscribatur
1834 4117 2025 4184 altera,
2049 4129 2173 4187 qum

566 4218 899 4289 Fragmenta
929 4231 968 4282 ι,
991 4229 1050 4279 ιι,
1086 4228 1162 4277 ιν,
1189 4228 1286 4278 xu,
1316 4226 1429 4277 xxv,
1463 4226 1552 4277 xv,
1579 4224 1633 4265 Vl
1660 4218 1788 4277 etx,
1815 4210 2176 4278 comprehen-

568 4310 671 4365 dit.
707 4311 786 4365 Ex
812 4323 920 4379 quo
950 4304 1247 4361 auctoritas
1272 4304 1465 4374 primae
1503 4302 1697 4357 saltem
1740 4305 1933 4372 partis,
1959 4317 2082 4372 quso
2120 4302 2173 4357 in

568 4404 719 4477 prius
736 4401 967 4473 vulgatis
987 4411 1256 4472 postrema
1274 4406 1378 4465 est,
1393 4396 1629 4453 sublesta
1642 4395 1925 4452 videbatur
1941 4411 2005 4451 ac
2018 4397 2171 4452 levis.

644 4519 711 4575 ll.
744 4516 954 4572 Hilario
982 4515 1233 4569 asseritur
1260 4529 1383 4566 mss.
1412 4511 1740 4566 auctoritate.
1773 4540 1845 4551 —
1872 4509 1964 4565 llis
1997 4510 2178 4566 omni-

570 4608 673 4666 bus
697 4606 951 4680 permoti,
985 4606 1049 4662 ad
1082 4606 1162 4661 rei
1192 4605 1473 4659 veritatem
1504 4603 1816 4675 diligentius
1848 4605 2178 4675 invtrstigan-

570 4706 693 4761 dam
725 4704 963 4758 animum
1004 4699 1326 4769 adiecimus.
1359 4696 1438 4751 Ac
1481 4697 1653 4766 primo
1691 4696 1907 4768 quidem
1953 4698 2178 4753 minime

569 4794 1024 4854 emitemuendam
1086 4804 1207 4846 esse
1259 4789 1514 4844 duximus
1566 4804 1700 4844 mss.
1756 4789 2173 4854 auctoritatem,

570 4890 677 4946 huc
706 4903 845 4960 opus
877 4899 983 4940 non
1006 4883 1196 4944 semel,
1227 4880 1324 4935 sed
1356 4884 1548 4935 iterum
1587 4898 1650 4934 ac
1690 4881 1852 4935 tertio
1880 4880 1938 4936 S.
1972 4881 2178 4935 Hilario

573 4981 1024 5046 adscribendum,
1054 4976 1306 5035 nimirum
1333 4976 1488 5029 initio
1520 4974 1679 5046 primi
1707 4973 2015 5046 Fragmenti
2035 5015 2048 5037 ,
2077 4972 2176 5029 In-

571 5082 698 5151 cipit
745 5076 871 5132 liber
914 5073 977 5128 S.
1028 5070 1224 5125 Hilarii
1275 5066 1595 5127 Pictavensis
1637 5069 1916 5140 prouincia:
1959 5069 2177 5141 Aquila-

573 5175 711 5237 πίω,
771 5180 909 5235 etc.,
969 5177 1293 5233 rursumque
1346 5162 1402 5216 in
1460 5162 1640 5217 medio
1693 5161 2018 5233 Fragmento
2074 5176 2125 5219 ut
2159 5204 2174 5230 ,

571 5265 797 5323 Sanctus
828 5259 1068 5315 Hilarius
1096 5255 1370 5310 anathema
1394 5254 1472 5308 illi
1495 5255 1637 5317 dicit,
1663 5269 1725 5309 ac
1747 5255 1963 5310 demum
1991 5257 2041 5310 in
2066 5256 2176 5311 line

571 5354 881 5427 Fragmenti
902 5369 934 5406 χ
963 5394 977 5420 ,
1009 5346 1240 5420 Explicit
1271 5347 1394 5402 liber
1420 5342 1485 5403 S.
1522 5344 1713 5401 Hilarii
1734 5364 1798 5403 ex
1827 5347 1994 5420 Opere
2013 5350 2177 5404 histo-

568 5451 702 5504 rico.
733 5446 975 5515 Namque
1013 5443 1056 5498 si
1083 5440 1203 5512 quis
1231 5441 1443 5496 Pitlimo
1471 5440 1643 5495 codici
1675 5440 1963 5496 chartaceo
1985 5483 1999 5507 ,
2029 5442 2173 5510 quod

570 5542 847 5599 recentior
883 5538 956 5595 sit
987 5543 1043 5593 et
1071 5535 1140 5590 ab
1179 5536 1336 5590 annis
1386 5534 1665 5590 dumtaxat
1709 5535 1814 5591 300
1843 5538 2171 5607 descriptus,

568 5655 675 5692 non
702 5635 833 5691 satis
866 5643 980 5688 tuto
1011 5628 1157 5686 credi
1192 5638 1376 5700 putet;
1407 5627 1566 5684 ﬁdem
1589 5645 1697 5685 non
1727 5632 1943 5703 negabit
1972 5633 2176 5691 haben-

569 5734 692 5786 dam
722 5732 779 5785 ὃ.
806 5724 1040 5795 Remigii
1064 5723 1349 5778 Bernensis
1379 5722 1713 5793 exemplari,
1745 5724 1888 5795 quod
1927 5726 2170 5783 Sirmou~

564 5821 685 5887 dus,
720 5820 872 5890 cujus
902 5817 954 5870 in
980 5821 1245 5884 potestate
1272 5811 1396 5879 fuit,
1434 5813 1574 5870 notis
1600 5814 1654 5872 in
1678 5816 1978 5887 Concilium
2011 5818 2163 5876 Pari-

2279 3774 2481 3844 spectis
2513 3774 2694 3830 titulos
2731 3773 2802 3830 de
2841 3789 2941 3831 suo
2987 3776 3271 3845 imponere
3313 3775 3541 3840 solebat,
3586 3775 3652 3829 ad
3692 3773 3886 3830 Seleu-

2280 3864 2467 3920 ciense
2520 3865 2808 3922 concilium
2860 3865 3070 3923 referre
3127 3867 3301 3936 potuit
3348 3864 3710 3934 monitaenta,
3761 3882 3889 3937 qua:

2279 3957 2610 4029 Fragmentu
2636 3976 2667 4015 x
2691 3960 2980 4030 habentur,
3005 3969 3062 4016 et
3092 3961 3396 4015 indicantur
3421 3968 3694 4017 secutura.
3720 3958 3889 4015 Nam-

2280 4068 2387 4123 que
2417 4069 2539 4123 qua:
2579 4054 2632 4110 in
2672 4069 2738 4110 co
2759 4057 3204 4112 narranturinter
3228 4055 3589 4114 Seleuciensis
3621 4065 3677 4112 et
3696 4055 3891 4111 Arimi-

2279 4149 2469 4204 neasis
2508 4150 2727 4205 concilii
2778 4150 2986 4221 legatos
3012 4150 3481 4220 Constantinopoli
3519 4158 3704 4222 gesta,
3732 4159 3789 4205 et.
3814 4149 3884 4204 ad

2281 4239 2626 4297 Seleuciense
2646 4250 2701 4297 et
2721 4241 2789 4297 ad
2813 4242 3156 4298 Ariminense
3176 4240 3551 4297 indill‘erentcr
3572 4241 3844 4312 pertinent
3867 4258 3882 4296 :

2283 4332 2351 4387 ad
2382 4332 2731 4390 Seleucieuse
2760 4335 2997 4404 quidem,
3033 4334 3191 4406 cujus
3220 4337 3555 4391 continuatio
3590 4349 3715 4391 esse
3742 4335 3888 4392 Con-

2283 4424 2764 4496 stantinopolitana
2805 4426 3046 4497 synodus
3076 4426 3391 4493 videbatur;
3429 4425 3496 4483 ad
3539 4424 3889 4482 Ariminense

2282 4532 2438 4584 vero,
2468 4518 2520 4572 in
2554 4510 3055 4588 cujus‘sententiam
3087 4519 3323 4590 quodam
3350 4519 3514 4574 modo
3540 4519 3675 4575 abiit
3695 4519 3889 4575 Seleu-

2287 4613 2493 4669 ciensis
2546 4613 2809 4685 synodus,
2856 4614 2985 4669 dum
3037 4615 3204 4685 ipsius
3256 4614 3414 4684 legati
3474 4612 3635 4669 [idem
3684 4615 3736 4669 in
3795 4614 3890 4669 illo

2282 4706 2521 4762 concilio
2539 4708 2738 4763 editam
2762 4709 3038 4778 suscipere
3058 4707 3530 4778 Constantinopoli
3547 4706 3718 4763 coacti
3738 4715 3886 4763 sunt.

2352 4798 2441 4854 IV.
2469 4798 2735 4855 Hilarium
2760 4817 2869 4871 pro?
2898 4817 2952 4855 se
2978 4803 3079 4872 fert
3106 4816 3123 4855 ι
3164 4803 3531 4873 fragmentum.
3572 4799 3891 4873 Fragmenta

2283 4892 2391 4947 alia
2420 4909 2535 4947 cum
2559 4894 2724 4962 primo
2754 4893 2925 4964 aﬂinia
2949 4902 3088 4948 sunt.
3117 4893 3372 4948 -—-'l'ituli
3402 4904 3580 4948 autem
3606 4892 3889 4949 veritatem

2285 5001 2395 5042 non
2421 4985 2766 5042 mediocriter
2789 4987 3076 5042 conﬁrmat
3097 4986 3492 5058 lragmentumt
3521 5005 3534 5041 :
3562 4989 3889 5060 Episcopum

2283 5081 2482 5151 quippe
2512 5095 2624 5150 prae
2651 5096 2710 5136 se
2743 5080 2851 5135 l'ert
2871 5079 3236 5149 Gallicanum,
3265 5081 3357 5150 qui
3387 5096 3417 5134 ιι
3445 5082 3607 5137 rebus
3630 5080 3684 5135 in
3713 5077 3889 5137 Gallia

2280 5174 2450 5247 gestis
2478 5174 2643 5248 (num.
2672 5174 2752 5246 6.)
2776 5173 3060 5235 exordium
3104 5174 3344 5232 facturus
3373 5175 3442 5230 sit
3466 5193 3482 5242 ;
3509 5174 3599 5244 qui
3638 5172 3888 5230 exilium

2284 5268 2537 5322 maluerit
2566 5268 2771 5331 subire,
2804 5282 2961 5337 quam
2989 5266 3199 5337 prodita
3228 5266 3486 5324 Ecclesiae
3515 5266 3622 5323 lide
3647 5267 3892 5322 domesti-

2282 5377 2345 5414 co
2367 5360 2471 5414 otio
2501 5362 2608 5431 frui
2635 5362 2816 5432 (num.
2840 5358 2940 5433 4);
2964 5360 3053 5431 qui
3084 5367 3144 5415 ιιι
3174 5374 3357 5415 venam
3388 5359 3701 5429 imperatori
3727 5358 3888 5413 ﬁdem

2289 5452 2681 5522 persuaderet,
2709 5453 3037 5523 impensiore
3063 5468 3189 5508 cura
3217 5452 3546 5509 audientiam
3579 5452 3888 5522 poposcerit

2285 5545 2470 5617 (num.
2499 5544 2587 5615 5),
2619 5561 2721 5601 nec
2748 5547 2987 5617 potuerit
3031 5547 3357 5615 impetrare;
3402 5548 3492 5618 qui
3526 5545 3649 5602 lidei
3698 5545 3887 5615 depra-

2282 5636 2582 5701 vatione-nt,
2613 5648 2668 5693 et
2687 5640 3088 5707 corruptionem
3119 5639 3541 5710 Evangeliorum
3561 5638 3671 5706 jam
3696 5639 3891 5707 raptim

2286 5730 2595 5799 ingesserit,
2617 5730 2703 5798 qui
2726 5728 2958 5800 denique
2983 5745 3089 5800 quo
3110 5730 3293 5786 animo
3321 5731 3448 5786 velit
3480 5729 3581 5801 legi
3603 5731 3772 5799 (num.
3806 5730 3880 5801 7),

2288 5822 2546 5880 lectorem
2587 5834 2942 5897 pucmoneat.
2989 5824 3062 5885 Ita
3089 5839 3151 5881 se
3172 5823 3412 5882 Hilarius
3432 5827 3485 5883 in
3511 5824 3632 5896 ipso
3658 5824 3883 5882 exordio
